1997 3143
301 93 367 120 “67

771 88 957 117 APPENDIX.
977 103 1010 109 —
1030 88 1204 118 SYMEONIS
1224 88 1497 119 METAPHRASTE.

1886 98 1933 126 “68

299 153 390 182 etiam
414 152 521 181 lentius
545 151 732 187 gradiamur,
746 151 884 186 ejusdem
911 150 1040 179 miseriae
1055 150 1120 178 efﬁ-

1178 148 1208 177 δὲ
1233 151 1391 183 σκιπάζοιτο
1416 154 1546 182 σεσηπόσι
1569 153 1677 191 ῥακίοις,
1699 154 1730 185 ὡς
1750 154 1863 184 ὀδωδότα
1879 159 1934 185 πάλιν

299 199 415 228 ciamur
439 196 610 234 participes.
635 197 678 229 Et,
701 195 727 223 si
751 195 781 223 in
804 197 914 224 terram
938 195 1052 230 oculos,
1070 203 1122 224 ca-

297 243 430 271 lamitate
456 241 602 277 pudorem
624 239 650 268 ei
677 239 849 272 incutiente,
878 239 1023 268 dimiserit
1053 248 1122 268 eum

297 287 466 323 hypocrisis
486 285 615 313 dicimus
638 284 801 318 artiticem;
826 284 852 312 si
875 292 946 312 vero
970 284 1061 312 libere
1088 292 1123 312 ac

297 331 493 364 confidenter,
523 329 603 357 fume
632 329 761 363 graviter
790 329 1009 363 exstimulatus,
1039 336 1122 364 aspe-

296 375 372 404 xerit
386 384 453 409 nos,
468 383 483 402 e
499 374 647 402 contrario
663 373 869 409 impudentem
885 373 1074 410 appellamus
1089 381 1124 401 ac

295 420 472 448 violentum.
487 421 530 453 Et,
544 419 568 446 si
591 420 712 454 opertus
735 418 773 445 sit
795 418 917 452 integris
936 417 1069 445 vestibus
1084 417 1123 446 ab

297 465 399 501 aliquo
422 463 564 499 acceptis,
589 463 676 499 quasi
705 462 917 498 inexplebilem
941 462 1123 498 repellimus,

296 518 332 539 ac
352 510 491 545 juramus
503 509 713 544 paupertatem
730 506 769 535 ab
785 506 835 534 illo
848 506 983 534 simulari
996 516 1002 539 ;
1017 507 1041 534 si
1052 514 1123 535 vero

294 553 467 591 panniculis
493 551 621 589 putridis
647 551 814 587 amiciatur,
842 559 946 579 rursus
974 550 1124 586 abigimus

295 598 339 626 uti
363 597 441 625 male
465 596 607 624 olentem.
623 597 656 624 Et
670 595 812 632 quamvis
829 594 997 623 Conditoris
1012 602 1124 623 nomen

294 642 435 679 precibus
456 641 631 674 admisceat,
650 648 686 668 ac
706 639 817 668 similes
839 647 992 668 aerumnas
1013 639 1123 667 indesi-

295 689 400 716 nenter
425 694 443 714 a
467 685 556 714 nobis
578 685 770 721 deprecetur,
789 687 890 713 tamen
914 683 1125 712 immisericor-

1179 193 1318 232 διώκομιν.
1347 200 1397 223 Καὶ
1424 199 1483 224 οὔτε
1507 200 1536 224 τὰ
1562 202 1608 224 τοῦ
1640 201 1772 231 κτίσαντος
1802 203 1873 238 ὄνομα
1896 208 1935 235 ταῖς

1179 240 1323 277 ἱκετηρίαις
1347 240 1438 272 ἐκεῖνος
1466 240 1615 278 ἀναμιγνὺς,
1641 245 1697 270 οὒτε
1719 246 1748 270 τὸ
1768 244 1804 280 (7)
1823 249 1854 282 μὴ
1874 250 1935 273 τοιον-

1178 294 1233 316 τοις
1257 286 1354 311 πάθεσι
1376 290 1522 323 περιπεσεῖν
1549 288 1618 323 ἡμᾶς
1644 287 1750 325 ἑξορχῶν
1773 295 1885 325 συνεχῶς,
1902 290 1935 317 δύ-

1178 339 1254 355 ναται
1274 332 1319 359 τὴν
1337 329 1422 359 ἀνελεῆ
1449 330 1552 367 χάμψαι
1575 334 1732 368 προαίρεσιν.
1752 335 1798 360 Διά
1817 339 1889 361 ταῦτα
1904 337 1935 371 ὑφ-

1179 379 1279 410 ορῶμαι
1302 373 1444 412 βαρύτερον
1466 379 1513 405 τῆς
1529 378 1632 411 γεέννης
1653 378 1680 402 τό
1704 381 1766 415 πῦρ,
1788 380 1847 415 ἤπερ
1870 378 1935 410 ἐκεῖνος

1178 419 1192 444 ὁ
1213 420 1256 444 τὸν
1276 419 1397 455 Λάζαρον
1419 417 1549 456 ὑπεριδὼν
1570 419 1703 451 πλούσιος,
1718 420 1771 448 Ἰνα
1789 420 1817 448 δὲ
1833 425 1865 459 μὴ
1882 428 1935 450 τοῦτο

1178 465 1295 497 γένηται,
1324 467 1360 498 τῷ
1387 463 1446 499 ὓιέῳ
1471 465 1514 489 τὸν
1542 464 1608 491 ἔλεον
1639 468 1865 502 προσ-κτησώμεθα,
1888 469 1936 499 ὅπως

1179 509 1223 532 καὶ
1251 510 1301 532 τῶν
1334 506 1443 532 αἰωνίων
1476 506 1580 543 ἀγαθῶν
1612 507 1773 545 ἐπιτύχωμεν
1801 511 1824 536 ἓν
1857 514 1936 548 Χριστῷ

1180 551 1268 580 Ἰησοῦ
1286 555 1322 586 τῷ
1346 554 1432 589 Κυρίῳ
1449 552 1533 588 ἡμῶν,
1593 553 1606 581 ἡ
1632 551 1698 585 δόξα
1716 556 1759 580 καὶ
1772 556 1800 580 τὸ
1814 556 1894 592 κράτος
1906 558 1936 582 σὺν

1178 599 1214 630 τῷ
1236 595 1344 632 ἀνάρχῳ
1368 596 1447 622 αὑτοῦ
1465 599 1549 634 Πατρὶ
1569 599 1613 623 καὶ
1631 601 1668 633 τῷ
1689 598 1805 634 ζωοποιῷ
1827 600 1936 636 “nuperi,

1178 643 1222 666 νῦν
1254 642 1299 666 καὶ
1329 639 1387 674 ἀεὶ,
1420 643 1465 667 καὶ
1496 641 1532 672 εἰς
1562 643 1622 673 τοὺς
1653 642 1747 674 αἰῶνας
1781 647 1828 669 τῶν
1857 643 1936 671 αἰώνων.

1179 684 1272 721 Ἀμήν.

295 732 366 760 dem
387 731 571 759 voluntatem
595 730 712 758 ﬂectere
734 737 796 758 non
817 731 924 765 potest.
948 729 1138 764 Quapropter
1161 727 1307 763 gehennze
1327 727 1428 764 ignem
1453 730 1623 765 graviorem
1637 738 1731 767 quam
1750 731 1801 768 qni
1815 731 1891 768 492
1910 731 1939 759 di-

294 777 384 804 vitem
409 774 494 803 illum
524 774 624 803 Lazari
649 774 857 810 despectorem
881 772 1060 806 combussit,
1085 772 1259 801 reformido.
1283 773 1369 806 Quod
1388 773 1519 810 iquidem
1547 782 1585 803 ne
1609 775 1741 810 eveniat,
1769 776 1939 805 misericordia

294 819 533 849 misericordiam
551 827 774 855 comparemus,
795 820 827 846 ut
845 820 874 846 et
897 820 1008 846 (eterna
1031 817 1112 846 bona.
1133 824 1359 853 consequamur
1377 817 1408 845 in
1427 817 1540 847 Christo
1562 820 1631 847 Jesu
1652 820 1779 849 Domino
1795 820 1939 853 nostro,0ui

294 865 389 900 gloria
412 866 441 893 et
461 866 605 900 potestas,
626 871 695 892 cum
722 865 833 892 aeterno
856 863 922 899 ejus
947 863 1041 897 Patre,
1063 863 1092 891 et
1110 861 1281 891 viviﬁcante
1306 861 1427 898 Spiritu,
1450 869 1532 892 nunc
1555 865 1584 892 et
1605 871 1736 901 semper,
1758 866 1786 893 et
1807 864 1836 893 in
1856 864 1939 893 secula

294 909 486 939 saeculorum.
502 910 607 937 Amen.

405 990 458 1019 DE
477 990 519 1018 D1
528 990 647 1018 VITIIS
663 989 717 1018 ET
730 988 1011 1018 PAUPERTATE.

626 1052 740 1080 SERMO
762 1052 793 1079 V.

330 1116 356 1143 1.
377 1116 417 1152 (ί)
430 1115 511 1143 Putei
523 1113 624 1143 hausti
639 1113 748 1142 melius
761 1113 938 1147 scaturiunt,
950 1113 992 1140 sic
1007 1114 1035 1140 et
1049 1111 1122 1139 divi-

294 1160 351 1193 tiae,
367 1160 391 1187 si
413 1159 536 1187 stabiles
555 1158 622 1192 sint,
638 1157 713 1186 nihil
733 1159 878 1193 prosunt;
895 1157 920 1185 si
942 1159 1122 1185 moveantur

294 1208 323 1232 et
338 1203 558 1232 transferantur
568 1210 763 1231 communem
776 1202 932 1231 utilitatem
943 1203 1122 1238 promovent

295 1257 331 1278 ac
344 1249 475 1277 fructum
491 1248 599 1276 ferunt.
615 1248 656 1275 Ae
670 1247 773 1276 mirari
793 1247 917 1284 quidem
931 1246 1005 1275 mihi
1028 1246 1120 1282 subit,

295 1293 450 1330 quomodo
470 1295 538 1329 post
550 1293 734 1328 superﬂuam
748 1294 776 1320 et
790 1292 923 1320 inutilem
943 1293 1120 1328 sumptuum

295 1338 555 1373 excogitationem,
570 1338 609 1373 (2)
626 1345 695 1365 cum
714 1337 745 1364 in
760 1339 916 1365 sexcentos
931 1345 1004 1364 usus
1017 1336 1120 1364 distra-

296 1386 351 1412 ctae
365 1382 474 1410 divitia:
497 1381 670 1410 redundant
684 1381 794 1417 adhuc,
807 1382 840 1409 in
860 1384 940 1409 terra
959 1380 1121 1409 detrudun-

295 1431 344 1457 tur
362 1436 381 1456 a
400 1427 586 1463 possidente,
602 1425 673 1454 etin
688 1426 798 1455 abditis
819 1426 894 1455 locis
917 1428 1119 1454 asservantur.

295 1474 382 1508 Papae
395 1473 401 1500 ι
417 1474 581 1508 postquam
595 1471 761 1499 innumeris
775 1471 949 1506 excogitatis
959 1470 1058 1499 modis
1070 1479 1121 1499 au-

295 1524 364 1545 rum
386 1516 547 1545 absumere
569 1523 631 1544 non
650 1516 755 1552 potuit,
771 1517 842 1543 tunc
864 1515 938 1544 illud
962 1515 1020 1543 sub
1043 1517 1122 1544 terra

297 1560 465 1590 occultavit.
483 1560 519 1595 (3)
535 1559 656 1588 Videtur
670 1561 772 1588 autem
793 1559 867 1587 mihi
884 1559 990 1587 vitium
1012 1559 1120 1588 animae

297 1605 407 1638 divitis,
425 1604 601 1632 helluonum
623 1604 696 1632 vitio
715 1604 822 1638 simile,
847 1604 898 1640 qui
920 1604 1038 1632 malunt
1059 1612 1121 1640 prie

298 1649 431 1684 ingluvie
455 1648 613 1684 disrumpi,
635 1656 728 1685 quam
751 1648 857 1685 reliqui
878 1649 1046 1685 quidquam
1068 1649 1122 1676 im-

298 1693 400 1729 pertiri
417 1693 586 1728 egentibus.
603 1694 641 1727 (4)
656 1693 732 1721 Talis
749 1695 813 1721 erat
832 1693 880 1721 ille
905 1694 936 1721 in
961 1694 1122 1728 Evangelia

299 1738 395 1766 dives.
409 1737 555 1765 Astabant
579 1737 631 1773 qui
654 1738 787 1765 animam
812 1738 877 1773 ejus
898 1740 1074 1774 repeterent,
1096 1741 1124 1767 et

298 1782 347 1809 ille
362 1790 465 1809 secum
479 1781 646 1809 disserebat
659 1781 697 1809 de
712 1782 868 1810 alimentis.
886 1784 945 1810 Hac
956 1783 1022 1818 ipsa
1036 1785 1123 1811 nocte

300 1826 515 1862 abripiebatur,
531 1828 559 1854 et
573 1825 612 1854 ad
633 1826 743 1854 multos
764 1835 861 1855 annos
876 1834 976 1854 rerum
1000 1835 1122 1863 posses-

301 1873 419 1900 sionem
435 1872 537 1900 animo
562 1871 618 1899 sibi
639 1872 833 1907 tingebat.(5)
857 1873 975 1901 Insania
998 1872 1121 1908 ingens!

300 1917 374 1946 dum
389 1917 513 1952 quidem
527 1924 635 1944 aurum
652 1916 682 1944 in
698 1916 825 1944 metallis
835 1919 907 1949 erat,
922 1919 1031 1945 terram
1045 1926 1124 1946 scru-

300 1962 440 1991 tabatur:
460 1969 530 1989 cum
550 1963 651 1988 autem
671 1961 735 1996 jam
754 1961 785 1989 iu
808 1962 967 1998 propatulo
987 1965 1042 1996 est,
1062 1971 1124 1991 rur-

301 2014 352 2034 sus
373 2005 446 2033 illud
460 2005 491 2033 in
506 2007 584 2032 terra
601 2005 760 2034 abscondit
775 2015 781 2034 :
798 2006 906 2034 deinde
921 2014 1029 2034 aurum
1044 2007 1124 2036 defo-

301 2050 403 2078 diendi
429 2049 545 2078 evenire
569 2049 710 2085 arbitror,
734 2052 767 2079 ut
792 2053 821 2079 et
842 2059 892 2079 cor
915 2059 1005 2079 suum
1034 2052 1124 2080 simul

300 2094 442 2122 det'odiat.
462 2095 551 2129 Nam,
567 2094 672 2130 inquit,
688 2095 740 2123 ubi
761 2096 919 2124 thesaurus
941 2100 1020 2129 tuus,
1038 2096 1078 2124 ibi
1097 2100 1123 2125 et

301 2140 397 2168 cor“.
416 2140 455 2174 (6)
477 2142 549 2174 Age,
565 2138 663 2173 igitur,
678 2148 696 2167 ο
719 2139 813 2174 dives,
834 2140 952 2169 divitias
972 2141 1051 2169 varie
1065 2141 1124 2169 dis-

299 2191 406 2220 pensa,
423 2183 484 2211 noli
509 2191 621 2218 magno
645 2185 785 2219 vendere,
799 2193 871 2213 eave
893 2188 1046 2221 exspectes
1070 2194 1124 2214 an-

299 2237 388 2257 nome
402 2229 577 2256 charitatem
592 2229 632 2257 ad
646 2229 753 2257 horrea
767 2230 944 2266 aperienda;
961 2239 997 2258 ne
1012 2231 1122 2259 famem

299 2275 365 2302 auri
389 2282 489 2306 causa,
507 2282 544 2301 ne
558 2274 691 2302 inediam
706 2283 900 2302 communem
917 2275 956 2303 ob
975 2276 1124 2311 privatam

300 2327 394 2354 opum
409 2321 530 2346 tuarum
545 2318 666 2354 copiam
682 2319 849 2355 opperiare.
866 2319 929 2347 Noli
944 2320 1008 2347 ﬁeri
1025 2328 1124 2356 caupo

299 2362 504 2390 humanarum
527 2362 749 2396 calamitatum;
767 2371 805 2391 ne
829 2363 905 2391 iram
926 2363 976 2391 Dei
990 2364 1123 2393 occasio-

298 2414 370 2434 nem
385 2407 489 2434 feceris
510 2407 688 2441 aggerendae
704 2409 848 2444 peeunite.
865 2409 906 2436 Tu
919 2409 1000 2436 enim
1015 2417 1122 2438 aurum

298 2450 422 2487 quidem
437 2451 571 2487 respicis,
588 2451 643 2480 sed
658 2452 782 2481 fratrem
801 2454 887 2481 tuum
901 2460 964 2481 non
977 2453 1120 2490 respicis;

332 2531 357 2550 θ’
374 2532 472 2560 Matth.
489 2540 528 2568 v1,
544 2533 589 2561 2i.

330 2604 370 2642 (ι)
390 2604 431 2642 ΕΚ
443 2603 527 2642 hom.
541 2603 572 2642 in
587 2603 660 2642 illud
676 2604 772 2642 Luem,
785 2605 957 2640 Destruam,
972 2607 1017 2634 48.

330 2640 368 2672 (2)
390 2640 429 2667 Ex
445 2639 528 2666 hom.
545 2640 576 2667 in
591 2639 708 2672 divites,
724 2640 769 2668 54.

330 2675 368 2715 (εξ)
389 2677 428 2715 lg;
442 2675 524 2715 item.
541 2674 571 2702 in
585 2674 659 2702 illud
674 2677 770 2711 Lucte,
786 2675 956 2711 Destruam,
971 2679 1015 2705 45.

328 2712 357 2741 (4
387 2711 461 2738 lbid.

328 2712 368 2782 (δὲ
387 2747 428 2775 Ex
439 2747 524 2777 hom.
540 2746 572 2776 in
587 2746 703 2785 divites,
721 2749 763 2778 54.

1337 989 1412 1014 ΠΕΡΙ
1433 990 1591 1015 ΠΛΟΥΤΟΥ
1611 991 1668 1017 ΚΑΙ
1689 991 1815 1018 ΠΕΝΙΛΣ.

1492 1053 1601 1078 ΛΟΓΟΣ
1621 1051 1662 1079 Ε’.

1214 1112 1237 1138 t.
1266 1112 1303 1137 Τὰ
1330 1114 1427 1148 φρέατα
1457 1113 1660 1150 εξοιντλούμενα,
1689 1114 1823 1152 εὐροώτερα
1846 1116 1938 1149 γίνεται⁵

1175 1156 1220 1180 καὶ
1240 1155 1350 1182 πλούτου
1373 1158 1403 1183 τὸ
1425 1159 1470 1193 μὲν
1497 1158 1637 1194 στάσιμον,
1654 1159 1808 1196 ἄχρηστον·
1826 1159 1853 1185 τὸ
1875 1156 1900 1184 δὲ
1914 1167 1939 1182 ιιι-

1175 1200 1294 1235 νούμῖνον
1314 1200 1354 1236 (8)
1374 1203 1418 1227 καὶ
1431 1201 1593 1237 μεταϐαῖνον,
1609 1203 1760 1240 κοινωφελές
1778 1213 1803 1230 τε
1815 1205 1856 1229 καὶ
1870 1203 1939 1237 ἔγκαρ-

1174 1253 1231 1271 πον.
1258 1247 1307 1271 Καὶ
1324 1245 1466 1282 θαυμάζειν
1485 1256 1531 1282 μοι
1554 1248 1650 1281 ἔπεισι,
1665 1251 1719 1278 πῶς
1740 1249 1802 1284 μετὰ
1820 1249 1863 1277 τὴν
1875 1255 1940 1282 περιτ-

1174 1291 1221 1317 τήν
1247 1291 1290 1315 καὶ
1318 1290 1455 1327 ἄχρηστον
1481 1294 1531 1316 τῶν
1558 1291 1732 1328 ἀναλωμάτων
1759 1291 1871 1325 ἐπίνοιαν,
1894 1290 1940 1316 ἐπει-

1175 1331 1224 1359 δὰν
1242 1334 1275 1364 εἰς
1297 1337 1398 1372 μαυρία
1420 1333 1596 1367 διασπασθεὶς
1610 1337 1623 1362 ὁ
1638 1336 1747 1368 πλοῦτος
1761 1338 1798 1363 ἔτι
1815 1336 1939 1373 amiserit,

1174 1379 1242 1404 κατὰ
1265 1383 1316 1413 γῆς
1339 1379 1442 1406 ὠθεῖται
1463 1381 1534 1417 ποιρὰ
1549 1385 1595 1407 τοῦ
1618 1382 1737 1417 ἔχοντος,
1752 1384 1795 1408 καὶ
1813 1380 1835 1407 ἰν
1849 1379 1940 1417 amph-

1175 1432 1228 1453 τοις
1251 1422 1424 1459 φυλάσσεται.
1450 1424 1545 1452 Βαϐαἰε
1570 1426 1612 1452 ὅτε
1634 1426 1683 1452 οὐκ
1701 1424 1814 1456 ἡδυνήθν
1834 1428 1885 1456 ταῖς
1908 1432 1941 1459 μιν

1174 1469 1244 1505 ρίαις
1269 1467 1393 1500 ἐπινοίαις
1422 1467 1605 1499 ἐκδαπανῆσαι
1624 1472 1668 1496 τὸν
1693 1470 1816 1506 πλοῦτον,
1838 1471 1889 1496 τότε
1909 1467 1941 1493 π)-

1175 1513 1218 1538 τὸν
1235 1511 1268 1542 εἰς
1283 1514 1329 1541 τὴν
1348 1516 1398 1548 γῆν
1423 1513 1601 1550 ἀπεκρύψατο.
1624 1517 1675 1541 Καὶ
1694 1513 1766 1541 δοκεῖ
1783 1524 1825 1551 μοι
1844 1512 1942 1540 τὸπάθος

1174 1560 1220 1586 τῆς
1235 1560 1280 1582 τοῦ
1295 1556 1422 1583 πλουσίου
1436 1557 1530 1594 ψυχῆς
1551 1562 1588 1594 τῷ
1603 1563 1653 1585 τῶν
1672 1559 1870 1596 γαστριμάργων
1883 1564 1942 1593 προσ·

1176 1603 1303 1635 εοικέναι,
1337 1603 1362 1628 οῖ
1396 1600 1573 1640 διαῤῥαγῆναι
1604 1603 1701 1639 μᾶλλον
1735 1604 1784 1630 ὑπὸ
1814 1602 1943 1639 λαιμαργίας

1176 1646 1319 1681 αἱροῦνται,
1348 1648 1363 1675 ἣ
1391 1656 1417 1672 τι
1443 1651 1493 1673 τῶν
1518 1647 1646 1683 λειψάνων
1672 1646 1828 1685 μεταδοῦναι
1851 1650 1898 1675 τοῖς
1919 1644 1942 1670 θ’·

1178 1688 1260 1719 δεέσι.
1285 1694 1406 1721 Τοιοῦτος
1429 1691 1442 1717 ὁ
1463 1691 1486 1717 ἐν
1511 1696 1547 1727 τῷ
1568 1692 1719 1728 Εὐαγγελίῳ
1743 1692 1865 1722 πλούσιος,
1884 1690 1943 1725 Παρέ-

1179 1745 1279 1763 στησαν
1308 1736 1331 1761 οι
1360 1738 1407 1764 τὴν
1434 1736 1527 1772 ψυχήν
1554 1736 1743 1771 ἀπαιτοῦντες,
1770 1737 1875 1765 κάκεῖνος
1901 1735 1943 1769 περὶ

1179 1779 1323 1815 βρωμάτων
1340 1784 1370 1816 τῇ
1386 1780 1462 1816 ψυχῇ
1481 1779 1620 1817 διελέγετο.
1639 1784 1728 1818 Ταύτῃ
1747 1786 1776 1818 τῇ
1798 1783 1865 1807 νυκτὶ
1882 1787 1943 1814 παρε-

1177 1823 1337 1859 λαμϐάνετο,
1361 1827 1405 1851 καὶ
1427 1829 1462 1856 εἰς
1487 1827 1530 1854 ἔτη
1557 1826 1638 1852 πολλὰ
1662 1829 1710 1856 τὴν
1735 1826 1868 1852 ἀπόλαυσιν
1891 1823 1943 1858 ἐγωε

1177 1869 1281 1898 τάξει-ο.
1308 1872 1396 1896 Μανία
1424 1868 1515 1900 deum"
1543 1871 1590 1901 ἕως
1616 1872 1661 1907 μὲν
1691 1871 1714 1897 ἐν
1745 1870 1868 1908 μετάλλοις
1892 1865 1943 1896 ἧνά

1177 1915 1290 1950 χρυσὸς,
1318 1914 1444 1952 ἀνηρεύνα
1476 1917 1522 1944 τὴν
1553 1919 1621 1951 γῆν·
1655 1917 1697 1942 ὅτε
1729 1916 1829 1952 φανερὸς
1859 1913 1943 1949 ἐνέθετο,

1177 1958 1254 1984 πάλιν
1278 1959 1355 1985 αὑτὸν
1380 1958 1404 1984 ἐν
1427 1963 1457 1996 τῇ
1481 1963 1514 1996 γῇ
1537 1959 1666 1996 ἀφανίζει.
1690 1959 1744 1987 Εἶτ’
1767 1958 1835 1995 οἶμαι
1858 1955 1944 1992 cuitali-

1177 2012 1227 2028 νειν
1257 2007 1292 2038 τῷ
1314 2005 1505 2040 κατορύσσοντι
1528 2006 1571 2030 τὸν
1600 2004 1722 2037 πλοῦτον,
1752 2003 1944 2039 συγκατορύσσειν

1177 2050 1221 2073 καὶ
1252 2049 1299 2076 τὴν
1332 2046 1464 2085 καρδίαν·
1499 2048 1582 2075 Ὅπου
1615 2050 1668 2086 γὰρ
1702 2050 1715 2075 ὀ
1747 2048 1868 2084 θησαυρός
1895 2053 1945 2075 σονγ

1178 2094 1267 2127 φησιν,
1306 2092 1358 2118 ἐκεῖ
1389 2095 1433 2119 καὶ
1465 2094 1479 2122 ἡ
1514 2091 1623 2131 καρδία.
1658 2097 1736 2130 Δεῦρο
1768 2090 1820 2125 οὖν,
1848 2087 1945 2117 ποικίλως

1178 2134 1272 2163 ὃιάῦου
1297 2139 1341 2162 τὸν
1364 2137 1485 2173 πλοῦτον,
1508 2137 1528 2163 ὦ
1552 2137 1672 2167 πλούσιε,
1693 2140 1733 2167 Μὴ
1750 2137 1883 2174 βαρύτιμος
1899 2134 1943 2158 ἔσο·

1177 2183 1213 2217 μὴ
1242 2180 1348 2218 ἀνάμενε
1373 2181 1516 2215 σιτοδείαν,
1542 2183 1583 2208 ἕνα
1605 2182 1709 2219 ἀνοίξῃς
1735 2179 1894 2216 σιτοὸοχεῑα·
1917 2177 1943 2211 μή

1177 2225 1252 2261 λιμὸν
1277 2224 1390 2262 ἔχὸέχου
1413 2225 1461 2252 διὰ
1474 2229 1588 2264 χρυσὸν,
1604 2229 1640 2263 μὴ
1665 2229 1752 2256 κοινὴν
1768 2223 1859 2252 ἔνδειαν
1872 2219 1944 2248 διέὖ·

1177 2273 1270 2308 πορίαν
1297 2269 1377 2299 ἰδίαν.
1404 2273 1447 2300 Μὴ
1476 2273 1548 2307 γίνου
1577 2271 1693 2302 κάπηλος
1717 2273 1848 2307 συμφορῶν
1866 2266 1945 2301 ἀνθρω-

1177 2317 1275 2342 πίνων·
1296 2317 1331 2352 μὴ
1351 2318 1397 2345 τὴν
1421 2315 1501 2352 ὀργὴν
1525 2316 1571 2343 τοῦ
1595 2320 1663 2343 Θεοῦ
1682 2317 1771 2352 καιρὸν
1792 2315 1891 2347 ποιήσῃς
1912 2316 1943 2334 πε’

1177 2362 1298 2396 ριουσίας
1321 2361 1477 2397 χρημάτων.
1504 2362 1537 2387 Σὺ
1566 2361 1617 2398 ’γὰρ
1647 2362 1710 2399 πρὸς
1733 2361 1777 2396 μὶν
1801 2359 1841 2385 τὸν
1861 2353 1944 2392 χρυσέαν

1177 2404 1349 2440 ἀποϐλέπεις,
1379 2406 1422 2431 τὸν
1451 2403 1481 2431 δὲ
1510 2403 1620 2442 ἀδελφόν
1649 2415 1697 2432 σου
1726 2404 1755 2431 οὐ
1783 2399 1943 2439 προσϐλέπεις·

1176 2451 1221 2476 καὶ
1242 2453 1287 2476 τοῦ
1311 2451 1356 2486 μὲν
1378 2452 1539 2487 νομίσματος
1566 2449 1748 2486 ἐπιγινώσκεις
1770 2448 1798 2474 τὸ
1823 2444 1942 2482 χάραγμαι

1211 2606 1251 2641 (6)
1270 2608 1310 2635 Ex
1322 2606 1454 2635 homin
1469 2605 1544 2635 illud
1558 2605 1654 2641 Lucae,
1669 2605 1832 2635 Destruam,
1846 2600 1886 2628 46η

1223 2643 1251 2677 7)
1264 2645 1308 2670 Τό.
1326 2644 1409 2670 Forte
1422 2646 1469 2678 τῷ.
1487 2643 1562 2670 Eni'r.
1690 2677 1698 2678 ί
1773 2677 1776 2678 ν
1791 2674 1805 2678 _

1225 2670 1252 2714 8)
1273 2671 1496 2715 Κινούμενον.’5ἰο
1507 2681 1631 2715 uterque
1645 2677 1738 2707 codex
1753 2677 1780 2704 et
1790 2670 1875 2704 Basilii
1885 2672 1937 2696 con-

1173 2715 1283 2746 textus.
1298 2715 1372 2744 Edlti
1384 2716 1556 2752 κοινούμενον.
