1997 3143
50 162 120 190 H69

558 161 673 190 SERMO
692 162 723 189 V.
745 162 790 190 DE
810 159 947 190 DIVlTllS
967 162 1010 191 ET
1029 162 1254 192 PAUPERTATE

1665 168 1728 196 170

47 226 93 250 καὶ
109 226 156 250 τοῦ
177 221 288 259 δοκίμου
302 221 445 259 διακρίνεις
457 223 486 250 τὸ
508 222 644 257 κίϐδηλον,
660 225 703 250 τὸν
719 223 749 250 r3":
769 222 840 250 ἁδελ-

910 226 939 252 et
951 225 1143 254 numismatis
1157 227 1281 263 quidem
1296 228 1399 256 notam
1415 228 1568 264 agnoscis,
1589 230 1618 258 et
1633 237 1652 258 a
1667 231 1715 258 sin

46 270 93 304 φόν
118 269 191 305 παρὰ
217 270 264 297 τὴν
279 270 372 304 χρείαν
396 268 525 298 παντελῶς
548 267 659 304 ἀγνοεῖς,
687 271 737 295 Καὶ
765 269 780 298 ἡ
803 270 848 305 μὲν

45 314 159 350 ε’ἲχροιά
183 322 212 339 σε
234 316 279 338 τοῦ
303 316 408 348 χρυσοῦ
428 310 566 349 ὑπορήδει,
582 314 641 343 ὅσος
668 311 696 340 δέ
716 323 758 340 σοι
784 313 848 340 ἀκο-

45 357 133 384 λουθεῖ
142 361 188 384 τοῦ
202 355 303 388 ἐνδεοῦς
319 357 332 384 ὁ
349 359 500 394 στεναγμὸς,
513 357 542 384 οὗ
552 357 655 394 λογίζῃ.

77 499 105 527 2.
120 500 172 526 Καὶ
193 500 263 533 τίνα,
290 500 380 535 φησὶν,
405 496 502 532 ἀδικῶ,
533 500 650 535 συνέχων
665 500 699 526 τὰ
713 499 845 538 ἇμαυτοῠ;

41 546 121 577 Ποῖα,
141 543 197 570 εἰπέ
222 553 277 579 μοι,
293 546 415 579 salutati;
438 544 515 570 πόθεν
549 544 617 570 αὐτὰ
645 543 728 570 λαϐὼν
753 544 789 574 εἰς
802 546 846 570 τὸν

41 587 100 624 βίον
120 587 293 623 εἰσήνεγκας,
310 587 411 625 ”Ωσπερ
431 589 461 613 ἄν
492 589 514 614 εἶ
542 597 582 619 τις
602 587 626 614 ἑν
658 589 757 625 Θεάτρῳ
784 589 845 615 θέαυ

39 632 204 666 καταλαϐὼν,
230 632 286 659 εἶτα
309 632 419 669 ἐξείργοι
443 634 504 663 τοὺς
532 632 661 668 ἐπιόντας,
694 632 763 659 ἴδιον
787 634 845 659 Eatu-

38 681 83 702 τοῦ
101 680 197 713 κρίνων
218 678 248 702 τὸ
272 681 365 709 κοινῶς
393 680 459 703 πᾶσι
487 678 554 703 κατά
584 680 630 706 τὴν
650 682 751 714 χρῆσιν
777 687 844 715 προ-

38 723 164 757 κείμενον·
192 723 306 748 τοιοῦτοί
341 721 392 747 εἰσι
414 724 458 747 καὶ
491 722 515 747 οἱ
551 721 682 750 πλούσιοι,
723 723 762 749 Τὰ
793 723 842 760 γὰρ

38 767 111 791 κοινὰ
140 767 382 803 προκατασχόντες,
406 764 465 792 ἴδια
487 769 622 792 ποιοῦνται
650 765 697 793 διὰ
715 769 762 796 τὴν
777 769 843 803 πρὸ·

39 809 126 845 λῆψιν.
162 810 233 836 Ἐπεὶ
271 810 292 836 εἰ
317 812 347 836 τὸ
379 812 442 846 πρὸς
474 811 642 847 παραμυθίαν
671 815 716 840 τῆς
751 811 842 838 ἑαυτοῦ

40 857 135 890 χρείας
162 854 271 886 ἕκαστος
304 855 486 891 κομιζόμενος,
508 855 537 881 τὸ
565 857 683 891 περεττόν
710 857 781 891 ἠφίει
806 859 842 892 τῷ

903 277 970 298 eero
994 270 1196 299 adulterinum
1222 272 1377 304 discernis,
1405 272 1527 301 fratrem
1552 281 1625 302 vero
1651 275 1726 303 tem-

902 322 974 349 pore
989 315 1172 344 necessitatis
1186 324 1310 352 prorsus
1325 317 1459 352 ignoras.
1474 320 1513 345 Ac
1534 318 1646 346 nitidus
1662 320 1727 355 qui-

902 359 972 388 dem
986 359 1052 388 auri
1063 360 1145 389 color
1161 361 1243 388 valde
1265 361 1432 389 admodum
1460 365 1487 389 te
1513 362 1654 395 oblectat,
1671 364 1725 392 sed

901 405 975 440 quot
983 407 1011 432 et
1023 405 1127 440 quanti
1135 412 1299 439 egenorum
1311 406 1440 441 gemitus
1452 409 1479 434 te
1489 410 1723 444 prosequantur,

901 455 964 477 non
977 451 1110 485 reputas.

937 494 963 521 2.
990 494 1029 529 (Ξ)
1055 494 1118 525 Cui.
1145 494 1252 530 inquit,
1281 494 1424 530 injuriam
1449 494 1536 530 facio,
1566 496 1639 524 dum
1655 505 1724 525 mea

902 538 1038 566 custodio
1062 540 1090 566 et
1114 538 1246 567 claudo?
1270 540 1351 573 Quin,
1379 540 1427 568 die
1451 540 1534 576 mihi,
1565 542 1617 569 tua
1632 543 1724 570 sunt?

900 582 981 610 unde
1004 585 1127 619 accepta
1149 583 1180 611 in
1206 584 1300 611 vitam
1317 583 1464 612 intulisti?
1486 585 1571 613 Velut
1594 585 1618 612 si
1641 586 1722 621 quis,

899 626 966 654 loco
980 627 1010 654 in
1024 627 1138 656 theatro
1159 628 1196 656 ad
1217 628 1416 665 spectandum
1436 631 1595 665 occupato,
1614 629 1723 658 deinde

899 671 1099 706 ingredientes
1110 673 1229 707 farceat,
1244 673 1274 700 id
1289 673 1334 700 sui
1348 673 1443 709 ipsius
1457 674 1613 709 proprium
1629 677 1722 709 ratus,

898 716 979 751 quod
997 716 1035 744 ad
1057 717 1194 744 omnium
1210 725 1404 745 communem
1420 726 1509 745 usum
1523 718 1721 754 proponitur:

898 760 972 788 tales
981 768 1103 797 quoque
1112 761 1218 789 divites
1235 764 1314 789 sunt.
1329 763 1403 789 Nam
1426 762 1600 790 communia
1611 771 1724 799 praeoc-

898 807 1054 841 cupantes,
1071 806 1192 841 propria
1205 806 1261 833 sibi
1277 806 1390 834 faciunt
1404 814 1440 834 eo
1453 807 1544 843 jquod
1568 815 1723 843 praeoccu-

897 849 1043 885 paverint.
1061 849 1147 882 Quod
1171 850 1195 877 si
1209 858 1270 878 suae
1294 850 1422 886 quisque
1438 851 1610 879 necessitati
1625 851 1723 880 suble-

39 897 164 935 δεομὲνῳ,
186 896 272 929 οὐδεὶς
294 900 339 935 μὲν
359 898 389 925 ἂν
410 898 441 928 ἦν
462 899 596 932 πλούσιος,
626 898 711 930 οὐδεὶς
748 898 778 926 δὲ
806 899 840 926 ἔνι

897 894 1005 922 vandae
1018 894 1048 922 in
1061 894 1153 922 modo
1162 894 1246 930 quod
1260 895 1331 926 satis
1341 897 1386 923 est
1397 897 1527 930 caperet,
1544 896 1642 931 egenti
1651 904 1722 924 vero

40 941 114 974 am.
128 943 203 979 Οὐχὶ
216 945 314 980 γυμνὸς
334 943 454 975 ἔξέπισας
480 942 526 974 τῆς
540 945 672 980 γαστρόςς
691 944 722 970 οὐ
745 946 843 981 γυμνὸς

38 987 117 1014 πάλιν
143 987 178 1018 εἰς
199 990 246 1017 τὴν
277 991 328 1024 γῆν
352 989 539 1026 ὑποστρέφεις;
564 990 602 1015 Τὰ
630 987 660 1015 δι
671 991 786 1027 παρόντα
802 999 843 1016 σοι

38 1033 136 1066 πόθεν;
159 1031 189 1059 Εἰ
214 1033 259 1069 μὲν
277 1033 328 1059 ἀπὸ
351 1034 517 1069 ταντομάτου
548 1032 640 1069 λέγεις·
654 1034 726 1064 ἄθεος
755 1032 786 1066 εἷ,
806 1036 842 1070 μή

37 1077 173 1113 γνωρίζων
193 1078 237 1103 τὸν
256 1079 393 1110 κτίσαντα,
411 1075 480 1113 μηδὲ
495 1078 576 1114 χάριν
603 1079 671 1113 ἔχων
696 1082 733 1113 τῷ
761 1076 843 1104 δεδω-

40 1123 106 1147 κότι·
133 1121 155 1147 εἰ
180 1119 210 1148 δε
233 1121 368 1157 ὁμολογεῖς
390 1119 455 1148 εἶναι
474 1123 546 1159 παρὰ
573 1125 651 1155 Θεοῦ,
678 1122 732 1149 εἰπὲ
744 1123 787 1149 τὸν
800 1121 843 1149 λό-

38 1175 80 1200 γον
99 1166 167 1201 ἡμῖν
181 1164 218 1192 δι’
234 1166 260 1191 ὂν
271 1165 368 1197 ἔλαϐες.
385 1168 427 1195 Μὴ
451 1164 543 1196 ἄδικος
567 1166 580 1192 ό
609 1168 678 1199 Θεὸς,
707 1167 719 1192 ὁ
747 1165 842 1197 ἀνίσως

37 1210 95 1245 ἡμῖν
125 1208 235 1247 διαιρῶν
257 1211 290 1236 τὰ
304 1214 349 1237 τοῦ
373 1209 450 1246 βίου;
465 1211 513 1237 Διὰ
536 1213 562 1237 τί
585 1212 617 1237 σὺ
637 1212 682 1247 μὲν
710 1210 841 1245 πλουτεῖς,

36 1253 132 1285 ἐκεῖνος
146 1253 177 1281 δί
194 1256 316 1288 «iurat;
332 1257 368 1281 Ἥ
379 1255 482 1285 πάντως
503 1256 544 1280 ἶνα
563 1257 608 1281 καὶ
631 1257 664 1281 σὺ
683 1258 842 1292 χρηστότη-

35 1307 75 1330 τος
109 1301 158 1325 καὶ
181 1303 280 1330 πιστῆς
310 1299 460 1335 οἰκονομίας
490 1300 585 1336 μισθὸν
625 1297 697 1336 δέξῃ,
725 1299 842 1331 κάκεῖνος

35 1347 86 1374 τοῖς
117 1343 240 1379 μεγάλοις
272 1343 360 1374 ἄθλοις
394 1348 443 1374 τῆς
470 1344 600 1380 ὑπομονῆς
620 1343 742 1381 ξτιμηθῇ.
774 1340 841 1371 Ἀλλ’

37 1387 179 1423 ἀναγκαῖος
205 1388 217 1414 ὁ
246 1388 357 1419 πλοῦτος
385 1386 432 1414 διὰ
446 1390 507 1419 τοὺς
531 1387 640 1419 παῖδας.
666 1388 843 1425 Εὐπρόσωπος

38 1431 139 1469 ἀφορμὴ
162 1432 306 1464 πλεονεξίας
329 1433 406 1462 αὕτη.
434 1434 500 1464 Τοὺς
527 1433 578 1470 γὰρ
606 1431 704 1464 παῖδας
727 1433 841 1470 προϐάλ-

37 1476 120 1510 λεσθε,
141 1479 189 1506 τὴν
215 1475 245 1503 δὲ
267 1475 380 1515 καρδίαν
406 1477 601 1515 πληροφορεῐτε.
631 1479 674 1506 Μὴ
701 1477 775 1504 αἰτιῶ
798 1487 841 1504 τον

39 1520 166 1547 ἀναίτιον
182 1520 253 1548 ἴδιον
277 1523 335 1557 ἔχει
349 1524 498 1556 Λεσπότην,
523 1520 593 1548 ἴδιον
617 1522 760 1558 οἰκονόμον·
778 1523 840 1559 παρ’

38 1567 64 1591 οὗ
85 1566 126 1601 (1)
152 1567 200 1595 τὴν
221 1567 290 1597 ζωὴν
314 1564 432 1601 ἐδέξατο,
463 1566 525 1604 παρ’
547 1566 626 1592 αὐτοῦ
645 1567 692 1597 τὰς
721 1566 840 1604 ἀφορμὰς
855 1567 874 1594 C

37 1610 182 1646 ἁναμενέτω
218 1614 264 1637 τοῦ
298 1611 371 1647 βίον.
414 1613 457 1640 Μὴ
491 1614 546 1642 τοῖς
577 1613 759 1647 γεγαμηκόσιν
792 1621 838 1638 ουκ

37 1654 139 1691 ἐγράφη
183 1656 215 1681 τὰ
263 1655 431 1691 Εὑαγγέλιας
460 1655 490 1682 Εἰ
530 1655 607 1686 θέλεις
640 1656 731 1687 τέλειος
764 1655 837 1690 εἶναι,

36 1699 160 1728 πώλησόν
194 1709 241 1726 σου
287 1701 321 1726 τὰ
348 1700 514 1736 ὑπάρχοντα,
550 1703 594 1726 καὶ
625 1699 673 1732 δός
710 1704 837 1736 πτωχοῖς.

37 1744 97 1770 Ὀτς
112 1746 184 1780 ᾖτεις
197 1746 270 1781 παρὰ
283 1748 329 1771 τοῦ
353 1748 420 1771 Θεοῦ
446 1747 493 1774 τὴν
522 1743 673 1778 εὐπαιδίαν,
699 1744 740 1772 ὂτε
763 1745 838 1777 ἠξίου

38 1789 156 1823 γενέσθαι
179 1787 282 1815 παίδων
304 1791 402 1827 πατὴρ,
420 1787 472 1827 ἆρα
496 1791 658 1826 προσετίθεις
682 1794 768 1825 τοῦτο,
787 1792 838 1821 Λός

39 1843 81 1868 μοι
95 1835 182 1868 τέκνα,
203 1834 244 1859 ἶνα
266 1835 427 1871 παρακούσω
455 1838 505 1860 τῶν
520 1833 625 1860 ἐντολῶν
642 1844 689 1861 σου
704 1843 710 1867 ;
735 1832 779 1865 δός
794 1844 838 1870 μοι

39 1880 122 1905 τέκνα.
152 1878 194 1904 ἶνα
214 1880 250 1914 μὴ
281 1879 373 1914 φθάσω
393 1878 428 1909 εἰς
457 1881 504 1908 τὴν
529 1878 665 1914 βασιλείαν
686 1882 736 1905 τῶν
762 1878 838 1916 οὖρα-

39 1926 99 1955 νᾱ›ν;
129 1925 173 1952 Τίς
198 1920 228 1949 δὲ
256 1925 300 1949 καὶ
324 1922 455 1958 ἐγγυητὴς
481 1924 556 1949 ἔσται
588 1927 636 1954 τῆς
670 1927 716 1950 τοῦ
741 1922 838 1954 παιδὸς

39 1969 220 2003 προαιρέσεῶς,
243 1968 284 1993 ὅτι
303 1967 339 1998 εἰς
365 1966 427 1993 δέον
462 1970 591 2004 χρήσεται
617 1971 670 1998 τοῖς
696 1966 808 2002 ξδοθεῖσι
829 1977 836 2001 ;

39 2011 138 2041 πολλοῖς
163 2012 214 2047 γὰρ
241 2012 254 2037 ὁ
277 2011 398 2045 πλοῦτος,
412 2012 541 2049 ὑπηρέτης
568 2011 708 2042 ἀκολασίας
729 2011 836 2047 ἐγένετο.

41 2054 105 2091 Ὅρα
120 2053 175 2089 οὖν,
191 2057 227 2091 μὴ
244 2057 309 2091 μετά
324 2058 424 2092 μυρίων
439 2058 522 2082 πόνων
538 2057 581 2082 τόν
608 2055 719 2082 πλοῡτον
747 2055 837 2094 ἀθροί-

39 2108 94 2132 οας,
121 2099 184 2128 ὕλην
206 2099 401 2137 ἁμαρτημάτων
421 2099 517 2136 ἑτέροις
543 2101 756 2137 παρασκευάσῃς,
783 2100 838 2127 εἶτα

39 2144 142 2180 εὑρεθῇς
157 2142 239 2179 διπλᾲ
257 2146 455 2180 τιμωρούμενος,
480 2145 514 2170 ὧν
539 2154 566 2171 τε
589 2144 667 2175 αὐτὸς
691 2143 837 2175 ἠδίκησας,

39 2191 81 2214 καὶ
95 2188 130 2214 ὧν
151 2188 235 2225 ἕτερον
251 2187 412 2226 ἐφωδίασας.
436 2189 469 2215 Οἱ
502 2190 547 2225 μὶν
572 2191 622 2227 γὰρ
645 2187 736 2219 παῖδες
769 2191 839 2226 παρὰ

897 938 1077 975 relinqueret
1091 939 1175 975 quod
1197 939 1385 975 superﬂuum
1399 942 1456 974 est,
1474 947 1563 968 nemo
1578 943 1655 969 esset
1677 941 1723 969 di-

899 991 961 1016 ves,
979 991 1095 1019 pauper
1104 991 1205 1012 nemo.
1228 986 1331 1012 Nonne
1351 984 1453 1012 nudus
1475 991 1614 1019 egressus
1636 993 1668 1012 es
1688 993 1722 1013 ex

898 1028 1003 1056 utero?
1015 1035 1115 1056 nonne
1126 1028 1342 1056 nudusiterum
1351 1028 1382 1056 in
1392 1030 1503 1056 terram
1516 1029 1671 1057 reverteris
1680 1030 1722 1057 "?

899 1072 982 1100 Unde
993 1074 1092 1100 autem
1107 1072 1159 1100 tibi
1173 1073 1333 1109 praesentia
1353 1073 1454 1101 bona?
1482 1073 1510 1101 Si
1527 1081 1544 1101 a
1555 1081 1627 1101 casu
1641 1074 1722 1101 dixe-

897 1116 953 1144 ris:
967 1116 1079 1153 impius
1095 1125 1137 1150 es,
1157 1117 1210 1153 qui
1224 1117 1312 1153 493
1330 1125 1391 1145 non
1406 1125 1556 1152 agnoscas
1581 1118 1720 1146 Condito-

897 1168 961 1189 rem
976 1168 1074 1197 neque
1095 1161 1223 1195 gratiam
1249 1161 1363 1190 habeas
1389 1161 1543 1197 largitori;
1559 1162 1604 1190 sin
1631 1163 1723 1190 eonﬁ-

897 1206 966 1235 teris
976 1214 1041 1234 esse
1051 1214 1070 1234 a
1089 1207 1158 1234 Deo.
1170 1206 1218 1234 die
1232 1206 1320 1234 nobis
1330 1206 1477 1234 rationem
1492 1214 1545 1234 cur
1559 1207 1722 1243 acceperis.

897 1251 975 1279 Num
998 1251 1127 1286 injustus
1155 1251 1243 1285 Deus,
1263 1251 1316 1287 qui
1337 1250 1426 1278 nobis
1442 1251 1629 1287 inaequaliter
1657 1251 1722 1279 vitae

897 1295 1065 1323 necessaria
1086 1295 1260 1323 distribuit?
1283 1296 1341 1323 Cur
1358 1297 1389 1322 tu
1413 1295 1537 1331 quidem
1561 1295 1658 1328 dives,
1674 1295 1721 1324 ille

897 1342 997 1368 autem
1013 1342 1149 1376 pauper?
1162 1341 1269 1367 Annon
1279 1339 1393 1375 utique,
1410 1341 1442 1367 ut
1454 1341 1482 1367 et
1507 1341 1536 1367 tu
1550 1339 1721 1375 benignita-

897 1385 934 1412 tis
949 1392 984 1412 ac
996 1384 1092 1412 ﬁdelis
1104 1384 1337 1420 dispensationis
1349 1383 1521 1412 mercedem
1535 1384 1676 1420 accipias,
1693 1386 1722 1412 et

895 1429 944 1458 ille
970 1429 1087 1464 magnis
1113 1429 1264 1464 patientia:
1283 1428 1415 1464 praemiis
1427 1429 1573 1456 donetur?
1593 1429 1630 1464 (3)
1651 1428 1718 1464 Sed,

895 1474 1007 1510 inquis,
1023 1473 1198 1501 necessariae
1212 1481 1285 1509 opes
1293 1475 1362 1500 sunt
1376 1475 1499 1509 propter
1508 1472 1631 1501 liberos.
1648 1473 1718 1508 Spe-

896 1519 995 1547 ciesus
1020 1518 1068 1546 hic
1092 1518 1224 1546 avaritiae
1252 1520 1412 1554 prmtextus
1429 1527 1436 1551 ;
1452 1517 1563 1545 liberos
1585 1525 1719 1553 namque

894 1563 1087 1600 praetenditis,
1102 1563 1216 1591 interea
1227 1570 1299 1590 vero
1315 1562 1483 1590 satisfacitis
1495 1563 1593 1590 vestro
1604 1562 1718 1590 animo.

894 1607 957 1636 Noli
977 1608 1097 1644 culpam
1116 1607 1238 1643 rejicere
1262 1607 1293 1634 in
1308 1606 1645 1642 insontem;proprium
1661 1608 1718 1634 Do-

893 1653 1010 1681 minum
1024 1653 1127 1685 habet,
1142 1652 1299 1688 proprium
1314 1653 1474 1679 rectorem:
1499 1659 1517 1679 a
1536 1659 1598 1687 quo
1624 1651 1719 1680 vitam

892 1697 1016 1733 accepit,
1028 1697 1067 1725 ab
1081 1697 1148 1733 ipso
1165 1697 1233 1725 vitae
1251 1696 1388 1724 subsidia
1403 1697 1564 1732 exspectet.
1587 1697 1664 1724 Num
1683 1696 1719 1723 iis

892 1742 945 1779 qui
955 1741 1146 1770 matrimonio
1152 1741 1249 1777 juncti
1262 1743 1341 1774 sunt,
1353 1741 1463 1777 scripta
1471 1748 1533 1768 non
1546 1742 1617 1768 sunt
1624 1742 1719 1769 Evan-

892 1786 969 1822 gelia
980 1787 994 1814 Ἰ
1014 1786 1049 1814 Si
1062 1787 1107 1814 vis
1118 1787 1271 1821 perfectus
1286 1793 1355 1819 csse,
1376 1785 1470 1813 vende
1481 1793 1547 1821 qua?
1571 1785 1673 1819 habes,
1690 1788 1717 1813 et

892 1832 931 1859 da
941 1831 1122 1865 pauperibus
1135 1831 1170 1858 6".
1183 1831 1255 1858 Cum
1266 1829 1382 1866 prolem
1392 1837 1588 1857 numerosam
1600 1831 1717 1864 peteres

893 1883 911 1903 a
927 1875 1064 1909 Domino,
1080 1883 1150 1903 cum
1165 1882 1286 1910 rogares
1301 1876 1333 1902 ut
1345 1874 1432 1902 ﬁeres
1445 1873 1608 1901 liberorum
1620 1876 1714 1909 pater,

891 1919 1004 1947 illudne
1020 1919 1179 1947 addidisti:
1202 1921 1242 1946 Da
1254 1918 1327 1946 mibi
1342 1918 1461 1951 liberos,
1483 1920 1535 1946 tua
1550 1919 1582 1945 ut
1604 1917 1715 1945 violem

891 1964 1063 2000 praecepta?
1090 1965 1132 1991 Da
1151 1963 1224 1991 mihi
1240 1963 1386 1996 sobolem,
1415 1965 1446 1990 ut
1461 1962 1501 1990 ad
1515 1970 1643 1997 regnum
1657 1970 1714 1989 em-

890 2009 988 2037 lorum
1004 2016 1066 2036 non
1076 2008 1250 2044 perveniam
1258 2008 1272 2035 ?
1282 2008 1327 2035 Ad
1339 2008 1404 2035 hsec
1414 2007 1573 2036 voluntatis
1586 2007 1638 2035 ﬁlii
1649 2007 1716 2043 quis

892 2054 945 2081 erit
975 2060 1114 2088 sponsor,
1142 2052 1226 2088 quod
1254 2052 1391 2080 videlicet
1414 2052 1493 2080 datis
1521 2051 1610 2080 rebus
1637 2054 1716 2079 recte

891 2105 1001 2125 usurus
1014 2096 1073 2124 sit?
1083 2097 1157 2124 Nam
1179 2096 1290 2123 divitiae
1306 2096 1406 2123 multis
1419 2096 1555 2124 exstitere
1583 2095 1715 2123 libidinis

891 2142 1046 2175 ministrae,
1070 2142 1160 2177 atque
1181 2140 1373 2176 impuritatis.
1402 2140 1475 2167 Vide
1494 2140 1584 2174 igitur
1607 2147 1645 2167 ne
1670 2139 1714 2167 di-

891 2186 978 2215 vitias
991 2185 1147 2214 laboribus
1158 2184 1315 2221 permultis
1330 2186 1534 2217 coacervatas,
1561 2184 1628 2212 aliis
1653 2191 1714 2212 ma-

39 2235 128 2267 γονέων
167 2232 250 2269 μηδὲν
280 2232 426 2270 δεξάμενοι,
462 2233 562 2264 ἑαυτοῖς
603 2233 727 2264 πολλάκις
753 2233 837 2264 οἳκους

897 2230 996 2259 teriam
1019 2231 1212 2266 peccatorum
1245 2227 1346 2260 facias,
1376 2229 1543 2264 posteaque
1575 2227 1715 2263 plectaris

40 2276 174 2307 ἐποίησαν·
211 2279 226 2307 ἡ
256 2278 333 2314 ψυχὴ
361 2277 390 2305 δὴ
417 2279 489 2316 παρὰ
521 2282 569 2304 σοῦ
595 2277 835 2315 ἔγκαταλειφθεῖσα,

40 2324 108 2358 παρὰ
122 2325 190 2353 τίνος
213 2322 396 2356 {Aviones-rati;
426 2325 457 2350 Τί
479 2325 563 2349 τοίνυν
587 2326 711 2350 τοσοῦτον
745 2322 838 2352 ἐπτόη-

41 2375 82 2392 σαι
92 2369 152 2404 περὶ
167 2369 211 2393 τὸν
221 2369 323 2403 χρυσον
337 2376 343 2402 ;

890 2274 1003 2310 duplici
1019 2281 1119 2310 poena,
1137 2275 1202 2301 tum
1226 2272 1348 2300 nomine
1364 2280 1481 2307 eorum,
1494 2279 1562 2308 quae
1575 2271 1639 2308 ipse
1656 2271 1714 2298 ini-

889 2327 949 2356 que
965 2318 1061 2353 egisti,
1077 2321 1141 2346 tum
1157 2325 1273 2350 eorum,
1285 2325 1353 2353 quae
1370 2316 1444 2344 alter
1458 2316 1514 2344 abs
1537 2319 1566 2344 te
1593 2316 1716 2351 adjutus

889 2363 1074 2400 perpetrarit.
1093 2363 1131 2398 (4)
1145 2364 1178 2390 Et
1190 2362 1314 2399 quidem
1327 2361 1421 2395 liberi,
1432 2361 1516 2389 nulla
1539 2369 1557 2389 a
1582 2360 1716 2397 parenti-

40 2409 94 2438 bus
114 2413 241 2447 accepta
267 2410 451 2445 haereditate,
474 2410 654 2446 plerumque
680 2410 814 2447 sibiipsis
839 2410 948 2438 domes
961 2409 1121 2445 pararunt:
1136 2409 1166 2436 at
1186 2410 1245 2436 tuae
1267 2407 1386 2440 animm,
1409 2406 1434 2434 si
1452 2413 1520 2434 eam
1547 2406 1640 2434 semel
1663 2413 1716 2434 ne-

40 2454 141 2490 gligas,
161 2455 229 2491 quis
247 2454 436 2483 miserebitur
453 2455 467 2482 'I
484 2454 561 2487 Quid
580 2454 669 2490 igitur
695 2456 778 2483 tanto
799 2453 1018 2483 auridesiderio
1032 2452 1181 2480 afﬁceris?

73 2501 99 2527 3.
113 2502 158 2530 Τίς
171 2498 352 2530 καλλωπιστὴς
368 2497 490 2528 ἠδυνήθη
525 2501 587 2535 μίαν
607 2499 705 2536 ἡμέραν
729 2503 765 2535 τῷ
787 2499 839 2535 βίῳ

41 2545 210 2579 προσθεῖναις
237 2553 303 2574 τινος
331 2543 448 2580 ἐφείσατο
479 2544 588 2574 θάνατος
619 2541 666 2570 διά
693 2544 737 2570 τὸν
763 2543 841 2570 πλοῦ-

41 2596 98 2622 τον;
127 2591 200 2620 τίνος
220 2587 352 2625 ἀπέσχετο
381 2590 454 2618 νόσος
478 2586 525 2614 διὰ
543 2589 576 2614 τὰ
599 2590 743 2624 χρήματος
771 2587 839 2619 Ἐως

75 2664 98 2682 ⁸³
112 2663 169 2693 Job
185 2672 204 2698 ι,
219 2664 264 2692 21.
280 2665 303 2682 δ”
318 2663 418 2693 Matth.
431 2671 492 2698 ιιι,
504 2664 549 2691 2t.

78 2739 113 2778 (pl)
127 2740 194 2778 Παρ⁷
209 2740 249 2768 οὗ.
266 2740 391 2778 Legitur
403 2739 487 2778 apud
505 2737 650 2778 Basilium
662 2738 733 2778 1:91p:
750 2738 840 2772 ἄλλον,

45 2774 93 2803 ubi
106 2774 210 2812 tamen
224 2774 320 2812 codex'
329 2774 518 2812 rgolbei‘tinus
529 2774 622 2803 habet
629 2775 690 2812 παρ’
703 2774 746 2812 οὗ.

79 2813 114 2845 (2)
124 2813 166 2840 Ex
180 2811 265 2841 hom.
280 2811 312 2840 in
325 2811 400 2840 illud
410 2812 506 2847 Luem,
522 2811 703 2844 Destmam.,
718 2811 763 2845 49,

929 2500 954 2526 3.
968 2498 1007 2532 (5)
1019 2497 1091 2530 Quis
1104 2505 1141 2525 ex
1155 2497 1190 2525 iis
1204 2497 1256 2533 qui
1268 2496 1336 2532 plus
1352 2504 1440 2533 aequo
1453 2496 1581 2524 vestium
1595 2495 1716 2530 elegan-

892 2543 966 2571 tiam
985 2542 1138 2575 al‘fectant,
1153 2542 1250 2578 potuit
1260 2549 1353 2570 unam
1370 2541 1450 2569 diem
1462 2549 1524 2569 sum
1539 2540 1634 2576 ipsius
1648 2539 1716 2566 vitm

894 2587 1043 2623 adjicere?
1065 2587 1117 2623 qui
1142 2586 1369 2623 pepereitmors
1391 2585 1430 2615 ob
1446 2585 1588 2614 divitias?
1613 2592 1632 2613 δ.
1655 2591 1718 2620 quo

933 2737 968 2772 (3)
978 2737 1018 2764 Ex
1031 2736 1114 2765 hom.
1129 2737 1161 2764 in
1174 2736 1291 2771 divites,
1308 2739 1350 2764 59.

930 2774 967 2808 (ι)
983 2772 1069 2808 lbid.,
1083 2773 1127 2800 eo.

932 2807 972 2844 (ες)
988 2807 1075 2842 lbid.,
1093 2809 1135 2836 59.
