  <div class='ocr_page' id='page_1' title='image "/cluster/home/n/w/nwhite01/storage/ocr_20150623/32/njp.32101077772539/608.png"; bbox 0 0 1997 3143; ppageno 0'>
   <div class='ocr_carea' id='block_1_1' title="bbox 86 161 160 187">
    <p class='ocr_par' dir='ltr' id='par_1_1' title="bbox 86 161 160 187">
     <span class='ocr_line' id='line_1_1' title="bbox 86 161 160 187; baseline 0.014 -1"><span class='ocrx_word' id='word_1_1' title='bbox 86 161 160 187; x_wconf 77' lang='lat' dir='ltr'>H73</span> 
     </span>
    </p>
   </div>
   <div class='ocr_carea' id='block_1_2' title="bbox 85 220 652 257">
    <p class='ocr_par' dir='ltr' id='par_1_2' title="bbox 85 220 652 257">
     <span class='ocr_line' id='line_1_2' title="bbox 85 220 652 257; baseline -0.002 -10"><span class='ocrx_word' id='word_1_2' title='bbox 85 222 249 257; x_wconf 72' lang='grc' dir='ltr'>συμμαχίαν</span> <span class='ocrx_word' id='word_1_3' title='bbox 285 220 363 246; x_wconf 78' lang='grc' dir='ltr'>ἐλθὼν</span> <span class='ocrx_word' id='word_1_4' title='bbox 403 220 523 255; x_wconf 80' lang='grc' dir='ltr'>πολέμιον</span> <span class='ocrx_word' id='word_1_5' title='bbox 566 220 652 257; x_wconf 72' lang='grc' dir='ltr'>εὗρεν·</span> 
     </span>
    </p>
   </div>
   <div class='ocr_carea' id='block_1_3' title="bbox 84 263 890 304">
    <p class='ocr_par' dir='ltr' id='par_1_3' title="bbox 84 263 890 304">
     <span class='ocr_line' id='line_1_3' title="bbox 84 263 890 304; baseline -0.005 -12"><span class='ocrx_word' id='word_1_6' title='bbox 84 266 244 304; x_wconf 78' lang='grc' dir='ltr'>περιζητὼν,</span> <span class='ocrx_word' id='word_1_7' title='bbox 264 263 431 300; x_wconf 74' lang='grc' dir='ltr'>ὃηλητπρίοις</span> <span class='ocrx_word' id='word_1_8' title='bbox 456 265 494 300; x_wconf 81' lang='grc'>(1)</span> <span class='ocrx_word' id='word_1_9' title='bbox 515 264 627 300; x_wconf 71' lang='grc' dir='ltr'>ἐνέτυχε.</span> <span class='ocrx_word' id='word_1_10' title='bbox 649 269 706 290; x_wconf 85' lang='grc' dir='ltr'>Δεον</span> <span class='ocrx_word' id='word_1_11' title='bbox 726 264 890 300; x_wconf 75' lang='grc' dir='ltr'>παραμυθεῖ-</span> 
     </span>
    </p>
   </div>
   <div class='ocr_carea' id='block_1_4' title="bbox 86 307 890 346">
    <p class='ocr_par' dir='ltr' id='par_1_4' title="bbox 86 307 890 346">
     <span class='ocr_line' id='line_1_4' title="bbox 86 307 890 346; baseline -0.004 -10"><span class='ocrx_word' id='word_1_12' title='bbox 86 312 153 336; x_wconf 82' lang='grc' dir='ltr'>σθαι</span> <span class='ocrx_word' id='word_1_13' title='bbox 176 313 223 335; x_wconf 68' lang='grc' dir='ltr'>τοῦ</span> <span class='ocrx_word' id='word_1_14' title='bbox 247 307 342 346; x_wconf 75' lang='grc' dir='ltr'>ἀνδρὸς</span> <span class='ocrx_word' id='word_1_15' title='bbox 363 311 410 337; x_wconf 76' lang='grc' dir='ltr'>τὴν</span> <span class='ocrx_word' id='word_1_16' title='bbox 429 311 573 344; x_wconf 77' lang='grc' dir='ltr'>πτωχείαν,</span> <span class='ocrx_word' id='word_1_17' title='bbox 600 311 633 335; x_wconf 62' lang='grc' dir='ltr'>σὺ</span> <span class='ocrx_word' id='word_1_18' title='bbox 659 308 687 335; x_wconf 67' lang='grc' dir='ltr'>δὲ</span> <span class='ocrx_word' id='word_1_19' title='bbox 708 308 890 335; x_wconf 71' lang='grc' dir='ltr'>πολυπλασια-</span> 
     </span>
    </p>
   </div>
   <div class='ocr_carea' id='block_1_5' title="bbox 86 351 890 391">
    <p class='ocr_par' dir='ltr' id='par_1_5' title="bbox 86 351 890 391">
     <span class='ocr_line' id='line_1_5' title="bbox 86 351 890 391; baseline -0.002 -11"><span class='ocrx_word' id='word_1_20' title='bbox 86 355 141 385; x_wconf 79' lang='grc' dir='ltr'>ζεις</span> <span class='ocrx_word' id='word_1_21' title='bbox 172 356 216 383; x_wconf 68' lang='grc' dir='ltr'>τὴν</span> <span class='ocrx_word' id='word_1_22' title='bbox 249 351 366 379; x_wconf 77' lang='grc' dir='ltr'>ἔνδειαν·</span> <span class='ocrx_word' id='word_1_23' title='bbox 397 354 483 391; x_wconf 75' lang='grc' dir='ltr'>ὥσπερ</span> <span class='ocrx_word' id='word_1_24' title='bbox 517 353 547 379; x_wconf 83' lang='grc' dir='ltr'>ἂν</span> <span class='ocrx_word' id='word_1_25' title='bbox 581 355 602 380; x_wconf 70' lang='grc' dir='ltr'>εἰ</span> <span class='ocrx_word' id='word_1_26' title='bbox 635 363 674 383; x_wconf 84' lang='grc' dir='ltr'>τις</span> <span class='ocrx_word' id='word_1_27' title='bbox 704 353 798 390; x_wconf 80' lang='grc' dir='ltr'>ἰατρῶν</span> <span class='ocrx_word' id='word_1_28' title='bbox 825 354 890 388; x_wconf 80' lang='grc' dir='ltr'>πρὸς</span> 
     </span>
    </p>
   </div>
   <div class='ocr_carea' id='block_1_6' title="bbox 86 397 889 436">
    <p class='ocr_par' dir='ltr' id='par_1_6' title="bbox 86 397 889 436">
     <span class='ocr_line' id='line_1_6' title="bbox 86 397 889 436; baseline -0.002 -11"><span class='ocrx_word' id='word_1_29' title='bbox 86 401 232 436; x_wconf 72' lang='grc' dir='ltr'>κάμνοντας</span> <span class='ocrx_word' id='word_1_30' title='bbox 253 398 349 430; x_wconf 77' lang='grc' dir='ltr'>εἰσιὼν,</span> <span class='ocrx_word' id='word_1_31' title='bbox 370 397 427 424; x_wconf 80' lang='grc' dir='ltr'>ἀντὶ</span> <span class='ocrx_word' id='word_1_32' title='bbox 451 402 497 424; x_wconf 76' lang='grc' dir='ltr'>τοῦ</span> <span class='ocrx_word' id='word_1_33' title='bbox 521 398 555 428; x_wconf 85' lang='grc' dir='ltr'>εἰς</span> <span class='ocrx_word' id='word_1_34' title='bbox 577 399 676 434; x_wconf 71' lang='grc' dir='ltr'>ὑγίειαν</span> <span class='ocrx_word' id='word_1_35' title='bbox 699 398 792 428; x_wconf 72' lang='grc' dir='ltr'>αὐτοὺς</span> <span class='ocrx_word' id='word_1_36' title='bbox 812 397 889 423; x_wconf 81' lang='grc' dir='ltr'>ἐπαν-</span> 
     </span>
    </p>
   </div>
   <div class='ocr_carea' id='block_1_7' title="bbox 86 439 889 479">
    <p class='ocr_par' dir='ltr' id='par_1_7' title="bbox 86 439 889 479">
     <span class='ocr_line' id='line_1_7' title="bbox 86 439 889 479; baseline -0.004 -10"><span class='ocrx_word' id='word_1_37' title='bbox 86 447 206 479; x_wconf 75' lang='grc' dir='ltr'>αγαγεῖν,</span> <span class='ocrx_word' id='word_1_38' title='bbox 235 443 248 468; x_wconf 99' lang='lat'>6</span> <span class='ocrx_word' id='word_1_39' title='bbox 283 441 312 468; x_wconf 72' lang='lat' dir='ltr'>ri&quot;:</span> <span class='ocrx_word' id='word_1_40' title='bbox 344 444 386 468; x_wconf 77' lang='grc' dir='ltr'>καὶ</span> <span class='ocrx_word' id='word_1_41' title='bbox 411 444 440 468; x_wconf 86' lang='grc' dir='ltr'>τὸ</span> <span class='ocrx_word' id='word_1_42' title='bbox 468 444 560 479; x_wconf 86' lang='grc' dir='ltr'>μικρὸν</span> <span class='ocrx_word' id='word_1_43' title='bbox 592 442 711 478; x_wconf 66' lang='grc' dir='ltr'>λείψανον</span> <span class='ocrx_word' id='word_1_44' title='bbox 740 446 788 472; x_wconf 76' lang='grc' dir='ltr'>τῆς</span> <span class='ocrx_word' id='word_1_45' title='bbox 812 439 889 467; x_wconf 71' lang='grc' dir='ltr'>δυνά-</span> 
     </span>
    </p>
   </div>
   <div class='ocr_carea' id='block_1_8' title="bbox 85 487 890 525">
    <p class='ocr_par' dir='ltr' id='par_1_8' title="bbox 85 487 890 525">
     <span class='ocr_line' id='line_1_8' title="bbox 85 487 890 525; baseline -0.004 -11"><span class='ocrx_word' id='word_1_46' title='bbox 85 498 152 524; x_wconf 82' lang='grc' dir='ltr'>μεως</span> <span class='ocrx_word' id='word_1_47' title='bbox 180 487 378 525; x_wconf 62' lang='grc' dir='ltr'>προσαφελοιτο.</span> <span class='ocrx_word' id='word_1_48' title='bbox 414 489 465 513; x_wconf 79' lang='grc' dir='ltr'>Καὶ</span> <span class='ocrx_word' id='word_1_49' title='bbox 494 489 526 513; x_wconf 81' lang='grc' dir='ltr'>σὺ</span> <span class='ocrx_word' id='word_1_50' title='bbox 556 490 641 513; x_wconf 77' lang='grc' dir='ltr'>τοίνυν</span> <span class='ocrx_word' id='word_1_51' title='bbox 674 488 720 518; x_wconf 82' lang='grc' dir='ltr'>τὰς</span> <span class='ocrx_word' id='word_1_52' title='bbox 755 487 890 523; x_wconf 70' lang='grc' dir='ltr'>συμφορὰς</span> 
     </span>
    </p>
   </div>
   <div class='ocr_carea' id='block_1_9' title="bbox 83 531 888 568">
    <p class='ocr_par' dir='ltr' id='par_1_9' title="bbox 83 531 888 568">
     <span class='ocr_line' id='line_1_9' title="bbox 83 531 888 568; baseline -0.002 -10"><span class='ocrx_word' id='word_1_53' title='bbox 83 537 134 558; x_wconf 73' lang='grc' dir='ltr'>τῶν</span> <span class='ocrx_word' id='word_1_54' title='bbox 161 531 267 564; x_wconf 75' lang='grc' dir='ltr'>ἀθλίων,</span> <span class='ocrx_word' id='word_1_55' title='bbox 293 531 411 568; x_wconf 66' lang='grc' dir='ltr'>ἀφορμὴν</span> <span class='ocrx_word' id='word_1_56' title='bbox 439 533 524 568; x_wconf 84' lang='grc' dir='ltr'>πόρων</span> <span class='ocrx_word' id='word_1_57' title='bbox 552 535 634 567; x_wconf 73' lang='grc' dir='ltr'>ποιῇ·</span> <span class='ocrx_word' id='word_1_58' title='bbox 669 534 714 557; x_wconf 83' lang='grc' dir='ltr'>καὶ</span> <span class='ocrx_word' id='word_1_59' title='bbox 747 532 832 567; x_wconf 76' lang='grc' dir='ltr'>ὥσπερ</span> <span class='ocrx_word' id='word_1_60' title='bbox 864 531 888 556; x_wconf 86' lang='grc' dir='ltr'>οἱ</span> 
     </span>
    </p>
   </div>
   <div class='ocr_carea' id='block_1_10' title="bbox 83 576 886 614">
    <p class='ocr_par' dir='ltr' id='par_1_10' title="bbox 83 576 886 614">
     <span class='ocr_line' id='line_1_10' title="bbox 83 576 886 614; baseline -0.005 -11"><span class='ocrx_word' id='word_1_61' title='bbox 83 579 198 614; x_wconf 76' lang='grc' dir='ltr'>γεωργοὶ</span> <span class='ocrx_word' id='word_1_62' title='bbox 224 576 337 613; x_wconf 69' lang='grc' dir='ltr'>ὄμϐρους</span> <span class='ocrx_word' id='word_1_63' title='bbox 366 578 489 612; x_wconf 66' lang='grc' dir='ltr'>εὔχονται</span> <span class='ocrx_word' id='word_1_64' title='bbox 517 576 552 606; x_wconf 84' lang='grc' dir='ltr'>εἰς</span> <span class='ocrx_word' id='word_1_65' title='bbox 576 576 810 612; x_wconf 74' lang='grc' dir='ltr'>πολυπλασιασμὸν</span> <span class='ocrx_word' id='word_1_66' title='bbox 836 579 886 600; x_wconf 82' lang='grc' dir='ltr'>τῶν</span> 
     </span>
    </p>
   </div>
   <div class='ocr_carea' id='block_1_11' title="bbox 84 619 884 658">
    <p class='ocr_par' dir='ltr' id='par_1_11' title="bbox 84 619 884 658">
     <span class='ocr_line' id='line_1_11' title="bbox 84 619 884 658; baseline -0.004 -11"><span class='ocrx_word' id='word_1_67' title='bbox 84 622 251 658; x_wconf 74' lang='grc' dir='ltr'>σπερμάτων,</span> <span class='ocrx_word' id='word_1_68' title='bbox 278 622 345 647; x_wconf 69' lang='grc' dir='ltr'>οὔτω</span> <span class='ocrx_word' id='word_1_69' title='bbox 369 623 413 647; x_wconf 80' lang='grc' dir='ltr'>καὶ</span> <span class='ocrx_word' id='word_1_70' title='bbox 438 623 470 647; x_wconf 76' lang='grc' dir='ltr'><strong>σὺ</strong></span> <span class='ocrx_word' id='word_1_71' title='bbox 497 619 597 652; x_wconf 61' lang='grc' dir='ltr'>ἐνδείας</span> <span class='ocrx_word' id='word_1_72' title='bbox 623 624 667 647; x_wconf 83' lang='grc' dir='ltr'>καὶ</span> <span class='ocrx_word' id='word_1_73' title='bbox 699 620 810 657; x_wconf 75' lang='grc' dir='ltr'>ἀπορίας</span> <span class='ocrx_word' id='word_1_74' title='bbox 841 619 884 645; x_wconf 77' lang='grc' dir='ltr'>ἀν-</span> 
     </span>
    </p>
   </div>
   <div class='ocr_carea' id='block_1_12' title="bbox 83 665 885 703">
    <p class='ocr_par' dir='ltr' id='par_1_12' title="bbox 83 665 885 703">
     <span class='ocr_line' id='line_1_12' title="bbox 83 665 885 703; baseline -0.004 -11"><span class='ocrx_word' id='word_1_75' title='bbox 83 668 193 702; x_wconf 84' lang='grc' dir='ltr'>θρώπων</span> <span class='ocrx_word' id='word_1_76' title='bbox 218 665 360 698; x_wconf 78' lang='grc' dir='ltr'>ἐπιζητεῖς,</span> <span class='ocrx_word' id='word_1_77' title='bbox 389 666 430 692; x_wconf 83' lang='grc' dir='ltr'>ἱνα</span> <span class='ocrx_word' id='word_1_78' title='bbox 453 668 494 692; x_wconf 82' lang='grc' dir='ltr'>καὶ</span> <span class='ocrx_word' id='word_1_79' title='bbox 525 668 567 692; x_wconf 81' lang='grc' dir='ltr'>σοὶ</span> <span class='ocrx_word' id='word_1_80' title='bbox 592 665 681 703; x_wconf 75' lang='grc' dir='ltr'>ἐνεργὰ</span> <span class='ocrx_word' id='word_1_81' title='bbox 705 667 736 691; x_wconf 74' lang='grc' dir='ltr'>τὰ</span> <span class='ocrx_word' id='word_1_82' title='bbox 756 667 885 700; x_wconf 77' lang='grc' dir='ltr'>χρήματα</span> 
     </span>
    </p>
   </div>
   <div class='ocr_carea' id='block_1_13' title="bbox 81 713 203 746">
    <p class='ocr_par' dir='ltr' id='par_1_13' title="bbox 81 713 203 746">
     <span class='ocr_line' id='line_1_13' title="bbox 81 713 203 746; baseline -0.008 -9"><span class='ocrx_word' id='word_1_83' title='bbox 81 713 203 746; x_wconf 79' lang='grc' dir='ltr'>γένηται,</span> 
     </span>
    </p>
   </div>
   <div class='ocr_carea' id='block_1_14' title="bbox 118 798 883 836">
    <p class='ocr_par' dir='ltr' id='par_1_14' title="bbox 118 798 883 836">
     <span class='ocr_line' id='line_1_14' title="bbox 118 798 883 836; baseline -0.005 -9"><span class='ocrx_word' id='word_1_84' title='bbox 118 802 144 827; x_wconf 81' lang='lat'>5.</span> <span class='ocrx_word' id='word_1_85' title='bbox 179 802 229 826; x_wconf 76' lang='grc' dir='ltr'>Καὶ</span> <span class='ocrx_word' id='word_1_86' title='bbox 256 800 269 826; x_wconf 78' lang='grc' dir='ltr'><strong><em>ὁ</em></strong></span> <span class='ocrx_word' id='word_1_87' title='bbox 294 801 338 835; x_wconf 73' lang='grc' dir='ltr'>μὲν</span> <span class='ocrx_word' id='word_1_88' title='bbox 358 800 444 830; x_wconf 79' lang='grc' dir='ltr'>ζητῶν</span> <span class='ocrx_word' id='word_1_89' title='bbox 467 802 496 825; x_wconf 85' lang='grc' dir='ltr'>τὸ</span> <span class='ocrx_word' id='word_1_90' title='bbox 517 798 658 836; x_wconf 75' lang='grc' dir='ltr'>δάνεισμα,</span> <span class='ocrx_word' id='word_1_91' title='bbox 675 801 751 835; x_wconf 77' lang='grc' dir='ltr'>μέσος</span> <span class='ocrx_word' id='word_1_92' title='bbox 770 798 883 834; x_wconf 79' lang='grc' dir='ltr'>ἀμηχα-</span> 
     </span>
    </p>
   </div>
   <div class='ocr_carea' id='block_1_15' title="bbox 80 841 882 880">
    <p class='ocr_par' dir='ltr' id='par_1_15' title="bbox 80 841 882 880">
     <span class='ocr_line' id='line_1_15' title="bbox 80 841 882 880; baseline -0.002 -10"><span class='ocrx_word' id='word_1_93' title='bbox 80 848 137 875; x_wconf 81' lang='grc' dir='ltr'>νίας</span> <span class='ocrx_word' id='word_1_94' title='bbox 162 844 361 880; x_wconf 77' lang='grc' dir='ltr'>ἀπειλημμένος,</span> <span class='ocrx_word' id='word_1_95' title='bbox 383 845 444 870; x_wconf 84' lang='grc' dir='ltr'>ὅταν</span> <span class='ocrx_word' id='word_1_96' title='bbox 463 846 508 880; x_wconf 58' lang='grc' dir='ltr'>μὲν</span> <span class='ocrx_word' id='word_1_97' title='bbox 532 846 597 880; x_wconf 85' lang='grc' dir='ltr'>πρὸς</span> <span class='ocrx_word' id='word_1_98' title='bbox 616 846 663 872; x_wconf 65' lang='grc' dir='ltr'>τὴν</span> <span class='ocrx_word' id='word_1_99' title='bbox 682 845 770 869; x_wconf 80' lang='grc' dir='ltr'>πενίαν</span> <span class='ocrx_word' id='word_1_100' title='bbox 785 841 882 878; x_wconf 66' lang='grc' dir='ltr'>ἀπίδῃ,</span> 
     </span>
    </p>
   </div>
   <div class='ocr_carea' id='block_1_16' title="bbox 550 156 1316 187">
    <p class='ocr_par' dir='ltr' id='par_1_16' title="bbox 550 156 1316 187">
     <span class='ocr_line' id='line_1_16' title="bbox 550 156 1316 187; baseline 0.003 -2"><span class='ocrx_word' id='word_1_101' title='bbox 550 158 662 186; x_wconf 77' lang='lat' dir='ltr'>SERMO</span> <span class='ocrx_word' id='word_1_102' title='bbox 683 159 716 185; x_wconf 91' lang='lat' dir='ltr'>V.</span> <span class='ocrx_word' id='word_1_103' title='bbox 742 172 774 178; x_wconf 91' lang='lat'><strong><em>—</em></strong></span> <span class='ocrx_word' id='word_1_104' title='bbox 793 157 840 185; x_wconf 88' lang='lat' dir='ltr'><strong>DE</strong></span> <span class='ocrx_word' id='word_1_105' title='bbox 860 156 996 183; x_wconf 72' lang='lat' dir='ltr'>DIVITIIS</span> <span class='ocrx_word' id='word_1_106' title='bbox 1019 158 1058 184; x_wconf 81' lang='grc' dir='ltr'>ΕΤ</span> <span class='ocrx_word' id='word_1_107' title='bbox 1079 159 1316 187; x_wconf 79' lang='lat' dir='ltr'>PAUPERTATE.</span> 
     </span>
    </p>
   </div>
   <div class='ocr_carea' id='block_1_17' title="bbox 1703 162 1771 190">
    <p class='ocr_par' dir='ltr' id='par_1_17' title="bbox 1703 162 1771 190">
     <span class='ocr_line' id='line_1_17' title="bbox 1703 162 1771 190; baseline 0.029 -2"><span class='ocrx_word' id='word_1_108' title='bbox 1703 162 1771 190; x_wconf 67' lang='grc'><strong>1174</strong></span> 
     </span>
    </p>
   </div>
   <div class='ocr_carea' id='block_1_18' title="bbox 692 218 885 257">
    <p class='ocr_par' dir='ltr' id='par_1_18' title="bbox 692 220 885 256">
     <span class='ocr_line' id='line_1_18' title="bbox 692 220 885 256; baseline -0.01 -10"><span class='ocrx_word' id='word_1_109' title='bbox 692 220 885 256; x_wconf 69' lang='grc' dir='ltr'>ἀλεξιφάρμακα</span> 
     </span>
    </p>
   </div>
   <div class='ocr_carea' id='block_1_19' title="bbox 932 218 1771 257">
    <p class='ocr_par' dir='ltr' id='par_1_19' title="bbox 945 218 1771 257">
     <span class='ocr_line' id='line_1_19' title="bbox 945 218 1771 257; baseline 0.007 -11"><span class='ocrx_word' id='word_1_110' title='bbox 945 218 1078 252; x_wconf 83' lang='lat' dir='ltr'>reddere,</span> <span class='ocrx_word' id='word_1_111' title='bbox 1106 221 1180 256; x_wconf 89' lang='lat' dir='ltr'>quid</span> <span class='ocrx_word' id='word_1_112' title='bbox 1201 221 1240 250; x_wconf 89' lang='lat' dir='ltr'>ad</span> <span class='ocrx_word' id='word_1_113' title='bbox 1265 223 1333 249; x_wconf 83' lang='lat' dir='ltr'>tuas</span> <span class='ocrx_word' id='word_1_114' title='bbox 1359 222 1470 257; x_wconf 86' lang='lat' dir='ltr'>januas</span> <span class='ocrx_word' id='word_1_115' title='bbox 1499 222 1717 257; x_wconf 81' lang='lat' dir='ltr'>quaesivisset?</span> <span class='ocrx_word' id='word_1_116' title='bbox 1749 225 1771 252; x_wconf 91' lang='lat'><strong>0</strong></span> 
     </span>
    </p>
   </div>
   <div class='ocr_carea' id='block_1_20' title="bbox 944 265 1772 296">
    <p class='ocr_par' dir='ltr' id='par_1_20' title="bbox 944 265 1772 296">
     <span class='ocr_line' id='line_1_20' title="bbox 944 265 1772 296; baseline 0.008 -7"><span class='ocrx_word' id='word_1_117' title='bbox 944 271 1008 291; x_wconf 86' lang='lat' dir='ltr'>rem</span> <span class='ocrx_word' id='word_1_118' title='bbox 1042 265 1181 294; x_wconf 83' lang='lat' dir='ltr'>miseram</span> <span class='ocrx_word' id='word_1_119' title='bbox 1216 268 1244 294; x_wconf 88' lang='lat' dir='ltr'>et</span> <span class='ocrx_word' id='word_1_120' title='bbox 1275 265 1515 294; x_wconf 84' lang='lat' dir='ltr'>caiamitosam!</span> <span class='ocrx_word' id='word_1_121' title='bbox 1555 266 1641 295; x_wconf 81' lang='lat' dir='ltr'><strong>Venit</strong></span> <span class='ocrx_word' id='word_1_122' title='bbox 1673 268 1772 296; x_wconf 86' lang='lat' dir='ltr'>subsi-</span> 
     </span>
    </p>
   </div>
   <div class='ocr_carea' id='block_1_21' title="bbox 944 307 1771 347">
    <p class='ocr_par' dir='ltr' id='par_1_21' title="bbox 944 307 1771 347">
     <span class='ocr_line' id='line_1_21' title="bbox 944 307 1771 347; baseline 0.007 -12"><span class='ocrx_word' id='word_1_123' title='bbox 944 307 1029 336; x_wconf 86' lang='lat' dir='ltr'>dium</span> <span class='ocrx_word' id='word_1_124' title='bbox 1050 316 1188 345; x_wconf 73' lang='lat' dir='ltr'>qumrens</span> <span class='ocrx_word' id='word_1_125' title='bbox 1205 319 1211 337; x_wconf 89' lang='lat'><strong>:</strong></span> <span class='ocrx_word' id='word_1_126' title='bbox 1237 310 1289 338; x_wconf 88' lang='lat' dir='ltr'>sed</span> <span class='ocrx_word' id='word_1_127' title='bbox 1306 310 1424 338; x_wconf 87' lang='lat' dir='ltr'>hostem</span> <span class='ocrx_word' id='word_1_128' title='bbox 1444 311 1575 347; x_wconf 86' lang='lat' dir='ltr'>reperit;</span> <span class='ocrx_word' id='word_1_129' title='bbox 1601 312 1771 341; x_wconf 81' lang='lat' dir='ltr'>remedium</span> 
     </span>
    </p>
   </div>
   <div class='ocr_carea' id='block_1_22' title="bbox 944 351 1770 390">
    <p class='ocr_par' dir='ltr' id='par_1_22' title="bbox 944 351 1770 390">
     <span class='ocr_line' id='line_1_22' title="bbox 944 351 1770 390; baseline 0.007 -10"><span class='ocrx_word' id='word_1_130' title='bbox 944 351 1018 381; x_wconf 90' lang='lat' dir='ltr'>dum</span> <span class='ocrx_word' id='word_1_131' title='bbox 1054 354 1228 390; x_wconf 81' lang='lat' dir='ltr'>requireret,</span> <span class='ocrx_word' id='word_1_132' title='bbox 1263 355 1292 382; x_wconf 91' lang='lat' dir='ltr'>in</span> <span class='ocrx_word' id='word_1_133' title='bbox 1328 362 1445 383; x_wconf 84' lang='lat' dir='ltr'>venena</span> <span class='ocrx_word' id='word_1_134' title='bbox 1478 355 1592 384; x_wconf 83' lang='lat' dir='ltr'>incidit.</span> <span class='ocrx_word' id='word_1_135' title='bbox 1632 356 1770 386; x_wconf 83' lang='lat' dir='ltr'>Ofﬁcium</span> 
     </span>
    </p>
   </div>
   <div class='ocr_carea' id='block_1_23' title="bbox 945 397 1771 436">
    <p class='ocr_par' dir='ltr' id='par_1_23' title="bbox 945 397 1771 436">
     <span class='ocr_line' id='line_1_23' title="bbox 945 397 1771 436; baseline 0.006 -12"><span class='ocrx_word' id='word_1_136' title='bbox 945 399 1028 424; x_wconf 90' lang='lat' dir='ltr'>tuum</span> <span class='ocrx_word' id='word_1_137' title='bbox 1048 397 1146 426; x_wconf 81' lang='lat' dir='ltr'>fuerat</span> <span class='ocrx_word' id='word_1_138' title='bbox 1165 398 1218 426; x_wconf 87' lang='lat' dir='ltr'>viri</span> <span class='ocrx_word' id='word_1_139' title='bbox 1240 398 1399 427; x_wconf 85' lang='lat' dir='ltr'>sublevare</span> <span class='ocrx_word' id='word_1_140' title='bbox 1421 399 1578 436; x_wconf 86' lang='lat' dir='ltr'>inopiam:</span> <span class='ocrx_word' id='word_1_141' title='bbox 1602 403 1633 428; x_wconf 83' lang='lat' dir='ltr'>at</span> <span class='ocrx_word' id='word_1_142' title='bbox 1656 403 1689 429; x_wconf 87' lang='lat' dir='ltr'>tu</span> <span class='ocrx_word' id='word_1_143' title='bbox 1719 401 1771 429; x_wconf 88' lang='lat' dir='ltr'>ad-</span> 
     </span>
    </p>
   </div>
   <div class='ocr_carea' id='block_1_24' title="bbox 943 443 1769 482">
    <p class='ocr_par' dir='ltr' id='par_1_24' title="bbox 943 443 1769 482">
     <span class='ocr_line' id='line_1_24' title="bbox 943 443 1769 482; baseline 0.006 -13"><span class='ocrx_word' id='word_1_144' title='bbox 943 449 1036 477; x_wconf 87' lang='lat' dir='ltr'>auges</span> <span class='ocrx_word' id='word_1_145' title='bbox 1055 444 1241 477; x_wconf 77' lang='lat' dir='ltr'>egestatem;</span> <span class='ocrx_word' id='word_1_146' title='bbox 1265 443 1346 471; x_wconf 88' lang='lat' dir='ltr'>velut</span> <span class='ocrx_word' id='word_1_147' title='bbox 1374 443 1398 470; x_wconf 94' lang='lat' dir='ltr'>si</span> <span class='ocrx_word' id='word_1_148' title='bbox 1420 444 1488 480; x_wconf 87' lang='lat' dir='ltr'>quis</span> <span class='ocrx_word' id='word_1_149' title='bbox 1509 444 1644 473; x_wconf 86' lang='lat' dir='ltr'>medicus</span> <span class='ocrx_word' id='word_1_150' title='bbox 1672 453 1769 482; x_wconf 63' lang='lat' dir='ltr'>aegro-</span> 
     </span>
    </p>
   </div>
   <div class='ocr_carea' id='block_1_25' title="bbox 943 486 1768 519">
    <p class='ocr_par' dir='ltr' id='par_1_25' title="bbox 943 486 1768 519">
     <span class='ocr_line' id='line_1_25' title="bbox 943 486 1768 519; baseline 0.006 -6"><span class='ocrx_word' id='word_1_151' title='bbox 943 487 989 513; x_wconf 78' lang='lat' dir='ltr'>tos</span> <span class='ocrx_word' id='word_1_152' title='bbox 1007 486 1150 519; x_wconf 86' lang='lat' dir='ltr'>invisens,</span> <span class='ocrx_word' id='word_1_153' title='bbox 1179 495 1249 515; x_wconf 90' lang='lat' dir='ltr'>cum</span> <span class='ocrx_word' id='word_1_154' title='bbox 1276 487 1317 515; x_wconf 90' lang='lat' dir='ltr'>eis</span> <span class='ocrx_word' id='word_1_155' title='bbox 1343 487 1452 516; x_wconf 80' lang='lat' dir='ltr'>debeat</span> <span class='ocrx_word' id='word_1_156' title='bbox 1477 489 1632 517; x_wconf 82' lang='lat' dir='ltr'>restituere</span> <span class='ocrx_word' id='word_1_157' title='bbox 1657 490 1768 518; x_wconf 87' lang='lat' dir='ltr'>sanita-</span> 
     </span>
    </p>
   </div>
   <div class='ocr_carea' id='block_1_26' title="bbox 943 531 1768 571">
    <p class='ocr_par' dir='ltr' id='par_1_26' title="bbox 943 531 1768 571">
     <span class='ocr_line' id='line_1_26' title="bbox 943 531 1768 571; baseline 0.005 -13"><span class='ocrx_word' id='word_1_158' title='bbox 943 532 1012 566; x_wconf 85' lang='lat' dir='ltr'>tem,</span> <span class='ocrx_word' id='word_1_159' title='bbox 1047 531 1213 559; x_wconf 82' lang='lat' dir='ltr'>econtrario</span> <span class='ocrx_word' id='word_1_160' title='bbox 1246 531 1293 560; x_wconf 84' lang='lat' dir='ltr'>vel</span> <span class='ocrx_word' id='word_1_161' title='bbox 1326 532 1449 568; x_wconf 77' lang='lat' dir='ltr'>exiguas</span> <span class='ocrx_word' id='word_1_162' title='bbox 1481 533 1590 561; x_wconf 89' lang='lat' dir='ltr'>virium</span> <span class='ocrx_word' id='word_1_163' title='bbox 1625 534 1768 571; x_wconf 80' lang='lat' dir='ltr'>reliquiae</span> 
     </span>
    </p>
   </div>
   <div class='ocr_carea' id='block_1_27' title="bbox 942 576 1768 615">
    <p class='ocr_par' dir='ltr' id='par_1_27' title="bbox 942 576 1768 615">
     <span class='ocr_line' id='line_1_27' title="bbox 942 576 1768 615; baseline 0.004 -11"><span class='ocrx_word' id='word_1_164' title='bbox 942 576 1064 606; x_wconf 78' lang='lat' dir='ltr'>adimat.</span> <span class='ocrx_word' id='word_1_165' title='bbox 1081 578 1122 604; x_wconf 93' lang='lat' dir='ltr'>Tu</span> <span class='ocrx_word' id='word_1_166' title='bbox 1138 576 1226 612; x_wconf 78' lang='lat' dir='ltr'>igitur</span> <span class='ocrx_word' id='word_1_167' title='bbox 1241 577 1419 605; x_wconf 89' lang='lat' dir='ltr'>miserorum</span> <span class='ocrx_word' id='word_1_168' title='bbox 1431 577 1617 606; x_wconf 78' lang='lat' dir='ltr'>calamitates</span> <span class='ocrx_word' id='word_1_169' title='bbox 1634 581 1768 615; x_wconf 74' lang='lat' dir='ltr'>qumstus</span> 
     </span>
    </p>
   </div>
   <div class='ocr_carea' id='block_1_28' title="bbox 940 621 1766 650">
    <p class='ocr_par' dir='ltr' id='par_1_28' title="bbox 940 621 1766 650">
     <span class='ocr_line' id='line_1_28' title="bbox 940 621 1766 650; baseline 0.002 -2"><span class='ocrx_word' id='word_1_170' title='bbox 940 621 1130 648; x_wconf 80' lang='lat' dir='ltr'>occasionem</span> <span class='ocrx_word' id='word_1_171' title='bbox 1143 621 1227 648; x_wconf 81' lang='lat' dir='ltr'>facis.</span> <span class='ocrx_word' id='word_1_172' title='bbox 1239 622 1273 649; x_wconf 90' lang='lat' dir='ltr'>Et</span> <span class='ocrx_word' id='word_1_173' title='bbox 1284 621 1360 648; x_wconf 90' lang='lat' dir='ltr'>sicut</span> <span class='ocrx_word' id='word_1_174' title='bbox 1368 621 1465 649; x_wconf 89' lang='lat' dir='ltr'>coloni</span> <span class='ocrx_word' id='word_1_175' title='bbox 1479 621 1517 649; x_wconf 88' lang='lat' dir='ltr'>ad</span> <span class='ocrx_word' id='word_1_176' title='bbox 1528 623 1678 650; x_wconf 87' lang='lat' dir='ltr'>seminum</span> <span class='ocrx_word' id='word_1_177' title='bbox 1688 623 1766 650; x_wconf 88' lang='lat' dir='ltr'>mul-</span> 
     </span>
    </p>
   </div>
   <div class='ocr_carea' id='block_1_29' title="bbox 939 665 1766 703">
    <p class='ocr_par' dir='ltr' id='par_1_29' title="bbox 939 665 1766 703">
     <span class='ocr_line' id='line_1_29' title="bbox 939 665 1766 703; baseline 0.004 -11"><span class='ocrx_word' id='word_1_178' title='bbox 939 665 1153 701; x_wconf 87' lang='lat' dir='ltr'>tiplicationem</span> <span class='ocrx_word' id='word_1_179' title='bbox 1172 665 1284 693; x_wconf 86' lang='lat' dir='ltr'>imbres</span> <span class='ocrx_word' id='word_1_180' title='bbox 1304 667 1466 702; x_wconf 79' lang='lat' dir='ltr'>exoptant:</span> <span class='ocrx_word' id='word_1_181' title='bbox 1488 665 1529 694; x_wconf 82' lang='lat' dir='ltr'>ita</span> <span class='ocrx_word' id='word_1_182' title='bbox 1551 669 1579 694; x_wconf 91' lang='lat' dir='ltr'>et</span> <span class='ocrx_word' id='word_1_183' title='bbox 1600 669 1632 694; x_wconf 89' lang='lat' dir='ltr'>tu</span> <span class='ocrx_word' id='word_1_184' title='bbox 1652 670 1766 703; x_wconf 84' lang='lat' dir='ltr'>egesta-</span> 
     </span>
    </p>
   </div>
   <div class='ocr_carea' id='block_1_30' title="bbox 939 709 1765 748">
    <p class='ocr_par' dir='ltr' id='par_1_30' title="bbox 939 709 1765 748">
     <span class='ocr_line' id='line_1_30' title="bbox 939 709 1765 748; baseline 0.004 -11"><span class='ocrx_word' id='word_1_185' title='bbox 939 711 982 737; x_wconf 88' lang='lat' dir='ltr'>tes</span> <span class='ocrx_word' id='word_1_186' title='bbox 998 711 1026 737; x_wconf 90' lang='lat' dir='ltr'>et</span> <span class='ocrx_word' id='word_1_187' title='bbox 1040 709 1158 746; x_wconf 86' lang='lat' dir='ltr'>inopias</span> <span class='ocrx_word' id='word_1_188' title='bbox 1173 709 1330 738; x_wconf 87' lang='lat' dir='ltr'>hominum</span> <span class='ocrx_word' id='word_1_189' title='bbox 1346 713 1442 746; x_wconf 89' lang='lat' dir='ltr'>optas,</span> <span class='ocrx_word' id='word_1_190' title='bbox 1458 709 1511 738; x_wconf 82' lang='lat' dir='ltr'>tibi</span> <span class='ocrx_word' id='word_1_191' title='bbox 1534 713 1566 739; x_wconf 89' lang='lat' dir='ltr'>ut</span> <span class='ocrx_word' id='word_1_192' title='bbox 1583 714 1765 748; x_wconf 65' lang='lat' dir='ltr'>quaestuosae</span> 
     </span>
    </p>
   </div>
   <div class='ocr_carea' id='block_1_31' title="bbox 938 754 1152 790">
    <p class='ocr_par' dir='ltr' id='par_1_31' title="bbox 938 754 1152 790">
     <span class='ocr_line' id='line_1_31' title="bbox 938 754 1152 790; baseline -0.005 -8"><span class='ocrx_word' id='word_1_193' title='bbox 938 754 995 782; x_wconf 88' lang='lat' dir='ltr'>sint</span> <span class='ocrx_word' id='word_1_194' title='bbox 1008 755 1152 790; x_wconf 73' lang='lat' dir='ltr'>pecuniae.</span> 
     </span>
    </p>
   </div>
   <div class='ocr_carea' id='block_1_32' title="bbox 974 798 1763 836">
    <p class='ocr_par' dir='ltr' id='par_1_32' title="bbox 974 798 1763 836">
     <span class='ocr_line' id='line_1_32' title="bbox 974 798 1763 836; baseline 0.004 -10"><span class='ocrx_word' id='word_1_195' title='bbox 1026 801 1067 826; x_wconf 76' lang='lat' dir='ltr'>Ac</span> <span class='ocrx_word' id='word_1_196' title='bbox 1089 798 1249 835; x_wconf 84' lang='lat' dir='ltr'>pecuniam</span> <span class='ocrx_word' id='word_1_197' title='bbox 1270 799 1395 834; x_wconf 88' lang='lat' dir='ltr'>quidem</span> <span class='ocrx_word' id='word_1_198' title='bbox 1415 799 1468 835; x_wconf 90' lang='lat' dir='ltr'>qui</span> <span class='ocrx_word' id='word_1_199' title='bbox 1483 800 1591 836; x_wconf 68' lang='lat' dir='ltr'>qurerit</span> <span class='ocrx_word' id='word_1_200' title='bbox 1605 800 1716 835; x_wconf 87' lang='lat' dir='ltr'>fenore,</span> <span class='ocrx_word' id='word_1_201' title='bbox 1732 801 1763 829; x_wconf 89' lang='lat' dir='ltr'>in</span> 
     </span>
    </p>
   </div>
   <div class='ocr_carea' id='block_1_33' title="bbox 937 843 1763 881">
    <p class='ocr_par' dir='ltr' id='par_1_33' title="bbox 937 843 1763 881">
     <span class='ocr_line' id='line_1_33' title="bbox 937 843 1763 881; baseline 0.004 -11"><span class='ocrx_word' id='word_1_202' title='bbox 937 843 1043 871; x_wconf 88' lang='lat' dir='ltr'>mediis</span> <span class='ocrx_word' id='word_1_203' title='bbox 1053 843 1283 871; x_wconf 85' lang='lat' dir='ltr'>difﬁcultatibus</span> <span class='ocrx_word' id='word_1_204' title='bbox 1295 844 1482 875; x_wconf 88' lang='lat' dir='ltr'>constitutus,</span> <span class='ocrx_word' id='word_1_205' title='bbox 1499 853 1569 872; x_wconf 91' lang='lat' dir='ltr'>cum</span> <span class='ocrx_word' id='word_1_206' title='bbox 1583 845 1705 881; x_wconf 88' lang='lat' dir='ltr'>respicit</span> <span class='ocrx_word' id='word_1_207' title='bbox 1723 845 1763 873; x_wconf 90' lang='lat' dir='ltr'>ad</span> 
     </span>
    </p>
   </div>
   <div class='ocr_carea' id='block_1_34' title="bbox 80 887 885 926">
    <p class='ocr_par' dir='ltr' id='par_1_34' title="bbox 80 887 881 926">
     <span class='ocr_line' id='line_1_34' title="bbox 80 887 881 926; baseline -0.001 -12"><span class='ocrx_word' id='word_1_208' title='bbox 80 889 258 925; x_wconf 66' lang='grc' dir='ltr'>ἀπογινώσκει</span> <span class='ocrx_word' id='word_1_209' title='bbox 281 891 327 918; x_wconf 76' lang='grc' dir='ltr'>τὴν</span> <span class='ocrx_word' id='word_1_210' title='bbox 350 890 465 915; x_wconf 81' lang='grc' dir='ltr'>ἔκτισιν·</span> <span class='ocrx_word' id='word_1_211' title='bbox 489 890 549 915; x_wconf 80' lang='grc' dir='ltr'>ὅταν</span> <span class='ocrx_word' id='word_1_212' title='bbox 574 887 603 915; x_wconf 77' lang='grc' dir='ltr'>δε</span> <span class='ocrx_word' id='word_1_213' title='bbox 624 890 688 926; x_wconf 77' lang='grc' dir='ltr'>πρὸς</span> <span class='ocrx_word' id='word_1_214' title='bbox 711 890 759 917; x_wconf 82' lang='grc' dir='ltr'>τήν</span> <span class='ocrx_word' id='word_1_215' title='bbox 782 891 881 925; x_wconf 74' lang='grc' dir='ltr'>παροῦ-</span> 
     </span>
    </p>
   </div>
   <div class='ocr_carea' id='block_1_35' title="bbox 932 887 1762 926">
    <p class='ocr_par' dir='ltr' id='par_1_35' title="bbox 936 887 1762 925">
     <span class='ocr_line' id='line_1_35' title="bbox 936 887 1762 925; baseline 0.004 -10"><span class='ocrx_word' id='word_1_216' title='bbox 936 889 1155 925; x_wconf 84' lang='lat' dir='ltr'>paupertatem,</span> <span class='ocrx_word' id='word_1_217' title='bbox 1175 887 1213 915; x_wconf 86' lang='lat' dir='ltr'>de</span> <span class='ocrx_word' id='word_1_218' title='bbox 1238 887 1386 916; x_wconf 89' lang='lat' dir='ltr'>solutione</span> <span class='ocrx_word' id='word_1_219' title='bbox 1404 888 1565 925; x_wconf 84' lang='lat' dir='ltr'>desperat;</span> <span class='ocrx_word' id='word_1_220' title='bbox 1595 897 1664 917; x_wconf 90' lang='lat' dir='ltr'>cum</span> <span class='ocrx_word' id='word_1_221' title='bbox 1690 898 1762 918; x_wconf 76' lang='lat' dir='ltr'>vero</span> 
     </span>
    </p>
   </div>
   <div class='ocr_carea' id='block_1_36' title="bbox 81 930 881 970">
    <p class='ocr_par' dir='ltr' id='par_1_36' title="bbox 81 930 881 970">
     <span class='ocr_line' id='line_1_36' title="bbox 81 930 881 970; baseline -0.001 -11"><span class='ocrx_word' id='word_1_222' title='bbox 81 943 130 959; x_wconf 76' lang='grc' dir='ltr'>σαν</span> <span class='ocrx_word' id='word_1_223' title='bbox 162 933 288 970; x_wconf 73' lang='grc' dir='ltr'>ἀνάγκην,</span> <span class='ocrx_word' id='word_1_224' title='bbox 316 933 467 969; x_wconf 80' lang='grc' dir='ltr'>κατατολμᾷ</span> <span class='ocrx_word' id='word_1_225' title='bbox 495 937 540 959; x_wconf 82' lang='grc' dir='ltr'>τοῦ</span> <span class='ocrx_word' id='word_1_226' title='bbox 570 931 751 969; x_wconf 73' lang='grc' dir='ltr'>δανείσματος.</span> <span class='ocrx_word' id='word_1_227' title='bbox 780 932 824 963; x_wconf 81' lang='grc' dir='ltr'>Ὠς</span> <span class='ocrx_word' id='word_1_228' title='bbox 852 930 881 958; x_wconf 69' lang='grc' dir='ltr'>δὲ</span> 
     </span>
    </p>
   </div>
   <div class='ocr_carea' id='block_1_37' title="bbox 79 976 881 1016">
    <p class='ocr_par' dir='ltr' id='par_1_37' title="bbox 79 976 881 1016">
     <span class='ocr_line' id='line_1_37' title="bbox 79 976 881 1016; baseline -0.002 -13"><span class='ocrx_word' id='word_1_229' title='bbox 79 979 112 1003; x_wconf 81' lang='grc' dir='ltr'>τὰ</span> <span class='ocrx_word' id='word_1_230' title='bbox 135 979 182 1014; x_wconf 74' lang='grc' dir='ltr'>μὲν</span> <span class='ocrx_word' id='word_1_231' title='bbox 201 981 328 1016; x_wconf 79' lang='grc' dir='ltr'>χρήματα</span> <span class='ocrx_word' id='word_1_232' title='bbox 353 977 469 1015; x_wconf 74' lang='grc' dir='ltr'>ὑπορρεῖ,</span> <span class='ocrx_word' id='word_1_233' title='bbox 492 978 505 1003; x_wconf 86' lang='grc' dir='ltr'><strong><em>ὁ</em></strong></span> <span class='ocrx_word' id='word_1_234' title='bbox 531 976 560 1004; x_wconf 70' lang='grc' dir='ltr'>δε</span> <span class='ocrx_word' id='word_1_235' title='bbox 583 980 678 1015; x_wconf 78' lang='grc' dir='ltr'>χρόνος</span> <span class='ocrx_word' id='word_1_236' title='bbox 705 979 801 1013; x_wconf 79' lang='grc' dir='ltr'>προῖὼν</span> <span class='ocrx_word' id='word_1_237' title='bbox 823 979 881 1010; x_wconf 65' lang='grc' dir='ltr'>τοὺς</span> 
     </span>
    </p>
   </div>
   <div class='ocr_carea' id='block_1_38' title="bbox 78 1020 881 1059">
    <p class='ocr_par' dir='ltr' id='par_1_38' title="bbox 78 1020 881 1059">
     <span class='ocr_line' id='line_1_38' title="bbox 78 1020 881 1059; baseline -0.002 -11"><span class='ocrx_word' id='word_1_238' title='bbox 78 1024 171 1052; x_wconf 73' lang='grc' dir='ltr'>τόκους</span> <span class='ocrx_word' id='word_1_239' title='bbox 195 1021 277 1057; x_wconf 74' lang='grc' dir='ltr'>ἐαυτῷ</span> <span class='ocrx_word' id='word_1_240' title='bbox 304 1023 486 1059; x_wconf 73' lang='grc' dir='ltr'>συμπροάγει·</span> <span class='ocrx_word' id='word_1_241' title='bbox 521 1022 550 1048; x_wconf 70' lang='grc' dir='ltr'>οὐ</span> <span class='ocrx_word' id='word_1_242' title='bbox 581 1023 670 1051; x_wconf 70' lang='grc' dir='ltr'>νύκτες</span> <span class='ocrx_word' id='word_1_243' title='bbox 703 1020 788 1057; x_wconf 75' lang='grc' dir='ltr'>ἐκείνῳ</span> <span class='ocrx_word' id='word_1_244' title='bbox 821 1020 881 1046; x_wconf 74' lang='grc' dir='ltr'>ἀνα-</span> 
     </span>
    </p>
   </div>
   <div class='ocr_carea' id='block_1_39' title="bbox 77 1064 881 1105">
    <p class='ocr_par' dir='ltr' id='par_1_39' title="bbox 77 1064 881 1105">
     <span class='ocr_line' id='line_1_39' title="bbox 77 1064 881 1105; baseline 0.001 -14"><span class='ocrx_word' id='word_1_245' title='bbox 77 1076 176 1092; x_wconf 77' lang='grc' dir='ltr'>παυσιν</span> <span class='ocrx_word' id='word_1_246' title='bbox 201 1069 332 1104; x_wconf 66' lang='grc' dir='ltr'>φέρουσιν,</span> <span class='ocrx_word' id='word_1_247' title='bbox 362 1066 414 1102; x_wconf 72' lang='grc' dir='ltr'>οὐχ</span> <span class='ocrx_word' id='word_1_248' title='bbox 437 1068 451 1095; x_wconf 84' lang='grc' dir='ltr'>ἡ</span> <span class='ocrx_word' id='word_1_249' title='bbox 473 1067 557 1102; x_wconf 80' lang='grc' dir='ltr'>ἡμέρα</span> <span class='ocrx_word' id='word_1_250' title='bbox 576 1064 685 1105; x_wconf 68' lang='grc' dir='ltr'>φαιδρὰ,</span> <span class='ocrx_word' id='word_1_251' title='bbox 702 1066 754 1102; x_wconf 65' lang='grc' dir='ltr'>οὐχ</span> <span class='ocrx_word' id='word_1_252' title='bbox 778 1067 791 1091; x_wconf 89' lang='lat'>6</span> <span class='ocrx_word' id='word_1_253' title='bbox 811 1065 881 1096; x_wconf 71' lang='grc' dir='ltr'>ἣλιος</span> 
     </span>
    </p>
   </div>
   <div class='ocr_carea' id='block_1_40' title="bbox 78 1109 878 1149">
    <p class='ocr_par' dir='ltr' id='par_1_40' title="bbox 78 1109 878 1149">
     <span class='ocr_line' id='line_1_40' title="bbox 78 1109 878 1149; baseline -0.001 -12"><span class='ocrx_word' id='word_1_254' title='bbox 78 1113 183 1149; x_wconf 69' lang='grc' dir='ltr'>τερπνός</span> <span class='ocrx_word' id='word_1_255' title='bbox 196 1122 201 1127; x_wconf 95' lang='grc'><strong><em>-</em></strong></span> <span class='ocrx_word' id='word_1_256' title='bbox 308 1109 478 1148; x_wconf 74' lang='grc' dir='ltr'>δυσχεραίνει</span> <span class='ocrx_word' id='word_1_257' title='bbox 503 1113 547 1137; x_wconf 81' lang='grc' dir='ltr'>τὸν</span> <span class='ocrx_word' id='word_1_258' title='bbox 572 1111 640 1147; x_wconf 84' lang='grc' dir='ltr'>βίον,</span> <span class='ocrx_word' id='word_1_259' title='bbox 657 1114 729 1147; x_wconf 79' lang='grc' dir='ltr'>μισεῖ</span> <span class='ocrx_word' id='word_1_260' title='bbox 752 1111 795 1140; x_wconf 85' lang='grc' dir='ltr'>τὰς</span> <span class='ocrx_word' id='word_1_261' title='bbox 814 1112 878 1147; x_wconf 81' lang='grc' dir='ltr'>ἡμέ-</span> 
     </span>
    </p>
   </div>
   <div class='ocr_carea' id='block_1_41' title="bbox 75 1153 876 1193">
    <p class='ocr_par' dir='ltr' id='par_1_41' title="bbox 75 1153 876 1193">
     <span class='ocr_line' id='line_1_41' title="bbox 75 1153 876 1193; baseline -0.002 -11"><span class='ocrx_word' id='word_1_262' title='bbox 75 1164 124 1191; x_wconf 77' lang='grc' dir='ltr'>ρας</span> <span class='ocrx_word' id='word_1_263' title='bbox 148 1157 211 1193; x_wconf 83' lang='grc' dir='ltr'>πρὸς</span> <span class='ocrx_word' id='word_1_264' title='bbox 235 1158 281 1184; x_wconf 78' lang='grc' dir='ltr'>τὴν</span> <span class='ocrx_word' id='word_1_265' title='bbox 305 1157 466 1193; x_wconf 71' lang='grc' dir='ltr'>προθεσμίαν</span> <span class='ocrx_word' id='word_1_266' title='bbox 487 1155 659 1192; x_wconf 78' lang='grc' dir='ltr'>ἐπειγομένοις,</span> <span class='ocrx_word' id='word_1_267' title='bbox 682 1155 734 1181; x_wconf 74' lang='grc' dir='ltr'>Κᾶν</span> <span class='ocrx_word' id='word_1_268' title='bbox 749 1153 876 1191; x_wconf 68' lang='grc' dir='ltr'>καθεύδῃ,</span> 
     </span>
    </p>
   </div>
   <div class='ocr_carea' id='block_1_42' title="bbox 75 1198 878 1237">
    <p class='ocr_par' dir='ltr' id='par_1_42' title="bbox 75 1198 878 1237">
     <span class='ocr_line' id='line_1_42' title="bbox 75 1198 878 1237; baseline 0.001 -13"><span class='ocrx_word' id='word_1_269' title='bbox 75 1201 193 1226; x_wconf 69' lang='grc' dir='ltr'>ἐνύπνιον</span> <span class='ocrx_word' id='word_1_270' title='bbox 219 1200 307 1237; x_wconf 78' lang='grc' dir='ltr'>βλέπει</span> <span class='ocrx_word' id='word_1_271' title='bbox 334 1202 376 1226; x_wconf 86' lang='grc' dir='ltr'>τὸν</span> <span class='ocrx_word' id='word_1_272' title='bbox 406 1198 555 1233; x_wconf 72' lang='grc' dir='ltr'>δανειστὴν,</span> <span class='ocrx_word' id='word_1_273' title='bbox 581 1201 660 1225; x_wconf 71' lang='grc' dir='ltr'>κακον</span> <span class='ocrx_word' id='word_1_274' title='bbox 689 1201 748 1236; x_wconf 78' lang='grc' dir='ltr'>ὄναρ</span> <span class='ocrx_word' id='word_1_275' title='bbox 778 1203 808 1235; x_wconf 73' lang='grc' dir='ltr'>τῇ</span> <span class='ocrx_word' id='word_1_276' title='bbox 839 1209 878 1225; x_wconf 83' lang='grc' dir='ltr'>κε-</span> 
     </span>
    </p>
   </div>
   <div class='ocr_carea' id='block_1_43' title="bbox 76 1243 876 1281">
    <p class='ocr_par' dir='ltr' id='par_1_43' title="bbox 76 1243 876 1281">
     <span class='ocr_line' id='line_1_43' title="bbox 76 1243 876 1281; baseline -0.001 -11"><span class='ocrx_word' id='word_1_277' title='bbox 76 1244 143 1280; x_wconf 61' lang='grc' dir='ltr'>φαλῇ</span> <span class='ocrx_word' id='word_1_278' title='bbox 169 1245 380 1281; x_wconf 76' lang='grc' dir='ltr'>παριστάμενον·</span> <span class='ocrx_word' id='word_1_279' title='bbox 406 1244 453 1270; x_wconf 73' lang='grc' dir='ltr'>κᾶν</span> <span class='ocrx_word' id='word_1_280' title='bbox 474 1249 604 1281; x_wconf 76' lang='grc' dir='ltr'>γρηγορῇ,</span> <span class='ocrx_word' id='word_1_281' title='bbox 631 1245 713 1271; x_wconf 81' lang='grc' dir='ltr'>ἔννοια</span> <span class='ocrx_word' id='word_1_282' title='bbox 738 1243 807 1278; x_wconf 68' lang='grc' dir='ltr'>αὐτῷ</span> <span class='ocrx_word' id='word_1_283' title='bbox 831 1247 876 1269; x_wconf 79' lang='grc' dir='ltr'>καὶ</span> 
     </span>
    </p>
   </div>
   <div class='ocr_carea' id='block_1_44' title="bbox 75 1289 874 1326">
    <p class='ocr_par' dir='ltr' id='par_1_44' title="bbox 75 1289 874 1326">
     <span class='ocr_line' id='line_1_44' title="bbox 75 1289 874 1326; baseline -0.001 -12"><span class='ocrx_word' id='word_1_284' title='bbox 75 1291 179 1326; x_wconf 66' lang='grc' dir='ltr'>φροντὶς</span> <span class='ocrx_word' id='word_1_285' title='bbox 204 1291 216 1315; x_wconf 85' lang='lat'>6</span> <span class='ocrx_word' id='word_1_286' title='bbox 242 1292 317 1320; x_wconf 77' lang='grc' dir='ltr'>τόκος</span> <span class='ocrx_word' id='word_1_287' title='bbox 347 1289 426 1317; x_wconf 81' lang='grc' dir='ltr'>ἐστίν.</span> <span class='ocrx_word' id='word_1_288' title='bbox 450 1289 518 1316; x_wconf 82' lang='grc' dir='ltr'>Ἀλλ’</span> <span class='ocrx_word' id='word_1_289' title='bbox 541 1290 612 1315; x_wconf 80' lang='grc' dir='ltr'>ἔστιν</span> <span class='ocrx_word' id='word_1_290' title='bbox 641 1289 718 1314; x_wconf 85' lang='grc' dir='ltr'>εἰπεῖν</span> <span class='ocrx_word' id='word_1_291' title='bbox 743 1290 786 1314; x_wconf 86' lang='grc' dir='ltr'>καὶ</span> <span class='ocrx_word' id='word_1_292' title='bbox 811 1289 874 1325; x_wconf 82' lang='grc' dir='ltr'>πρὸς</span> 
     </span>
    </p>
   </div>
   <div class='ocr_carea' id='block_1_45' title="bbox 74 1331 874 1369">
    <p class='ocr_par' dir='ltr' id='par_1_45' title="bbox 74 1331 874 1369">
     <span class='ocr_line' id='line_1_45' title="bbox 74 1331 874 1369; baseline 0.001 -12"><span class='ocrx_word' id='word_1_293' title='bbox 74 1334 118 1358; x_wconf 83' lang='grc' dir='ltr'>τὸν</span> <span class='ocrx_word' id='word_1_294' title='bbox 141 1331 323 1369; x_wconf 78' lang='grc' dir='ltr'>δανειζόμενον</span> <span class='ocrx_word' id='word_1_295' title='bbox 335 1344 341 1349; x_wconf 93' lang='grc'><strong>·</strong></span> <span class='ocrx_word' id='word_1_296' title='bbox 369 1336 429 1359; x_wconf 86' lang='grc' dir='ltr'>Πίνε</span> <span class='ocrx_word' id='word_1_297' title='bbox 452 1331 539 1359; x_wconf 73' lang='grc' dir='ltr'>ὕδατα</span> <span class='ocrx_word' id='word_1_298' title='bbox 557 1332 608 1359; x_wconf 73' lang='grc' dir='ltr'>ἀπὸ</span> <span class='ocrx_word' id='word_1_299' title='bbox 630 1336 679 1359; x_wconf 80' lang='grc' dir='ltr'>σῶν</span> <span class='ocrx_word' id='word_1_300' title='bbox 696 1331 816 1368; x_wconf 79' lang='grc' dir='ltr'>ἀγγείων,</span> <span class='ocrx_word' id='word_1_301' title='bbox 830 1334 874 1358; x_wconf 85' lang='grc' dir='ltr'>καὶ</span> 
     </span>
    </p>
   </div>
   <div class='ocr_carea' id='block_1_46' title="bbox 76 1376 875 1415">
    <p class='ocr_par' dir='ltr' id='par_1_46' title="bbox 76 1376 875 1415">
     <span class='ocr_line' id='line_1_46' title="bbox 76 1376 875 1415; baseline 0 -13"><span class='ocrx_word' id='word_1_302' title='bbox 76 1377 126 1403; x_wconf 68' lang='grc' dir='ltr'>ἀπὸ</span> <span class='ocrx_word' id='word_1_303' title='bbox 158 1382 208 1403; x_wconf 79' lang='grc' dir='ltr'>σῶν</span> <span class='ocrx_word' id='word_1_304' title='bbox 238 1378 351 1415; x_wconf 73' lang='grc' dir='ltr'>φρεάτων</span> <span class='ocrx_word' id='word_1_305' title='bbox 375 1381 482 1413; x_wconf 82' lang='grc' dir='ltr'>πηγῆς·</span> <span class='ocrx_word' id='word_1_306' title='bbox 510 1380 640 1410; x_wconf 76' lang='grc' dir='ltr'>τουτέστι,</span> <span class='ocrx_word' id='word_1_307' title='bbox 669 1379 704 1413; x_wconf 86' lang='grc' dir='ltr'>μὴ</span> <span class='ocrx_word' id='word_1_308' title='bbox 735 1376 772 1403; x_wconf 83' lang='grc' dir='ltr'>ἐπ’</span> <span class='ocrx_word' id='word_1_309' title='bbox 802 1376 875 1402; x_wconf 80' lang='grc' dir='ltr'>ἀλλο-</span> 
     </span>
    </p>
   </div>
   <div class='ocr_carea' id='block_1_47' title="bbox 75 1420 874 1458">
    <p class='ocr_par' dir='ltr' id='par_1_47' title="bbox 75 1420 874 1458">
     <span class='ocr_line' id='line_1_47' title="bbox 75 1420 874 1458; baseline -0.003 -10"><span class='ocrx_word' id='word_1_310' title='bbox 75 1424 148 1458; x_wconf 83' lang='grc' dir='ltr'>τρίας</span> <span class='ocrx_word' id='word_1_311' title='bbox 171 1423 257 1458; x_wconf 76' lang='grc' dir='ltr'>πηγὰς</span> <span class='ocrx_word' id='word_1_312' title='bbox 282 1421 389 1458; x_wconf 66' lang='grc' dir='ltr'>βάδιζε,</span> <span class='ocrx_word' id='word_1_313' title='bbox 415 1421 468 1448; x_wconf 76' lang='grc' dir='ltr'>ἀλλ’</span> <span class='ocrx_word' id='word_1_314' title='bbox 497 1421 524 1453; x_wconf 80' lang='grc' dir='ltr'>ἓξ</span> <span class='ocrx_word' id='word_1_315' title='bbox 549 1422 648 1448; x_wconf 80' lang='grc' dir='ltr'>οἰκείων</span> <span class='ocrx_word' id='word_1_316' title='bbox 669 1420 783 1447; x_wconf 69' lang='grc' dir='ltr'>λιϐάδων</span> <span class='ocrx_word' id='word_1_317' title='bbox 813 1422 874 1447; x_wconf 78' lang='grc' dir='ltr'>σύν-</span> 
     </span>
    </p>
   </div>
   <div class='ocr_carea' id='block_1_48' title="bbox 75 1465 874 1505">
    <p class='ocr_par' dir='ltr' id='par_1_48' title="bbox 75 1465 874 1505">
     <span class='ocr_line' id='line_1_48' title="bbox 75 1465 874 1505; baseline -0.001 -13"><span class='ocrx_word' id='word_1_318' title='bbox 75 1476 122 1503; x_wconf 84' lang='grc' dir='ltr'>αγε</span> <span class='ocrx_word' id='word_1_319' title='bbox 218 1471 319 1503; x_wconf 77' lang='grc' dir='ltr'>σεαυτῷ</span> <span class='ocrx_word' id='word_1_320' title='bbox 345 1469 389 1498; x_wconf 80' lang='grc' dir='ltr'>τὰς</span> <span class='ocrx_word' id='word_1_321' title='bbox 418 1467 586 1505; x_wconf 80' lang='grc' dir='ltr'>παραμυθίας</span> <span class='ocrx_word' id='word_1_322' title='bbox 609 1470 654 1492; x_wconf 81' lang='grc' dir='ltr'>τοῦ</span> <span class='ocrx_word' id='word_1_323' title='bbox 685 1466 756 1502; x_wconf 80' lang='grc' dir='ltr'>βίον,</span> <span class='ocrx_word' id='word_1_324' title='bbox 783 1465 874 1502; x_wconf 78' lang='grc' dir='ltr'>Ἔχεις</span> 
     </span>
    </p>
   </div>
   <div class='ocr_carea' id='block_1_49' title="bbox 75 1509 872 1547">
    <p class='ocr_par' dir='ltr' id='par_1_49' title="bbox 75 1509 872 1547">
     <span class='ocr_line' id='line_1_49' title="bbox 75 1509 872 1547; baseline 0.001 -12"><span class='ocrx_word' id='word_1_325' title='bbox 75 1511 250 1547; x_wconf 74' lang='grc' dir='ltr'>χαλκώματα,</span> <span class='ocrx_word' id='word_1_326' title='bbox 271 1511 378 1545; x_wconf 70' lang='grc' dir='ltr'>ἐσθῆτα,</span> <span class='ocrx_word' id='word_1_327' title='bbox 406 1511 558 1546; x_wconf 70' lang='grc' dir='ltr'>ὑποζύγιον,</span> <span class='ocrx_word' id='word_1_328' title='bbox 590 1513 668 1540; x_wconf 69' lang='grc' dir='ltr'>σκεύη</span> <span class='ocrx_word' id='word_1_329' title='bbox 698 1509 872 1544; x_wconf 68' lang='grc' dir='ltr'>παντοδαπά;</span> 
     </span>
    </p>
   </div>
   <div class='ocr_carea' id='block_1_50' title="bbox 74 1553 913 1597">
    <p class='ocr_par' dir='ltr' id='par_1_50' title="bbox 74 1553 913 1597">
     <span class='ocr_line' id='line_1_50' title="bbox 74 1553 913 1597; baseline 0.001 -17"><span class='ocrx_word' id='word_1_330' title='bbox 74 1559 157 1582; x_wconf 73' lang='grc' dir='ltr'>ταῦτα</span> <span class='ocrx_word' id='word_1_331' title='bbox 189 1554 310 1582; x_wconf 73' lang='grc' dir='ltr'>ἅπόὸον-</span> <span class='ocrx_word' id='word_1_332' title='bbox 344 1557 430 1582; x_wconf 76' lang='grc' dir='ltr'>πάντα</span> <span class='ocrx_word' id='word_1_333' title='bbox 461 1554 588 1592; x_wconf 58' lang='grc' dir='ltr'>πρρεσθαι</span> <span class='ocrx_word' id='word_1_334' title='bbox 620 1553 774 1590; x_wconf 74' lang='grc' dir='ltr'>κα-αδεξαι,</span> <span class='ocrx_word' id='word_1_335' title='bbox 807 1555 873 1584; x_wconf 84' lang='grc' dir='ltr'>πλὴν</span> <span class='ocrx_word' id='word_1_336' title='bbox 893 1570 913 1597; x_wconf 78' lang='lat' dir='ltr'><strong>C</strong></span> 
     </span>
    </p>
   </div>
   <div class='ocr_carea' id='block_1_51' title="bbox 74 1598 872 1639">
    <p class='ocr_par' dir='ltr' id='par_1_51' title="bbox 74 1598 872 1639">
     <span class='ocr_line' id='line_1_51' title="bbox 74 1598 872 1639; baseline 0.001 -15"><span class='ocrx_word' id='word_1_337' title='bbox 74 1603 123 1630; x_wconf 78' lang='grc' dir='ltr'>τῆς</span> <span class='ocrx_word' id='word_1_338' title='bbox 146 1599 296 1639; x_wconf 71' lang='grc' dir='ltr'>ἐλευθερίας.</span> <span class='ocrx_word' id='word_1_339' title='bbox 326 1599 392 1626; x_wconf 81' lang='grc' dir='ltr'>Ἀλλ’</span> <span class='ocrx_word' id='word_1_340' title='bbox 418 1600 582 1636; x_wconf 69' lang='grc' dir='ltr'>αἰσχύνομαι</span> <span class='ocrx_word' id='word_1_341' title='bbox 609 1600 676 1626; x_wconf 73' lang='grc' dir='ltr'>αὐτὰ</span> <span class='ocrx_word' id='word_1_342' title='bbox 695 1598 872 1636; x_wconf 67' lang='grc' dir='ltr'>δημοσιεύειν,</span> 
     </span>
    </p>
   </div>
   <div class='ocr_carea' id='block_1_52' title="bbox 74 1643 874 1682">
    <p class='ocr_par' dir='ltr' id='par_1_52' title="bbox 74 1643 874 1682">
     <span class='ocr_line' id='line_1_52' title="bbox 74 1643 874 1682; baseline 0.001 -13"><span class='ocrx_word' id='word_1_343' title='bbox 74 1646 152 1679; x_wconf 68' lang='grc' dir='ltr'>φησί.</span> <span class='ocrx_word' id='word_1_344' title='bbox 174 1646 205 1679; x_wconf 78' lang='grc' dir='ltr'>Τί</span> <span class='ocrx_word' id='word_1_345' title='bbox 225 1643 279 1678; x_wconf 79' lang='grc' dir='ltr'>οὖν,</span> <span class='ocrx_word' id='word_1_346' title='bbox 307 1645 345 1670; x_wconf 86' lang='grc' dir='ltr'>ὅτι</span> <span class='ocrx_word' id='word_1_347' title='bbox 365 1647 457 1682; x_wconf 73' lang='grc' dir='ltr'>μικρὸν</span> <span class='ocrx_word' id='word_1_348' title='bbox 477 1645 584 1680; x_wconf 71' lang='grc' dir='ltr'>ὕστερον</span> <span class='ocrx_word' id='word_1_349' title='bbox 604 1645 680 1675; x_wconf 80' lang='grc' dir='ltr'>ἄλλος</span> <span class='ocrx_word' id='word_1_350' title='bbox 697 1645 764 1671; x_wconf 70' lang='grc' dir='ltr'>αὐτὰ</span> <span class='ocrx_word' id='word_1_351' title='bbox 785 1654 874 1681; x_wconf 85' lang='grc' dir='ltr'>προκο-</span> 
     </span>
    </p>
   </div>
   <div class='ocr_carea' id='block_1_53' title="bbox 73 1688 874 1726">
    <p class='ocr_par' dir='ltr' id='par_1_53' title="bbox 73 1688 874 1726">
     <span class='ocr_line' id='line_1_53' title="bbox 73 1688 874 1726; baseline 0.001 -12"><span class='ocrx_word' id='word_1_352' title='bbox 73 1691 157 1724; x_wconf 71' lang='grc' dir='ltr'>μίσει,</span> <span class='ocrx_word' id='word_1_353' title='bbox 186 1691 231 1715; x_wconf 82' lang='grc' dir='ltr'>καὶ</span> <span class='ocrx_word' id='word_1_354' title='bbox 263 1689 422 1726; x_wconf 70' lang='grc' dir='ltr'>ἀποκηρύξει</span> <span class='ocrx_word' id='word_1_355' title='bbox 452 1690 485 1715; x_wconf 80' lang='grc' dir='ltr'>τὰ</span> <span class='ocrx_word' id='word_1_356' title='bbox 519 1691 563 1723; x_wconf 81' lang='grc' dir='ltr'>σὰ,</span> <span class='ocrx_word' id='word_1_357' title='bbox 596 1692 640 1715; x_wconf 81' lang='grc' dir='ltr'>καὶ</span> <span class='ocrx_word' id='word_1_358' title='bbox 668 1688 705 1715; x_wconf 75' lang='grc' dir='ltr'>ἐπ’</span> <span class='ocrx_word' id='word_1_359' title='bbox 732 1689 874 1726; x_wconf 72' lang='grc' dir='ltr'>ὀφθαλμοῖς</span> 
     </span>
    </p>
   </div>
   <div class='ocr_carea' id='block_1_54' title="bbox 75 1732 874 1766">
    <p class='ocr_par' dir='ltr' id='par_1_54' title="bbox 75 1732 874 1766">
     <span class='ocr_line' id='line_1_54' title="bbox 75 1732 874 1766; baseline 0.001 -8"><span class='ocrx_word' id='word_1_360' title='bbox 75 1737 132 1763; x_wconf 81' lang='grc' dir='ltr'>σοῖς</span> <span class='ocrx_word' id='word_1_361' title='bbox 167 1732 327 1764; x_wconf 78' lang='grc' dir='ltr'>ἐπευωνίζων</span> <span class='ocrx_word' id='word_1_362' title='bbox 366 1733 433 1759; x_wconf 67' lang='grc' dir='ltr'>αὐτὰ</span> <span class='ocrx_word' id='word_1_363' title='bbox 469 1732 648 1766; x_wconf 49' lang='lat' dir='ltr'>amona-Erat;</span> <span class='ocrx_word' id='word_1_364' title='bbox 687 1733 786 1760; x_wconf 79' lang='grc' dir='ltr'>Βέλτιον</span> <span class='ocrx_word' id='word_1_365' title='bbox 818 1737 874 1764; x_wconf 85' lang='grc' dir='ltr'>ταῖς</span> 
     </span>
    </p>
   </div>
   <div class='ocr_carea' id='block_1_55' title="bbox 74 1777 874 1816">
    <p class='ocr_par' dir='ltr' id='par_1_55' title="bbox 74 1777 874 1816">
     <span class='ocr_line' id='line_1_55' title="bbox 74 1777 874 1816; baseline 0.001 -13"><span class='ocrx_word' id='word_1_366' title='bbox 74 1779 141 1803; x_wconf 81' lang='grc' dir='ltr'>κατὰ</span> <span class='ocrx_word' id='word_1_367' title='bbox 174 1779 267 1815; x_wconf 83' lang='grc' dir='ltr'>μικρὸν</span> <span class='ocrx_word' id='word_1_368' title='bbox 301 1777 423 1808; x_wconf 81' lang='grc' dir='ltr'>ἐπινοίαις</span> <span class='ocrx_word' id='word_1_369' title='bbox 455 1780 502 1807; x_wconf 76' lang='grc' dir='ltr'>τὴν</span> <span class='ocrx_word' id='word_1_370' title='bbox 529 1781 621 1816; x_wconf 83' lang='grc' dir='ltr'>χρείαν</span> <span class='ocrx_word' id='word_1_371' title='bbox 650 1779 874 1815; x_wconf 68' lang='grc' dir='ltr'>παραμυθεῖσθαι,</span> 
     </span>
    </p>
   </div>
   <div class='ocr_carea' id='block_1_56' title="bbox 76 1821 876 1860">
    <p class='ocr_par' dir='ltr' id='par_1_56' title="bbox 76 1821 876 1860">
     <span class='ocr_line' id='line_1_56' title="bbox 76 1821 876 1860; baseline -0.001 -11"><span class='ocrx_word' id='word_1_372' title='bbox 76 1823 89 1850; x_wconf 73' lang='grc' dir='ltr'>ἡ</span> <span class='ocrx_word' id='word_1_373' title='bbox 115 1821 215 1859; x_wconf 82' lang='grc' dir='ltr'>ἁθρόως</span> <span class='ocrx_word' id='word_1_374' title='bbox 245 1821 386 1858; x_wconf 80' lang='grc' dir='ltr'>ἐπαρθέντα</span> <span class='ocrx_word' id='word_1_375' title='bbox 415 1826 467 1853; x_wconf 84' lang='grc' dir='ltr'>τοῖς</span> <span class='ocrx_word' id='word_1_376' title='bbox 495 1822 645 1859; x_wconf 69' lang='grc' dir='ltr'>ἀλλοτρίοις,</span> <span class='ocrx_word' id='word_1_377' title='bbox 679 1822 786 1860; x_wconf 67' lang='grc' dir='ltr'>ὕστερον</span> <span class='ocrx_word' id='word_1_378' title='bbox 814 1823 876 1848; x_wconf 71' lang='grc' dir='ltr'>παν-</span> 
     </span>
    </p>
   </div>
   <div class='ocr_carea' id='block_1_57' title="bbox 74 1866 874 1903">
    <p class='ocr_par' dir='ltr' id='par_1_57' title="bbox 74 1866 874 1903">
     <span class='ocr_line' id='line_1_57' title="bbox 74 1866 874 1903; baseline 0.001 -11"><span class='ocrx_word' id='word_1_379' title='bbox 74 1876 122 1892; x_wconf 87' lang='grc' dir='ltr'>των</span> <span class='ocrx_word' id='word_1_380' title='bbox 154 1868 220 1903; x_wconf 81' lang='grc' dir='ltr'>όμοῡ</span> <span class='ocrx_word' id='word_1_381' title='bbox 253 1871 303 1892; x_wconf 81' lang='grc' dir='ltr'>τῶν</span> <span class='ocrx_word' id='word_1_382' title='bbox 331 1869 479 1903; x_wconf 79' lang='grc' dir='ltr'>προσόντων</span> <span class='ocrx_word' id='word_1_383' title='bbox 510 1866 736 1903; x_wconf 79' lang='grc' dir='ltr'>ἀπογυμνοῦσθαι.</span> <span class='ocrx_word' id='word_1_384' title='bbox 769 1867 799 1894; x_wconf 83' lang='grc' dir='ltr'>Εἰ</span> <span class='ocrx_word' id='word_1_385' title='bbox 830 1869 874 1903; x_wconf 70' lang='grc' dir='ltr'>μὲν</span> 
     </span>
    </p>
   </div>
   <div class='ocr_carea' id='block_1_58' title="bbox 74 1909 874 1949">
    <p class='ocr_par' dir='ltr' id='par_1_58' title="bbox 74 1909 874 1949">
     <span class='ocr_line' id='line_1_58' title="bbox 74 1909 874 1949; baseline 0.001 -13"><span class='ocrx_word' id='word_1_386' title='bbox 74 1909 117 1937; x_wconf 71' lang='grc' dir='ltr'>οὖν</span> <span class='ocrx_word' id='word_1_387' title='bbox 136 1912 206 1947; x_wconf 82' lang='grc' dir='ltr'>ἔχεις</span> <span class='ocrx_word' id='word_1_388' title='bbox 227 1911 282 1937; x_wconf 83' lang='grc' dir='ltr'>ὅθεν</span> <span class='ocrx_word' id='word_1_389' title='bbox 299 1910 416 1946; x_wconf 64' lang='grc' dir='ltr'>ἀποδῷς,</span> <span class='ocrx_word' id='word_1_390' title='bbox 440 1914 465 1937; x_wconf 84' lang='grc' dir='ltr'>τί</span> <span class='ocrx_word' id='word_1_391' title='bbox 483 1911 546 1947; x_wconf 66' lang='grc' dir='ltr'>οὐχὶ</span> <span class='ocrx_word' id='word_1_392' title='bbox 565 1914 611 1940; x_wconf 83' lang='grc' dir='ltr'>τὴν</span> <span class='ocrx_word' id='word_1_393' title='bbox 626 1915 761 1949; x_wconf 85' lang='grc' dir='ltr'>παροῦσαν</span> <span class='ocrx_word' id='word_1_394' title='bbox 776 1910 874 1937; x_wconf 72' lang='grc' dir='ltr'>ἔνδειαν</span> 
     </span>
    </p>
   </div>
   <div class='ocr_carea' id='block_1_59' title="bbox 73 1954 877 1993">
    <p class='ocr_par' dir='ltr' id='par_1_59' title="bbox 73 1954 877 1993">
     <span class='ocr_line' id='line_1_59' title="bbox 73 1954 877 1993; baseline 0 -11"><span class='ocrx_word' id='word_1_395' title='bbox 73 1956 100 1982; x_wconf 73' lang='grc' dir='ltr'>ἐκ</span> <span class='ocrx_word' id='word_1_396' title='bbox 128 1956 227 1981; x_wconf 75' lang='grc' dir='ltr'>τούτων</span> <span class='ocrx_word' id='word_1_397' title='bbox 255 1960 305 1982; x_wconf 81' lang='grc' dir='ltr'>τῶν</span> <span class='ocrx_word' id='word_1_398' title='bbox 332 1955 452 1992; x_wconf 71' lang='grc' dir='ltr'>ἀφορμῶν</span> <span class='ocrx_word' id='word_1_399' title='bbox 486 1954 623 1989; x_wconf 51' lang='lat' dir='ltr'>(italiam;</span> <span class='ocrx_word' id='word_1_400' title='bbox 659 1956 680 1982; x_wconf 82' lang='grc' dir='ltr'>εἰ</span> <span class='ocrx_word' id='word_1_401' title='bbox 713 1954 743 1982; x_wconf 69' lang='grc' dir='ltr'>δὲ</span> <span class='ocrx_word' id='word_1_402' title='bbox 771 1955 877 1993; x_wconf 72' lang='grc' dir='ltr'>ἀπορεῖς</span> 
     </span>
    </p>
   </div>
   <div class='ocr_carea' id='block_1_60' title="bbox 73 2001 875 2037">
    <p class='ocr_par' dir='ltr' id='par_1_60' title="bbox 73 2001 875 2037">
     <span class='ocr_line' id='line_1_60' title="bbox 73 2001 875 2037; baseline 0 -12"><span class='ocrx_word' id='word_1_403' title='bbox 73 2002 134 2036; x_wconf 76' lang='grc' dir='ltr'>πρὸς</span> <span class='ocrx_word' id='word_1_404' title='bbox 165 2002 213 2028; x_wconf 83' lang='grc' dir='ltr'>τήν</span> <span class='ocrx_word' id='word_1_405' title='bbox 243 2001 352 2035; x_wconf 80' lang='grc' dir='ltr'>ἔκτισιν,</span> <span class='ocrx_word' id='word_1_406' title='bbox 384 2002 463 2026; x_wconf 76' lang='grc' dir='ltr'>κακὸν</span> <span class='ocrx_word' id='word_1_407' title='bbox 499 2005 571 2036; x_wconf 78' lang='grc' dir='ltr'>κακῷ</span> <span class='ocrx_word' id='word_1_408' title='bbox 605 2001 762 2037; x_wconf 72' lang='grc' dir='ltr'>θεραπεύεις,</span> <span class='ocrx_word' id='word_1_409' title='bbox 795 2003 875 2031; x_wconf 76' lang='grc' dir='ltr'>Πένης</span> 
     </span>
    </p>
   </div>
   <div class='ocr_carea' id='block_1_61' title="bbox 72 2043 877 2082">
    <p class='ocr_par' dir='ltr' id='par_1_61' title="bbox 72 2043 877 2082">
     <span class='ocr_line' id='line_1_61' title="bbox 72 2043 877 2082; baseline 0.001 -12"><span class='ocrx_word' id='word_1_410' title='bbox 72 2043 95 2070; x_wconf 83' lang='grc' dir='ltr'>εἶ</span> <span class='ocrx_word' id='word_1_411' title='bbox 116 2048 171 2079; x_wconf 80' lang='grc' dir='ltr'>νῦν,</span> <span class='ocrx_word' id='word_1_412' title='bbox 197 2043 250 2070; x_wconf 76' lang='grc' dir='ltr'>ἀλλ’</span> <span class='ocrx_word' id='word_1_413' title='bbox 280 2044 425 2082; x_wconf 80' lang='grc' dir='ltr'>ἐλεύθερος·</span> <span class='ocrx_word' id='word_1_414' title='bbox 451 2043 635 2082; x_wconf 65' lang='grc' dir='ltr'>δανεισάμενος</span> <span class='ocrx_word' id='word_1_415' title='bbox 659 2043 698 2078; x_wconf 71' lang='grc' dir='ltr'>δὲ,</span> <span class='ocrx_word' id='word_1_416' title='bbox 719 2046 777 2071; x_wconf 75' lang='grc' dir='ltr'>οὔτε</span> <span class='ocrx_word' id='word_1_417' title='bbox 796 2044 877 2071; x_wconf 84' lang='grc' dir='ltr'>πλου-</span> 
     </span>
    </p>
   </div>
   <div class='ocr_carea' id='block_1_62' title="bbox 71 2089 873 2127">
    <p class='ocr_par' dir='ltr' id='par_1_62' title="bbox 71 2089 873 2127">
     <span class='ocr_line' id='line_1_62' title="bbox 71 2089 873 2127; baseline 0 -12"><span class='ocrx_word' id='word_1_418' title='bbox 71 2091 170 2121; x_wconf 77' lang='grc' dir='ltr'>τήσεις,</span> <span class='ocrx_word' id='word_1_419' title='bbox 195 2091 240 2114; x_wconf 79' lang='grc' dir='ltr'>καὶ</span> <span class='ocrx_word' id='word_1_420' title='bbox 267 2090 314 2117; x_wconf 82' lang='grc' dir='ltr'>τὴν</span> <span class='ocrx_word' id='word_1_421' title='bbox 342 2089 485 2127; x_wconf 81' lang='grc' dir='ltr'>ἐλευθερίαν</span> <span class='ocrx_word' id='word_1_422' title='bbox 514 2089 687 2126; x_wconf 69' lang='grc' dir='ltr'>ἀφαιρεθήσῃ.</span> <span class='ocrx_word' id='word_1_423' title='bbox 715 2089 808 2120; x_wconf 79' lang='grc' dir='ltr'>Δοῦλος</span> <span class='ocrx_word' id='word_1_424' title='bbox 827 2093 873 2116; x_wconf 80' lang='grc' dir='ltr'>τοῦ</span> 
     </span>
    </p>
   </div>
   <div class='ocr_carea' id='block_1_63' title="bbox 72 2131 872 2170">
    <p class='ocr_par' dir='ltr' id='par_1_63' title="bbox 72 2131 872 2170">
     <span class='ocr_line' id='line_1_63' title="bbox 72 2131 872 2170; baseline 0.003 -12"><span class='ocrx_word' id='word_1_425' title='bbox 72 2131 254 2163; x_wconf 63' lang='grc' dir='ltr'>δεδανεικότος</span> <span class='ocrx_word' id='word_1_426' title='bbox 269 2133 282 2158; x_wconf 89' lang='lat'>6</span> <span class='ocrx_word' id='word_1_427' title='bbox 303 2131 494 2169; x_wconf 74' lang='grc' dir='ltr'>δανεισάμενος,</span> <span class='ocrx_word' id='word_1_428' title='bbox 515 2136 560 2159; x_wconf 84' lang='grc' dir='ltr'>καὶ</span> <span class='ocrx_word' id='word_1_429' title='bbox 580 2132 673 2165; x_wconf 69' lang='grc' dir='ltr'>δοῦλος</span> <span class='ocrx_word' id='word_1_430' title='bbox 686 2134 722 2170; x_wconf 87' lang='grc'>(3)</span> <span class='ocrx_word' id='word_1_431' title='bbox 747 2135 872 2170; x_wconf 67' lang='grc' dir='ltr'>μισθοφό-</span> 
     </span>
    </p>
   </div>
   <div class='ocr_carea' id='block_1_64' title="bbox 69 2176 872 2215">
    <p class='ocr_par' dir='ltr' id='par_1_64' title="bbox 69 2176 872 2215">
     <span class='ocr_line' id='line_1_64' title="bbox 69 2176 872 2215; baseline 0.001 -12"><span class='ocrx_word' id='word_1_432' title='bbox 69 2187 124 2213; x_wconf 84' lang='grc' dir='ltr'>ρος,</span> <span class='ocrx_word' id='word_1_433' title='bbox 154 2176 332 2215; x_wconf 73' lang='grc' dir='ltr'>ἀπαραίτητον</span> <span class='ocrx_word' id='word_1_434' title='bbox 355 2180 436 2214; x_wconf 80' lang='grc' dir='ltr'>φέρων</span> <span class='ocrx_word' id='word_1_435' title='bbox 464 2180 511 2206; x_wconf 81' lang='grc' dir='ltr'>τὴν</span> <span class='ocrx_word' id='word_1_436' title='bbox 543 2177 715 2214; x_wconf 77' lang='grc' dir='ltr'>λειτουργίαν.</span> <span class='ocrx_word' id='word_1_437' title='bbox 742 2179 774 2204; x_wconf 84' lang='grc' dir='ltr'><strong>Οἱ</strong></span> <span class='ocrx_word' id='word_1_438' title='bbox 800 2180 872 2208; x_wconf 84' lang='grc' dir='ltr'>κύνες</span> 
     </span>
    </p>
   </div>
   <div class='ocr_carea' id='block_1_65' title="bbox 69 2220 870 2259">
    <p class='ocr_par' dir='ltr' id='par_1_65' title="bbox 69 2220 870 2259">
     <span class='ocr_line' id='line_1_65' title="bbox 69 2220 870 2259; baseline 0.002 -13"><span class='ocrx_word' id='word_1_439' title='bbox 69 2221 190 2252; x_wconf 67' lang='grc' dir='ltr'>λαξόντες</span> <span class='ocrx_word' id='word_1_440' title='bbox 218 2222 391 2258; x_wconf 78' lang='grc' dir='ltr'>ἡμεροῦνται·</span> <span class='ocrx_word' id='word_1_441' title='bbox 416 2223 428 2248; x_wconf 84' lang='grc' dir='ltr'><strong><em>ὁ</em></strong></span> <span class='ocrx_word' id='word_1_442' title='bbox 453 2220 591 2252; x_wconf 68' lang='grc' dir='ltr'>δανειστὴς</span> <span class='ocrx_word' id='word_1_443' title='bbox 619 2222 754 2258; x_wconf 71' lang='grc' dir='ltr'>λαμϐάνων</span> <span class='ocrx_word' id='word_1_444' title='bbox 778 2232 870 2259; x_wconf 78' lang='grc' dir='ltr'>προσε-</span> 
     </span>
    </p>
   </div>
   <div class='ocr_carea' id='block_1_66' title="bbox 69 2266 868 2302">
    <p class='ocr_par' dir='ltr' id='par_1_66' title="bbox 69 2266 868 2302">
     <span class='ocr_line' id='line_1_66' title="bbox 69 2266 868 2302; baseline 0.001 -11"><span class='ocrx_word' id='word_1_445' title='bbox 69 2267 212 2302; x_wconf 82' lang='grc' dir='ltr'>ρεοίζεται.</span> <span class='ocrx_word' id='word_1_446' title='bbox 246 2266 284 2291; x_wconf 67' lang='grc' dir='ltr'>Οὐ</span> <span class='ocrx_word' id='word_1_447' title='bbox 315 2267 424 2292; x_wconf 70' lang='grc' dir='ltr'>παύεται</span> <span class='ocrx_word' id='word_1_448' title='bbox 462 2266 587 2299; x_wconf 73' lang='grc' dir='ltr'>ὑλακτων,</span> <span class='ocrx_word' id='word_1_449' title='bbox 623 2266 686 2292; x_wconf 75' lang='grc' dir='ltr'>ἀλλὰ</span> <span class='ocrx_word' id='word_1_450' title='bbox 720 2268 749 2292; x_wconf 80' lang='grc' dir='ltr'>τὸ</span> <span class='ocrx_word' id='word_1_451' title='bbox 784 2267 868 2292; x_wconf 87' lang='grc' dir='ltr'>πλεῖον</span> 
     </span>
    </p>
   </div>
   <div class='ocr_carea' id='block_1_67' title="bbox 70 2309 869 2346">
    <p class='ocr_par' dir='ltr' id='par_1_67' title="bbox 70 2309 869 2346">
     <span class='ocr_line' id='line_1_67' title="bbox 70 2309 869 2346; baseline 0.001 -11"><span class='ocrx_word' id='word_1_452' title='bbox 70 2309 198 2340; x_wconf 77' lang='grc' dir='ltr'>ἐπιζητεῖ.</span> <span class='ocrx_word' id='word_1_453' title='bbox 229 2310 286 2336; x_wconf 81' lang='grc' dir='ltr'>Ἐὰν</span> <span class='ocrx_word' id='word_1_454' title='bbox 313 2310 420 2346; x_wconf 74' lang='grc' dir='ltr'>ὁμνύῃς,</span> <span class='ocrx_word' id='word_1_455' title='bbox 450 2310 572 2337; x_wconf 78' lang='grc' dir='ltr'>ἀπιστεῖ·</span> <span class='ocrx_word' id='word_1_456' title='bbox 603 2309 691 2346; x_wconf 80' lang='grc' dir='ltr'>ἐρευνᾷ</span> <span class='ocrx_word' id='word_1_457' title='bbox 723 2311 756 2336; x_wconf 75' lang='grc' dir='ltr'>τὰ</span> <span class='ocrx_word' id='word_1_458' title='bbox 786 2309 869 2345; x_wconf 72' lang='grc' dir='ltr'>ἔνδον,</span> 
     </span>
    </p>
   </div>
   <div class='ocr_carea' id='block_1_68' title="bbox 70 2354 868 2391">
    <p class='ocr_par' dir='ltr' id='par_1_68' title="bbox 70 2354 868 2391">
     <span class='ocr_line' id='line_1_68' title="bbox 70 2354 868 2391; baseline 0.001 -11"><span class='ocrx_word' id='word_1_459' title='bbox 70 2356 101 2380; x_wconf 80' lang='grc' dir='ltr'>τὰ</span> <span class='ocrx_word' id='word_1_460' title='bbox 127 2354 331 2390; x_wconf 70' lang='grc' dir='ltr'>συναλλάγματα</span> <span class='ocrx_word' id='word_1_461' title='bbox 352 2364 399 2380; x_wconf 82' lang='grc' dir='ltr'>σου</span> <span class='ocrx_word' id='word_1_462' title='bbox 427 2354 648 2391; x_wconf 84' lang='grc' dir='ltr'>πολυπραγμονεῖ.</span> <span class='ocrx_word' id='word_1_463' title='bbox 675 2355 732 2381; x_wconf 82' lang='grc' dir='ltr'>Ἐπὶ</span> <span class='ocrx_word' id='word_1_464' title='bbox 754 2359 868 2391; x_wconf 78' lang='grc' dir='ltr'>γαμετῆς</span> 
     </span>
    </p>
   </div>
   <div class='ocr_carea' id='block_1_69' title="bbox 70 2398 869 2437">
    <p class='ocr_par' dir='ltr' id='par_1_69' title="bbox 70 2398 869 2437">
     <span class='ocr_line' id='line_1_69' title="bbox 70 2398 869 2437; baseline 0.001 -13"><span class='ocrx_word' id='word_1_465' title='bbox 70 2400 255 2434; x_wconf 78' lang='grc' dir='ltr'>καταισχύνει,</span> <span class='ocrx_word' id='word_1_466' title='bbox 281 2398 322 2425; x_wconf 83' lang='grc' dir='ltr'>ἐπὶ</span> <span class='ocrx_word' id='word_1_467' title='bbox 347 2399 425 2434; x_wconf 78' lang='grc' dir='ltr'>φίλων</span> <span class='ocrx_word' id='word_1_468' title='bbox 451 2399 615 2437; x_wconf 66' lang='grc' dir='ltr'>καθυϐρίζει,</span> <span class='ocrx_word' id='word_1_469' title='bbox 639 2399 663 2425; x_wconf 84' lang='grc' dir='ltr'>ἐν</span> <span class='ocrx_word' id='word_1_470' title='bbox 687 2403 741 2430; x_wconf 80' lang='grc' dir='ltr'>ταῖς</span> <span class='ocrx_word' id='word_1_471' title='bbox 761 2399 869 2436; x_wconf 82' lang='grc' dir='ltr'>ἀγοραῖς</span> 
     </span>
    </p>
   </div>
   <div class='ocr_carea' id='block_1_70' title="bbox 69 2443 868 2480">
    <p class='ocr_par' dir='ltr' id='par_1_70' title="bbox 69 2443 868 2480">
     <span class='ocr_line' id='line_1_70' title="bbox 69 2443 868 2480; baseline 0.001 -11"><span class='ocrx_word' id='word_1_472' title='bbox 69 2445 161 2479; x_wconf 75' lang='grc' dir='ltr'>ἄγχει,</span> <span class='ocrx_word' id='word_1_473' title='bbox 181 2444 260 2469; x_wconf 78' lang='grc' dir='ltr'>κακὸν</span> <span class='ocrx_word' id='word_1_474' title='bbox 286 2444 437 2480; x_wconf 76' lang='grc' dir='ltr'>σννάντπμα</span> <span class='ocrx_word' id='word_1_475' title='bbox 464 2443 563 2480; x_wconf 82' lang='grc' dir='ltr'>ἑορτῆς,</span> <span class='ocrx_word' id='word_1_476' title='bbox 591 2443 701 2470; x_wconf 75' lang='grc' dir='ltr'>ἀϐίωτόν</span> <span class='ocrx_word' id='word_1_477' title='bbox 728 2454 767 2470; x_wconf 77' lang='grc' dir='ltr'>σοι</span> <span class='ocrx_word' id='word_1_478' title='bbox 790 2453 868 2470; x_wconf 75' lang='grc' dir='ltr'>κατα-</span> 
     </span>
    </p>
   </div>
   <div class='ocr_carea' id='block_1_71' title="bbox 71 2487 866 2524">
    <p class='ocr_par' dir='ltr' id='par_1_71' title="bbox 71 2487 866 2524">
     <span class='ocr_line' id='line_1_71' title="bbox 71 2487 866 2524; baseline 0.001 -11"><span class='ocrx_word' id='word_1_479' title='bbox 71 2488 193 2519; x_wconf 73' lang='grc' dir='ltr'>σκευάζει</span> <span class='ocrx_word' id='word_1_480' title='bbox 212 2489 255 2513; x_wconf 88' lang='grc' dir='ltr'>τὸν</span> <span class='ocrx_word' id='word_1_481' title='bbox 282 2487 350 2524; x_wconf 81' lang='grc' dir='ltr'>βίον.</span> <span class='ocrx_word' id='word_1_482' title='bbox 378 2488 454 2519; x_wconf 77' lang='grc' dir='ltr'>Ἀλλὰ</span> <span class='ocrx_word' id='word_1_483' title='bbox 472 2488 582 2524; x_wconf 68' lang='grc' dir='ltr'>μεγάλη,</span> <span class='ocrx_word' id='word_1_484' title='bbox 596 2492 699 2524; x_wconf 67' lang='grc' dir='ltr'>¹φησιν,</span> <span class='ocrx_word' id='word_1_485' title='bbox 722 2490 736 2518; x_wconf 80' lang='grc' dir='ltr'>ἡ</span> <span class='ocrx_word' id='word_1_486' title='bbox 759 2488 866 2524; x_wconf 74' lang='grc' dir='ltr'>ἀνάλκη,</span> 
     </span>
    </p>
   </div>
   <div class='ocr_carea' id='block_1_72' title="bbox 103 2576 335 2609">
    <p class='ocr_par' dir='ltr' id='par_1_72' title="bbox 103 2576 335 2609">
     <span class='ocr_line' id='line_1_72' title="bbox 103 2576 335 2609; baseline -0.009 -4"><span class='ocrx_word' id='word_1_487' title='bbox 103 2578 127 2594; x_wconf 71' lang='grc'>⁶⁸</span> <span class='ocrx_word' id='word_1_488' title='bbox 150 2577 236 2605; x_wconf 80' lang='lat' dir='ltr'>Prov.</span> <span class='ocrx_word' id='word_1_489' title='bbox 250 2584 278 2609; x_wconf 78' lang='grc' dir='ltr'>ν,</span> <span class='ocrx_word' id='word_1_490' title='bbox 292 2576 335 2604; x_wconf 80' lang='grc'>15.</span> 
     </span>
    </p>
   </div>
   <div class='ocr_carea' id='block_1_73' title="bbox 105 2663 868 2703">
    <p class='ocr_par' dir='ltr' id='par_1_73' title="bbox 105 2663 868 2703">
     <span class='ocr_line' id='line_1_73' title="bbox 105 2663 868 2703; baseline 0.004 -11"><span class='ocrx_word' id='word_1_491' title='bbox 105 2667 144 2703; x_wconf 81' lang='grc'><strong>(1)</strong></span> <span class='ocrx_word' id='word_1_492' title='bbox 175 2666 358 2703; x_wconf 65' lang='grc' dir='ltr'>Δηλητηρίφις.</span> <span class='ocrx_word' id='word_1_493' title='bbox 382 2667 429 2703; x_wconf 77' lang='lat' dir='ltr'>Sic</span> <span class='ocrx_word' id='word_1_494' title='bbox 455 2663 553 2695; x_wconf 78' lang='lat' dir='ltr'>Basilii</span> <span class='ocrx_word' id='word_1_495' title='bbox 574 2669 740 2703; x_wconf 76' lang='lat' dir='ltr'>contextus.</span> <span class='ocrx_word' id='word_1_496' title='bbox 768 2667 868 2696; x_wconf 85' lang='lat' dir='ltr'>Codex</span> 
     </span>
    </p>
   </div>
   <div class='ocr_carea' id='block_1_74' title="bbox 73 2701 813 2739">
    <p class='ocr_par' dir='ltr' id='par_1_74' title="bbox 73 2701 813 2739">
     <span class='ocr_line' id='line_1_74' title="bbox 73 2701 813 2739; baseline 0.004 -11"><span class='ocrx_word' id='word_1_497' title='bbox 73 2702 259 2735; x_wconf 71' lang='lat' dir='ltr'>Regiu51992</span> <span class='ocrx_word' id='word_1_498' title='bbox 269 2701 534 2739; x_wconf 55' lang='lat' dir='ltr'>habetdn‘mrnpirp.</span> <span class='ocrx_word' id='word_1_499' title='bbox 550 2703 626 2730; x_wconf 80' lang='lat' dir='ltr'>Editi</span> <span class='ocrx_word' id='word_1_500' title='bbox 642 2701 813 2739; x_wconf 64' lang='grc' dir='ltr'>ςῖηλητήριον.</span> 
     </span>
    </p>
   </div>
   <div class='ocr_carea' id='block_1_75' title="bbox 107 2738 867 2773">
    <p class='ocr_par' dir='ltr' id='par_1_75' title="bbox 107 2738 867 2773">
     <span class='ocr_line' id='line_1_75' title="bbox 107 2738 867 2773; baseline 0.003 -9"><span class='ocrx_word' id='word_1_501' title='bbox 107 2739 145 2767; x_wconf 80' lang='lat'>(2)</span> <span class='ocrx_word' id='word_1_502' title='bbox 166 2739 273 2772; x_wconf 82' lang='grc' dir='ltr'>Σύναγε.</span> <span class='ocrx_word' id='word_1_503' title='bbox 299 2738 345 2766; x_wconf 90' lang='lat' dir='ltr'>Sic</span> <span class='ocrx_word' id='word_1_504' title='bbox 363 2738 443 2766; x_wconf 85' lang='lat' dir='ltr'>idem</span> <span class='ocrx_word' id='word_1_505' title='bbox 467 2738 575 2773; x_wconf 80' lang='lat' dir='ltr'>Regius</span> <span class='ocrx_word' id='word_1_506' title='bbox 595 2738 690 2766; x_wconf 82' lang='lat' dir='ltr'>codex</span> <span class='ocrx_word' id='word_1_507' title='bbox 713 2741 741 2767; x_wconf 92' lang='lat' dir='ltr'>et</span> <span class='ocrx_word' id='word_1_508' title='bbox 767 2738 867 2767; x_wconf 79' lang='lat' dir='ltr'>Bastiii</span> 
     </span>
    </p>
   </div>
   <div class='ocr_carea' id='block_1_76' title="bbox 73 2773 479 2814">
    <p class='ocr_par' dir='ltr' id='par_1_76' title="bbox 73 2773 479 2814">
     <span class='ocr_line' id='line_1_76' title="bbox 73 2773 479 2814; baseline 0 0"><span class='ocrx_word' id='word_1_509' title='bbox 73 2775 240 2814; x_wconf 53' lang='grc' dir='ltr'>εοῐξῖβὲίιξει</span> <span class='ocrx_word' id='word_1_510' title='bbox 252 2773 324 2814; x_wconf 63' lang='lat' dir='ltr'>Etim</span> <span class='ocrx_word' id='word_1_511' title='bbox 338 2774 479 2814; x_wconf 50' lang='grc' dir='ltr'>Ξυγέγςῆγε-</span> 
     </span>
    </p>
   </div>
   <div class='ocr_carea' id='block_1_77' title="bbox 108 2808 866 2844">
    <p class='ocr_par' dir='ltr' id='par_1_77' title="bbox 108 2808 866 2844">
     <span class='ocr_line' id='line_1_77' title="bbox 108 2808 866 2844; baseline 0.004 -9"><span class='ocrx_word' id='word_1_512' title='bbox 108 2809 146 2843; x_wconf 78' lang='grc'>(3)</span> <span class='ocrx_word' id='word_1_513' title='bbox 157 2811 208 2835; x_wconf 76' lang='grc' dir='ltr'>Καὶ</span> <span class='ocrx_word' id='word_1_514' title='bbox 225 2808 324 2838; x_wconf 66' lang='grc' dir='ltr'>δοῦλος.</span> <span class='ocrx_word' id='word_1_515' title='bbox 338 2808 413 2836; x_wconf 87' lang='lat' dir='ltr'>Editi</span> <span class='ocrx_word' id='word_1_516' title='bbox 423 2810 529 2837; x_wconf 88' lang='lat' dir='ltr'>iterum</span> <span class='ocrx_word' id='word_1_517' title='bbox 543 2809 660 2837; x_wconf 90' lang='lat' dir='ltr'>addunt</span> <span class='ocrx_word' id='word_1_518' title='bbox 673 2812 727 2844; x_wconf 74' lang='grc' dir='ltr'>καί,</span> <span class='ocrx_word' id='word_1_519' title='bbox 741 2809 793 2838; x_wconf 89' lang='lat' dir='ltr'>sed</span> <span class='ocrx_word' id='word_1_520' title='bbox 803 2809 866 2838; x_wconf 66' lang='lat' dir='ltr'>haec</span> 
     </span>
    </p>
   </div>
   <div class='ocr_carea' id='block_1_78' title="bbox 934 932 1760 969">
    <p class='ocr_par' dir='ltr' id='par_1_78' title="bbox 934 932 1760 969">
     <span class='ocr_line' id='line_1_78' title="bbox 934 932 1760 969; baseline 0.002 -9"><span class='ocrx_word' id='word_1_521' title='bbox 934 935 1115 969; x_wconf 58' lang='lat' dir='ltr'>praesentem</span> <span class='ocrx_word' id='word_1_522' title='bbox 1141 932 1311 960; x_wconf 84' lang='lat' dir='ltr'>considerat</span> <span class='ocrx_word' id='word_1_523' title='bbox 1336 935 1511 968; x_wconf 76' lang='lat' dir='ltr'>egestatem,</span> <span class='ocrx_word' id='word_1_524' title='bbox 1535 934 1636 962; x_wconf 81' lang='lat' dir='ltr'>audax</span> <span class='ocrx_word' id='word_1_525' title='bbox 1662 934 1695 962; x_wconf 84' lang='lat' dir='ltr'>ﬁt</span> <span class='ocrx_word' id='word_1_526' title='bbox 1721 934 1760 962; x_wconf 85' lang='lat' dir='ltr'>ad</span> 
     </span>
    </p>
   </div>
   <div class='ocr_carea' id='block_1_79' title="bbox 934 977 1759 1015">
    <p class='ocr_par' dir='ltr' id='par_1_79' title="bbox 934 977 1759 1015">
     <span class='ocr_line' id='line_1_79' title="bbox 934 977 1759 1015; baseline 0.002 -10"><span class='ocrx_word' id='word_1_527' title='bbox 934 978 1031 1006; x_wconf 87' lang='lat' dir='ltr'>fenus.</span> <span class='ocrx_word' id='word_1_528' title='bbox 1044 978 1080 1013; x_wconf 75' lang='grc'>(4)</span> <span class='ocrx_word' id='word_1_529' title='bbox 1095 977 1152 1005; x_wconf 85' lang='lat' dir='ltr'>Sed</span> <span class='ocrx_word' id='word_1_530' title='bbox 1162 985 1231 1005; x_wconf 89' lang='lat' dir='ltr'>cum</span> <span class='ocrx_word' id='word_1_531' title='bbox 1247 978 1358 1005; x_wconf 82' lang='lat' dir='ltr'>sensim</span> <span class='ocrx_word' id='word_1_532' title='bbox 1370 977 1511 1006; x_wconf 77' lang='lat' dir='ltr'>difﬂuunt</span> <span class='ocrx_word' id='word_1_533' title='bbox 1525 979 1671 1015; x_wconf 76' lang='lat' dir='ltr'>pecuniae,</span> <span class='ocrx_word' id='word_1_534' title='bbox 1685 982 1759 1007; x_wconf 86' lang='lat' dir='ltr'>tem-</span> 
     </span>
    </p>
   </div>
   <div class='ocr_carea' id='block_1_80' title="bbox 934 1021 1758 1059">
    <p class='ocr_par' dir='ltr' id='par_1_80' title="bbox 934 1021 1758 1059">
     <span class='ocr_line' id='line_1_80' title="bbox 934 1021 1758 1059; baseline 0.004 -10"><span class='ocrx_word' id='word_1_535' title='bbox 934 1030 1053 1059; x_wconf 87' lang='lat' dir='ltr'>pusque</span> <span class='ocrx_word' id='word_1_536' title='bbox 1077 1022 1273 1058; x_wconf 83' lang='lat' dir='ltr'>progrediens</span> <span class='ocrx_word' id='word_1_537' title='bbox 1297 1030 1400 1050; x_wconf 89' lang='lat' dir='ltr'>secum</span> <span class='ocrx_word' id='word_1_538' title='bbox 1423 1021 1510 1050; x_wconf 86' lang='lat' dir='ltr'>fenus</span> <span class='ocrx_word' id='word_1_539' title='bbox 1538 1023 1669 1058; x_wconf 81' lang='lat' dir='ltr'>advehit,</span> <span class='ocrx_word' id='word_1_540' title='bbox 1696 1031 1758 1052; x_wconf 87' lang='lat' dir='ltr'>non</span> 
     </span>
    </p>
   </div>
   <div class='ocr_carea' id='block_1_81' title="bbox 934 1066 1755 1102">
    <p class='ocr_par' dir='ltr' id='par_1_81' title="bbox 934 1066 1755 1102">
     <span class='ocr_line' id='line_1_81' title="bbox 934 1066 1755 1102; baseline -0.001 -5"><span class='ocrx_word' id='word_1_541' title='bbox 934 1069 1036 1097; x_wconf 88' lang='lat' dir='ltr'>noctes</span> <span class='ocrx_word' id='word_1_542' title='bbox 1051 1067 1077 1094; x_wconf 89' lang='lat' dir='ltr'>ei</span> <span class='ocrx_word' id='word_1_543' title='bbox 1095 1066 1230 1102; x_wconf 86' lang='lat' dir='ltr'>requiem</span> <span class='ocrx_word' id='word_1_544' title='bbox 1254 1066 1393 1100; x_wconf 70' lang='lat' dir='ltr'>atterunt,</span> <span class='ocrx_word' id='word_1_545' title='bbox 1414 1074 1476 1094; x_wconf 89' lang='lat' dir='ltr'>non</span> <span class='ocrx_word' id='word_1_546' title='bbox 1498 1067 1563 1095; x_wconf 91' lang='lat' dir='ltr'>dies</span> <span class='ocrx_word' id='word_1_547' title='bbox 1581 1067 1685 1096; x_wconf 84' lang='lat' dir='ltr'>hilaris</span> <span class='ocrx_word' id='word_1_548' title='bbox 1701 1071 1755 1102; x_wconf 88' lang='lat' dir='ltr'>est,</span> 
     </span>
    </p>
   </div>
   <div class='ocr_carea' id='block_1_82' title="bbox 933 1111 1758 1149">
    <p class='ocr_par' dir='ltr' id='par_1_82' title="bbox 933 1111 1758 1149">
     <span class='ocr_line' id='line_1_82' title="bbox 933 1111 1758 1149; baseline 0.002 -11"><span class='ocrx_word' id='word_1_549' title='bbox 933 1120 995 1139; x_wconf 89' lang='lat' dir='ltr'>non</span> <span class='ocrx_word' id='word_1_550' title='bbox 1016 1111 1060 1139; x_wconf 90' lang='lat' dir='ltr'>sol</span> <span class='ocrx_word' id='word_1_551' title='bbox 1084 1111 1245 1147; x_wconf 78' lang='lat' dir='ltr'>iucundus,</span> <span class='ocrx_word' id='word_1_552' title='bbox 1270 1111 1323 1139; x_wconf 84' lang='lat' dir='ltr'>sed</span> <span class='ocrx_word' id='word_1_553' title='bbox 1343 1111 1438 1139; x_wconf 88' lang='lat' dir='ltr'>vitam</span> <span class='ocrx_word' id='word_1_554' title='bbox 1457 1111 1584 1140; x_wconf 83' lang='lat' dir='ltr'>moleste</span> <span class='ocrx_word' id='word_1_555' title='bbox 1604 1112 1669 1140; x_wconf 88' lang='lat' dir='ltr'>fert.</span> <span class='ocrx_word' id='word_1_556' title='bbox 1691 1112 1758 1149; x_wconf 80' lang='lat' dir='ltr'>Odit</span> 
     </span>
    </p>
   </div>
   <div class='ocr_carea' id='block_1_83' title="bbox 931 1155 1756 1191">
    <p class='ocr_par' dir='ltr' id='par_1_83' title="bbox 931 1155 1756 1191">
     <span class='ocr_line' id='line_1_83' title="bbox 931 1155 1756 1191; baseline 0 -7"><span class='ocrx_word' id='word_1_557' title='bbox 931 1156 996 1184; x_wconf 90' lang='lat' dir='ltr'>dies</span> <span class='ocrx_word' id='word_1_558' title='bbox 1011 1155 1050 1183; x_wconf 88' lang='lat' dir='ltr'>ad</span> <span class='ocrx_word' id='word_1_559' title='bbox 1074 1156 1267 1183; x_wconf 84' lang='lat' dir='ltr'>constitutum</span> <span class='ocrx_word' id='word_1_560' title='bbox 1283 1157 1402 1191; x_wconf 87' lang='lat' dir='ltr'>tempus</span> <span class='ocrx_word' id='word_1_561' title='bbox 1419 1155 1604 1184; x_wconf 85' lang='lat' dir='ltr'>festinantes.</span> <span class='ocrx_word' id='word_1_562' title='bbox 1625 1156 1712 1189; x_wconf 89' lang='lat' dir='ltr'>Quod</span> <span class='ocrx_word' id='word_1_563' title='bbox 1732 1157 1756 1185; x_wconf 82' lang='lat' dir='ltr'>si</span> 
     </span>
    </p>
   </div>
   <div class='ocr_carea' id='block_1_84' title="bbox 932 1200 1755 1235">
    <p class='ocr_par' dir='ltr' id='par_1_84' title="bbox 932 1200 1755 1235">
     <span class='ocr_line' id='line_1_84' title="bbox 932 1200 1755 1235; baseline 0 -6"><span class='ocrx_word' id='word_1_564' title='bbox 932 1201 1071 1234; x_wconf 86' lang='lat' dir='ltr'>dormiat,</span> <span class='ocrx_word' id='word_1_565' title='bbox 1095 1200 1177 1227; x_wconf 77' lang='lat' dir='ltr'>videt</span> <span class='ocrx_word' id='word_1_566' title='bbox 1201 1200 1402 1228; x_wconf 82' lang='lat' dir='ltr'>feneratorem</span> <span class='ocrx_word' id='word_1_567' title='bbox 1430 1200 1460 1228; x_wconf 92' lang='lat' dir='ltr'>in</span> <span class='ocrx_word' id='word_1_568' title='bbox 1489 1201 1614 1235; x_wconf 89' lang='lat' dir='ltr'>somnis,</span> <span class='ocrx_word' id='word_1_569' title='bbox 1638 1200 1755 1230; x_wconf 86' lang='lat' dir='ltr'>malum</span> 
     </span>
    </p>
   </div>
   <div class='ocr_carea' id='block_1_85' title="bbox 929 1244 1755 1280">
    <p class='ocr_par' dir='ltr' id='par_1_85' title="bbox 929 1244 1755 1280">
     <span class='ocr_line' id='line_1_85' title="bbox 929 1244 1755 1280; baseline 0 -7"><span class='ocrx_word' id='word_1_570' title='bbox 929 1245 1092 1277; x_wconf 85' lang='lat' dir='ltr'>somnium,</span> <span class='ocrx_word' id='word_1_571' title='bbox 1115 1244 1205 1280; x_wconf 85' lang='lat' dir='ltr'>capiti</span> <span class='ocrx_word' id='word_1_572' title='bbox 1231 1246 1404 1272; x_wconf 84' lang='lat' dir='ltr'>astantem:</span> <span class='ocrx_word' id='word_1_573' title='bbox 1434 1244 1461 1272; x_wconf 89' lang='lat' dir='ltr'>si</span> <span class='ocrx_word' id='word_1_574' title='bbox 1482 1253 1554 1273; x_wconf 88' lang='lat' dir='ltr'>vero</span> <span class='ocrx_word' id='word_1_575' title='bbox 1572 1245 1683 1280; x_wconf 80' lang='lat' dir='ltr'>vigilet,</span> <span class='ocrx_word' id='word_1_576' title='bbox 1708 1253 1755 1273; x_wconf 92' lang='lat' dir='ltr'>co-</span> 
     </span>
    </p>
   </div>
   <div class='ocr_carea' id='block_1_86' title="bbox 928 1288 1754 1326">
    <p class='ocr_par' dir='ltr' id='par_1_86' title="bbox 928 1288 1754 1326">
     <span class='ocr_line' id='line_1_86' title="bbox 928 1288 1754 1326; baseline 0 -8"><span class='ocrx_word' id='word_1_577' title='bbox 928 1290 1030 1326; x_wconf 75' lang='lat' dir='ltr'>gitatio</span> <span class='ocrx_word' id='word_1_578' title='bbox 1050 1290 1076 1317; x_wconf 87' lang='lat' dir='ltr'>ei</span> <span class='ocrx_word' id='word_1_579' title='bbox 1095 1292 1124 1316; x_wconf 89' lang='lat' dir='ltr'>et</span> <span class='ocrx_word' id='word_1_580' title='bbox 1142 1297 1214 1317; x_wconf 91' lang='lat' dir='ltr'>cura</span> <span class='ocrx_word' id='word_1_581' title='bbox 1233 1288 1319 1316; x_wconf 75' lang='lat' dir='ltr'>fenus</span> <span class='ocrx_word' id='word_1_582' title='bbox 1335 1291 1388 1317; x_wconf 86' lang='lat' dir='ltr'>est.</span> <span class='ocrx_word' id='word_1_583' title='bbox 1403 1289 1441 1325; x_wconf 82' lang='lat'>(5)</span> <span class='ocrx_word' id='word_1_584' title='bbox 1456 1291 1563 1317; x_wconf 83' lang='lat' dir='ltr'>Verum</span> <span class='ocrx_word' id='word_1_585' title='bbox 1581 1293 1610 1318; x_wconf 88' lang='lat' dir='ltr'>et</span> <span class='ocrx_word' id='word_1_586' title='bbox 1626 1290 1665 1318; x_wconf 88' lang='lat' dir='ltr'>ad</span> <span class='ocrx_word' id='word_1_587' title='bbox 1678 1298 1754 1318; x_wconf 67' lang='lat' dir='ltr'>eum</span> 
     </span>
    </p>
   </div>
   <div class='ocr_carea' id='block_1_87' title="bbox 928 1333 1754 1371">
    <p class='ocr_par' dir='ltr' id='par_1_87' title="bbox 928 1333 1754 1371">
     <span class='ocr_line' id='line_1_87' title="bbox 928 1333 1754 1371; baseline 0.001 -9"><span class='ocrx_word' id='word_1_588' title='bbox 928 1335 981 1371; x_wconf 88' lang='lat' dir='ltr'>qui</span> <span class='ocrx_word' id='word_1_589' title='bbox 1006 1334 1108 1362; x_wconf 87' lang='lat' dir='ltr'>fenore</span> <span class='ocrx_word' id='word_1_590' title='bbox 1136 1333 1251 1369; x_wconf 81' lang='lat' dir='ltr'>accipit,</span> <span class='ocrx_word' id='word_1_591' title='bbox 1282 1333 1380 1361; x_wconf 89' lang='lat' dir='ltr'>dicere</span> <span class='ocrx_word' id='word_1_592' title='bbox 1399 1333 1477 1368; x_wconf 89' lang='lat' dir='ltr'>licet,</span> <span class='ocrx_word' id='word_1_593' title='bbox 1500 1334 1575 1362; x_wconf 73' lang='lat' dir='ltr'>Bibe</span> <span class='ocrx_word' id='word_1_594' title='bbox 1599 1342 1694 1370; x_wconf 83' lang='lat' dir='ltr'>aquas</span> <span class='ocrx_word' id='word_1_595' title='bbox 1717 1335 1754 1363; x_wconf 84' lang='lat' dir='ltr'>de</span> 
     </span>
    </p>
   </div>
   <div class='ocr_carea' id='block_1_88' title="bbox 929 1377 1753 1411">
    <p class='ocr_par' dir='ltr' id='par_1_88' title="bbox 929 1377 1753 1411">
     <span class='ocr_line' id='line_1_88' title="bbox 929 1377 1753 1411; baseline 0 -4"><span class='ocrx_word' id='word_1_596' title='bbox 929 1381 985 1407; x_wconf 77' lang='lat' dir='ltr'>tuis</span> <span class='ocrx_word' id='word_1_597' title='bbox 1004 1379 1082 1407; x_wconf 82' lang='lat' dir='ltr'>vasis</span> <span class='ocrx_word' id='word_1_598' title='bbox 1099 1378 1134 1411; x_wconf 76' lang='grc'>⁸⁵,</span> <span class='ocrx_word' id='word_1_599' title='bbox 1153 1379 1181 1406; x_wconf 89' lang='lat' dir='ltr'>et</span> <span class='ocrx_word' id='word_1_600' title='bbox 1197 1377 1234 1405; x_wconf 92' lang='lat' dir='ltr'>de</span> <span class='ocrx_word' id='word_1_601' title='bbox 1253 1377 1386 1405; x_wconf 80' lang='lat' dir='ltr'>fontibus</span> <span class='ocrx_word' id='word_1_602' title='bbox 1401 1377 1469 1411; x_wconf 82' lang='lat' dir='ltr'>tuis,</span> <span class='ocrx_word' id='word_1_603' title='bbox 1484 1377 1542 1406; x_wconf 86' lang='lat' dir='ltr'>hoc</span> <span class='ocrx_word' id='word_1_604' title='bbox 1558 1381 1612 1411; x_wconf 79' lang='lat' dir='ltr'>est,</span> <span class='ocrx_word' id='word_1_605' title='bbox 1628 1379 1667 1406; x_wconf 90' lang='lat' dir='ltr'>ad</span> <span class='ocrx_word' id='word_1_606' title='bbox 1682 1378 1753 1407; x_wconf 86' lang='lat' dir='ltr'>alie-</span> 
     </span>
    </p>
   </div>
   <div class='ocr_carea' id='block_1_89' title="bbox 927 1421 1752 1458">
    <p class='ocr_par' dir='ltr' id='par_1_89' title="bbox 927 1421 1752 1458">
     <span class='ocr_line' id='line_1_89' title="bbox 927 1421 1752 1458; baseline 0 -7"><span class='ocrx_word' id='word_1_607' title='bbox 927 1432 983 1451; x_wconf 89' lang='lat' dir='ltr'>nos</span> <span class='ocrx_word' id='word_1_608' title='bbox 998 1423 1094 1451; x_wconf 90' lang='lat' dir='ltr'>fontes</span> <span class='ocrx_word' id='word_1_609' title='bbox 1106 1430 1144 1450; x_wconf 88' lang='lat' dir='ltr'>ne</span> <span class='ocrx_word' id='word_1_610' title='bbox 1154 1421 1275 1456; x_wconf 86' lang='lat' dir='ltr'>accede,</span> <span class='ocrx_word' id='word_1_611' title='bbox 1291 1421 1344 1449; x_wconf 83' lang='lat' dir='ltr'>sed</span> <span class='ocrx_word' id='word_1_612' title='bbox 1359 1429 1395 1449; x_wconf 79' lang='lat' dir='ltr'>cx</span> <span class='ocrx_word' id='word_1_613' title='bbox 1407 1422 1536 1458; x_wconf 84' lang='lat' dir='ltr'>propriis</span> <span class='ocrx_word' id='word_1_614' title='bbox 1549 1422 1688 1450; x_wconf 86' lang='lat' dir='ltr'>laticibus</span> <span class='ocrx_word' id='word_1_615' title='bbox 1699 1423 1752 1452; x_wconf 90' lang='lat' dir='ltr'>tibi</span> 
     </span>
    </p>
   </div>
   <div class='ocr_carea' id='block_1_90' title="bbox 926 1466 1752 1504">
    <p class='ocr_par' dir='ltr' id='par_1_90' title="bbox 926 1466 1752 1504">
     <span class='ocr_line' id='line_1_90' title="bbox 926 1466 1752 1504; baseline -0.001 -8"><span class='ocrx_word' id='word_1_616' title='bbox 926 1469 992 1504; x_wconf 88' lang='lat' dir='ltr'>ipse</span> <span class='ocrx_word' id='word_1_617' title='bbox 1009 1467 1075 1495; x_wconf 68' lang='lat' dir='ltr'>vitae</span> <span class='ocrx_word' id='word_1_618' title='bbox 1093 1466 1199 1494; x_wconf 85' lang='lat' dir='ltr'>solatia</span> <span class='ocrx_word' id='word_1_619' title='bbox 1213 1473 1370 1502; x_wconf 89' lang='lat' dir='ltr'>compara.</span> <span class='ocrx_word' id='word_1_620' title='bbox 1392 1466 1491 1494; x_wconf 87' lang='lat' dir='ltr'>Habes</span> <span class='ocrx_word' id='word_1_621' title='bbox 1510 1474 1584 1495; x_wconf 87' lang='lat' dir='ltr'>vasa</span> <span class='ocrx_word' id='word_1_622' title='bbox 1602 1475 1690 1499; x_wconf 69' lang='lat' dir='ltr'>terea,</span> <span class='ocrx_word' id='word_1_623' title='bbox 1703 1475 1752 1495; x_wconf 83' lang='lat' dir='ltr'>ve-</span> 
     </span>
    </p>
   </div>
   <div class='ocr_carea' id='block_1_91' title="bbox 927 1510 1753 1548">
    <p class='ocr_par' dir='ltr' id='par_1_91' title="bbox 927 1510 1753 1548">
     <span class='ocr_line' id='line_1_91' title="bbox 927 1510 1753 1548; baseline 0 -8"><span class='ocrx_word' id='word_1_624' title='bbox 927 1515 1014 1546; x_wconf 85' lang='lat' dir='ltr'>stem,</span> <span class='ocrx_word' id='word_1_625' title='bbox 1032 1512 1213 1548; x_wconf 89' lang='lat' dir='ltr'>jumentum,</span> <span class='ocrx_word' id='word_1_626' title='bbox 1234 1510 1344 1538; x_wconf 87' lang='lat' dir='ltr'>diversi</span> <span class='ocrx_word' id='word_1_627' title='bbox 1368 1511 1489 1545; x_wconf 85' lang='lat' dir='ltr'>generis</span> <span class='ocrx_word' id='word_1_628' title='bbox 1509 1511 1753 1547; x_wconf 82' lang='lat' dir='ltr'>supellectilem?</span> 
     </span>
    </p>
   </div>
   <div class='ocr_carea' id='block_1_92' title="bbox 928 1554 1752 1592">
    <p class='ocr_par' dir='ltr' id='par_1_92' title="bbox 928 1554 1752 1592">
     <span class='ocr_line' id='line_1_92' title="bbox 928 1554 1752 1592; baseline 0 -8"><span class='ocrx_word' id='word_1_629' title='bbox 928 1558 994 1585; x_wconf 79' lang='lat' dir='ltr'>Haec</span> <span class='ocrx_word' id='word_1_630' title='bbox 1017 1555 1136 1583; x_wconf 81' lang='lat' dir='ltr'>vende:</span> <span class='ocrx_word' id='word_1_631' title='bbox 1156 1555 1249 1583; x_wconf 90' lang='lat' dir='ltr'>induc</span> <span class='ocrx_word' id='word_1_632' title='bbox 1271 1554 1302 1582; x_wconf 90' lang='lat' dir='ltr'>in</span> <span class='ocrx_word' id='word_1_633' title='bbox 1324 1554 1461 1583; x_wconf 86' lang='lat' dir='ltr'>animum</span> <span class='ocrx_word' id='word_1_634' title='bbox 1482 1555 1585 1583; x_wconf 86' lang='lat' dir='ltr'>omnia</span> <span class='ocrx_word' id='word_1_635' title='bbox 1606 1556 1752 1592; x_wconf 87' lang='lat' dir='ltr'>projicere</span> 
     </span>
    </p>
   </div>
   <div class='ocr_carea' id='block_1_93' title="bbox 927 1599 1753 1637">
    <p class='ocr_par' dir='ltr' id='par_1_93' title="bbox 927 1599 1753 1637">
     <span class='ocr_line' id='line_1_93' title="bbox 927 1599 1753 1637; baseline -0.001 -8"><span class='ocrx_word' id='word_1_636' title='bbox 927 1603 1035 1637; x_wconf 78' lang='lat' dir='ltr'>praeter</span> <span class='ocrx_word' id='word_1_637' title='bbox 1057 1600 1234 1628; x_wconf 89' lang='lat' dir='ltr'>libertatem.</span> <span class='ocrx_word' id='word_1_638' title='bbox 1259 1599 1316 1627; x_wconf 89' lang='lat' dir='ltr'>Sed</span> <span class='ocrx_word' id='word_1_639' title='bbox 1339 1607 1388 1627; x_wconf 89' lang='lat' dir='ltr'>me</span> <span class='ocrx_word' id='word_1_640' title='bbox 1403 1599 1506 1636; x_wconf 84' lang='lat' dir='ltr'>pudet,</span> <span class='ocrx_word' id='word_1_641' title='bbox 1522 1600 1628 1636; x_wconf 85' lang='lat' dir='ltr'>inquit,</span> <span class='ocrx_word' id='word_1_642' title='bbox 1648 1601 1753 1629; x_wconf 70' lang='lat' dir='ltr'>isthmc</span> 
     </span>
    </p>
   </div>
   <div class='ocr_carea' id='block_1_94' title="bbox 926 1644 1754 1683">
    <p class='ocr_par' dir='ltr' id='par_1_94' title="bbox 926 1644 1754 1683">
     <span class='ocr_line' id='line_1_94' title="bbox 926 1644 1754 1683; baseline 0.001 -10"><span class='ocrx_word' id='word_1_643' title='bbox 926 1646 993 1673; x_wconf 87' lang='lat' dir='ltr'>voci</span> <span class='ocrx_word' id='word_1_644' title='bbox 1015 1644 1165 1682; x_wconf 69' lang='lat' dir='ltr'>prteconis</span> <span class='ocrx_word' id='word_1_645' title='bbox 1190 1644 1347 1680; x_wconf 84' lang='lat' dir='ltr'>subjicere.</span> <span class='ocrx_word' id='word_1_646' title='bbox 1375 1645 1432 1672; x_wconf 87' lang='lat' dir='ltr'>Cur</span> <span class='ocrx_word' id='word_1_647' title='bbox 1456 1644 1547 1679; x_wconf 85' lang='lat' dir='ltr'>igitur</span> <span class='ocrx_word' id='word_1_648' title='bbox 1572 1644 1660 1681; x_wconf 86' lang='lat' dir='ltr'>paulo</span> <span class='ocrx_word' id='word_1_649' title='bbox 1684 1647 1754 1683; x_wconf 89' lang='lat' dir='ltr'>post</span> 
     </span>
    </p>
   </div>
   <div class='ocr_carea' id='block_1_95' title="bbox 928 1688 1753 1726">
    <p class='ocr_par' dir='ltr' id='par_1_95' title="bbox 928 1688 1753 1726">
     <span class='ocr_line' id='line_1_95' title="bbox 928 1688 1753 1726; baseline 0 -8"><span class='ocrx_word' id='word_1_650' title='bbox 928 1690 1004 1718; x_wconf 90' lang='lat' dir='ltr'>alius</span> <span class='ocrx_word' id='word_1_651' title='bbox 1018 1697 1054 1718; x_wconf 84' lang='lat' dir='ltr'>ea</span> <span class='ocrx_word' id='word_1_652' title='bbox 1067 1691 1206 1726; x_wconf 81' lang='lat' dir='ltr'>exponet,</span> <span class='ocrx_word' id='word_1_653' title='bbox 1222 1691 1405 1724; x_wconf 87' lang='lat' dir='ltr'>tuorumque</span> <span class='ocrx_word' id='word_1_654' title='bbox 1420 1688 1569 1717; x_wconf 87' lang='lat' dir='ltr'>bonorum</span> <span class='ocrx_word' id='word_1_655' title='bbox 1592 1689 1680 1718; x_wconf 84' lang='lat' dir='ltr'>faciet</span> <span class='ocrx_word' id='word_1_656' title='bbox 1701 1697 1753 1718; x_wconf 89' lang='lat' dir='ltr'>au-</span> 
     </span>
    </p>
   </div>
   <div class='ocr_carea' id='block_1_96' title="bbox 927 1732 1753 1770">
    <p class='ocr_par' dir='ltr' id='par_1_96' title="bbox 927 1732 1753 1770">
     <span class='ocr_line' id='line_1_96' title="bbox 927 1732 1753 1770; baseline 0 -8"><span class='ocrx_word' id='word_1_657' title='bbox 927 1735 1067 1768; x_wconf 85' lang='lat' dir='ltr'>ctionem,</span> <span class='ocrx_word' id='word_1_658' title='bbox 1091 1732 1180 1770; x_wconf 66' lang='lat'>495</span> <span class='ocrx_word' id='word_1_659' title='bbox 1203 1735 1232 1762; x_wconf 87' lang='lat' dir='ltr'>et</span> <span class='ocrx_word' id='word_1_660' title='bbox 1249 1732 1298 1761; x_wconf 87' lang='lat' dir='ltr'>vili</span> <span class='ocrx_word' id='word_1_661' title='bbox 1312 1733 1408 1769; x_wconf 90' lang='lat' dir='ltr'>pretio</span> <span class='ocrx_word' id='word_1_662' title='bbox 1424 1733 1464 1761; x_wconf 92' lang='lat' dir='ltr'>ob</span> <span class='ocrx_word' id='word_1_663' title='bbox 1479 1734 1582 1762; x_wconf 88' lang='lat' dir='ltr'>oculos</span> <span class='ocrx_word' id='word_1_664' title='bbox 1600 1736 1667 1762; x_wconf 88' lang='lat' dir='ltr'>tuos</span> <span class='ocrx_word' id='word_1_665' title='bbox 1681 1742 1753 1762; x_wconf 85' lang='lat' dir='ltr'>ven-</span> 
     </span>
    </p>
   </div>
   <div class='ocr_carea' id='block_1_97' title="bbox 927 1777 1753 1814">
    <p class='ocr_par' dir='ltr' id='par_1_97' title="bbox 927 1777 1753 1814">
     <span class='ocr_line' id='line_1_97' title="bbox 927 1777 1753 1814; baseline -0.001 -7"><span class='ocrx_word' id='word_1_666' title='bbox 927 1779 999 1807; x_wconf 86' lang='lat' dir='ltr'>det?</span> <span class='ocrx_word' id='word_1_667' title='bbox 1023 1779 1120 1807; x_wconf 85' lang='lat' dir='ltr'>Satius</span> <span class='ocrx_word' id='word_1_668' title='bbox 1137 1780 1190 1811; x_wconf 85' lang='lat' dir='ltr'>est,</span> <span class='ocrx_word' id='word_1_669' title='bbox 1208 1780 1270 1806; x_wconf 87' lang='lat' dir='ltr'>arte</span> <span class='ocrx_word' id='word_1_670' title='bbox 1285 1780 1314 1806; x_wconf 91' lang='lat' dir='ltr'>et</span> <span class='ocrx_word' id='word_1_671' title='bbox 1327 1777 1476 1806; x_wconf 86' lang='lat' dir='ltr'>industria</span> <span class='ocrx_word' id='word_1_672' title='bbox 1488 1778 1634 1814; x_wconf 85' lang='lat' dir='ltr'>paulatim</span> <span class='ocrx_word' id='word_1_673' title='bbox 1649 1787 1753 1807; x_wconf 86' lang='lat' dir='ltr'>neces-</span> 
     </span>
    </p>
   </div>
   <div class='ocr_carea' id='block_1_98' title="bbox 928 1822 1754 1859">
    <p class='ocr_par' dir='ltr' id='par_1_98' title="bbox 928 1822 1754 1859">
     <span class='ocr_line' id='line_1_98' title="bbox 928 1822 1754 1859; baseline 0 -8"><span class='ocrx_word' id='word_1_674' title='bbox 928 1824 1044 1851; x_wconf 87' lang='lat' dir='ltr'>sitatem</span> <span class='ocrx_word' id='word_1_675' title='bbox 1066 1823 1176 1855; x_wconf 85' lang='lat' dir='ltr'>levare,</span> <span class='ocrx_word' id='word_1_676' title='bbox 1200 1830 1293 1859; x_wconf 85' lang='lat' dir='ltr'>quam</span> <span class='ocrx_word' id='word_1_677' title='bbox 1315 1822 1420 1850; x_wconf 89' lang='lat' dir='ltr'>alienis</span> <span class='ocrx_word' id='word_1_678' title='bbox 1444 1822 1636 1850; x_wconf 82' lang='lat' dir='ltr'>facultatibus</span> <span class='ocrx_word' id='word_1_679' title='bbox 1657 1823 1754 1851; x_wconf 86' lang='lat' dir='ltr'>subito</span> 
     </span>
    </p>
   </div>
   <div class='ocr_carea' id='block_1_99' title="bbox 927 1866 1754 1903">
    <p class='ocr_par' dir='ltr' id='par_1_99' title="bbox 927 1866 1754 1903">
     <span class='ocr_line' id='line_1_99' title="bbox 927 1866 1754 1903; baseline 0 -7"><span class='ocrx_word' id='word_1_680' title='bbox 927 1867 1049 1901; x_wconf 85' lang='lat' dir='ltr'>elatum,</span> <span class='ocrx_word' id='word_1_681' title='bbox 1065 1867 1208 1903; x_wconf 87' lang='lat' dir='ltr'>deinceps</span> <span class='ocrx_word' id='word_1_682' title='bbox 1219 1866 1360 1895; x_wconf 86' lang='lat' dir='ltr'>omnibus</span> <span class='ocrx_word' id='word_1_683' title='bbox 1377 1866 1465 1894; x_wconf 86' lang='lat' dir='ltr'>simul</span> <span class='ocrx_word' id='word_1_684' title='bbox 1479 1866 1569 1894; x_wconf 86' lang='lat' dir='ltr'>bonis</span> <span class='ocrx_word' id='word_1_685' title='bbox 1588 1867 1708 1896; x_wconf 82' lang='lat' dir='ltr'>nudari.</span> <span class='ocrx_word' id='word_1_686' title='bbox 1725 1867 1754 1896; x_wconf 83' lang='lat' dir='ltr'>Si</span> 
     </span>
    </p>
   </div>
   <div class='ocr_carea' id='block_1_100' title="bbox 930 1911 1754 1947">
    <p class='ocr_par' dir='ltr' id='par_1_100' title="bbox 930 1911 1754 1947">
     <span class='ocr_line' id='line_1_100' title="bbox 930 1911 1754 1947; baseline -0.001 -8"><span class='ocrx_word' id='word_1_687' title='bbox 930 1912 1019 1947; x_wconf 83' lang='lat' dir='ltr'>igitur</span> <span class='ocrx_word' id='word_1_688' title='bbox 1032 1911 1127 1939; x_wconf 86' lang='lat' dir='ltr'>habes</span> <span class='ocrx_word' id='word_1_689' title='bbox 1141 1911 1222 1939; x_wconf 89' lang='lat' dir='ltr'>unde</span> <span class='ocrx_word' id='word_1_690' title='bbox 1240 1911 1351 1944; x_wconf 82' lang='lat' dir='ltr'>solvas,</span> <span class='ocrx_word' id='word_1_691' title='bbox 1367 1919 1420 1938; x_wconf 90' lang='lat' dir='ltr'>cur</span> <span class='ocrx_word' id='word_1_692' title='bbox 1437 1913 1619 1947; x_wconf 78' lang='lat' dir='ltr'>praesentem</span> <span class='ocrx_word' id='word_1_693' title='bbox 1637 1913 1754 1946; x_wconf 79' lang='lat' dir='ltr'>egesta-</span> 
     </span>
    </p>
   </div>
   <div class='ocr_carea' id='block_1_101' title="bbox 930 1955 1754 1991">
    <p class='ocr_par' dir='ltr' id='par_1_101' title="bbox 930 1955 1754 1991">
     <span class='ocr_line' id='line_1_101' title="bbox 930 1955 1754 1991; baseline 0 -7"><span class='ocrx_word' id='word_1_694' title='bbox 930 1958 990 1984; x_wconf 89' lang='lat' dir='ltr'>tem</span> <span class='ocrx_word' id='word_1_695' title='bbox 1000 1955 1083 1984; x_wconf 91' lang='lat' dir='ltr'>hisce</span> <span class='ocrx_word' id='word_1_696' title='bbox 1094 1955 1212 1983; x_wconf 77' lang='lat' dir='ltr'>auxiliis</span> <span class='ocrx_word' id='word_1_697' title='bbox 1230 1963 1293 1983; x_wconf 90' lang='lat' dir='ltr'>non</span> <span class='ocrx_word' id='word_1_698' title='bbox 1305 1955 1430 1991; x_wconf 88' lang='lat' dir='ltr'>depellis</span> <span class='ocrx_word' id='word_1_699' title='bbox 1442 1955 1455 1982; x_wconf 80' lang='lat' dir='ltr'>‘l</span> <span class='ocrx_word' id='word_1_700' title='bbox 1472 1955 1523 1983; x_wconf 90' lang='lat' dir='ltr'>Sin</span> <span class='ocrx_word' id='word_1_701' title='bbox 1536 1955 1681 1984; x_wconf 89' lang='lat' dir='ltr'>solvendo</span> <span class='ocrx_word' id='word_1_702' title='bbox 1691 1963 1754 1985; x_wconf 89' lang='lat' dir='ltr'>non</span> 
     </span>
    </p>
   </div>
   <div class='ocr_carea' id='block_1_102' title="bbox 930 2000 1753 2036">
    <p class='ocr_par' dir='ltr' id='par_1_102' title="bbox 930 2000 1753 2036">
     <span class='ocr_line' id='line_1_102' title="bbox 930 2000 1753 2036; baseline 0 -8"><span class='ocrx_word' id='word_1_703' title='bbox 930 2009 973 2033; x_wconf 90' lang='lat' dir='ltr'>es,</span> <span class='ocrx_word' id='word_1_704' title='bbox 988 2000 1103 2029; x_wconf 84' lang='lat' dir='ltr'>malum</span> <span class='ocrx_word' id='word_1_705' title='bbox 1123 2002 1204 2028; x_wconf 86' lang='lat' dir='ltr'>malo</span> <span class='ocrx_word' id='word_1_706' title='bbox 1225 2008 1322 2029; x_wconf 89' lang='lat' dir='ltr'>curas.</span> <span class='ocrx_word' id='word_1_707' title='bbox 1336 2001 1374 2033; x_wconf 85' lang='lat'>(6)</span> <span class='ocrx_word' id='word_1_708' title='bbox 1399 2001 1516 2036; x_wconf 85' lang='lat' dir='ltr'>Pauper</span> <span class='ocrx_word' id='word_1_709' title='bbox 1533 2008 1565 2028; x_wconf 88' lang='lat' dir='ltr'>es</span> <span class='ocrx_word' id='word_1_710' title='bbox 1584 2008 1676 2036; x_wconf 87' lang='lat' dir='ltr'>nunc,</span> <span class='ocrx_word' id='word_1_711' title='bbox 1699 2000 1753 2029; x_wconf 89' lang='lat' dir='ltr'>sed</span> 
     </span>
    </p>
   </div>
   <div class='ocr_carea' id='block_1_103' title="bbox 927 2044 1753 2082">
    <p class='ocr_par' dir='ltr' id='par_1_103' title="bbox 927 2044 1753 2082">
     <span class='ocr_line' id='line_1_103' title="bbox 927 2044 1753 2082; baseline -0.001 -8"><span class='ocrx_word' id='word_1_712' title='bbox 927 2046 1011 2074; x_wconf 90' lang='lat' dir='ltr'>liber.</span> <span class='ocrx_word' id='word_1_713' title='bbox 1025 2047 1188 2080; x_wconf 75' lang='lat' dir='ltr'>Argentum</span> <span class='ocrx_word' id='word_1_714' title='bbox 1199 2044 1224 2072; x_wconf 89' lang='lat' dir='ltr'>si</span> <span class='ocrx_word' id='word_1_715' title='bbox 1236 2044 1339 2072; x_wconf 82' lang='lat' dir='ltr'>fenore</span> <span class='ocrx_word' id='word_1_716' title='bbox 1355 2045 1531 2081; x_wconf 88' lang='lat' dir='ltr'>sumpseris,</span> <span class='ocrx_word' id='word_1_717' title='bbox 1540 2052 1602 2073; x_wconf 90' lang='lat' dir='ltr'>non</span> <span class='ocrx_word' id='word_1_718' title='bbox 1613 2045 1753 2082; x_wconf 86' lang='lat' dir='ltr'>ditesces,</span> 
     </span>
    </p>
   </div>
   <div class='ocr_carea' id='block_1_104' title="bbox 927 2083 1755 2126">
    <p class='ocr_par' dir='ltr' id='par_1_104' title="bbox 927 2083 1755 2126">
     <span class='ocr_line' id='line_1_104' title="bbox 927 2083 1755 2126; baseline 0 -8"><span class='ocrx_word' id='word_1_719' title='bbox 927 2090 980 2118; x_wconf 88' lang='lat' dir='ltr'>sed</span> <span class='ocrx_word' id='word_1_720' title='bbox 1001 2089 1136 2117; x_wconf 83' lang='lat' dir='ltr'>libertate</span> <span class='ocrx_word' id='word_1_721' title='bbox 1157 2089 1336 2125; x_wconf 82' lang='lat' dir='ltr'>spoliabere.</span> <span class='ocrx_word' id='word_1_722' title='bbox 1361 2089 1416 2121; x_wconf 86' lang='lat' dir='ltr'>Qui</span> <span class='ocrx_word' id='word_1_723' title='bbox 1440 2089 1602 2126; x_wconf 86' lang='lat' dir='ltr'>pecuniam</span> <span class='ocrx_word' id='word_1_724' title='bbox 1626 2083 1755 2126; x_wconf 78' lang='lat' dir='ltr'>sumpsit</span> 
     </span>
    </p>
   </div>
   <div class='ocr_carea' id='block_1_105' title="bbox 925 2133 1752 2170">
    <p class='ocr_par' dir='ltr' id='par_1_105' title="bbox 925 2133 1752 2170">
     <span class='ocr_line' id='line_1_105' title="bbox 925 2133 1752 2170; baseline -0.001 -7"><span class='ocrx_word' id='word_1_725' title='bbox 925 2135 1038 2168; x_wconf 88' lang='lat' dir='ltr'>fenore,</span> <span class='ocrx_word' id='word_1_726' title='bbox 1063 2133 1237 2161; x_wconf 86' lang='lat' dir='ltr'>feneratoris</span> <span class='ocrx_word' id='word_1_727' title='bbox 1255 2141 1359 2161; x_wconf 83' lang='lat' dir='ltr'>servus</span> <span class='ocrx_word' id='word_1_728' title='bbox 1374 2135 1427 2167; x_wconf 88' lang='lat' dir='ltr'>est,</span> <span class='ocrx_word' id='word_1_729' title='bbox 1441 2133 1503 2162; x_wconf 88' lang='lat' dir='ltr'>imo</span> <span class='ocrx_word' id='word_1_730' title='bbox 1524 2142 1629 2162; x_wconf 87' lang='lat' dir='ltr'>servus</span> <span class='ocrx_word' id='word_1_731' title='bbox 1644 2134 1752 2170; x_wconf 88' lang='lat' dir='ltr'>stipen-</span> 
     </span>
    </p>
   </div>
   <div class='ocr_carea' id='block_1_106' title="bbox 924 2177 1750 2213">
    <p class='ocr_par' dir='ltr' id='par_1_106' title="bbox 924 2177 1750 2213">
     <span class='ocr_line' id='line_1_106' title="bbox 924 2177 1750 2213; baseline -0.001 -6"><span class='ocrx_word' id='word_1_732' title='bbox 924 2179 1048 2213; x_wconf 87' lang='lat' dir='ltr'>diarius,</span> <span class='ocrx_word' id='word_1_733' title='bbox 1068 2177 1252 2206; x_wconf 82' lang='lat' dir='ltr'>inexorabile</span> <span class='ocrx_word' id='word_1_734' title='bbox 1274 2178 1418 2205; x_wconf 86' lang='lat' dir='ltr'>exhibens</span> <span class='ocrx_word' id='word_1_735' title='bbox 1428 2178 1639 2206; x_wconf 88' lang='lat' dir='ltr'>ministerium.</span> <span class='ocrx_word' id='word_1_736' title='bbox 1655 2180 1750 2207; x_wconf 83' lang='lat' dir='ltr'>Canes</span> 
     </span>
    </p>
   </div>
   <div class='ocr_carea' id='block_1_107' title="bbox 924 2222 1750 2260">
    <p class='ocr_par' dir='ltr' id='par_1_107' title="bbox 924 2222 1750 2260">
     <span class='ocr_line' id='line_1_107' title="bbox 924 2222 1750 2260; baseline -0.001 -9"><span class='ocrx_word' id='word_1_737' title='bbox 924 2223 1099 2260; x_wconf 79' lang='lat' dir='ltr'>accipiendo</span> <span class='ocrx_word' id='word_1_738' title='bbox 1109 2225 1333 2257; x_wconf 87' lang='lat' dir='ltr'>mansuescunt,</span> <span class='ocrx_word' id='word_1_739' title='bbox 1341 2222 1490 2250; x_wconf 77' lang='lat' dir='ltr'>fenerator</span> <span class='ocrx_word' id='word_1_740' title='bbox 1497 2230 1568 2250; x_wconf 86' lang='lat' dir='ltr'>vero</span> <span class='ocrx_word' id='word_1_741' title='bbox 1579 2223 1750 2259; x_wconf 88' lang='lat' dir='ltr'>recipiendo</span> 
     </span>
    </p>
   </div>
   <div class='ocr_carea' id='block_1_108' title="bbox 923 2266 1751 2304">
    <p class='ocr_par' dir='ltr' id='par_1_108' title="bbox 923 2266 1751 2304">
     <span class='ocr_line' id='line_1_108' title="bbox 923 2266 1751 2304; baseline -0.001 -8"><span class='ocrx_word' id='word_1_742' title='bbox 923 2269 1062 2296; x_wconf 84' lang='lat' dir='ltr'>irritatur.</span> <span class='ocrx_word' id='word_1_743' title='bbox 1084 2269 1148 2295; x_wconf 87' lang='lat' dir='ltr'>Non</span> <span class='ocrx_word' id='word_1_744' title='bbox 1170 2267 1251 2295; x_wconf 91' lang='lat' dir='ltr'>enim</span> <span class='ocrx_word' id='word_1_745' title='bbox 1275 2267 1412 2295; x_wconf 84' lang='lat' dir='ltr'>allatrare</span> <span class='ocrx_word' id='word_1_746' title='bbox 1431 2266 1552 2301; x_wconf 85' lang='lat' dir='ltr'>desinit,</span> <span class='ocrx_word' id='word_1_747' title='bbox 1580 2267 1634 2295; x_wconf 89' lang='lat' dir='ltr'>sed</span> <span class='ocrx_word' id='word_1_748' title='bbox 1662 2267 1751 2304; x_wconf 86' lang='lat' dir='ltr'>plura</span> 
     </span>
    </p>
   </div>
   <div class='ocr_carea' id='block_1_109' title="bbox 924 2312 1750 2349">
    <p class='ocr_par' dir='ltr' id='par_1_109' title="bbox 924 2312 1750 2349">
     <span class='ocr_line' id='line_1_109' title="bbox 924 2312 1750 2349; baseline 0 -8"><span class='ocrx_word' id='word_1_749' title='bbox 924 2313 1066 2349; x_wconf 83' lang='lat' dir='ltr'>exposcit.</span> <span class='ocrx_word' id='word_1_750' title='bbox 1084 2313 1112 2341; x_wconf 90' lang='lat' dir='ltr'>Si</span> <span class='ocrx_word' id='word_1_751' title='bbox 1126 2312 1285 2348; x_wconf 87' lang='lat' dir='ltr'>juraveris,</span> <span class='ocrx_word' id='word_1_752' title='bbox 1301 2320 1364 2340; x_wconf 88' lang='lat' dir='ltr'>non</span> <span class='ocrx_word' id='word_1_753' title='bbox 1379 2312 1481 2340; x_wconf 87' lang='lat' dir='ltr'>credit.</span> <span class='ocrx_word' id='word_1_754' title='bbox 1500 2313 1571 2345; x_wconf 79' lang='lat' dir='ltr'>Quae</span> <span class='ocrx_word' id='word_1_755' title='bbox 1584 2312 1614 2340; x_wconf 92' lang='lat' dir='ltr'>in</span> <span class='ocrx_word' id='word_1_756' title='bbox 1634 2312 1750 2341; x_wconf 79' lang='lat' dir='ltr'>aedibus</span> 
     </span>
    </p>
   </div>
   <div class='ocr_carea' id='block_1_110' title="bbox 923 2356 1749 2394">
    <p class='ocr_par' dir='ltr' id='par_1_110' title="bbox 923 2356 1749 2394">
     <span class='ocr_line' id='line_1_110' title="bbox 923 2356 1749 2394; baseline 0 -8"><span class='ocrx_word' id='word_1_757' title='bbox 923 2358 1027 2393; x_wconf 77' lang='lat' dir='ltr'>habes,</span> <span class='ocrx_word' id='word_1_758' title='bbox 1042 2359 1246 2394; x_wconf 82' lang='lat' dir='ltr'>perscrutatur</span> <span class='ocrx_word' id='word_1_759' title='bbox 1262 2366 1269 2390; x_wconf 89' lang='lat'><strong>;</strong></span> <span class='ocrx_word' id='word_1_760' title='bbox 1296 2359 1349 2385; x_wconf 87' lang='lat' dir='ltr'>tua</span> <span class='ocrx_word' id='word_1_761' title='bbox 1363 2356 1519 2392; x_wconf 85' lang='lat' dir='ltr'>diligenter</span> <span class='ocrx_word' id='word_1_762' title='bbox 1531 2356 1656 2393; x_wconf 84' lang='lat' dir='ltr'>indagat</span> <span class='ocrx_word' id='word_1_763' title='bbox 1669 2365 1749 2386; x_wconf 88' lang='lat' dir='ltr'>com-</span> 
     </span>
    </p>
   </div>
   <div class='ocr_carea' id='block_1_111' title="bbox 924 2401 1748 2439">
    <p class='ocr_par' dir='ltr' id='par_1_111' title="bbox 924 2401 1748 2439">
     <span class='ocr_line' id='line_1_111' title="bbox 924 2401 1748 2439; baseline 0 -9"><span class='ocrx_word' id='word_1_764' title='bbox 924 2402 1046 2431; x_wconf 88' lang='lat' dir='ltr'>mercia.</span> <span class='ocrx_word' id='word_1_765' title='bbox 1070 2403 1218 2429; x_wconf 72' lang='lat' dir='ltr'>Prresente</span> <span class='ocrx_word' id='word_1_766' title='bbox 1233 2409 1337 2434; x_wconf 85' lang='lat' dir='ltr'>uxore,</span> <span class='ocrx_word' id='word_1_767' title='bbox 1352 2401 1444 2430; x_wconf 81' lang='lat' dir='ltr'>afﬁcit</span> <span class='ocrx_word' id='word_1_768' title='bbox 1461 2404 1489 2430; x_wconf 90' lang='lat' dir='ltr'>te</span> <span class='ocrx_word' id='word_1_769' title='bbox 1503 2402 1630 2439; x_wconf 87' lang='lat' dir='ltr'>pudore,</span> <span class='ocrx_word' id='word_1_770' title='bbox 1646 2410 1748 2430; x_wconf 88' lang='lat' dir='ltr'>coram</span> 
     </span>
    </p>
   </div>
   <div class='ocr_carea' id='block_1_112' title="bbox 923 2445 1749 2482">
    <p class='ocr_par' dir='ltr' id='par_1_112' title="bbox 923 2445 1749 2482">
     <span class='ocr_line' id='line_1_112' title="bbox 923 2445 1749 2482; baseline 0 -8"><span class='ocrx_word' id='word_1_771' title='bbox 923 2446 1028 2475; x_wconf 83' lang='lat' dir='ltr'>amicis</span> <span class='ocrx_word' id='word_1_772' title='bbox 1042 2446 1170 2482; x_wconf 87' lang='lat' dir='ltr'>imponit</span> <span class='ocrx_word' id='word_1_773' title='bbox 1182 2445 1394 2474; x_wconf 82' lang='lat' dir='ltr'>contumeliam</span> <span class='ocrx_word' id='word_1_774' title='bbox 1412 2455 1419 2480; x_wconf 87' lang='lat'>;</span> <span class='ocrx_word' id='word_1_775' title='bbox 1439 2446 1468 2474; x_wconf 90' lang='lat' dir='ltr'>in</span> <span class='ocrx_word' id='word_1_776' title='bbox 1485 2445 1667 2475; x_wconf 88' lang='lat' dir='ltr'>mercatibus</span> <span class='ocrx_word' id='word_1_777' title='bbox 1683 2445 1749 2474; x_wconf 82' lang='lat' dir='ltr'>fau-</span> 
     </span>
    </p>
   </div>
   <div class='ocr_carea' id='block_1_113' title="bbox 923 2490 1747 2526">
    <p class='ocr_par' dir='ltr' id='par_1_113' title="bbox 923 2490 1747 2526">
     <span class='ocr_line' id='line_1_113' title="bbox 923 2490 1747 2526; baseline -0.001 -8"><span class='ocrx_word' id='word_1_778' title='bbox 923 2499 971 2519; x_wconf 91' lang='lat' dir='ltr'>ces</span> <span class='ocrx_word' id='word_1_779' title='bbox 994 2490 1192 2525; x_wconf 81' lang='lat' dir='ltr'>constringit;</span> <span class='ocrx_word' id='word_1_780' title='bbox 1219 2490 1316 2526; x_wconf 87' lang='lat' dir='ltr'>malus</span> <span class='ocrx_word' id='word_1_781' title='bbox 1340 2492 1383 2519; x_wconf 90' lang='lat' dir='ltr'>est</span> <span class='ocrx_word' id='word_1_782' title='bbox 1409 2490 1486 2519; x_wconf 89' lang='lat' dir='ltr'>festo</span> <span class='ocrx_word' id='word_1_783' title='bbox 1507 2490 1555 2519; x_wconf 91' lang='lat' dir='ltr'>die</span> <span class='ocrx_word' id='word_1_784' title='bbox 1581 2497 1747 2523; x_wconf 79' lang='lat' dir='ltr'>occursus;</span> 
     </span>
    </p>
   </div>
   <div class='ocr_carea' id='block_1_114' title="bbox 921 2666 1747 2703">
    <p class='ocr_par' dir='ltr' id='par_1_114' title="bbox 921 2666 1747 2703">
     <span class='ocr_line' id='line_1_114' title="bbox 921 2666 1747 2703; baseline -0.002 -7"><span class='ocrx_word' id='word_1_785' title='bbox 921 2668 1094 2703; x_wconf 87' lang='lat' dir='ltr'>conjunctio</span> <span class='ocrx_word' id='word_1_786' title='bbox 1117 2667 1200 2695; x_wconf 82' lang='lat' dir='ltr'>deest</span> <span class='ocrx_word' id='word_1_787' title='bbox 1221 2668 1251 2695; x_wconf 87' lang='lat' dir='ltr'>in</span> <span class='ocrx_word' id='word_1_788' title='bbox 1270 2668 1372 2696; x_wconf 91' lang='lat' dir='ltr'>codice</span> <span class='ocrx_word' id='word_1_789' title='bbox 1387 2667 1478 2703; x_wconf 81' lang='lat' dir='ltr'>Regio</span> <span class='ocrx_word' id='word_1_790' title='bbox 1499 2668 1566 2696; x_wconf 69' lang='lat'>199-2</span> <span class='ocrx_word' id='word_1_791' title='bbox 1585 2668 1614 2695; x_wconf 89' lang='lat' dir='ltr'>et</span> <span class='ocrx_word' id='word_1_792' title='bbox 1627 2666 1658 2694; x_wconf 90' lang='lat' dir='ltr'>in</span> <span class='ocrx_word' id='word_1_793' title='bbox 1673 2673 1747 2695; x_wconf 82' lang='lat' dir='ltr'>con-</span> 
     </span>
    </p>
   </div>
   <div class='ocr_carea' id='block_1_115' title="bbox 922 2703 1126 2731">
    <p class='ocr_par' dir='ltr' id='par_1_115' title="bbox 922 2703 1126 2731">
     <span class='ocr_line' id='line_1_115' title="bbox 922 2703 1126 2731; baseline -0.005 0"><span class='ocrx_word' id='word_1_794' title='bbox 922 2706 1003 2731; x_wconf 85' lang='lat' dir='ltr'>textu</span> <span class='ocrx_word' id='word_1_795' title='bbox 1019 2703 1126 2731; x_wconf 85' lang='lat' dir='ltr'>Basilii.</span> 
     </span>
    </p>
   </div>
   <div class='ocr_carea' id='block_1_116' title="bbox 969 2738 1402 2776">
    <p class='ocr_par' dir='ltr' id='par_1_116' title="bbox 969 2738 1402 2776">
     <span class='ocr_line' id='line_1_116' title="bbox 969 2738 1402 2776; baseline -0.005 -9"><span class='ocrx_word' id='word_1_796' title='bbox 969 2739 997 2772; x_wconf 71' lang='grc'>4)</span> <span class='ocrx_word' id='word_1_797' title='bbox 1016 2740 1057 2776; x_wconf 70' lang='lat' dir='ltr'>Ex</span> <span class='ocrx_word' id='word_1_798' title='bbox 1069 2739 1154 2776; x_wconf 72' lang='lat' dir='ltr'>born,</span> <span class='ocrx_word' id='word_1_799' title='bbox 1171 2739 1201 2766; x_wconf 79' lang='lat' dir='ltr'>in</span> <span class='ocrx_word' id='word_1_800' title='bbox 1214 2747 1259 2776; x_wconf 83' lang='lat' dir='ltr'>ps.</span> <span class='ocrx_word' id='word_1_801' title='bbox 1275 2748 1329 2771; x_wconf 75' lang='lat' dir='ltr'>xxv,</span> <span class='ocrx_word' id='word_1_802' title='bbox 1345 2738 1402 2766; x_wconf 85' lang='lat'>108.</span> 
     </span>
    </p>
   </div>
   <div class='ocr_carea' id='block_1_117' title="bbox 968 2773 1184 2810">
    <p class='ocr_par' dir='ltr' id='par_1_117' title="bbox 968 2773 1184 2810">
     <span class='ocr_line' id='line_1_117' title="bbox 968 2773 1184 2810; baseline -0.005 -8"><span class='ocrx_word' id='word_1_803' title='bbox 968 2775 994 2810; x_wconf 70' lang='grc' dir='ltr'>δ)</span> <span class='ocrx_word' id='word_1_804' title='bbox 1015 2773 1184 2810; x_wconf 72' lang='lat' dir='ltr'>ibid.,109.</span> 
     </span>
    </p>
   </div>
   <div class='ocr_carea' id='block_1_118' title="bbox 968 2805 1089 2844">
    <p class='ocr_par' dir='ltr' id='par_1_118' title="bbox 968 2805 1089 2844">
     <span class='ocr_line' id='line_1_118' title="bbox 968 2805 1089 2844; baseline -0.008 -6"><span class='ocrx_word' id='word_1_805' title='bbox 968 2805 995 2844; x_wconf 71' lang='grc' dir='ltr'>θ)</span> <span class='ocrx_word' id='word_1_806' title='bbox 1014 2805 1089 2838; x_wconf 79' lang='lat' dir='ltr'>ibid.</span> 
     </span>
    </p>
   </div>
  </div>
