2003 3140
90 146 158 174 H77

569 145 684 173 SERMO
698 145 730 172 V.
751 159 784 165 —
797 143 843 171 DE
857 143 992 172 DIVITIIS
1008 124 1049 172 E'T
1068 144 1302 173 PAUPERTATE.

1695 147 1765 176 1178

86 210 118 234 τὰ
137 208 269 245 χρήματα
292 206 358 242 ὁμοῦ
381 208 426 232 καὶ
453 205 615 242 δανείζεται,
637 210 682 234 καὶ
702 209 833 243 γεννᾶται,
849 208 887 232 καὶ

948 206 1054 236 lulant.
1076 207 1302 235 Nondumenim
1311 206 1458 234 inmanus
1467 207 1619 242 accepisti,
1631 208 1660 236 et
1669 209 1771 237 tamen

86 253 242 288 ὑποφύεται.
273 253 352 277 Οὔπω
381 251 431 288 γὰρ
457 249 536 282 ἐδέξω
570 252 606 282 εἰς
633 256 744 290 χεῖρας,
771 251 816 278 καί
847 254 893 276 τοῦ

86 299 215 334 παρόντος
243 297 324 332 μηνὸς
348 294 485 331 ἀπῃτὴοης
511 298 556 325 τὴν
580 296 716 334 ἐργασίαν.
742 299 792 323 Καὶ
817 297 892 321 τοῦτο

86 341 166 367 πάλιν
189 339 335 374 δανεισθὲν,
359 341 442 378 ἕτερον
469 343 548 366 κακὸν
573 340 700 378 ἐξέθρεψε,
721 341 822 367 κακεῖνο
842 341 893 366 Erae

86 395 144 422 ρον,
161 387 207 412 καὶ
223 386 252 410 τὸ
273 386 353 410 κακὸν
379 385 414 415 εἰς
440 386 545 422 ἄπειρον
558 396 564 402 ·
581 387 660 417 rm;
677 387 740 422 γὰρ,
753 387 787 416 ὡς
807 384 890 421 οἶμαι,

87 429 136 457 διὰ
164 432 211 459 τὴν
239 429 394 464 πολυγονίαν
419 430 454 465 (1)
482 434 527 456 τού
556 434 638 456 κακοῦ
663 432 888 467 προσηγόρευται’

85 476 166 501 πόθεν
193 475 243 510 γάρ
263 473 387 506 ἄλλοθεν;
408 473 440 500 Ἦ
464 475 538 510 τάχα
554 477 629 506 τόκος
652 475 753 511 λέγεται
777 474 823 501 διὰ
846 476 890 506 τὰς

85 518 187 550 ὠδῖνας
218 521 263 544 καὶ
291 517 385 551 λύπας,
414 518 444 549 ἃς
471 518 585 555 ἐμποιεῖν
615 523 672 551 ταῖς
704 520 807 556 ψυχαῖς
840 524 890 546 τῶν

85 562 277 598 δανειζομένων
299 566 420 598 πέφυκεν.
437 563 479 594 Ὠς
500 565 552 600 γὰρ
578 564 592 593 ἡ
619 562 683 595 ὠδὶς
700 568 731 600 τῇ
753 565 889 601 τικτούσῃ,

84 609 171 638 οὕτως
195 608 210 636 ἠ
234 608 383 644 προθεσμία
406 611 442 642 τῷ
468 607 589 645 ὑποχρίῳ
613 611 785 644 παρίσταται.
810 611 890 640 Τόκος

83 652 128 678 ἐπὶ
161 654 241 687 τόκῳ,
275 655 393 688 πονηρῶν
426 654 518 688 γονέων
551 655 664 689 πονηρὸν
693 654 807 688 ἔκγονον.
838 654 890 684 Τὰς

83 695 198 733 ἐχίδνας
217 695 324 731 λέγουσι
343 698 389 724 τὴν
409 699 526 734 γαστέρα
539 702 587 728 τῆς
607 699 705 734 μητρὸς
721 696 890 729 amomo“;

82 742 238 768 τίκτεσθαι·
264 742 310 766 καὶ
331 741 356 766 οἱ
372 744 445 766 τόκοι
469 743 529 772 τοὺς
556 743 643 773 οἴκους
668 746 717 768 τῶν
739 741 889 778 ὀφειλόντων

83 787 242 822 εκφαγόντες
257 784 456 821 ἀπογεννῶνται.
473 787 512 812 Τά
527 789 665 824 σπέρματα
679 788 767 824 χρόνῳ
781 788 870 823 ρύεται
881 797 886 803 ·
906 774 927 801 Β

83 831 96 856 ὁ
133 828 163 856 δε
196 831 270 859 τόκος
308 832 421 866 σήμερον
455 833 591 866 γεννᾶται,
623 831 668 857 καὶ
701 833 810 868 σήμερον
842 834 888 857 τοῦ

83 877 183 901 τίκτειν
218 875 341 911 ἄρχεται.
367 877 422 900 Τῶν
451 874 612 911 αὑξουμένων
639 876 758 907 ἕκαστον,
783 873 888 902 ἔπειδὰν

84 920 150 955 πρὸς
183 920 214 945 τὸ
248 918 341 945 οἰκεῖον
370 918 497 955 ἀφίκηται
526 920 647 956 μέγεθος,
682 923 730 951 τῆς
760 920 888 952 αὐξήσεως

85 972 205 990 σταται·
229 964 259 990 τὸ
285 961 315 990 δε
343 968 393 990 τῶν
419 963 573 991 πλεονεκτῶν
597 964 721 1003 ἀργύριον
741 969 778 1001 τῷ
800 967 888 1002 χρόνῳ

84 1010 166 1034 παντὶ
187 1008 414 1046 σνμπαραύξεται.
432 1010 471 1035 Τὰ
492 1009 547 1040 ζῶα
566 1008 719 1046 παραδόντα
742 1013 796 1040 τοῖς
817 1009 890 1046 ἐκγό-

83 1061 139 1082 νοις
164 1053 203 1087 (2)
225 1054 252 1078 τό
276 1055 382 1086 τίκτειν,
409 1053 477 1079 αὐτὰ
498 1057 543 1084 τῆς
566 1057 680 1085 κυήσεως
705 1055 834 1081 παύει-αι’
857 1055 890 1080 τὰ

83 1094 116 1122 δὲ
139 1101 190 1122 τῶν
213 1095 356 1123 δανειστῶν
379 1096 492 1135 ἀργύρια
507 1100 552 1124 καὶ
570 1100 604 1124 τὰ
619 1097 784 1135 ἐπιγινόμενα
797 1101 888 1133 τίκτει,

85 1143 133 1167 καὶ
146 1142 179 1167 τὰ
195 1140 298 1177 ἀρχαῖα
322 1141 417 1172 νεάζει.
435 1144 485 1168 Καὶ
509 1143 595 1180 ὥσπερ
616 1141 658 1169 ἐπὶ
672 1147 717 1173 τῆς
736 1142 845 1180 χολέρας
864 1143 889 1168 οἱ

82 1187 113 1212 τὸ
140 1185 183 1211 ἀεὶ
205 1186 395 1222 προϊστάμενον
418 1185 577 1223 ἐξαιροῦντες
597 1187 646 1222 (3)¹
668 1189 713 1213 καὶ
742 1189 802 1224 πρὶν
827 1197 890 1213 παν-

84 1229 164 1260 τελῶς
193 1230 358 1266 καθαρθῆναι
389 1228 511 1266 δευτέραν
539 1232 631 1267 τροφὴν
662 1230 888 1267 ἐπεμϐαλλόμινοι,

81 1274 162 1300 πάλιν
179 1274 272 1310 ἐμοῦσι
286 1276 351 1311 μετὰ
372 1273 468 1306 ὀδύνης
483 1278 528 1302 καὶ
553 1279 731 1312 σπαραγμῶν
757 1276 824 1301 οὕτω
844 1276 889 1302 καί

81 1320 108 1345 οἱ
138 1317 326 1356 δανειζόμενοι,
351 1321 444 1350 τόκους
475 1319 499 1346 ἓν
528 1322 609 1346 τόκων
638 1319 886 1356 μεταλαμϐάνοντες,

81 1366 129 1390 καὶ
156 1366 217 1400 πρὶν
245 1363 389 1401 ἐκκαθᾶραι
415 1364 448 1390 τὰ
472 1369 574 1400 πρῶτα,
597 1363 716 1401 δεύτερον
741 1363 888 1400 ἕπεισάγονα
908 1344 927 1371 C

82 1418 126 1439 τες
149 1406 290 1444 δάνεισμα,
304 1411 396 1445 μικρὸν
418 1411 514 1446 χρόνον
541 1412 596 1440 τοῖς
615 1409 756 1446 ἀλλοτρίοις
777 1408 886 1447 ἐναϐρυ-

82 1455 206 1489 νόμενοι,
240 1453 348 1489 ὕστερον
379 1455 424 1479 καὶ
458 1455 491 1479 τα
520 1453 602 1480 οἰκεῖα
632 1452 777 1490 ὠδύραντο.
812 1454 887 1480 Ἀλλὰ

82 1497 194 1530 πολλοὶ,
231 1499 316 1533 φησὶ,
354 1500 399 1524 καὶ
436 1497 464 1524 ἐκ
498 1496 672 1534 δανείσματος
707 1497 884 1527 ἐπλούτησαν.

84 1541 202 1573 Πλείονς,
224 1540 264 1575 δὲ,
290 1541 363 1578 οἶμαι
384 1545 429 1569 καὶ
453 1542 561 1580 βρόχων
586 1543 696 1578 ἥψαντο.
722 1545 755 1569 Σὺ
780 1541 809 1569 δὲ
828 1544 888 1574 τοὺς

79 1585 285 1622 ἀπαγξαμένους
300 1586 346 1612 οὐκ
368 1588 495 1623 ἀριθμεῖς,
512 1588 536 1612 οἱ
559 1589 606 1616 τὴν
628 1587 670 1613 ἐπὶ
694 1591 749 1617 ταῖς
769 1586 887 1616 ἀπαντή-

83 1640 158 1657 σεσιν
182 1632 221 1666 (4)
253 1631 384 1667 αἰσχύνην
413 1634 448 1667 μὴ
478 1633 604 1668 φέροντες,
631 1633 674 1657 τόν
704 1630 741 1658 δι’
768 1631 886 1667 ἀγχόνης

88 1675 200 1701 θάνατον
229 1679 275 1701 τοῦ
304 1675 488 1707 ἐπονείὸίστως
517 1676 564 1713 ζῇν
598 1678 785 1712 προετίμησαν.
812 1675 889 1703 Εἶδον

83 1719 135 1754 ἐγὼ
166 1718 271 1746 ἐλεεινὸν
295 1721 386 1756 θέαμα,
411 1719 510 1752 παῖδας
537 1720 683 1757 ἐλευθερους
711 1721 774 1757 ὑπὲρ
803 1724 890 1756 χρεῶν

83 1768 220 1801 πατρικῶν
250 1763 401 1800 ἑλκομένους
430 1765 466 1796 εἰς
494 1767 522 1791 τό
548 1767 701 1803 πρατήριον.
730 1765 785 1791 Οὗκ
819 1767 889 1802 ἔχεις

83 1808 237 1834 καταλιπεῖν
263 1811 390 1846 χρήματα
415 1813 467 1839 τοῖς
492 1812 589 1843 mimi;
615 1812 648 1845 μὴ
673 1809 820 1846 προσαφέλῃ
844 1813 888 1836 καὶ

87 1855 135 1881 τὴν
153 1852 292 1888 εὐγένειαν.
307 1853 350 1879 Ἐν
365 1857 440 1880 τοῦτο
461 1852 625 1890 διατήρησον
644 1854 731 1884 αὐτοῖς
747 1856 775 1880 τὸ
800 1859 888 1890 κτῆμα

88 1901 136 1927 τῆς
167 1897 320 1933 ὓνευοερίας,
347 1900 394 1927 τὴν
423 1899 657 1935 παρακαταθήκην,
687 1898 717 1927 ἣν
743 1900 814 1933 παρὰ
838 1903 886 1924 τὼν

83 1944 178 1976 γονέων
205 1941 358 1978 παρελιιξες,
393 1941 489 1973 Οὐδεὶς
520 1945 606 1969 πενίαν
639 1945 735 1980 πατρὸς
765 1942 884 1972 ἐνεκλήθη

82 1989 146 2012 ποτε
159 1996 164 2002 η
183 1986 287 2022 ὀφλημα
308 1985 336 2013 δὲ
355 1991 476 2023 πατρῷον
499 1987 534 2018 εἰς
557 1985 738 2024 δεσμωτήριον
758 1988 826 2023 οἴγει.
842 1990 884 2016 Μή

82 2030 229 2066 καταλίπῃς
261 2035 438 2068 γραμματεῖον
471 2032 558 2067 ὧσπερ
594 2032 657 2068 ἀρὰν
690 2034 819 2067 πατρικήν
851 2032 886 2062 εἰς

83 2073 187 2105 παῖδας
202 2075 413 2102 καταϐαίνουσαν
427 2079 471 2102 καὶ
486 2076 615 2112 ἐκγόνους.

117 2123 144 2147 7.
168 2120 281 2152 Πλοῦτος
305 2122 367 2157 γὰρ,
389 2123 477 2157 φησὶν,
498 2121 539 2146 ἐὰν
563 2121 619 2158 ῥέῃ,
645 2124 680 2157 μὴ
708 2122 883 2158 προστίθεσθε

83 2163 208 2202 καρδίαι.
239 2167 382 2201 Θαύμασον
413 2168 460 2195 τὴν
491 2168 586 2201 φωνήν.
619 2165 751 2200 Πλοῦτος,
785 2168 923 2209 φησιν,[)

87 2210 130 2236 ἐὰν
155 2210 216 2246 ῥέῃ.
245 2209 351 2239 Ῥενστὴ
381 2211 395 2239 ἡ
427 2211 504 2246 φύσις
527 2213 572 2236 τοῦ
596 2209 718 2244 πλούτου⁷
740 2210 885 2247 χειμάρρου

82 2255 206 2291 ὀξύτερον
239 2256 299 2285 τοὺς
342 2256 448 2290 ἔχοντας
478 2256 657 2292 παρατρέχει·
691 2254 780 2280 ἄλλοτε
812 2254 886 2280 ἀλλον

80 2303 180 2335 πέφυκε
221 2299 440 2336 παραμείϐεσθαι.

81 2344 186 2379 ὑψηλοῦ
212 2346 358 2381 φερόμενος,
388 2343 484 2380 ἐγγίζει
510 2345 554 2380 μὲν
582 2347 635 2374 τοῖς
666 2348 818 2381 παρεστῶσι
850 2348 880 2380 τῇ

81 2390 166 2425 ὄχθῃ,
184 2389 250 2424 ὁμοῦ
274 2387 303 2415 δὲ
329 2388 416 2424 ἥψατο
437 2392 481 2415 καὶ
503 2389 578 2420 εὐθὺς
595 2389 767 2426 ὑπεχώρησεν
782 2397 788 2403 ·

81 2436 125 2460 καὶ
154 2435 168 2462 ἠ
200 2437 246 2459 τοῦ
273 2433 385 2459 πλούτου
412 2433 516 2460 εὐκολία
540 2434 666 2465 ὀξυτάτην
691 2435 746 2469 ἔχει
770 2435 814 2459 καὶ
834 2434 883 2459 6):.-

482 2302 531 2326 Καὶ
569 2301 655 2335 ὥσπερ
694 2302 810 2336 ποταμός
843 2300 885 2335 ἀφ’

817 2389 884 2415 οὕτω

82 2479 186 2515 σοηρὰν
215 2481 262 2506 τὴν
286 2481 444 2515 παρουσίαν,
472 2481 516 2504 καὶ
549 2478 641 2509 ἄλλους
669 2479 695 2509 ἐξ
721 2478 801 2504 ἄλλων
835 2488 883 2504 παι

115 2568 139 2586 “
160 2567 237 2595 Psal.
251 2575 305 2602 LXI,
324 2567 367 2596 lt.

112 2657 152 2692 (1)
168 2657 216 2683 Διὰ
243 2658 290 2685 τὴν
305 2655 484 2692 λττολυγονίαν.
516 2656 562 2684 Sic
588 2663 664 2685 mss.
689 2657 717 2684 et
727 2657 884 2684 contextus

78 2690 188 2721 Basilii.
211 2692 285 2728 Editi
298 2690 344 2718 διὰ
357 2690 414 2718 τινὰ
427 2691 594 2728 πολυγονίαν.

114 2730 152 2763 (2)
169 2731 228 2758 Τοῖς
255 2727 379 2763 ἐκγόνοις.
411 2728 457 2755 Sic
472 2726 612 2756 cedicum
637 2726 712 2756 alter
737 2728 766 2755 et
784 2727 882 2756 Basilii

78 2766 246 2794 contextus.
262 2763 334 2791 Editi
348 2763 470 2799 ἐγγόνοις.

113 2801 153 2834 (3)
167 2798 490 2835 Ἐξαιροῦντεςζῐνοεὶιυΐ
503 2798 534 2828 in
549 2800 690 2828 contextu
703 2798 844 2835 ἐξερῶντες.

948 253 1105 289 przesentis
1116 253 1231 281 mensis
1246 253 1379 288 quaestus
1394 253 1450 279 ate
1460 252 1643 288 exposcitur.
1659 254 1692 281 Et
1707 254 1772 282 haec

947 299 1075 335 pecunia
1086 306 1190 326 rursus
1200 298 1301 326 fenore
1307 298 1443 333 accepta,
1453 297 1567 326 malum
1575 298 1702 326 alterum
1709 299 1770 332 alit,

947 345 975 370 et
988 343 1059 371 illud
1072 343 1208 377 alterum,
1224 345 1314 378 atque
1326 342 1367 369 sic
1379 341 1495 369 malum
1508 342 1539 370 in
1551 342 1713 372 inﬁnitum.
1726 345 1773 371 Et-

946 387 1037 421 enim,
1051 388 1169 423 opinor,
1198 390 1281 422 τοκὸς,
1299 386 1329 414 id
1348 388 1401 420 est,
1414 389 1532 420 partus,
1552 386 1590 415 ob
1617 387 1771 422 ingentem

945 432 1018 461 mali
1025 432 1237 461 fecunditatem
1246 432 1434 460 nominatur.
1449 431 1618 460 Undeenim
1629 432 1750 461 aliunde
1757 434 1771 461 ‘2

944 479 1002 505 Aut
1017 477 1089 506 forte
1104 479 1189 511 τοκός,
1205 477 1263 505 hoc
1276 478 1330 509 est,
1339 479 1455 512 partus,
1470 476 1578 504 dicitur
1589 476 1629 504 ob
1652 476 1770 505 dolores

944 530 980 551 ac
995 521 1157 557 molestias,
1175 529 1251 558 quas
1267 521 1377 550 animis
1393 528 1497 548 eorum
1510 521 1563 557 qui
1571 521 1672 550 fenore
1688 529 1772 550 acce-

944 567 1062 602 perunt,
1075 565 1266 594 soletcreare.
1282 564 1404 592 Utenim
1414 564 1608 600 puerperium
1618 565 1771 601 pariturae,

945 610 987 638 ita
1001 610 1064 638 dies
1082 610 1193 638 indicta
1208 609 1332 637 debitori
1344 609 1447 637 instat.
1466 609 1564 636 Fenus
1575 609 1669 637 fenori
1690 609 1771 638 addi-

944 657 1021 689 tum,
1036 657 1196 691 parentum
1212 653 1364 682 malorum
1379 653 1460 681 mala
1474 655 1519 681 est
1534 654 1662 682 soboles.
1682 654 1773 684 Aiunt

943 699 1074 735 viperas,
1084 699 1158 727 dum
1165 699 1340 734 gignuntur,
1347 699 1482 726 ventrem
1489 698 1771 727 matriscorrodere:

942 743 1030 772 fenus
1040 751 1172 780 quoque,
1181 743 1274 771 erosis
1287 751 1322 771 ac
1331 743 1519 779 consumptis
1528 742 1699 771 debitorum
1706 743 1773 771 aedi-

941 788 1009 824 bus,
1023 788 1166 816 nascitur.
1183 787 1304 816 Semina
1314 787 1459 823 temporis
1475 794 1639 823 progressu
1663 787 1771 822 germi-

941 835 1029 861 nant:
1040 841 1132 861 usura
1146 840 1217 860 vero
1229 831 1317 860 hodie
1333 833 1502 867 generatur,
1520 833 1548 860 et
1559 831 1649 860 hodie
1665 839 1771 868 parere

941 877 1054 914 incipit.
1069 877 1222 914 Quidquid
1237 876 1352 910 crescit,
1367 876 1419 904 ubi
1431 876 1470 904 ad
1485 877 1642 912 propriam
1655 877 1772 912 magni-

941 923 1077 952 tudinem
1087 922 1264 959 pervenerit,
1273 921 1383 950 desinit
1397 921 1500 957 augeri
1513 931 1520 956 ;
1531 929 1694 950 avarorum
1701 929 1772 950 vero

942 970 1099 1003 argentum
1106 966 1478 1002 omnitemporeaugeseit.
1492 965 1642 994 Animalia
1648 966 1700 994 ubi
1708 974 1770 995 suae

943 1013 1042 1041 soboli
1066 1013 1128 1041 vim
1146 1012 1372 1049 impertiverunt
1391 1011 1542 1047 pariendi,
1573 1011 1772 1048 supersedent

942 1057 1146 1094 praegnatione
1156 1066 1162 1084 :
1174 1059 1205 1085 at
1213 1056 1415 1084 feneratorum
1422 1055 1558 1092 pecuniae
1567 1056 1678 1084 etadna
1684 1063 1772 1084 scen-

943 1104 987 1130 tes
1002 1101 1133 1138 pariunt,
1158 1103 1186 1129 et
1198 1103 1312 1129 veteres
1335 1102 1532 1128 renovantur.
1544 1101 1584 1135 (5)
1602 1102 1636 1128 Et
1660 1100 1736 1128 sicut
1749 1100 1771 1128 ii

942 1146 995 1183 qui
1003 1145 1124 1174 cholera
1130 1145 1279 1178 laborant,
1286 1144 1317 1172 id
1324 1151 1443 1180 semper
1449 1144 1532 1180 quod
1540 1147 1608 1173 ante
1617 1147 1772 1181 sumptum

942 1192 996 1225 est,
1005 1190 1136 1226 ejiciunt,
1144 1192 1172 1218 et
1179 1190 1204 1217 si
1214 1191 1282 1217 ante
1292 1189 1440 1224 integram
1449 1188 1661 1224 purgationem
1670 1188 1772 1217 cibum

942 1236 1068 1264 alterum
1084 1235 1216 1271 capiunt,
1230 1235 1311 1262 hunc
1324 1241 1429 1262 rursus
1446 1241 1516 1261 cum
1533 1233 1647 1267 dolore,
1659 1235 1688 1262 et
1701 1242 1771 1262 cum

941 1288 1102 1309 nervorum
1111 1279 1305 1307 convulsione
1320 1280 1482 1306 evomunt:
1497 1279 1540 1306 sic
1551 1280 1603 1314 qui
1614 1278 1716 1306 fenore
1725 1286 1773 1307 ac-

941 1325 1065 1361 cipiunt,
1081 1324 1182 1352 usuris
1196 1330 1359 1351 usurarum
1377 1330 1442 1350 sese
1458 1325 1634 1355 onerantes,
1648 1324 1677 1350 et
1689 1325 1772 1351 ante-

940 1377 1033 1406 quam
1046 1369 1160 1405 priores
1166 1375 1264 1395 usurae
1273 1368 1448 1403 purgentur,
1458 1366 1582 1394 alteram
1591 1367 1764 1402 adjicientes

940 1421 1105 1450 parumper
1119 1412 1150 1440 in
1166 1411 1270 1440 alienis
1282 1411 1409 1446 gloriati,
1423 1413 1486 1439 tum
1495 1411 1619 1439 demum
1630 1411 1672 1439 rei
1682 1411 1772 1439 etiam

942 1457 1097 1486 familiaris
1121 1457 1271 1492 jacturam
1298 1456 1413 1490 lugent.
1440 1455 1539 1491 Atqui,
1555 1455 1666 1491 inquis,
1685 1455 1773 1484 multi

942 1503 1032 1531 etiam
1044 1502 1146 1530 fenore
1160 1501 1230 1529 tacti
1244 1502 1314 1528 sunt
1328 1499 1446 1527 divites.
1459 1502 1495 1528 At
1510 1507 1581 1527 vero
1596 1499 1708 1535 plures,
1726 1507 1771 1528 ar-

941 1547 1045 1582 bitror,
1060 1546 1100 1574 ad
1113 1546 1238 1582 laqueos
1252 1546 1465 1581 pervenerunt.
1483 1545 1525 1572 Tu
1538 1551 1608 1572 vero
1632 1546 1770 1579 strangu-

942 1591 1018 1620 latos
1027 1598 1088 1618 non
1099 1597 1254 1622 numeras,
1266 1589 1568 1625 quivadimoniorum
1576 1588 1708 1616 dedecus
1717 1589 1771 1617 mi-

941 1635 1023 1663 nime
1039 1635 1178 1667 ferentes,
1193 1633 1249 1661 sibi
1263 1633 1691 1669 mortemmaluoruutlaqueo
1701 1641 1771 1661 con-

943 1680 1078 1712 sciscere,
1096 1687 1191 1716 quam
1207 1678 1352 1715 probrose
1377 1678 1483 1706 vivere.
1502 1678 1563 1706 Vidi
1579 1685 1635 1713 ego
1650 1678 1771 1707 misera-

942 1725 1002 1753 bile
1027 1724 1243 1760 spectaculum,
1280 1723 1428 1758 ingenuos
1451 1731 1572 1759 pueros,
1606 1723 1646 1751 ob
1674 1724 1768 1760 patris

942 1769 1053 1803 debita,
1065 1768 1184 1797 venales
1195 1768 1224 1795 in
1234 1768 1333 1796 forum
1339 1767 1481 1804 pertrahi.
1495 1769 1559 1795 Non
1572 1767 1668 1795 habes
1680 1775 1769 1803 pecu—

942 1814 1024 1842 niam
1045 1821 1139 1850 quam
1153 1813 1307 1848 relinquas
1331 1812 1398 1840 ﬁliis
1411 1812 1425 1840 ‘l
1446 1813 1523 1840 Cave
1553 1812 1769 1847 ingenuitatem

941 1858 983 1886 eis
998 1858 1130 1886 auferas.
1152 1858 1247 1884 Unam
1266 1856 1345 1884 hanc
1371 1856 1443 1892 ipsis
1457 1863 1603 1884 conserva
1624 1856 1769 1883 libertatis

940 1902 1172 1938 possessionem,
1186 1900 1357 1936 depositum
1372 1899 1454 1932 illud,
1467 1900 1550 1935 quod
1561 1908 1578 1928 a
1592 1899 1768 1935 parentibus

940 1946 1092 1982 accepisti.
1108 1945 1224 1974 Nemini
1247 1952 1382 1981 unquam
1404 1944 1497 1980 patris
1510 1946 1673 1980 paupertas
1697 1944 1768 1972 data

939 1992 983 2018 est
993 1990 1110 2018 crimini
1122 1999 1128 2017 :
1145 1992 1342 2026 atpaternum
1358 1988 1494 2016 debitum
1505 1989 1534 2016 in
1544 1996 1694 2016 carcerem
1707 1988 1764 2016 du-

939 2035 988 2063 cit.
1004 2037 1044 2063 Ne
1054 2034 1208 2070 relinquas
1221 2033 1429 2069 syngrapham
1444 2041 1499 2061 ceu
1513 2036 1673 2069 paternam
1680 2041 1764 2061 exse-

939 2079 1103 2107 crationem
1117 2079 1147 2106 in
1166 2078 1244 2106 ﬁlios
1258 2086 1293 2106 ac
1312 2080 1439 2114 nepotes
1457 2078 1705 2106 descendentem.

973 2127 999 2151 7.
1021 2123 1059 2159 (6)
1075 2123 1194 2151 Divitias
1207 2122 1411 2158 enim,inquit.
1427 2123 1604 2157 sia/ﬂuant,
1615 2123 1707 2150 nolite
1718 2129 1767 2149 cor

938 2175 1089 2203 apponere
1097 2168 1132 2195 ⁸⁸.
1150 2167 1232 2194 Hanc
1241 2174 1347 2194 vocem
1354 2167 1514 2194 admirare.
1524 2166 1651 2201 Divitiaa,
1660 2165 1766 2201 inquit,

938 2213 964 2240 si
977 2213 1121 2247 afﬂuant.
1143 2210 1232 2239 l-‘luxa
1247 2212 1291 2238 est
1305 2210 1478 2238 divitiarum
1493 2213 1612 2243 natura,
1638 2212 1767 2238 torrente

940 2257 1025 2284 citius
1041 2255 1257 2292 praeterlabitur
1267 2262 1471 2291 possessores,
1485 2255 1571 2290 497
1590 2254 1664 2282 alios
1683 2253 1767 2282 aliter

940 2301 1147 2329 solet‘mutare.
1158 2299 1422 2333 Quemadmodum
1430 2299 1539 2327 ﬂuvius
1549 2297 1767 2326 abaltolabens

939 2346 974 2374 iis
988 2345 1112 2382 quidem
1127 2344 1178 2381 qui
1194 2344 1234 2373 ad
1244 2344 1342 2380 ripam
1356 2345 1455 2372 astant
1465 2343 1699 2380 appropinquat,
1713 2342 1767 2371 sed

940 2390 1030 2418 simul
1043 2391 1075 2418 ut
1089 2389 1224 2424 contigit,
1234 2388 1334 2417 statim
1349 2388 1478 2416 secedit:
1496 2388 1537 2416 ita
1547 2388 1636 2416 etiam
1649 2387 1767 2416 divitia-

939 2442 1006 2463 rum
1019 2433 1198 2462 instabilitas
1217 2433 1441 2461 velocissimam
1460 2432 1669 2468 lubricamque
1691 2439 1767 2468 prte-

939 2479 1066 2508 sentiam
1089 2478 1190 2512 habet,
1208 2477 1283 2506 alios
1305 2485 1341 2506 ex
1364 2477 1430 2506 aliis
1459 2479 1631 2514 permutare
1649 2476 1766 2504 solitam

975 2656 1014 2691 (4)
1030 2655 1232 2683 ’Λπαντήσεσιν.
1259 2655 1357 2689 Longe
1389 2652 1576 2691 praeferenda
1603 2652 1668 2681 haec
1695 2653 1765 2681 scri-

938 2688 1027 2728 ptura
1049 2691 1075 2717 ei
1089 2698 1155 2728 quae
1169 2691 1274 2725 legitur
1287 2691 1319 2718 in
1327 2688 1472 2718 eontextu
1491 2688 1675 2723 ἀπαιτήσισιν,
1690 2696 1764 2718 eza-

939 2726 1068 2756 i'lionum
1079 2726 1213 2754 dedecus.

972 2764 1008 2797 (5)
1023 2763 1063 2789 Ex
1074 2761 1156 2789 hom.
1170 2762 1201 2789 in
1214 2761 1294 2796 mal.
1310 2769 1370 2794 xiv,
1385 2761 1446 2788 H2.

972 2798 1009 2833 (6)
1024 2798 1064 2825 Ex
1078 2797 1161 2826 hom.
1177 2797 1209 2826 in
1220 2797 1300 2832 psal.
1312 2804 1369 2831 LXI,
1388 2797 1446 2824 l98.
