2003 3140
229 145 298 174 1183

710 141 898 170 ΑΡΡΕΝΒΙΧ.
913 155 947 161 -
961 141 1132 170 SYMEONIS
1155 140 1422 170 METAPHRASTZE

1832 145 1892 175 1184

228 207 311 244 ipsos
320 213 377 243 par
389 206 519 240 esset,ac
532 204 661 241 gratiam
673 204 796 239 habere,
806 204 887 241 quod
896 205 959 232 tam
973 204 1049 233 mul-

1109 204 1265 231 ύπόθωνται.
1293 206 1351 230 Δέον
1370 205 1421 241 γὰρ
1445 203 1536 236 αὐτοὺς
1551 205 1731 243 εὐφραίνεσθαι
1756 208 1798 233 καὶ
1819 209 1891 245 χάριν

229 252 266 280 tis
281 253 350 279 sunt
364 250 585 286 opulentiores:
602 251 708 278 contra
729 257 808 285 {egre
828 249 927 277 ferunt
949 256 984 277 ac
1001 247 1052 277 do-

227 295 289 324 lent
312 303 342 323 se
354 295 428 323 forte
442 295 481 322 ab
496 301 559 322 uno
583 296 635 323 aut
649 294 741 322 altero
756 293 950 329 locupletiore
965 300 1053 329 supe-

229 340 303 368 rari.
331 340 371 375 (ι)
390 341 491 375 Neque
514 346 565 366 eos
585 339 639 375 qui
655 347 688 367 se
707 338 781 375 ipsis
804 338 959 366 inferiores
985 339 1054 365 sunt

230 387 452 417 cnumerantes,
464 391 519 420 pro
534 384 571 411 iis
588 391 655 420 quae
670 383 793 418 habent,
810 383 921 418 gratias
938 381 1054 418 persol-

230 431 306 457 vunt
318 429 451 465 largitori
467 428 603 456 beneﬁco
620 437 627 456 :
650 428 739 464 499
757 428 819 455 imo
833 427 913 456 facta
926 435 994 455 cum
1018 433 1054 454 co

229 473 314 510 quod
328 473 519 509 praestantius
530 475 574 501 est
584 472 822 508 comparatione,
841 474 989 508 quantum
1006 479 1055 499 su-

230 520 372 554 perentur
383 520 566 554 reputantes,
587 517 628 546 ita
643 519 771 545 mearent
785 519 813 544 et
829 518 1055 552 conquerantur

229 562 319 591 bonis
348 562 454 590 alienis
481 561 600 598 privati,
634 569 668 590 ac
697 561 721 589 si
750 562 812 590 suis
842 561 1051 597 spoliarentur.

230 607 269 643 (2)
280 608 354 634 Nam
365 607 417 642 qui
431 606 618 634 necessaries
637 605 781 633 terminos
804 612 967 638 excessere,
982 612 1053 632 cum

227 651 293 686 jam
308 650 374 683 sibi,
387 658 470 678 more
483 658 588 678 eorum
605 650 658 686 qui
672 650 702 677 in
720 649 834 677 declive
848 649 993 681 feruntur,
1008 649 1054 677 ni~

229 695 272 723 hil
286 695 409 723 ﬁrmum
432 696 583 731 suppetat,
597 694 635 722 ad
649 694 733 730 quod
758 702 790 721 se
802 694 958 730 recipiant,
981 701 1054 722 nus-

230 747 323 776 quam
340 739 463 767 ulterius
479 739 577 775 abripi
587 738 784 767 intermittunt
799 746 805 765 :
824 738 875 765 sed
892 745 953 775 quo
968 737 1055 774 plura

231 783 445 820 compararim,
463 791 499 811 eo
523 783 620 818 magis
641 790 718 819 opus
738 782 894 811 habebunt
919 782 1055 818 paribus.

231 830 283 856 aut
291 828 380 856 etiam
396 827 594 864 amplioribus
604 827 644 855 ad
654 827 850 864 cupiditatem
861 826 1053 863 explendam,

231 871 399 900 secundum
415 871 595 900 Execestidaa
607 871 702 900 ﬁlium
715 871 867 906 Solonem,
878 871 931 907 qui
945 870 1000 900 ait:

230 926 413 954 Diuitiarum
429 925 545 954 homini
556 926 625 960 ﬁnis
638 933 698 954 non
714 925 848 954 constitit
860 925 955 954 ultus.

228 1006 260 1034 In
276 1006 323 1034 his
338 1006 429 1035 etiam
440 1006 610 1042 Theognide
622 1006 766 1042 magistro
778 1005 926 1034 utendum
939 1005 1053 1042 est,qui

228 1050 299 1079 dicit
310 1060 316 1079 :

275 1105 343 1133 Non
357 1112 424 1133 amo
437 1105 568 1139 divitias,
582 1112 641 1132 non
653 1107 738 1139 opto:
756 1104 808 1132 sed
821 1104 897 1132 mihi
909 1111 1004 1138 parvo

335 1141 438 1168 Vivere
449 1141 613 1175 contingat,
627 1141 730 1176 nilque
742 1141 846 1168 timere
860 1140 943 1167 mali.

264 1193 327 1228 Ego
341 1195 441 1221 autem
450 1193 589 1228 Diogenis
599 1193 733 1222 admiror
747 1194 884 1222 omnium
896 1193 983 1221 simul
994 1193 1051 1221 hu-

230 1245 393 1265 manarum
406 1245 508 1266 rerum
517 1240 736 1274 contemptum,
752 1237 804 1274 qui
818 1246 849 1266 se
862 1245 931 1272 rege
940 1245 1052 1272 magno

229 1281 434 1318 pronuntiavit
447 1282 596 1318 ditiorem,
622 1282 706 1318 quod
727 1283 758 1310 in
776 1283 837 1310 vita
857 1281 1052 1318 paucioribus

229 1332 324 1361 quam
336 1325 385 1354 ille
400 1328 509 1361 egeret.
530 1326 633 1355 Avaris
648 1328 761 1361 autem,
781 1326 840 1354 nisi
863 1326 959 1362 Pythii
980 1326 1053 1362 Mysi

229 1369 329 1397 adsint
337 1371 457 1405 talenta,
469 1371 529 1398 nisi
542 1371 602 1398 sint
613 1374 696 1398 terrae
709 1373 752 1399 tot
762 1373 790 1399 et
805 1373 847 1399 tot
859 1371 977 1406 jugera,
992 1371 1052 1398 nisi

227 1421 372 1449 pecorum
387 1422 493 1449 greges
503 1415 664 1450 innumeri,
679 1415 808 1443 sufﬁciet
824 1415 911 1443 nihil.
935 1416 972 1450 (3)
994 1415 1051 1443 Sed

226 1459 488 1494 quemadmodum
504 1459 523 1487 ii
545 1460 597 1496 qui
620 1459 717 1488 scalas
736 1459 954 1493 conscendunt,
974 1459 1050 1495 pede

226 1510 345 1539 semper
355 1503 395 1531 ad
409 1505 597 1540 superiorem
610 1504 740 1539 gradum
763 1507 862 1532 erecto
878 1511 939 1532 non
965 1505 1049 1540 prius

226 1549 453 1585 conquiescunt,
464 1557 558 1585 quam
571 1549 610 1577 ad
623 1557 776 1577 summum
800 1549 990 1585 perveniant:
1007 1549 1050 1577 sic
1066 1553 1086 1582 C

227 1594 256 1620 et
265 1592 296 1620 lii
310 1593 435 1628 quando
448 1593 529 1621 hunc
543 1593 667 1621 divitem
677 1593 818 1627 assecuti,
834 1593 992 1621 confestim
1007 1593 1052 1621 di-

228 1636 294 1664 tiori
308 1637 406 1664 adhuc
419 1644 507 1672 pares
519 1636 581 1664 ﬁeri
597 1639 763 1665 conantur:
780 1639 808 1665 et
821 1637 872 1665 ubi
888 1645 957 1665 eum
976 1645 1050 1673 quo-

228 1689 288 1717 que
304 1681 464 1715 attigerint,
480 1681 612 1709 studium
632 1689 722 1709 suum
748 1682 788 1709 ad
813 1682 904 1710 alium
928 1682 1051 1710 transfe-

227 1728 306 1758 runt,
323 1727 351 1753 et
365 1733 426 1753 non
437 1728 555 1753 cessant
565 1726 604 1754 ab
619 1726 790 1762 appetenda.
799 1726 942 1762 potentia,
954 1727 1050 1756 donec

226 1770 256 1798 in
272 1769 400 1798 sublime
416 1770 519 1804 evecti,
531 1770 591 1799 alto
602 1778 675 1799 casu
687 1771 802 1807 seipsos
814 1771 1014 1800 contundunt.

217 1905 227 1913 ‘
261 1905 287 1930 '2.
304 1904 341 1938 (4)
358 1905 453 1940 Atque
466 1905 498 1932 ut
508 1905 561 1940 qui
570 1912 632 1940 prie
642 1904 763 1932 insania
775 1906 876 1933 mente
887 1905 1048 1940 motisuut,

225 1955 272 1976 res
287 1948 370 1984 ipsas
383 1956 444 1976 non
455 1949 622 1981 intuentur;
635 1949 690 1976 sed
704 1957 740 1977 ea
747 1956 784 1977 ex
794 1949 904 1984 quibus
917 1949 1050 1978 afﬁciun-

226 1994 290 2020 tur:
309 1993 350 2020 sic
366 2001 526 2021 avarorum
537 1993 665 2028 animus,
671 1993 803 2029 pecuniae
811 1993 952 2022 aviditate
960 1994 1051 2022 obru—

228 2039 285 2069 tus,
299 2039 408 2065 cuncta
423 2040 657 2071 aurum,cuncia
667 2040 825 2073 argentum
840 2039 935 2067 videt:
952 2047 987 2067 ac
1006 2038 1051 2066 lu-

226 2080 307 2108 benti
313 2089 346 2108 us
360 2089 468 2109 aurum
480 2090 571 2117 quam
583 2082 677 2110 solem
692 2082 853 2110 intueatur.
863 2083 939 2111 Verti
950 2083 1052 2111 omnia

227 2125 258 2153 in
268 2126 333 2153 auri
349 2128 489 2154 naturam
502 2129 633 2163 exoptat,
650 2129 740 2163 atque
753 2127 783 2154 in
797 2127 829 2155 id
840 2127 986 2156 incumbit
996 2135 1052 2163 pro

226 2169 311 2197 virili.
323 2170 398 2203 Quid
407 2171 489 2198 enim
500 2179 562 2199 non
572 2171 694 2199 molitur
707 2174 830 2208 propter
845 2172 973 2200 aurum?
982 2173 1051 2200 Fru-

1109 248 1189 284 ἓχειν,
1216 250 1346 274 τοσούτων
1372 251 1446 280 ὄντας
1465 249 1655 287 εὐπορωτέρους
1672 260 1678 267 ~
1695 252 1719 277 οί
1746 249 1774 277 δε
1802 249 1889 288 δυσφος

1108 296 1196 329 ροῡσι,
1221 295 1266 319 καὶ
1282 291 1435 328 ὀδυνῶνται,
1451 294 1492 320 ὅτι
1515 293 1569 324 ἑνός
1590 304 1641 320 που
1666 295 1680 324 ᾖ
1708 293 1825 332 δευτέρου
1847 300 1890 322 τῶν

1109 337 1352 374 ὑπερπλουτούντων
1372 337 1604 374 ἁπολιμπάνονται.
1622 342 1672 366 Καὶ
1704 339 1732 366 οὐ
1758 342 1813 370 τοὺς
1832 340 1890 366 {nro-

1110 379 1263 419 δεεστέρους
1275 381 1514 420 ἀπαριθμούμενοι,
1525 386 1572 412 τὴν
1588 385 1650 420 ὑπὲρ
1670 384 1703 419 ᾦν
1719 385 1808 420 ἔχουσι
1819 386 1889 421 χάριν

1110 424 1293 463 ἀποπληροῡσι
1311 430 1348 462 τῷ
1366 427 1484 464 εὐεργέτῃ
1497 436 1504 443 ⁸
1524 427 1588 454 ἀλλά
1602 432 1633 464 τῇ
1647 430 1712 465 πρὸς
1729 430 1758 455 τὸ
1773 427 1888 466 ὑπερέχον

1110 473 1248 508 συγκρίσει
1264 479 1270 486 ·
1291 472 1352 497 ὅσον
1367 470 1549 498 ἀπολείπονται
1562 472 1732 509 λογιζόμενοι,
1749 473 1782 504 ὡς
1799 473 1889 500 οἰκείων

1110 516 1274 552 στερούμενοι
1295 520 1346 542 τῶν
1377 516 1472 553 ἑτέροις
1497 519 1654 554 προσόντων,
1675 518 1754 548 οὕτως
1781 517 1891 544 ἀνιῶνται

1108 562 1153 586 καὶ
1170 563 1390 597 καταμέμφονται.
1411 563 1444 587 Οἱ
1464 563 1515 599 γὰρ
1530 566 1581 588 τῶν
1600 561 1746 598 ἀναγκαίων
1769 563 1830 599 ὅρων
1852 563 1892 594 ἔξω

1108 606 1249 640 γινόμενοι,
1265 605 1456 643 παραπλησίως
1476 609 1531 637 τοῖς
1549 607 1618 633 κατὰ
1635 611 1681 633 τοῦ
1701 611 1812 644 πρανοῦς
1830 617 1894 644 φερο-

1109 651 1206 685 μένοις,
1230 650 1295 686 πρὸς
1313 648 1389 676 οὐδὲν
1403 651 1532 686 στάσιμον
1551 651 1654 687 ἔχοντες
1668 651 1806 686 ἀποϐῆναι,
1823 649 1894 678 οὐδα-

1109 697 1160 729 μοῦ
1181 698 1225 725 τῆς
1252 694 1286 724 εἰς
1311 695 1340 720 τὸ
1361 697 1452 732 πρόσω
1477 698 1555 732 φορᾶς
1581 696 1720 722 ῖστανται’
1738 695 1789 722 ἀλλ’
1805 697 1895 732 ὁσῳπερ

1110 737 1140 763 ἂν
1167 737 1245 764 πλείω
1257 738 1527 775 προσπεριϐάλωνται,
1544 743 1590 766 τοῦ
1604 741 1665 766 ἶσον
1691 739 1803 774 δέονται,
1822 740 1835 769 ἦ
1857 742 1896 765 καὶ

1109 781 1225 813 πλείονος
1245 784 1309 819 πρὸς
1333 785 1381 812 τὴν
1407 787 1455 814 τῆς
1483 783 1621 820 ἐπιθυμίας
1645 783 1818 822 ἐκπλήρωσιν,
1836 784 1896 810 κατὰ

1110 828 1154 854 τὸν
1169 825 1355 858 Ἐξηκεστίδου
1368 827 1478 863 Σόλωνα,
1494 828 1520 859 ὃς
1530 838 1595 865 φησι
1607 836 1616 846 ·

1111 924 1226 952 Πλούτου
1273 923 1299 952 δ’
1347 923 1423 953 ούδέν
1459 928 1542 964 τέρμα
1588 928 1751 964 πεφασμένον
1766 962 1774 964 Δ
1790 924 1895 963 ἀνδράσι

1765 962 1863 998 [κεῖται.

1107 1017 1149 1050 Τῷ
1170 1013 1199 1041 δε
1225 1013 1350 1050 Θεόγνιδι
1377 1016 1439 1052 πρὸς
1469 1018 1553 1042 ταῦτα
1581 1013 1737 1051 διδασκάλῳ
1762 1017 1894 1053 χρηστέον,

1107 1059 1206 1095 λέγοντι
1221 1067 1228 1074 ⁹

1108 1112 1164 1139 Οὐκ
1193 1114 1286 1155 ἔραμαι
1315 1113 1445 1157 πλουτεῖν,
1470 1113 1524 1140 οὔτ’
1547 1115 1662 1157 εξχομαι
1677 1121 1684 1129 '
1709 1113 1772 1140 ἀλλὰ
1794 1121 1837 1149 μοι
1862 1113 1895 1140 εἴη

1204 1148 1256 1184 Ζῇν
1272 1148 1322 1175 ἀπὸ
1343 1153 1392 1175 των
1407 1149 1500 1185 ὀλίγων
1514 1148 1597 1186 μηδεν
1612 1148 1702 1186 ἔχοντι
1721 1148 1809 1176 κακόν.

1142 1201 1207 1237 Ἐγὼ
1231 1200 1260 1229 δὲ
1286 1204 1331 1228 καὶ
1359 1204 1493 1238 Διογένους
1519 1203 1620 1239 ἄγαμαι
1642 1204 1690 1232 τὴν
1714 1203 1813 1229 πάντων
1838 1202 1896 1237 ὁμοῦ

1105 1249 1156 1273 τῶν
1175 1245 1340 1283 ἀνθρωπίνων
1360 1246 1503 1283 ὑπεροψίαν
1528 1248 1555 1278 ὃς
1579 1257 1607 1283 γε
1630 1249 1675 1274 καὶ
1705 1247 1832 1284 βασιλέως
1855 1249 1896 1272 τοῦ

1107 1291 1220 1327 μεγάλου
1251 1290 1341 1318 ἑαυτὸν
1370 1291 1482 1328 ἀπέφηνε
1511 1292 1711 1328 πλουσιώτερον,
1741 1296 1777 1328 τῷ
1805 1291 1896 1318 ἄλαι-τὼ

1106 1344 1155 1361 νων
1178 1335 1193 1364 ἲ)
1221 1334 1313 1366 ὶκεῖνος
1341 1337 1410 1362 κατὰ
1425 1338 1469 1362 τόν
1496 1335 1555 1372 βίον
1580 1335 1770 1373 προσδεῖσθαι.
1786 1339 1843 1367 Τοῖς
1869 1333 1896 1361 δί

1106 1379 1278 1415 πλεονέκταις,
1304 1380 1326 1407 εἰ
1350 1383 1386 1417 μὴ
1414 1382 1447 1407 τὰ
1467 1382 1566 1408 Πυθίου
1595 1385 1641 1408 τοῦ
1673 1381 1768 1408 Μυσοῦ
1791 1382 1894 1417 προσείη

1106 1424 1228 1458 τάλαντα,
1249 1427 1294 1451 καὶ
1308 1425 1406 1462 πλέθρα
1420 1430 1470 1461 γῆς
1494 1428 1560 1452 τόσα
1573 1428 1619 1452 καὶ
1643 1428 1719 1461 τόσα,
1740 1428 1785 1452 καὶ
1804 1424 1895 1462 βοσκη-

1105 1470 1193 1505 μάτων
1209 1469 1285 1506 ἑσμοὶ
1307 1470 1411 1501 πλείους
1433 1471 1446 1500 ἦ
1473 1470 1632 1507 ἀριθμῆσαι,
1653 1469 1732 1497 οὐδεν
1759 1470 1894 1508 ἂξαρκέσει.

1105 1513 1172 1540 Ἀλλ’
1191 1515 1278 1550 ὡσπερ
1300 1516 1324 1541 οἱ
1343 1516 1388 1545 τὰς
1411 1515 1541 1552 κλίμακας
1562 1515 1754 1551 ἀναϐαίνοντες,
1776 1515 1814 1541 ἀεὶ
1838 1516 1896 1550 πρὸς

1104 1560 1150 1587 τὴν
1163 1559 1346 1595 ὑπερκειμένην
1361 1560 1399 1595 (5)
1421 1558 1545 1596 βαθμίδα
1568 1561 1598 1586 τὸ
1626 1561 1703 1596 ἴχνος
1729 1562 1851 1597 αἴροντες,
1869 1558 1896 1584 οὐ

1104 1605 1228 1640 πρότερον
1261 1602 1427 1639 ἀφίστανται,
1458 1606 1520 1641 πρὶν
1547 1604 1577 1630 ἂν
1600 1608 1649 1635 τῆς
1681 1605 1764 1641 ἄκρας
1796 1603 1897 1640 ἀφίκωνι

1104 1657 1148 1673 ται
1163 1648 1201 1680 (6)
1217 1655 1225 1663 ·
1250 1647 1318 1674 οὕτω
1336 1650 1382 1674 καὶ
1408 1648 1490 1682 οὗτοι,
1516 1649 1575 1675 ὅταν
1593 1653 1685 1675 τοῦτον
1713 1650 1757 1675 τὸν
1781 1648 1896 1674 πλούσιον

1104 1692 1307 1726 καταλάϐωσιν,
1336 1693 1409 1723 εὐθὺς
1436 1697 1472 1729 τῷ
1499 1693 1684 1731 πλουσιωτέρῳ
1719 1693 1895 1731 παρισωθῆναι

1105 1737 1278 1773 φιλονεικοῦσι
1293 1745 1299 1752 ·
1315 1736 1362 1763 κᾶν
1384 1737 1423 1764 ἐπ’
1445 1737 1538 1764 ἐκεῖνον
1557 1739 1706 1774 φθάσωσιν,
1722 1737 1764 1764 ἐπὶ
1776 1739 1818 1763 τὸν
1828 1736 1896 1762 άλλον

1105 1784 1152 1811 τὴν
1173 1780 1293 1811 σπουδήν
1308 1785 1492 1820 μεταφέρουσι,
1512 1783 1600 1809 καὶού
1619 1784 1748 1809 παύονται
1767 1786 1814 1812 τῆς
1835 1781 1896 1806 κατὰ

1105 1828 1151 1855 τὴν
1179 1825 1334 1852 δυναστείαν
1359 1828 1452 1863 ὁρμῆς,
1479 1828 1526 1858 ἕως
1544 1827 1574 1852 ἀν
1604 1827 1760 1862 ὑψωθέντες,
1785 1826 1833 1852 ἀπὸ
1857 1833 1896 1860 με·

1105 1873 1201 1907 τεώρου
1218 1875 1263 1897 τοῦ
1278 1874 1415 1907 πτώματος
1431 1872 1539 1902 ἑαυτοὺς
1551 1871 1748 1909 καταρῤἠξωσι,

1142 1918 1168 1942 2.
1197 1917 1247 1942 Καὶ
1280 1917 1366 1952 ὥσπερ
1396 1917 1420 1942 οἱ
1441 1916 1491 1942 ὑπὸ
1512 1918 1607 1952 μανίας
1633 1918 1781 1952 παράγοροι
1812 1914 1840 1941 οὐ
1866 1913 1895 1940 τὰ

1106 1961 1250 1996 πράγματα
1278 1959 1430 1996 βλέπουσιν,
1457 1960 1519 1986 ἀλλὰ
1543 1962 1576 1987 τὰ
1597 1960 1624 1986 ἐκ
1650 1965 1698 1987 τοῦ
1720 1961 1820 1989 παθονς
1841 1967 1896 1994 φαν-

1106 2005 1248 2035 τάζονται·
1276 2004 1355 2035 οὕτως
1375 2006 1390 2033 ἡ
1420 2008 1465 2030 τοῦ
1491 2005 1643 2031 πλεονέκτου
1668 2005 1746 2041 ψυχὴ
1775 2008 1805 2040 τῇ
1834 2002 1896 2038 φιλο-

1107 2051 1247 2086 χρηματίᾳ
1270 2050 1477 2085 καταχωσθεῖσα
1497 2050 1543 2084 (7),
1569 2051 1653 2076 πάντα
1681 2050 1795 2087 χρυσὸν,
1819 2048 1896 2074 πάντα

1107 2094 1219 2131 ἄργυρον
1232 2093 1332 2130 βλέπει.
1349 2092 1442 2120 Ἥδιον
1462 2093 1492 2119 ἂν
1507 2092 1552 2130 ῖδῃ
1574 2094 1611 2129 (8)
1626 2095 1669 2120 τὸν
1684 2095 1798 2131 χρυσὸν,
1811 2092 1841 2120 τῆ
1857 2092 1895 2116 τὸν

1108 2138 1189 2168 ἣλιον.
1204 2140 1318 2174 Εὔχεται
1329 2139 1413 2164 πάντα
1426 2140 1489 2175 πρὸς
1504 2141 1552 2168 τὴν
1564 2142 1609 2164 τοῦ
1620 2142 1727 2175 χρυσοῦ
1738 2139 1814 2174 φύσιν
1826 2145 1896 2172 μετοι⁸

1107 2182 1244 2218 ϐληθῆναι,
1258 2184 1303 2208 καὶ
1319 2182 1414 2209 ἐπινοεῖ
1431 2182 1516 2219 μέντοι
1532 2182 1590 2209 καθ’
1611 2183 1673 2209 ὅσον
1700 2183 1752 2208 οἷον
1766 2190 1802 2209 τε.
1822 2181 1896 2206 Ποίαν

226 2217 362 2242 mentum
370 2215 404 2243 iit
413 2215 455 2243 illi
470 2223 590 2248 aurum,
598 2215 704 2244 vinum
717 2217 748 2244 in
759 2224 866 2245 aurum
876 2217 1049 2251 concrescit,

1108 2228 1155 2264 γὰρ
1169 2215 1293 2263 μηχανὴν
1310 2225 1356 2253 δια
1371 2215 1474 2264 χρυσὸν
1499 2226 1528 2253 οὐ
1548 2230 1632 2261 κινεῖς
1648 2226 1678 2253 '0
1706 2230 1776 2256 σῖτος
1801 2224 1896 2262 χρυσός

224 2257 301 2286 laute
318 2259 359 2286 illi
376 2259 407 2286 in
426 2267 534 2287 aurum
555 2262 727 2291 vertuntur;
752 2263 922 2289 mercatura
940 2262 1050 2296 omnis,

224 2303 322 2330 omnis
332 2303 451 2331 solertia
461 2304 541 2339 parit
552 2304 592 2332 illi
601 2312 720 2332 aurum.
729 2306 831 2340 [psum
841 2312 948 2332 aurum
961 2312 1049 2339 gene-

222 2348 269 2374 rat
297 2347 504 2383 semetipsum,
520 2348 594 2375 dum
618 2356 672 2384 per
686 2348 791 2376 fenora
816 2349 1048 2384 multiplicatur;

222 2398 320 2426 neque
336 2391 414 2418 ullus
429 2391 499 2419 ﬁnis
519 2392 668 2428 reperitur
687 2393 868 2428 cupiditatis.
887 2395 928 2421 Ac
949 2394 1051 2430 pueris

223 2435 348 2471 quidem
359 2435 472 2470 gulosis
482 2436 662 2472 plerumque
677 2437 920 2470 concedimus,ut
933 2438 970 2466 iis
980 2446 1050 2475 quae

226 2480 360 2516 cupiunt,
367 2487 433 2508 sese
448 2479 570 2508 abunde
583 2480 732 2516 expleant,
739 2483 772 2509 ut
780 2489 834 2518 per
843 2482 991 2518 majorem
1001 2491 1050 2512 sa-

228 2525 376 2554 turitatem
395 2524 549 2553 fastidium
570 2525 645 2562 ipsis
668 2525 820 2554 aﬂ‘eratur.
845 2527 962 2556 Avarus
988 2535 1050 2557 non

262 2588 299 2623 (1)
313 2589 354 2615 Ex
372 2588 456 2616 hom.
472 2587 504 2615 in
518 2590 612 2617 mari.
627 2589 776 2624 Juliltam,
792 2590 839 2617 39.

265 2625 302 2658 (2)
316 2625 357 2651 Ex
373 2631 463 2660 serm.
474 2624 662 2660 rDerlegcndis
676 2624 759 2653 libris
770 2628 863 2660 gent,
881 2627 942 2655 183.

263 2659 302 2694 (3)
317 2660 357 2687 Ex
372 2659 454 2687 hom.
466 2659 498 2686 in
508 2659 624 2692 diviles,
639 2662 681 2687 57.

264 2696 302 2733 (4)
318 2695 362 2733 Ex
375 2695 458 2723 hom.
474 2695 505 2722 in
524 2695 598 2733 illud
613 2697 708 2730 Lucis,
722 2696 894 2733 Destruam,
913 2699 956 2725 47.

265 2731 303 2764 (5)
318 2729 523 2766 ’Υπιρκειμένην.
540 2730 586 2759 Sic
601 2732 758 2759 contextus
771 2729 968 2762 BasiliiXEditi
979 2740 1048 2762 nos-

229 2765 264 2793 tri
269 2801 272 2802 7
277 2765 454 2802 ὑποκειμένην.

263 2801 304 2836 (6)
317 2801 483 2836 ’Δφίκωνται.
499 2802 582 2831 Forte
591 2801 738 2838 ἐφίκωνται.
755 2803 832 2831 Enn.

1106 2271 1176 2306 αὐτῷ
1195 2274 1311 2307 γίνεται·
1329 2272 1342 2298 ὁ
1367 2270 1433 2302 οἶνος
1458 2271 1494 2302 εἰς
1516 2273 1620 2308 χρυσὸν
1642 2273 1852 2307 μεταπήγνυται·
1866 2268 1896 2294 τὰ

1106 2317 1162 2353 ἔρια
1173 2316 1242 2351 αὐτῷ
1266 2315 1471 2353 ἁποχρνσοῡται
1484 2323 1490 2330 ·
1516 2319 1590 2342 πᾶσα
1609 2315 1733 2352 ἐμπορία,
1759 2318 1832 2341 πᾶσα
1845 2312 1894 2338 ἐπί·-

1104 2370 1162 2387 νοια
1185 2362 1288 2398 χρυσὸν
1317 2361 1387 2396 αὐτῷ
1411 2361 1540 2397 προσάγει
1571 2361 1623 2396 (9).
1656 2360 1741 2390 Αὐτὸς
1768 2359 1854 2385 ἑαυτὸν
1881 2357 1893 2381 ὁ

1105 2407 1208 2442 χρυσὸς
1223 2405 1645 2441 ἁπογεννᾷ,πολυπλασιαζόμενος
1672 2404 1697 2430 ἐν
1720 2402 1891 2438 δανείσμασι¹

1105 2453 1148 2476 καὶ
1166 2449 1234 2480 τελος
1259 2454 1307 2480 τῆς
1333 2449 1473 2486 ἐπιθυμίας
1498 2449 1545 2483 οὐκ
1568 2449 1753 2485 ἐξευρίσκεται.
1776 2451 1830 2474 Τῶν
1851 2447 1892 2482 μὲν

1104 2496 1155 2531 γὰρ
1175 2492 1277 2521 παίδων
1296 2497 1352 2525 τοῖς
1366 2494 1466 2530 λίχνοις
1488 2492 1601 2530 ἀφειδῶς
1622 2493 1746 2524 πολλάκις
1765 2489 1893 2527 ἓνδίδομεν

1105 2543 1155 2565 τῶν
1180 2536 1417 2576 περισπουδάστων
1446 2539 1501 2574 (i0)
1532 2537 1805 2575 ὑπερεμπίμπλασθαι,
1833 2536 1892 2561 ὥστε

1139 2591 1179 2629 (7)
1190 2593 1417 2629 (καταχωσθεῖσα.
1433 2591 1595 2620 Contextus
1605 2591 1814 2627 πατασχεθεῖσα.

1152 2625 1176 2657 8i
1188 2625 1261 2664 Ἴδῃ.
1269 2625 1360 2655 ’Ῡοινὶθ
1376 2626 1439 2655 ἴδοι.
1455 2629 1531 2664 Enn.

1152 2663 1178 2697 9)
1194 2661 1336 2700 Προσάγει.
1357 2664 1403 2691 Sic
1422 2663 1561 2691 codicum
1577 2663 1650 2692 alter
1668 2664 1697 2691 et
1711 2661 1808 2690 Basilii
1828 2665 1891 2688 con.

1105 2699 1221 2726 textusr
1228 2699 1303 2726 Editi
1317 2700 1436 2734 προάγει.

1209 2738 1264 2761 Τῶν
1279 2731 1408 2772 περίσπού
1414 2733 1527 2772 λάστων.
1542 2734 1588 2762 Sic
1600 2734 1681 2772 idem
1695 2732 1790 2762 codex
1800 2732 1828 2761 et
1840 2731 1888 2758 ΒΕ·

1104 2769 1160 2798 silli
1172 2768 1334 2798 cbntextua.
1349 2770 1423 2799 Editi
1433 2774 1470 2805 τῷ
1488 2768 1719 2807 περισπουδάστῳ.
