  <div class='ocr_page' id='page_1' title='image "/cluster/home/n/w/nwhite01/storage/ocr_20150623/32/njp.32101077772539/616.png"; bbox 0 0 2003 3140; ppageno 0'>
   <div class='ocr_carea' id='block_1_1' title="bbox 72 92 134 119">
    <p class='ocr_par' dir='ltr' id='par_1_1' title="bbox 72 92 134 119">
     <span class='ocr_line' id='line_1_1' title="bbox 72 92 134 119; baseline -0.016 0"><span class='ocrx_word' id='word_1_1' title='bbox 72 92 134 119; x_wconf 77' lang='grc'><strong>1189</strong></span> 
     </span>
    </p>
   </div>
   <div class='ocr_carea' id='block_1_2' title="bbox 659 83 1154 114">
    <p class='ocr_par' dir='ltr' id='par_1_2' title="bbox 659 83 1154 114">
     <span class='ocr_line' id='line_1_2' title="bbox 659 83 1154 114; baseline -0.006 0"><span class='ocrx_word' id='word_1_2' title='bbox 659 86 774 114; x_wconf 76' lang='lat' dir='ltr'><strong>SERMO</strong></span> <span class='ocrx_word' id='word_1_3' title='bbox 795 85 838 113; x_wconf 83' lang='lat' dir='ltr'><strong>Vl.</strong></span> <span class='ocrx_word' id='word_1_4' title='bbox 859 92 893 106; x_wconf 60' lang='grc' dir='ltr'><strong>καί</strong></span> <span class='ocrx_word' id='word_1_5' title='bbox 913 86 958 113; x_wconf 84' lang='lat' dir='ltr'><strong>DE</strong></span> <span class='ocrx_word' id='word_1_6' title='bbox 981 83 1154 112; x_wconf 70' lang='lat' dir='ltr'><strong>AVARITIA.</strong></span> 
     </span>
    </p>
   </div>
   <div class='ocr_carea' id='block_1_3' title="bbox 1677 84 1745 114">
    <p class='ocr_par' dir='ltr' id='par_1_3' title="bbox 1677 84 1745 114">
     <span class='ocr_line' id='line_1_3' title="bbox 1677 84 1745 114; baseline 0 0"><span class='ocrx_word' id='word_1_7' title='bbox 1677 84 1745 114; x_wconf 75' lang='lat' dir='ltr'><strong>H90</strong></span> 
     </span>
    </p>
   </div>
   <div class='ocr_carea' id='block_1_4' title="bbox 68 143 883 188">
    <p class='ocr_par' dir='ltr' id='par_1_4' title="bbox 68 146 869 188">
     <span class='ocr_line' id='line_1_4' title="bbox 68 146 869 188; baseline -0.006 -10"><span class='ocrx_word' id='word_1_8' title='bbox 68 154 159 188; x_wconf 71' lang='grc' dir='ltr'>μένους</span> <span class='ocrx_word' id='word_1_9' title='bbox 189 150 322 187; x_wconf 66' lang='grc' dir='ltr'>προσίὸω,</span> <span class='ocrx_word' id='word_1_10' title='bbox 354 151 469 179; x_wconf 75' lang='grc' dir='ltr'>ὕποπτος</span> <span class='ocrx_word' id='word_1_11' title='bbox 497 149 587 179; x_wconf 74' lang='grc' dir='ltr'>αὐτοῖς</span> <span class='ocrx_word' id='word_1_12' title='bbox 618 146 671 178; x_wconf 80' lang='grc' dir='ltr'><strong>ἤδη</strong></span> <span class='ocrx_word' id='word_1_13' title='bbox 703 149 869 184; x_wconf 68' lang='grc' dir='ltr'><strong>γεγενημένος</strong></span> 
     </span>
    </p>
   </div>
   <div class='ocr_carea' id='block_1_5' title="bbox 937 143 1745 188">
    <p class='ocr_par' dir='ltr' id='par_1_5' title="bbox 940 143 1745 182">
     <span class='ocr_line' id='line_1_5' title="bbox 940 143 1745 182; baseline 0.001 -8"><span class='ocrx_word' id='word_1_14' title='bbox 940 146 1011 179; x_wconf 88' lang='lat' dir='ltr'><strong>iam,</strong></span> <span class='ocrx_word' id='word_1_15' title='bbox 1027 145 1084 174; x_wconf 88' lang='lat' dir='ltr'><strong>illis</strong></span> <span class='ocrx_word' id='word_1_16' title='bbox 1097 146 1162 181; x_wconf 89' lang='lat' dir='ltr'><strong>jam</strong></span> <span class='ocrx_word' id='word_1_17' title='bbox 1176 145 1309 182; x_wconf 53' lang='lat' dir='ltr'><strong>perﬁdiae</strong></span> <span class='ocrx_word' id='word_1_18' title='bbox 1322 152 1358 174; x_wconf 89' lang='lat' dir='ltr'><strong>ac</strong></span> <span class='ocrx_word' id='word_1_19' title='bbox 1368 143 1548 181; x_wconf 75' lang='lat' dir='ltr'><strong>proditionis</strong></span> <span class='ocrx_word' id='word_1_20' title='bbox 1556 147 1679 175; x_wconf 81' lang='lat' dir='ltr'><strong>nomine</strong></span> <span class='ocrx_word' id='word_1_21' title='bbox 1696 155 1745 174; x_wconf 89' lang='lat' dir='ltr'><strong>su-</strong></span> 
     </span>
    </p>
   </div>
   <div class='ocr_carea' id='block_1_6' title="bbox 70 192 869 229">
    <p class='ocr_par' dir='ltr' id='par_1_6' title="bbox 70 192 869 229">
     <span class='ocr_line' id='line_1_6' title="bbox 70 192 869 229; baseline -0.006 -7"><span class='ocrx_word' id='word_1_22' title='bbox 70 197 104 227; x_wconf 76' lang='grc' dir='ltr'><strong>είς</strong></span> <span class='ocrx_word' id='word_1_23' title='bbox 127 195 271 228; x_wconf 52' lang='lat' dir='ltr'><strong>eum”;</strong></span> <span class='ocrx_word' id='word_1_24' title='bbox 291 198 351 225; x_wconf 77' lang='grc' dir='ltr'><strong>Πῶς</strong></span> <span class='ocrx_word' id='word_1_25' title='bbox 368 195 468 223; x_wconf 74' lang='grc' dir='ltr'>οἰκήσω</span> <span class='ocrx_word' id='word_1_26' title='bbox 482 196 529 223; x_wconf 76' lang='grc' dir='ltr'>τὴν</span> <span class='ocrx_word' id='word_1_27' title='bbox 549 194 645 226; x_wconf 81' lang='grc' dir='ltr'>οἰκίαν,</span> <span class='ocrx_word' id='word_1_28' title='bbox 663 192 765 229; x_wconf 78' lang='grc' dir='ltr'><strong>ἐμαυτῷ</strong></span> <span class='ocrx_word' id='word_1_29' title='bbox 785 201 869 218; x_wconf 81' lang='grc' dir='ltr'>κατα-</span> 
     </span>
    </p>
   </div>
   <div class='ocr_carea' id='block_1_7' title="bbox 71 237 868 274">
    <p class='ocr_par' dir='ltr' id='par_1_7' title="bbox 71 237 868 274">
     <span class='ocr_line' id='line_1_7' title="bbox 71 237 868 274; baseline -0.006 -7"><span class='ocrx_word' id='word_1_30' title='bbox 71 242 202 270; x_wconf 75' lang='grc' dir='ltr'><strong>σκευάσας</strong></span> <span class='ocrx_word' id='word_1_31' title='bbox 232 241 279 268; x_wconf 83' lang='grc' dir='ltr'>τὴν</span> <span class='ocrx_word' id='word_1_32' title='bbox 308 238 454 272; x_wconf 55' lang='lat' dir='ltr'><strong>(inuidiam;</strong></span> <span class='ocrx_word' id='word_1_33' title='bbox 481 243 536 268; x_wconf 77' lang='grc' dir='ltr'>πῶς</span> <span class='ocrx_word' id='word_1_34' title='bbox 564 240 606 264; x_wconf 79' lang='grc' dir='ltr'><strong>ἐπὶ</strong></span> <span class='ocrx_word' id='word_1_35' title='bbox 630 238 760 274; x_wconf 77' lang='grc' dir='ltr'>τράπεζαν</span> <span class='ocrx_word' id='word_1_36' title='bbox 793 237 868 271; x_wconf 61' lang='grc' dir='ltr'>ιλθω,</span> 
     </span>
    </p>
   </div>
   <div class='ocr_carea' id='block_1_8' title="bbox 73 282 871 320">
    <p class='ocr_par' dir='ltr' id='par_1_8' title="bbox 73 282 871 320">
     <span class='ocr_line' id='line_1_8' title="bbox 73 282 871 320; baseline -0.005 -10"><span class='ocrx_word' id='word_1_37' title='bbox 73 284 98 310; x_wconf 77' lang='grc' dir='ltr'>ἐκ</span> <span class='ocrx_word' id='word_1_38' title='bbox 121 285 248 315; x_wconf 76' lang='grc' dir='ltr'><strong>τοιαύτης</strong></span> <span class='ocrx_word' id='word_1_39' title='bbox 270 284 422 320; x_wconf 74' lang='grc' dir='ltr'><strong>προφάσεως</strong></span> <span class='ocrx_word' id='word_1_40' title='bbox 445 285 492 312; x_wconf 79' lang='grc' dir='ltr'>τὴν</span> <span class='ocrx_word' id='word_1_41' title='bbox 516 283 638 319; x_wconf 67' lang='grc' dir='ltr'>εὐπορίαν</span> <span class='ocrx_word' id='word_1_42' title='bbox 663 283 798 317; x_wconf 54' lang='lat' dir='ltr'><strong>Elaeam;</strong></span> <span class='ocrx_word' id='word_1_43' title='bbox 821 282 871 307; x_wconf 82' lang='grc' dir='ltr'><strong>Καὶ</strong></span> 
     </span>
    </p>
   </div>
   <div class='ocr_carea' id='block_1_9' title="bbox 73 324 871 365">
    <p class='ocr_par' dir='ltr' id='par_1_9' title="bbox 73 324 871 365">
     <span class='ocr_line' id='line_1_9' title="bbox 73 324 871 365; baseline -0.005 -10"><span class='ocrx_word' id='word_1_44' title='bbox 73 331 85 356; x_wconf 75' lang='grc' dir='ltr'><strong><em>ὀ</em></strong></span> <span class='ocrx_word' id='word_1_45' title='bbox 101 330 145 365; x_wconf 63' lang='grc' dir='ltr'>μὲν</span> <span class='ocrx_word' id='word_1_46' title='bbox 164 330 231 364; x_wconf 81' lang='grc' dir='ltr'><strong>μετά</strong></span> <span class='ocrx_word' id='word_1_47' title='bbox 247 331 346 365; x_wconf 80' lang='grc' dir='ltr'><strong>μυρίων</strong></span> <span class='ocrx_word' id='word_1_48' title='bbox 362 326 483 364; x_wconf 75' lang='grc' dir='ltr'>δακρύων</span> <span class='ocrx_word' id='word_1_49' title='bbox 505 329 547 353; x_wconf 87' lang='grc' dir='ltr'>τόν</span> <span class='ocrx_word' id='word_1_50' title='bbox 570 326 690 362; x_wconf 80' lang='grc' dir='ltr'>φίλτατον</span> <span class='ocrx_word' id='word_1_51' title='bbox 706 330 754 352; x_wconf 84' lang='grc' dir='ltr'>τῶν</span> <span class='ocrx_word' id='word_1_52' title='bbox 770 324 871 352; x_wconf 72' lang='grc' dir='ltr'>παίδων</span> 
     </span>
    </p>
   </div>
   <div class='ocr_carea' id='block_1_10' title="bbox 75 370 871 409">
    <p class='ocr_par' dir='ltr' id='par_1_10' title="bbox 75 370 871 409">
     <span class='ocr_line' id='line_1_10' title="bbox 75 370 871 409; baseline -0.004 -10"><span class='ocrx_word' id='word_1_53' title='bbox 75 372 274 409; x_wconf 79' lang='grc' dir='ltr'>ὰπεμπωλήσων</span> <span class='ocrx_word' id='word_1_54' title='bbox 296 374 402 408; x_wconf 78' lang='grc' dir='ltr'>ἔρχεται</span> <span class='ocrx_word' id='word_1_55' title='bbox 415 382 420 388; x_wconf 92' lang='grc'><strong>·</strong></span> <span class='ocrx_word' id='word_1_56' title='bbox 447 373 476 398; x_wconf 70' lang='grc' dir='ltr'><strong>σε</strong></span> <span class='ocrx_word' id='word_1_57' title='bbox 499 370 527 397; x_wconf 67' lang='grc' dir='ltr'><strong>δὲ</strong></span> <span class='ocrx_word' id='word_1_58' title='bbox 551 371 580 397; x_wconf 78' lang='grc' dir='ltr'>οὐ</span> <span class='ocrx_word' id='word_1_59' title='bbox 600 372 713 407; x_wconf 75' lang='grc' dir='ltr'><strong>κάμπτει</strong></span> <span class='ocrx_word' id='word_1_60' title='bbox 732 373 761 396; x_wconf 84' lang='grc' dir='ltr'>τὸ</span> <span class='ocrx_word' id='word_1_61' title='bbox 780 370 871 402; x_wconf 82' lang='grc' dir='ltr'>πάθος,</span> 
     </span>
    </p>
   </div>
   <div class='ocr_carea' id='block_1_11' title="bbox 76 415 873 453">
    <p class='ocr_par' dir='ltr' id='par_1_11' title="bbox 76 415 873 453">
     <span class='ocr_line' id='line_1_11' title="bbox 76 415 873 453; baseline -0.004 -10"><span class='ocrx_word' id='word_1_62' title='bbox 76 418 104 443; x_wconf 73' lang='grc' dir='ltr'>οὐ</span> <span class='ocrx_word' id='word_1_63' title='bbox 128 417 255 453; x_wconf 80' lang='grc' dir='ltr'>λογισμὸν</span> <span class='ocrx_word' id='word_1_64' title='bbox 277 416 413 452; x_wconf 74' lang='grc' dir='ltr'>λαμϐάνεις</span> <span class='ocrx_word' id='word_1_65' title='bbox 432 420 477 446; x_wconf 80' lang='grc' dir='ltr'>τῆς</span> <span class='ocrx_word' id='word_1_66' title='bbox 493 417 600 451; x_wconf 76' lang='grc' dir='ltr'>φύσεως.</span> <span class='ocrx_word' id='word_1_67' title='bbox 618 415 685 452; x_wconf 52' lang='lat' dir='ltr'><strong>‘AD.’</strong></span> <span class='ocrx_word' id='word_1_68' title='bbox 701 416 714 441; x_wconf 83' lang='grc' dir='ltr'><strong><em>ὁ</em></strong></span> <span class='ocrx_word' id='word_1_69' title='bbox 729 418 773 451; x_wconf 74' lang='grc' dir='ltr'>μὲν</span> <span class='ocrx_word' id='word_1_70' title='bbox 797 415 873 451; x_wconf 83' lang='grc' dir='ltr'>λιμὸς</span> 
     </span>
    </p>
   </div>
   <div class='ocr_carea' id='block_1_12' title="bbox 77 459 872 498">
    <p class='ocr_par' dir='ltr' id='par_1_12' title="bbox 77 459 872 498">
     <span class='ocr_line' id='line_1_12' title="bbox 77 459 872 498; baseline -0.004 -10"><span class='ocrx_word' id='word_1_71' title='bbox 77 464 182 498; x_wconf 71' lang='grc' dir='ltr'>συνέχει</span> <span class='ocrx_word' id='word_1_72' title='bbox 209 463 252 487; x_wconf 86' lang='grc' dir='ltr'>τὸν</span> <span class='ocrx_word' id='word_1_73' title='bbox 277 461 375 493; x_wconf 77' lang='grc' dir='ltr'>ἄθλιον,</span> <span class='ocrx_word' id='word_1_74' title='bbox 402 463 435 486; x_wconf 75' lang='grc' dir='ltr'>σὺ</span> <span class='ocrx_word' id='word_1_75' title='bbox 463 459 492 487; x_wconf 75' lang='grc' dir='ltr'>δε</span> <span class='ocrx_word' id='word_1_76' title='bbox 518 460 648 496; x_wconf 78' lang='grc' dir='ltr'>ἀναϐάλλῃ</span> <span class='ocrx_word' id='word_1_77' title='bbox 673 462 717 486; x_wconf 85' lang='grc' dir='ltr'>καὶ</span> <span class='ocrx_word' id='word_1_78' title='bbox 741 460 872 497; x_wconf 73' lang='grc' dir='ltr'><strong>εἰρωνεύῃ,</strong></span> 
     </span>
    </p>
   </div>
   <div class='ocr_carea' id='block_1_13' title="bbox 74 505 874 543">
    <p class='ocr_par' dir='ltr' id='par_1_13' title="bbox 74 505 874 543">
     <span class='ocr_line' id='line_1_13' title="bbox 74 505 874 543; baseline -0.004 -10"><span class='ocrx_word' id='word_1_79' title='bbox 74 509 237 543; x_wconf 75' lang='grc' dir='ltr'>μακροτέραν</span> <span class='ocrx_word' id='word_1_80' title='bbox 263 505 334 541; x_wconf 74' lang='grc' dir='ltr'>αὐτῷ</span> <span class='ocrx_word' id='word_1_81' title='bbox 359 505 562 535; x_wconf 75' lang='grc' dir='ltr'><strong>κατασκευάζων</strong></span> <span class='ocrx_word' id='word_1_82' title='bbox 585 507 631 534; x_wconf 78' lang='grc' dir='ltr'>τὴν</span> <span class='ocrx_word' id='word_1_83' title='bbox 653 505 799 540; x_wconf 68' lang='grc' dir='ltr'>συμφοράν.</span> <span class='ocrx_word' id='word_1_84' title='bbox 824 506 874 531; x_wconf 78' lang='grc' dir='ltr'><strong>Καὶ</strong></span> 
     </span>
    </p>
   </div>
   <div class='ocr_carea' id='block_1_14' title="bbox 75 550 872 587">
    <p class='ocr_par' dir='ltr' id='par_1_14' title="bbox 75 550 872 587">
     <span class='ocr_line' id='line_1_14' title="bbox 75 550 872 587; baseline -0.004 -10"><span class='ocrx_word' id='word_1_85' title='bbox 75 552 86 577; x_wconf 75' lang='grc' dir='ltr'><em>ἁ</em></span> <span class='ocrx_word' id='word_1_86' title='bbox 108 553 153 587; x_wconf 75' lang='grc' dir='ltr'><strong>μεν</strong></span> <span class='ocrx_word' id='word_1_87' title='bbox 177 552 211 577; x_wconf 79' lang='grc' dir='ltr'>τὰ</span> <span class='ocrx_word' id='word_1_88' title='bbox 237 550 379 586; x_wconf 80' lang='grc' dir='ltr'>σπλάγχνα</span> <span class='ocrx_word' id='word_1_89' title='bbox 400 552 560 587; x_wconf 75' lang='grc' dir='ltr'><strong>προτείνεται</strong></span> <span class='ocrx_word' id='word_1_90' title='bbox 579 552 657 585; x_wconf 81' lang='grc' dir='ltr'>τιμὴν</span> <span class='ocrx_word' id='word_1_91' title='bbox 680 553 730 575; x_wconf 80' lang='grc' dir='ltr'><strong>τῶν</strong></span> <span class='ocrx_word' id='word_1_92' title='bbox 753 553 872 586; x_wconf 78' lang='grc' dir='ltr'>τροφῶν-</span> 
     </span>
    </p>
   </div>
   <div class='ocr_carea' id='block_1_15' title="bbox 76 593 875 632">
    <p class='ocr_par' dir='ltr' id='par_1_15' title="bbox 76 593 875 632">
     <span class='ocr_line' id='line_1_15' title="bbox 76 593 875 632; baseline -0.005 -10"><span class='ocrx_word' id='word_1_93' title='bbox 76 593 169 629; x_wconf 46' lang='lat' dir='ltr'><strong>codd“:</strong></span> <span class='ocrx_word' id='word_1_94' title='bbox 191 595 221 621; x_wconf 70' lang='grc' dir='ltr'>οὐ</span> <span class='ocrx_word' id='word_1_95' title='bbox 241 596 318 630; x_wconf 86' lang='grc' dir='ltr'>μόνον</span> <span class='ocrx_word' id='word_1_96' title='bbox 333 594 380 620; x_wconf 79' lang='grc' dir='ltr'><strong>οὐκ</strong></span> <span class='ocrx_word' id='word_1_97' title='bbox 402 593 537 632; x_wconf 78' lang='grc' dir='ltr'>ἀποναρκᾲ</span> <span class='ocrx_word' id='word_1_98' title='bbox 557 595 572 622; x_wconf 81' lang='grc' dir='ltr'><strong>ἡ</strong></span> <span class='ocrx_word' id='word_1_99' title='bbox 593 596 666 630; x_wconf 85' lang='grc' dir='ltr'>χεὶρ,</span> <span class='ocrx_word' id='word_1_100' title='bbox 681 593 710 619; x_wconf 70' lang='grc' dir='ltr'>ἐκ</span> <span class='ocrx_word' id='word_1_101' title='bbox 724 597 773 618; x_wconf 82' lang='grc' dir='ltr'>τῶν</span> <span class='ocrx_word' id='word_1_102' title='bbox 787 594 875 619; x_wconf 80' lang='grc' dir='ltr'>τοιού-</span> 
     </span>
    </p>
   </div>
   <div class='ocr_carea' id='block_1_16' title="bbox 75 637 875 676">
    <p class='ocr_par' dir='ltr' id='par_1_16' title="bbox 75 637 875 676">
     <span class='ocr_line' id='line_1_16' title="bbox 75 637 875 676; baseline -0.004 -11"><span class='ocrx_word' id='word_1_103' title='bbox 75 650 122 666; x_wconf 84' lang='grc' dir='ltr'><strong>των</strong></span> <span class='ocrx_word' id='word_1_104' title='bbox 156 643 297 676; x_wconf 71' lang='grc' dir='ltr'>συμφορῶν</span> <span class='ocrx_word' id='word_1_105' title='bbox 330 637 512 675; x_wconf 70' lang='grc' dir='ltr'><strong>ὑποδεχομένη</strong></span> <span class='ocrx_word' id='word_1_106' title='bbox 539 640 696 675; x_wconf 82' lang='grc' dir='ltr'>τιμήματα·</span> <span class='ocrx_word' id='word_1_107' title='bbox 735 637 799 663; x_wconf 72' lang='grc' dir='ltr'>ἀλλὰ</span> <span class='ocrx_word' id='word_1_108' title='bbox 830 639 875 662; x_wconf 86' lang='grc' dir='ltr'>καὶ</span> 
     </span>
    </p>
   </div>
   <div class='ocr_carea' id='block_1_17' title="bbox 75 681 875 720">
    <p class='ocr_par' dir='ltr' id='par_1_17' title="bbox 75 681 875 720">
     <span class='ocr_line' id='line_1_17' title="bbox 75 681 875 720; baseline -0.003 -11"><span class='ocrx_word' id='word_1_109' title='bbox 75 684 240 719; x_wconf 72' lang='grc' dir='ltr'><strong>ζυγομαχεῖς</strong></span> <span class='ocrx_word' id='word_1_110' title='bbox 269 685 328 720; x_wconf 82' lang='grc' dir='ltr'>περὶ</span> <span class='ocrx_word' id='word_1_111' title='bbox 357 686 401 709; x_wconf 78' lang='grc' dir='ltr'>τοῦ</span> <span class='ocrx_word' id='word_1_112' title='bbox 428 683 559 713; x_wconf 88' lang='grc' dir='ltr'>πλείονος·</span> <span class='ocrx_word' id='word_1_113' title='bbox 590 685 635 708; x_wconf 75' lang='grc' dir='ltr'><strong>καὶ</strong></span> <span class='ocrx_word' id='word_1_114' title='bbox 662 683 731 712; x_wconf 84' lang='grc' dir='ltr'>ὅπως</span> <span class='ocrx_word' id='word_1_115' title='bbox 747 681 776 707; x_wconf 77' lang='grc' dir='ltr'>ἂν</span> <span class='ocrx_word' id='word_1_116' title='bbox 809 681 875 707; x_wconf 81' lang='grc' dir='ltr'>πολὺ</span> 
     </span>
    </p>
   </div>
   <div class='ocr_carea' id='block_1_18' title="bbox 74 725 876 764">
    <p class='ocr_par' dir='ltr' id='par_1_18' title="bbox 74 725 876 764">
     <span class='ocr_line' id='line_1_18' title="bbox 74 725 876 764; baseline -0.004 -10"><span class='ocrx_word' id='word_1_117' title='bbox 74 728 158 754; x_wconf 71' lang='grc' dir='ltr'>λαϐὼν</span> <span class='ocrx_word' id='word_1_118' title='bbox 184 728 290 754; x_wconf 75' lang='grc' dir='ltr'>ἔλαττον</span> <span class='ocrx_word' id='word_1_119' title='bbox 317 725 389 764; x_wconf 53' lang='lat' dir='ltr'><strong>deny;</strong></span> <span class='ocrx_word' id='word_1_120' title='bbox 417 727 576 763; x_wconf 74' lang='grc' dir='ltr'>φιλονεικείς,</span> <span class='ocrx_word' id='word_1_121' title='bbox 603 727 767 763; x_wconf 75' lang='grc' dir='ltr'>πανταχόθεν</span> <span class='ocrx_word' id='word_1_122' title='bbox 792 725 876 763; x_wconf 74' lang='grc' dir='ltr'>βαρύ-</span> 
     </span>
    </p>
   </div>
   <div class='ocr_carea' id='block_1_19' title="bbox 75 771 493 809">
    <p class='ocr_par' dir='ltr' id='par_1_19' title="bbox 75 771 493 809">
     <span class='ocr_line' id='line_1_19' title="bbox 75 771 493 809; baseline 0 -11"><span class='ocrx_word' id='word_1_123' title='bbox 75 784 122 799; x_wconf 85' lang='grc' dir='ltr'><strong>νων</strong></span> <span class='ocrx_word' id='word_1_124' title='bbox 138 775 186 802; x_wconf 83' lang='grc' dir='ltr'>τὴν</span> <span class='ocrx_word' id='word_1_125' title='bbox 203 773 339 809; x_wconf 80' lang='grc' dir='ltr'>συμφορὰν</span> <span class='ocrx_word' id='word_1_126' title='bbox 354 776 390 807; x_wconf 84' lang='grc' dir='ltr'>τῷ</span> <span class='ocrx_word' id='word_1_127' title='bbox 404 771 493 808; x_wconf 79' lang='grc' dir='ltr'>ἀθλίῳ.</span> 
     </span>
    </p>
   </div>
   <div class='ocr_carea' id='block_1_20' title="bbox 113 819 911 889">
    <p class='ocr_par' dir='ltr' id='par_1_20' title="bbox 113 851 875 889">
     <span class='ocr_line' id='line_1_20' title="bbox 113 851 875 889; baseline -0.005 -8"><span class='ocrx_word' id='word_1_128' title='bbox 113 856 137 881; x_wconf 79' lang='grc'><strong>5.</strong></span> <span class='ocrx_word' id='word_1_129' title='bbox 168 856 222 881; x_wconf 75' lang='grc' dir='ltr'><strong>Τήν</strong></span> <span class='ocrx_word' id='word_1_130' title='bbox 253 851 392 879; x_wconf 74' lang='grc' dir='ltr'>Σελευκίδα</span> <span class='ocrx_word' id='word_1_131' title='bbox 416 854 445 878; x_wconf 85' lang='grc' dir='ltr'>τὸ</span> <span class='ocrx_word' id='word_1_132' title='bbox 472 855 575 889; x_wconf 56' lang='grc' dir='ltr'>ᾄονεον,</span> <span class='ocrx_word' id='word_1_133' title='bbox 602 852 640 878; x_wconf 75' lang='grc' dir='ltr'><strong>ἐπ’</strong></span> <span class='ocrx_word' id='word_1_134' title='bbox 661 853 794 889; x_wconf 72' lang='grc' dir='ltr'><strong>εὐεργεσίᾳ</strong></span> <span class='ocrx_word' id='word_1_135' title='bbox 826 855 875 877; x_wconf 85' lang='grc' dir='ltr'>τῶν</span> 
     </span>
    </p>
   </div>
   <div class='ocr_carea' id='block_1_21' title="bbox 78 896 876 935">
    <p class='ocr_par' dir='ltr' id='par_1_21' title="bbox 78 896 876 935">
     <span class='ocr_line' id='line_1_21' title="bbox 78 896 876 935; baseline -0.003 -11"><span class='ocrx_word' id='word_1_136' title='bbox 78 898 240 935; x_wconf 66' lang='grc' dir='ltr'>ἀνθρώπων,</span> <span class='ocrx_word' id='word_1_137' title='bbox 275 897 414 933; x_wconf 76' lang='grc' dir='ltr'>ἁκὸρεστον</span> <span class='ocrx_word' id='word_1_138' title='bbox 447 896 513 923; x_wconf 82' lang='grc' dir='ltr'>εἶναι</span> <span class='ocrx_word' id='word_1_139' title='bbox 545 898 557 922; x_wconf 81' lang='grc' dir='ltr'>ὁ</span> <span class='ocrx_word' id='word_1_140' title='bbox 589 899 696 928; x_wconf 72' lang='grc' dir='ltr'>κτίστης</span> <span class='ocrx_word' id='word_1_141' title='bbox 729 901 779 922; x_wconf 77' lang='grc' dir='ltr'>τῶν</span> <span class='ocrx_word' id='word_1_142' title='bbox 813 896 876 923; x_wconf 83' lang='grc' dir='ltr'>ὅλων</span> 
     </span>
    </p>
   </div>
   <div class='ocr_carea' id='block_1_22' title="bbox 79 939 876 978">
    <p class='ocr_par' dir='ltr' id='par_1_22' title="bbox 79 939 876 978">
     <span class='ocr_line' id='line_1_22' title="bbox 79 939 876 978; baseline -0.001 -10"><span class='ocrx_word' id='word_1_143' title='bbox 79 942 289 978; x_wconf 78' lang='grc' dir='ltr'>ἐμηχανήσατο·</span> <span class='ocrx_word' id='word_1_144' title='bbox 311 943 344 967; x_wconf 77' lang='grc' dir='ltr'>σὺ</span> <span class='ocrx_word' id='word_1_145' title='bbox 371 939 400 968; x_wconf 77' lang='grc' dir='ltr'>δε</span> <span class='ocrx_word' id='word_1_146' title='bbox 425 941 467 968; x_wconf 77' lang='grc' dir='ltr'><strong>ἐπὶ</strong></span> <span class='ocrx_word' id='word_1_147' title='bbox 489 941 573 977; x_wconf 77' lang='grc' dir='ltr'>βλάϐη</span> <span class='ocrx_word' id='word_1_148' title='bbox 599 946 648 967; x_wconf 83' lang='grc' dir='ltr'>τῶν</span> <span class='ocrx_word' id='word_1_149' title='bbox 671 941 770 968; x_wconf 81' lang='grc' dir='ltr'>πολλῶν</span> <span class='ocrx_word' id='word_1_150' title='bbox 789 940 876 978; x_wconf 82' lang='grc' dir='ltr'>ἀκόρε-</span> 
     </span>
    </p>
   </div>
   <div class='ocr_carea' id='block_1_23' title="bbox 79 986 878 1022">
    <p class='ocr_par' dir='ltr' id='par_1_23' title="bbox 79 986 878 1022">
     <span class='ocr_line' id='line_1_23' title="bbox 79 986 878 1022; baseline -0.001 -9"><span class='ocrx_word' id='word_1_151' title='bbox 79 997 140 1013; x_wconf 88' lang='grc' dir='ltr'>στον</span> <span class='ocrx_word' id='word_1_152' title='bbox 164 990 276 1013; x_wconf 70' lang='grc' dir='ltr'>σεαυτοῦ</span> <span class='ocrx_word' id='word_1_153' title='bbox 298 989 342 1015; x_wconf 80' lang='grc' dir='ltr'>τὴν</span> <span class='ocrx_word' id='word_1_154' title='bbox 363 986 456 1022; x_wconf 71' lang='grc' dir='ltr'>ψυχὴν</span> <span class='ocrx_word' id='word_1_155' title='bbox 471 988 675 1017; x_wconf 64' lang='grc' dir='ltr'>κατεσκεύασας.</span> <span class='ocrx_word' id='word_1_156' title='bbox 691 986 878 1022; x_wconf 73' lang='grc' dir='ltr'>Ἀλληλοφάγοι</span> 
     </span>
    </p>
   </div>
   <div class='ocr_carea' id='block_1_24' title="bbox 79 1024 878 1068">
    <p class='ocr_par' dir='ltr' id='par_1_24' title="bbox 79 1029 878 1068">
     <span class='ocr_line' id='line_1_24' title="bbox 79 1029 878 1068; baseline -0.001 -11"><span class='ocrx_word' id='word_1_157' title='bbox 79 1036 128 1057; x_wconf 71' lang='grc' dir='ltr'>τῶν</span> <span class='ocrx_word' id='word_1_158' title='bbox 154 1032 256 1067; x_wconf 74' lang='grc' dir='ltr'>ἰχθύων</span> <span class='ocrx_word' id='word_1_159' title='bbox 276 1031 499 1064; x_wconf 82' lang='grc' dir='ltr'>οἱπλεῖστοι,καί</span> <span class='ocrx_word' id='word_1_160' title='bbox 521 1031 534 1056; x_wconf 87' lang='grc' dir='ltr'><strong>ό</strong></span> <span class='ocrx_word' id='word_1_161' title='bbox 558 1033 711 1068; x_wconf 78' lang='grc' dir='ltr'>μικροτέρος</span> <span class='ocrx_word' id='word_1_162' title='bbox 734 1029 795 1067; x_wconf 87' lang='grc' dir='ltr'>παρ’</span> <span class='ocrx_word' id='word_1_163' title='bbox 811 1030 878 1057; x_wconf 81' lang='grc' dir='ltr'>ἐκεί-</span> 
     </span>
    </p>
   </div>
   <div class='ocr_carea' id='block_1_25' title="bbox 78 1074 878 1112">
    <p class='ocr_par' dir='ltr' id='par_1_25' title="bbox 78 1074 878 1112">
     <span class='ocr_line' id='line_1_25' title="bbox 78 1074 878 1112; baseline -0.001 -10"><span class='ocrx_word' id='word_1_164' title='bbox 78 1086 129 1106; x_wconf 86' lang='grc' dir='ltr'>νοις</span> <span class='ocrx_word' id='word_1_165' title='bbox 149 1075 247 1112; x_wconf 76' lang='grc' dir='ltr'>βρῶμά</span> <span class='ocrx_word' id='word_1_166' title='bbox 270 1074 324 1101; x_wconf 80' lang='grc' dir='ltr'>ἐστι</span> <span class='ocrx_word' id='word_1_167' title='bbox 347 1079 393 1102; x_wconf 66' lang='grc' dir='ltr'>τοῦ</span> <span class='ocrx_word' id='word_1_168' title='bbox 413 1075 539 1112; x_wconf 81' lang='grc' dir='ltr'>μείζονος.</span> <span class='ocrx_word' id='word_1_169' title='bbox 564 1076 618 1102; x_wconf 77' lang='grc' dir='ltr'>Κοῖν</span> <span class='ocrx_word' id='word_1_170' title='bbox 642 1085 703 1102; x_wconf 84' lang='grc' dir='ltr'>ποτε</span> <span class='ocrx_word' id='word_1_171' title='bbox 725 1075 812 1112; x_wconf 74' lang='grc' dir='ltr'>συμϐῇ</span> <span class='ocrx_word' id='word_1_172' title='bbox 836 1078 878 1102; x_wconf 79' lang='grc' dir='ltr'>τὸν</span> 
     </span>
    </p>
   </div>
   <div class='ocr_carea' id='block_1_26' title="bbox 78 1120 878 1158">
    <p class='ocr_par' dir='ltr' id='par_1_26' title="bbox 78 1120 878 1158">
     <span class='ocr_line' id='line_1_26' title="bbox 78 1120 878 1158; baseline 0 -12"><span class='ocrx_word' id='word_1_173' title='bbox 78 1124 124 1147; x_wconf 73' lang='grc' dir='ltr'>τοῦ</span> <span class='ocrx_word' id='word_1_174' title='bbox 148 1121 286 1151; x_wconf 81' lang='grc' dir='ltr'>ἐλάττονος</span> <span class='ocrx_word' id='word_1_175' title='bbox 309 1130 479 1157; x_wconf 82' lang='grc' dir='ltr'>κρατησαντα</span> <span class='ocrx_word' id='word_1_176' title='bbox 503 1120 589 1158; x_wconf 80' lang='grc' dir='ltr'>ἑτερου</span> <span class='ocrx_word' id='word_1_177' title='bbox 614 1121 732 1156; x_wconf 83' lang='grc' dir='ltr'>γενέσθαι</span> <span class='ocrx_word' id='word_1_178' title='bbox 763 1121 878 1158; x_wconf 75' lang='grc' dir='ltr'>θήραμα,</span> 
     </span>
    </p>
   </div>
   <div class='ocr_carea' id='block_1_27' title="bbox 78 1165 881 1202">
    <p class='ocr_par' dir='ltr' id='par_1_27' title="bbox 78 1165 881 1202">
     <span class='ocr_line' id='line_1_27' title="bbox 78 1165 881 1202; baseline -0.001 -11"><span class='ocrx_word' id='word_1_179' title='bbox 78 1166 129 1191; x_wconf 65' lang='grc' dir='ltr'>ὑπο</span> <span class='ocrx_word' id='word_1_180' title='bbox 155 1167 204 1194; x_wconf 73' lang='grc' dir='ltr'>τὴν</span> <span class='ocrx_word' id='word_1_181' title='bbox 232 1167 296 1201; x_wconf 80' lang='grc' dir='ltr'>μίαν</span> <span class='ocrx_word' id='word_1_182' title='bbox 318 1165 428 1200; x_wconf 71' lang='grc' dir='ltr'>ἄγονται</span> <span class='ocrx_word' id='word_1_183' title='bbox 453 1167 570 1202; x_wconf 69' lang='grc' dir='ltr'>γαστέρα</span> <span class='ocrx_word' id='word_1_184' title='bbox 593 1169 638 1191; x_wconf 76' lang='grc' dir='ltr'>τοῦ</span> <span class='ocrx_word' id='word_1_185' title='bbox 667 1165 824 1192; x_wconf 80' lang='grc' dir='ltr'>τελευταίου.</span> <span class='ocrx_word' id='word_1_186' title='bbox 849 1167 881 1191; x_wconf 90' lang='grc' dir='ltr'>Τί</span> 
     </span>
    </p>
   </div>
   <div class='ocr_carea' id='block_1_28' title="bbox 79 1208 880 1245">
    <p class='ocr_par' dir='ltr' id='par_1_28' title="bbox 79 1208 880 1245">
     <span class='ocr_line' id='line_1_28' title="bbox 79 1208 880 1245; baseline 0.001 -10"><span class='ocrx_word' id='word_1_187' title='bbox 79 1208 124 1235; x_wconf 69' lang='grc' dir='ltr'>οὖν</span> <span class='ocrx_word' id='word_1_188' title='bbox 139 1210 214 1245; x_wconf 77' lang='grc' dir='ltr'>ἡμεῖς</span> <span class='ocrx_word' id='word_1_189' title='bbox 229 1209 362 1245; x_wconf 70' lang='grc' dir='ltr'>ἄνθρωποι</span> <span class='ocrx_word' id='word_1_190' title='bbox 375 1209 411 1244; x_wconf 81' lang='grc'><strong>(1)</strong></span> <span class='ocrx_word' id='word_1_191' title='bbox 430 1209 491 1235; x_wconf 64' lang='grc' dir='ltr'>(ἂλο</span> <span class='ocrx_word' id='word_1_192' title='bbox 506 1219 532 1235; x_wconf 90' lang='grc' dir='ltr'><strong>τι</strong></span> <span class='ocrx_word' id='word_1_193' title='bbox 546 1213 668 1245; x_wconf 71' lang='grc' dir='ltr'>ποιοῦμεν</span> <span class='ocrx_word' id='word_1_194' title='bbox 692 1208 717 1235; x_wconf 80' lang='grc' dir='ltr'>ἐν</span> <span class='ocrx_word' id='word_1_195' title='bbox 740 1213 770 1245; x_wconf 81' lang='grc' dir='ltr'>τῇ</span> <span class='ocrx_word' id='word_1_196' title='bbox 799 1219 880 1236; x_wconf 79' lang='grc' dir='ltr'>κατα-</span> 
     </span>
    </p>
   </div>
   <div class='ocr_carea' id='block_1_29' title="bbox 81 1251 881 1290">
    <p class='ocr_par' dir='ltr' id='par_1_29' title="bbox 81 1251 881 1290">
     <span class='ocr_line' id='line_1_29' title="bbox 81 1251 881 1290; baseline 0.001 -11"><span class='ocrx_word' id='word_1_197' title='bbox 81 1251 229 1290; x_wconf 71' lang='grc' dir='ltr'>δυναστείᾳ</span> <span class='ocrx_word' id='word_1_198' title='bbox 254 1258 304 1280; x_wconf 78' lang='grc' dir='ltr'>τῶν</span> <span class='ocrx_word' id='word_1_199' title='bbox 329 1252 538 1290; x_wconf 72' lang='grc' dir='ltr'>ὑποδεεστέρωνς</span> <span class='ocrx_word' id='word_1_200' title='bbox 554 1256 579 1280; x_wconf 87' lang='grc' dir='ltr'><strong>τί</strong></span> <span class='ocrx_word' id='word_1_201' title='bbox 602 1252 718 1290; x_wconf 73' lang='grc' dir='ltr'><strong>διαφέρει</strong></span> <span class='ocrx_word' id='word_1_202' title='bbox 731 1257 776 1280; x_wconf 70' lang='grc' dir='ltr'>τοῦ</span> <span class='ocrx_word' id='word_1_203' title='bbox 798 1253 881 1280; x_wconf 84' lang='grc' dir='ltr'>τελευ-</span> 
     </span>
    </p>
   </div>
   <div class='ocr_carea' id='block_1_30' title="bbox 81 1297 883 1336">
    <p class='ocr_par' dir='ltr' id='par_1_30' title="bbox 81 1297 883 1336">
     <span class='ocr_line' id='line_1_30' title="bbox 81 1297 883 1336; baseline 0 -12"><span class='ocrx_word' id='word_1_204' title='bbox 81 1301 155 1324; x_wconf 83' lang='grc' dir='ltr'>ταίου</span> <span class='ocrx_word' id='word_1_205' title='bbox 183 1298 280 1334; x_wconf 74' lang='grc' dir='ltr'>ἰχθύος</span> <span class='ocrx_word' id='word_1_206' title='bbox 295 1299 308 1323; x_wconf 82' lang='grc' dir='ltr'>ὁ</span> <span class='ocrx_word' id='word_1_207' title='bbox 324 1301 354 1334; x_wconf 78' lang='grc' dir='ltr'>τῇ</span> <span class='ocrx_word' id='word_1_208' title='bbox 382 1299 519 1336; x_wconf 69' lang='grc' dir='ltr'>λαιμάργῳ</span> <span class='ocrx_word' id='word_1_209' title='bbox 538 1298 707 1334; x_wconf 76' lang='grc' dir='ltr'>φιλοπλουτίᾳ</span> <span class='ocrx_word' id='word_1_210' title='bbox 729 1301 781 1328; x_wconf 84' lang='grc' dir='ltr'>τοῖς</span> <span class='ocrx_word' id='word_1_211' title='bbox 800 1297 883 1326; x_wconf 76' lang='grc' dir='ltr'>ἀπλη-</span> 
     </span>
    </p>
   </div>
   <div class='ocr_carea' id='block_1_31' title="bbox 81 1342 882 1379">
    <p class='ocr_par' dir='ltr' id='par_1_31' title="bbox 81 1342 882 1379">
     <span class='ocr_line' id='line_1_31' title="bbox 81 1342 882 1379; baseline 0 -11"><span class='ocrx_word' id='word_1_212' title='bbox 81 1347 176 1379; x_wconf 71' lang='grc' dir='ltr'>ρώτοις</span> <span class='ocrx_word' id='word_1_213' title='bbox 209 1346 258 1373; x_wconf 81' lang='grc' dir='ltr'>τῆς</span> <span class='ocrx_word' id='word_1_214' title='bbox 290 1342 436 1373; x_wconf 80' lang='grc' dir='ltr'>πλεονεξίας</span> <span class='ocrx_word' id='word_1_215' title='bbox 468 1342 548 1368; x_wconf 73' lang='grc' dir='ltr'>αὐτοῦ</span> <span class='ocrx_word' id='word_1_216' title='bbox 581 1342 684 1373; x_wconf 79' lang='grc' dir='ltr'>κόλποις</span> <span class='ocrx_word' id='word_1_217' title='bbox 710 1342 882 1378; x_wconf 75' lang='grc' dir='ltr'>ἀποκρύπτων</span> 
     </span>
    </p>
   </div>
   <div class='ocr_carea' id='block_1_32' title="bbox 82 1386 883 1419">
    <p class='ocr_par' dir='ltr' id='par_1_32' title="bbox 82 1386 883 1419">
     <span class='ocr_line' id='line_1_32' title="bbox 82 1386 883 1419; baseline -0.001 -6"><span class='ocrx_word' id='word_1_218' title='bbox 82 1390 143 1418; x_wconf 73' lang='grc' dir='ltr'>τοὺς</span> <span class='ocrx_word' id='word_1_219' title='bbox 175 1387 313 1419; x_wconf 70' lang='grc' dir='ltr'>ἀσθενεῖςς</span> <span class='ocrx_word' id='word_1_220' title='bbox 340 1387 449 1417; x_wconf 82' lang='grc' dir='ltr'>Ἐκεῖνος</span> <span class='ocrx_word' id='word_1_221' title='bbox 489 1386 538 1413; x_wconf 79' lang='grc' dir='ltr'>εἷλε</span> <span class='ocrx_word' id='word_1_222' title='bbox 566 1389 598 1414; x_wconf 82' lang='grc' dir='ltr'><strong>τὰ</strong></span> <span class='ocrx_word' id='word_1_223' title='bbox 624 1391 669 1414; x_wconf 80' lang='grc' dir='ltr'>τοῦ</span> <span class='ocrx_word' id='word_1_224' title='bbox 695 1389 820 1418; x_wconf 88' lang='grc' dir='ltr'>πένητος·</span> <span class='ocrx_word' id='word_1_225' title='bbox 850 1388 883 1413; x_wconf 87' lang='grc' dir='ltr'>σὺ</span> 
     </span>
    </p>
   </div>
   <div class='ocr_carea' id='block_1_33' title="bbox 82 1431 883 1469">
    <p class='ocr_par' dir='ltr' id='par_1_33' title="bbox 82 1431 883 1469">
     <span class='ocr_line' id='line_1_33' title="bbox 82 1431 883 1469; baseline 0 -11"><span class='ocrx_word' id='word_1_226' title='bbox 82 1436 174 1458; x_wconf 75' lang='grc' dir='ltr'>τοῦτον</span> <span class='ocrx_word' id='word_1_227' title='bbox 196 1431 281 1458; x_wconf 72' lang='grc' dir='ltr'>λαϐὼν</span> <span class='ocrx_word' id='word_1_228' title='bbox 305 1434 382 1469; x_wconf 80' lang='grc' dir='ltr'>μέρος</span> <span class='ocrx_word' id='word_1_229' title='bbox 406 1431 522 1461; x_wconf 77' lang='grc' dir='ltr'>ἐποιήσω</span> <span class='ocrx_word' id='word_1_230' title='bbox 546 1436 591 1462; x_wconf 82' lang='grc' dir='ltr'>τῆς</span> <span class='ocrx_word' id='word_1_231' title='bbox 610 1434 760 1469; x_wconf 78' lang='grc' dir='ltr'>περιουσίας</span> <span class='ocrx_word' id='word_1_232' title='bbox 780 1431 883 1459; x_wconf 82' lang='grc' dir='ltr'>ἑαυτοῦ.</span> 
     </span>
    </p>
   </div>
   <div class='ocr_carea' id='block_1_34' title="bbox 83 1474 884 1513">
    <p class='ocr_par' dir='ltr' id='par_1_34' title="bbox 83 1474 884 1513">
     <span class='ocr_line' id='line_1_34' title="bbox 83 1474 884 1513; baseline 0 -11"><span class='ocrx_word' id='word_1_233' title='bbox 83 1474 199 1502; x_wconf 80' lang='grc' dir='ltr'>Ἀὂίκων</span> <span class='ocrx_word' id='word_1_234' title='bbox 231 1474 391 1513; x_wconf 74' lang='grc' dir='ltr'>ἀδικώτερος</span> <span class='ocrx_word' id='word_1_235' title='bbox 428 1476 534 1512; x_wconf 75' lang='grc' dir='ltr'><strong>ἐφάνης,</strong></span> <span class='ocrx_word' id='word_1_236' title='bbox 569 1479 612 1502; x_wconf 82' lang='grc' dir='ltr'>καὶ</span> <span class='ocrx_word' id='word_1_237' title='bbox 641 1476 884 1513; x_wconf 82' lang='grc' dir='ltr'>πλεονεκτικώτερος</span> 
     </span>
    </p>
   </div>
   <div class='ocr_carea' id='block_1_35' title="bbox 83 1520 884 1558">
    <p class='ocr_par' dir='ltr' id='par_1_35' title="bbox 83 1520 884 1558">
     <span class='ocr_line' id='line_1_35' title="bbox 83 1520 884 1558; baseline 0 -12"><span class='ocrx_word' id='word_1_238' title='bbox 83 1521 248 1548; x_wconf 77' lang='grc' dir='ltr'>πλεονέκτου.</span> <span class='ocrx_word' id='word_1_239' title='bbox 273 1520 351 1558; x_wconf 77' lang='grc' dir='ltr'>”Ορα,</span> <span class='ocrx_word' id='word_1_240' title='bbox 368 1523 403 1556; x_wconf 85' lang='grc' dir='ltr'>μὴ</span> <span class='ocrx_word' id='word_1_241' title='bbox 427 1523 456 1547; x_wconf 84' lang='grc' dir='ltr'>τὸ</span> <span class='ocrx_word' id='word_1_242' title='bbox 482 1521 544 1547; x_wconf 66' lang='grc' dir='ltr'>αὐτὸ</span> <span class='ocrx_word' id='word_1_243' title='bbox 565 1531 594 1548; x_wconf 86' lang='grc' dir='ltr'><strong>σε</strong></span> <span class='ocrx_word' id='word_1_244' title='bbox 615 1523 695 1558; x_wconf 85' lang='grc' dir='ltr'>πέρας</span> <span class='ocrx_word' id='word_1_245' title='bbox 714 1525 763 1547; x_wconf 79' lang='grc' dir='ltr'>τῶν</span> <span class='ocrx_word' id='word_1_246' title='bbox 785 1522 884 1557; x_wconf 81' lang='grc' dir='ltr'><strong>ἰχθύων</strong></span> 
     </span>
    </p>
   </div>
   <div class='ocr_carea' id='block_1_36' title="bbox 84 1564 882 1603">
    <p class='ocr_par' dir='ltr' id='par_1_36' title="bbox 84 1564 882 1603">
     <span class='ocr_line' id='line_1_36' title="bbox 84 1564 882 1603; baseline 0.001 -12"><span class='ocrx_word' id='word_1_247' title='bbox 84 1564 235 1599; x_wconf 69' lang='grc' dir='ltr'>ἐκόἐξηται,</span> <span class='ocrx_word' id='word_1_248' title='bbox 267 1566 410 1602; x_wconf 74' lang='grc' dir='ltr'>ἄγκιστρον</span> <span class='ocrx_word' id='word_1_249' title='bbox 441 1575 501 1600; x_wconf 83' lang='grc' dir='ltr'>που,</span> <span class='ocrx_word' id='word_1_250' title='bbox 537 1566 552 1595; x_wconf 73' lang='grc' dir='ltr'><em>ἦ</em></span> <span class='ocrx_word' id='word_1_251' title='bbox 585 1567 687 1603; x_wconf 67' lang='grc' dir='ltr'>κύρτος,</span> <span class='ocrx_word' id='word_1_252' title='bbox 719 1566 734 1595; x_wconf 81' lang='grc' dir='ltr'>ἣ</span> <span class='ocrx_word' id='word_1_253' title='bbox 766 1565 882 1592; x_wconf 75' lang='grc' dir='ltr'>δικτυον.</span> 
     </span>
    </p>
   </div>
   <div class='ocr_carea' id='block_1_37' title="bbox 85 1609 886 1646">
    <p class='ocr_par' dir='ltr' id='par_1_37' title="bbox 85 1609 886 1646">
     <span class='ocr_line' id='line_1_37' title="bbox 85 1609 886 1646; baseline 0 -10"><span class='ocrx_word' id='word_1_254' title='bbox 85 1610 191 1640; x_wconf 79' lang='grc' dir='ltr'>Πάντως</span> <span class='ocrx_word' id='word_1_255' title='bbox 215 1611 265 1646; x_wconf 77' lang='grc' dir='ltr'><strong>γὰρ</strong></span> <span class='ocrx_word' id='word_1_256' title='bbox 289 1612 334 1635; x_wconf 80' lang='grc' dir='ltr'>καὶ</span> <span class='ocrx_word' id='word_1_257' title='bbox 355 1610 426 1646; x_wconf 66' lang='grc' dir='ltr'>ἡμεῖς</span> <span class='ocrx_word' id='word_1_258' title='bbox 449 1609 530 1636; x_wconf 82' lang='grc' dir='ltr'>πολλά</span> <span class='ocrx_word' id='word_1_259' title='bbox 549 1615 599 1636; x_wconf 79' lang='grc' dir='ltr'>τῶν</span> <span class='ocrx_word' id='word_1_260' title='bbox 623 1609 722 1636; x_wconf 74' lang='grc' dir='ltr'>ἀδίκων</span> <span class='ocrx_word' id='word_1_261' title='bbox 746 1609 886 1642; x_wconf 78' lang='grc' dir='ltr'>διεξελθόν-</span> 
     </span>
    </p>
   </div>
   <div class='ocr_carea' id='block_1_38' title="bbox 85 1653 881 1691">
    <p class='ocr_par' dir='ltr' id='par_1_38' title="bbox 85 1653 881 1691">
     <span class='ocr_line' id='line_1_38' title="bbox 85 1653 881 1691; baseline 0.003 -12"><span class='ocrx_word' id='word_1_262' title='bbox 85 1664 135 1686; x_wconf 84' lang='grc' dir='ltr'>τες,</span> <span class='ocrx_word' id='word_1_263' title='bbox 168 1656 217 1683; x_wconf 73' lang='grc' dir='ltr'>τὴν</span> <span class='ocrx_word' id='word_1_264' title='bbox 246 1657 395 1680; x_wconf 74' lang='grc' dir='ltr'>τελευταίαν</span> <span class='ocrx_word' id='word_1_265' title='bbox 423 1657 550 1691; x_wconf 77' lang='grc' dir='ltr'>τιμωρίαν</span> <span class='ocrx_word' id='word_1_266' title='bbox 583 1654 629 1681; x_wconf 69' lang='grc' dir='ltr'>οὐκ</span> <span class='ocrx_word' id='word_1_267' title='bbox 662 1653 881 1691; x_wconf 78' lang='grc' dir='ltr'>ἀποδρασόμεθα.</span> 
     </span>
    </p>
   </div>
   <div class='ocr_carea' id='block_1_39' title="bbox 87 1699 884 1736">
    <p class='ocr_par' dir='ltr' id='par_1_39' title="bbox 87 1699 884 1736">
     <span class='ocr_line' id='line_1_39' title="bbox 87 1699 884 1736; baseline 0.004 -12"><span class='ocrx_word' id='word_1_268' title='bbox 87 1700 132 1725; x_wconf 82' lang='grc' dir='ltr'><strong>Ἐκ</strong></span> <span class='ocrx_word' id='word_1_269' title='bbox 162 1699 310 1730; x_wconf 80' lang='grc' dir='ltr'>πλεονεξίαν</span> <span class='ocrx_word' id='word_1_270' title='bbox 345 1709 387 1725; x_wconf 92' lang='grc' dir='ltr'><strong>σοι</strong></span> <span class='ocrx_word' id='word_1_271' title='bbox 416 1699 551 1726; x_wconf 75' lang='grc' dir='ltr'>κατέλιπεν</span> <span class='ocrx_word' id='word_1_272' title='bbox 579 1701 592 1725; x_wconf 84' lang='grc' dir='ltr'>ἁ</span> <span class='ocrx_word' id='word_1_273' title='bbox 625 1702 712 1736; x_wconf 74' lang='grc' dir='ltr'>πατὴρ</span> <span class='ocrx_word' id='word_1_274' title='bbox 744 1702 884 1734; x_wconf 79' lang='grc' dir='ltr'>κτήματα·</span> 
     </span>
    </p>
   </div>
   <div class='ocr_carea' id='block_1_40' title="bbox 86 1741 887 1780">
    <p class='ocr_par' dir='ltr' id='par_1_40' title="bbox 86 1741 887 1780">
     <span class='ocr_line' id='line_1_40' title="bbox 86 1741 887 1780; baseline 0.001 -11"><span class='ocrx_word' id='word_1_275' title='bbox 86 1742 189 1774; x_wconf 74' lang='grc' dir='ltr'>αποὸος</span> <span class='ocrx_word' id='word_1_276' title='bbox 203 1747 240 1778; x_wconf 82' lang='grc' dir='ltr'>τῷ</span> <span class='ocrx_word' id='word_1_277' title='bbox 257 1741 418 1779; x_wconf 70' lang='grc' dir='ltr'>ἠδικημένῳ,</span> <span class='ocrx_word' id='word_1_278' title='bbox 436 1746 470 1779; x_wconf 80' lang='grc' dir='ltr'>μὴ</span> <span class='ocrx_word' id='word_1_279' title='bbox 486 1745 518 1773; x_wconf 80' lang='grc' dir='ltr'>ὡς</span> <span class='ocrx_word' id='word_1_280' title='bbox 534 1741 608 1769; x_wconf 80' lang='grc' dir='ltr'>ἰδίων</span> <span class='ocrx_word' id='word_1_281' title='bbox 629 1743 764 1770; x_wconf 76' lang='grc' dir='ltr'>αντιποιοῡ</span> <span class='ocrx_word' id='word_1_282' title='bbox 776 1754 782 1760; x_wconf 92' lang='grc'><strong>·</strong></span> <span class='ocrx_word' id='word_1_283' title='bbox 800 1743 887 1780; x_wconf 83' lang='grc' dir='ltr'>ἁμαρ-</span> 
     </span>
    </p>
   </div>
   <div class='ocr_carea' id='block_1_41' title="bbox 86 1786 887 1825">
    <p class='ocr_par' dir='ltr' id='par_1_41' title="bbox 86 1786 887 1825">
     <span class='ocr_line' id='line_1_41' title="bbox 86 1786 887 1825; baseline 0.001 -11"><span class='ocrx_word' id='word_1_284' title='bbox 86 1791 146 1818; x_wconf 80' lang='grc' dir='ltr'>τίας</span> <span class='ocrx_word' id='word_1_285' title='bbox 174 1789 231 1814; x_wconf 80' lang='grc' dir='ltr'><strong>ἐστὶ</strong></span> <span class='ocrx_word' id='word_1_286' title='bbox 257 1787 424 1825; x_wconf 79' lang='grc' dir='ltr'>κληρονομία.</span> <span class='ocrx_word' id='word_1_287' title='bbox 446 1786 561 1818; x_wconf 80' lang='grc' dir='ltr'>Ἀὃίκως</span> <span class='ocrx_word' id='word_1_288' title='bbox 584 1787 851 1825; x_wconf 76' lang='grc' dir='ltr'>καταδουλωσάμενος</span> <span class='ocrx_word' id='word_1_289' title='bbox 873 1789 887 1814; x_wconf 77' lang='grc' dir='ltr'>ὁ</span> 
     </span>
    </p>
   </div>
   <div class='ocr_carea' id='block_1_42' title="bbox 87 1829 888 1869">
    <p class='ocr_par' dir='ltr' id='par_1_42' title="bbox 87 1829 888 1869">
     <span class='ocr_line' id='line_1_42' title="bbox 87 1829 888 1869; baseline 0.002 -12"><span class='ocrx_word' id='word_1_290' title='bbox 87 1834 176 1869; x_wconf 75' lang='grc' dir='ltr'>πατὴρ</span> <span class='ocrx_word' id='word_1_291' title='bbox 202 1831 286 1867; x_wconf 72' lang='grc' dir='ltr'>ἀφῆκέ</span> <span class='ocrx_word' id='word_1_292' title='bbox 303 1841 347 1857; x_wconf 88' lang='grc' dir='ltr'><strong>σοι</strong></span> <span class='ocrx_word' id='word_1_293' title='bbox 366 1830 477 1858; x_wconf 69' lang='grc' dir='ltr'>ὃοῡλονο</span> <span class='ocrx_word' id='word_1_294' title='bbox 501 1829 546 1862; x_wconf 72' lang='grc' dir='ltr'><strong>δὸς</strong></span> <span class='ocrx_word' id='word_1_295' title='bbox 568 1831 636 1868; x_wconf 71' lang='grc' dir='ltr'>αὐτῷ</span> <span class='ocrx_word' id='word_1_296' title='bbox 662 1834 695 1858; x_wconf 81' lang='grc' dir='ltr'><strong><em>σύ</em></strong></span> <span class='ocrx_word' id='word_1_297' title='bbox 719 1835 766 1862; x_wconf 84' lang='grc' dir='ltr'>τὴν</span> <span class='ocrx_word' id='word_1_298' title='bbox 789 1832 888 1859; x_wconf 65' lang='grc' dir='ltr'>ἔληθες</span> 
     </span>
    </p>
   </div>
   <div class='ocr_carea' id='block_1_43' title="bbox 87 1875 889 1914">
    <p class='ocr_par' dir='ltr' id='par_1_43' title="bbox 87 1875 889 1914">
     <span class='ocr_line' id='line_1_43' title="bbox 87 1875 889 1914; baseline 0.002 -13"><span class='ocrx_word' id='word_1_299' title='bbox 87 1879 157 1912; x_wconf 82' lang='grc' dir='ltr'>ρίαν,</span> <span class='ocrx_word' id='word_1_300' title='bbox 175 1877 217 1902; x_wconf 84' lang='grc' dir='ltr'>ἶνα</span> <span class='ocrx_word' id='word_1_301' title='bbox 239 1875 349 1912; x_wconf 75' lang='grc' dir='ltr'>κάκείνῳ</span> <span class='ocrx_word' id='word_1_302' title='bbox 372 1878 528 1914; x_wconf 70' lang='grc' dir='ltr'>κουφοτέραν</span> <span class='ocrx_word' id='word_1_303' title='bbox 552 1879 667 1913; x_wconf 81' lang='grc' dir='ltr'>ποιήσῃς</span> <span class='ocrx_word' id='word_1_304' title='bbox 690 1879 737 1906; x_wconf 82' lang='grc' dir='ltr'>τὴν</span> <span class='ocrx_word' id='word_1_305' title='bbox 762 1876 889 1913; x_wconf 82' lang='grc' dir='ltr'>βάσανον,</span> 
     </span>
    </p>
   </div>
   <div class='ocr_carea' id='block_1_44' title="bbox 88 1920 891 1958">
    <p class='ocr_par' dir='ltr' id='par_1_44' title="bbox 88 1920 891 1958">
     <span class='ocr_line' id='line_1_44' title="bbox 88 1920 891 1958; baseline 0.001 -11"><span class='ocrx_word' id='word_1_306' title='bbox 88 1924 134 1947; x_wconf 81' lang='grc' dir='ltr'>καὶ</span> <span class='ocrx_word' id='word_1_307' title='bbox 157 1925 260 1956; x_wconf 79' lang='grc' dir='ltr'>σεαυτῷ</span> <span class='ocrx_word' id='word_1_308' title='bbox 284 1923 331 1950; x_wconf 75' lang='grc' dir='ltr'>τὴν</span> <span class='ocrx_word' id='word_1_309' title='bbox 354 1920 499 1957; x_wconf 66' lang='grc' dir='ltr'>ἐλευθερίαν</span> <span class='ocrx_word' id='word_1_310' title='bbox 521 1922 737 1958; x_wconf 78' lang='grc' dir='ltr'>παρασκευάσῃς.</span> <span class='ocrx_word' id='word_1_311' title='bbox 762 1924 804 1951; x_wconf 81' lang='grc' dir='ltr'><strong>Μὴ</strong></span> <span class='ocrx_word' id='word_1_312' title='bbox 828 1931 891 1958; x_wconf 89' lang='grc' dir='ltr'>προ-</span> 
     </span>
    </p>
   </div>
   <div class='ocr_carea' id='block_1_45' title="bbox 89 1965 890 2005">
    <p class='ocr_par' dir='ltr' id='par_1_45' title="bbox 89 1965 890 2005">
     <span class='ocr_line' id='line_1_45' title="bbox 89 1965 890 2005; baseline 0 -11"><span class='ocrx_word' id='word_1_313' title='bbox 89 1968 205 2003; x_wconf 68' lang='grc' dir='ltr'>φασίζου</span> <span class='ocrx_word' id='word_1_314' title='bbox 221 1969 280 1997; x_wconf 81' lang='grc' dir='ltr'>τοὺς</span> <span class='ocrx_word' id='word_1_315' title='bbox 304 1965 411 1997; x_wconf 72' lang='grc' dir='ltr'>παῖδας.</span> <span class='ocrx_word' id='word_1_316' title='bbox 433 1965 528 1998; x_wconf 70' lang='grc' dir='ltr'>Παῖδες</span> <span class='ocrx_word' id='word_1_317' title='bbox 550 1967 618 2001; x_wconf 68' lang='lat' dir='ltr'><strong>eiet;</strong></span> <span class='ocrx_word' id='word_1_318' title='bbox 637 1967 781 2005; x_wconf 79' lang='grc' dir='ltr'>θησαύριζε</span> <span class='ocrx_word' id='word_1_319' title='bbox 804 1969 890 1998; x_wconf 87' lang='grc' dir='ltr'>αὺτοῖς</span> 
     </span>
    </p>
   </div>
   <div class='ocr_carea' id='block_1_46' title="bbox 90 2011 890 2049">
    <p class='ocr_par' dir='ltr' id='par_1_46' title="bbox 90 2011 890 2049">
     <span class='ocr_line' id='line_1_46' title="bbox 90 2011 890 2049; baseline 0.001 -11"><span class='ocrx_word' id='word_1_320' title='bbox 90 2014 227 2049; x_wconf 69' lang='grc' dir='ltr'>θησαυρὸν</span> <span class='ocrx_word' id='word_1_321' title='bbox 255 2011 368 2039; x_wconf 76' lang='grc' dir='ltr'>αἰώνιον.</span> <span class='ocrx_word' id='word_1_322' title='bbox 399 2012 542 2038; x_wconf 77' lang='grc' dir='ltr'>Κατάλειπε</span> <span class='ocrx_word' id='word_1_323' title='bbox 573 2012 663 2043; x_wconf 74' lang='grc' dir='ltr'>αὐτοῖς</span> <span class='ocrx_word' id='word_1_324' title='bbox 692 2012 795 2048; x_wconf 69' lang='grc' dir='ltr'>μνὺμην</span> <span class='ocrx_word' id='word_1_325' title='bbox 827 2012 890 2048; x_wconf 80' lang='grc' dir='ltr'>ἀγα-</span> 
     </span>
    </p>
   </div>
   <div class='ocr_carea' id='block_1_47' title="bbox 91 2055 890 2090">
    <p class='ocr_par' dir='ltr' id='par_1_47' title="bbox 91 2055 890 2090">
     <span class='ocr_line' id='line_1_47' title="bbox 91 2055 890 2090; baseline 0 -7"><span class='ocrx_word' id='word_1_326' title='bbox 91 2058 148 2090; x_wconf 64' lang='grc' dir='ltr'>θήν,</span> <span class='ocrx_word' id='word_1_327' title='bbox 166 2057 181 2086; x_wconf 80' lang='grc' dir='ltr'>ἦ</span> <span class='ocrx_word' id='word_1_328' title='bbox 207 2055 319 2082; x_wconf 75' lang='grc' dir='ltr'>πλοῦτον</span> <span class='ocrx_word' id='word_1_329' title='bbox 333 2057 373 2090; x_wconf 78' lang='grc'><strong>(2)</strong></span> <span class='ocrx_word' id='word_1_330' title='bbox 393 2056 490 2083; x_wconf 57' lang='grc' dir='ltr'>πολύν</span> <span class='ocrx_word' id='word_1_331' title='bbox 511 2058 610 2088; x_wconf 82' lang='grc' dir='ltr'>πάντας</span> <span class='ocrx_word' id='word_1_332' title='bbox 634 2059 748 2085; x_wconf 76' lang='grc' dir='ltr'>ποίησαι</span> <span class='ocrx_word' id='word_1_333' title='bbox 762 2060 809 2083; x_wconf 75' lang='grc' dir='ltr'>τοῦ</span> <span class='ocrx_word' id='word_1_334' title='bbox 827 2067 890 2083; x_wconf 62' lang='lat' dir='ltr'><strong>mm</strong></span> 
     </span>
    </p>
   </div>
   <div class='ocr_carea' id='block_1_48' title="bbox 91 2099 888 2138">
    <p class='ocr_par' dir='ltr' id='par_1_48' title="bbox 91 2099 888 2138">
     <span class='ocr_line' id='line_1_48' title="bbox 91 2099 888 2138; baseline -0.001 -11"><span class='ocrx_word' id='word_1_335' title='bbox 91 2099 136 2131; x_wconf 75' lang='grc' dir='ltr'><strong>δὸς</strong></span> <span class='ocrx_word' id='word_1_336' title='bbox 160 2104 206 2126; x_wconf 80' lang='grc' dir='ltr'>τοῦ</span> <span class='ocrx_word' id='word_1_337' title='bbox 233 2104 280 2127; x_wconf 76' lang='grc' dir='ltr'>σοῦ</span> <span class='ocrx_word' id='word_1_338' title='bbox 305 2103 416 2138; x_wconf 82' lang='grc' dir='ltr'>πατέρας</span> <span class='ocrx_word' id='word_1_339' title='bbox 442 2099 488 2127; x_wconf 72' lang='grc' dir='ltr'><strong>διὰ</strong></span> <span class='ocrx_word' id='word_1_340' title='bbox 511 2104 557 2131; x_wconf 88' lang='grc' dir='ltr'>τῆς</span> <span class='ocrx_word' id='word_1_341' title='bbox 577 2101 677 2132; x_wconf 74' lang='grc' dir='ltr'>εὐνοίας</span> <span class='ocrx_word' id='word_1_342' title='bbox 697 2101 750 2137; x_wconf 72' lang='lat'><strong>(3).</strong></span> <span class='ocrx_word' id='word_1_343' title='bbox 776 2101 888 2137; x_wconf 79' lang='grc' dir='ltr'>Ἀνάγκη</span> 
     </span>
    </p>
   </div>
   <div class='ocr_carea' id='block_1_49' title="bbox 92 2143 928 2193">
    <p class='ocr_par' dir='ltr' id='par_1_49' title="bbox 92 2143 928 2193">
     <span class='ocr_line' id='line_1_49' title="bbox 92 2143 928 2193; baseline 0.001 -22"><span class='ocrx_word' id='word_1_344' title='bbox 92 2154 120 2171; x_wconf 86' lang='grc' dir='ltr'><strong>σε</strong></span> <span class='ocrx_word' id='word_1_345' title='bbox 136 2154 198 2171; x_wconf 85' lang='grc' dir='ltr'>ποτε</span> <span class='ocrx_word' id='word_1_346' title='bbox 221 2144 337 2171; x_wconf 78' lang='grc' dir='ltr'>ἀπελθεῖν</span> <span class='ocrx_word' id='word_1_347' title='bbox 356 2149 401 2171; x_wconf 74' lang='grc' dir='ltr'>τοῦ</span> <span class='ocrx_word' id='word_1_348' title='bbox 417 2144 478 2181; x_wconf 78' lang='grc' dir='ltr'>βίον</span> <span class='ocrx_word' id='word_1_349' title='bbox 491 2153 497 2160; x_wconf 84' lang='lat'>&#39;</span> <span class='ocrx_word' id='word_1_350' title='bbox 515 2143 570 2171; x_wconf 80' lang='grc' dir='ltr'>εἶτα</span> <span class='ocrx_word' id='word_1_351' title='bbox 588 2147 632 2171; x_wconf 83' lang='grc' dir='ltr'>τόν</span> <span class='ocrx_word' id='word_1_352' title='bbox 655 2147 699 2171; x_wconf 89' lang='grc' dir='ltr'>σὸν</span> <span class='ocrx_word' id='word_1_353' title='bbox 718 2143 804 2172; x_wconf 73' lang='grc' dir='ltr'>παῖδα</span> <span class='ocrx_word' id='word_1_354' title='bbox 818 2145 842 2171; x_wconf 81' lang='grc' dir='ltr'>ἐν</span> <span class='ocrx_word' id='word_1_355' title='bbox 857 2149 888 2182; x_wconf 80' lang='grc' dir='ltr'><strong>τῇ</strong></span> <span class='ocrx_word' id='word_1_356' title='bbox 905 2166 928 2193; x_wconf 83' lang='lat' dir='ltr'><strong>D</strong></span> 
     </span>
    </p>
   </div>
   <div class='ocr_carea' id='block_1_50' title="bbox 91 2188 889 2226">
    <p class='ocr_par' dir='ltr' id='par_1_50' title="bbox 91 2188 889 2226">
     <span class='ocr_line' id='line_1_50' title="bbox 91 2188 889 2226; baseline 0.003 -11"><span class='ocrx_word' id='word_1_357' title='bbox 91 2189 220 2226; x_wconf 58' lang='grc' dir='ltr'>ἀφηλικίᾳ</span> <span class='ocrx_word' id='word_1_358' title='bbox 251 2189 435 2224; x_wconf 70' lang='grc' dir='ltr'>καταλείψεις,</span> <span class='ocrx_word' id='word_1_359' title='bbox 469 2194 519 2215; x_wconf 86' lang='grc' dir='ltr'>τῶν</span> <span class='ocrx_word' id='word_1_360' title='bbox 555 2192 725 2226; x_wconf 84' lang='grc' dir='ltr'>προεστώτων</span> <span class='ocrx_word' id='word_1_361' title='bbox 759 2188 889 2226; x_wconf 68' lang='grc' dir='ltr'>δεόμενον.</span> 
     </span>
    </p>
   </div>
   <div class='ocr_carea' id='block_1_51' title="bbox 92 2232 890 2270">
    <p class='ocr_par' dir='ltr' id='par_1_51' title="bbox 92 2232 890 2270">
     <span class='ocr_line' id='line_1_51' title="bbox 92 2232 890 2270; baseline 0.001 -11"><span class='ocrx_word' id='word_1_362' title='bbox 92 2234 152 2260; x_wconf 82' lang='grc' dir='ltr'><strong>Ἐὰν</strong></span> <span class='ocrx_word' id='word_1_363' title='bbox 176 2235 222 2270; x_wconf 69' lang='grc' dir='ltr'>μὲν</span> <span class='ocrx_word' id='word_1_364' title='bbox 247 2233 322 2264; x_wconf 79' lang='grc' dir='ltr'>καλὸς</span> <span class='ocrx_word' id='word_1_365' title='bbox 348 2235 393 2259; x_wconf 84' lang='grc' dir='ltr'>καὶ</span> <span class='ocrx_word' id='word_1_366' title='bbox 417 2233 517 2269; x_wconf 79' lang='grc' dir='ltr'>ἀγαθὸς</span> <span class='ocrx_word' id='word_1_367' title='bbox 541 2232 581 2270; x_wconf 74' lang='grc' dir='ltr'><strong>ᾖς,</strong></span> <span class='ocrx_word' id='word_1_368' title='bbox 598 2234 707 2265; x_wconf 79' lang='grc' dir='ltr'>ἕκαστος</span> <span class='ocrx_word' id='word_1_369' title='bbox 721 2236 764 2260; x_wconf 84' lang='grc' dir='ltr'>τὸν</span> <span class='ocrx_word' id='word_1_370' title='bbox 787 2236 832 2260; x_wconf 90' lang='grc' dir='ltr'>σὸν</span> <span class='ocrx_word' id='word_1_371' title='bbox 851 2235 890 2261; x_wconf 81' lang='grc' dir='ltr'><strong>ἔκ-</strong></span> 
     </span>
    </p>
   </div>
   <div class='ocr_carea' id='block_1_52' title="bbox 93 2275 892 2314">
    <p class='ocr_par' dir='ltr' id='par_1_52' title="bbox 93 2275 892 2314">
     <span class='ocr_line' id='line_1_52' title="bbox 93 2275 892 2314; baseline 0.001 -11"><span class='ocrx_word' id='word_1_372' title='bbox 93 2287 167 2313; x_wconf 74' lang='grc' dir='ltr'>γονον</span> <span class='ocrx_word' id='word_1_373' title='bbox 195 2279 283 2313; x_wconf 73' lang='grc' dir='ltr'>ὥσπερ</span> <span class='ocrx_word' id='word_1_374' title='bbox 312 2275 381 2304; x_wconf 74' lang='grc' dir='ltr'>ῖὸιον</span> <span class='ocrx_word' id='word_1_375' title='bbox 410 2277 546 2314; x_wconf 72' lang='grc' dir='ltr'>ἐκθρέψει·</span> <span class='ocrx_word' id='word_1_376' title='bbox 578 2280 736 2314; x_wconf 80' lang='grc' dir='ltr'>μεμνήσεται</span> <span class='ocrx_word' id='word_1_377' title='bbox 762 2280 824 2314; x_wconf 71' lang='grc' dir='ltr'>γὰρ,</span> <span class='ocrx_word' id='word_1_378' title='bbox 851 2279 892 2304; x_wconf 80' lang='grc' dir='ltr'>ὃτι</span> 
     </span>
    </p>
   </div>
   <div class='ocr_carea' id='block_1_53' title="bbox 94 2320 894 2360">
    <p class='ocr_par' dir='ltr' id='par_1_53' title="bbox 94 2320 894 2360">
     <span class='ocr_line' id='line_1_53' title="bbox 94 2320 894 2360; baseline 0 -12"><span class='ocrx_word' id='word_1_379' title='bbox 94 2325 138 2348; x_wconf 85' lang='grc' dir='ltr'><strong>καὶ</strong></span> <span class='ocrx_word' id='word_1_380' title='bbox 163 2325 196 2348; x_wconf 77' lang='grc' dir='ltr'>σὺ</span> <span class='ocrx_word' id='word_1_381' title='bbox 218 2321 334 2358; x_wconf 75' lang='grc' dir='ltr'>ὀρφανῶν</span> <span class='ocrx_word' id='word_1_382' title='bbox 353 2324 439 2359; x_wconf 84' lang='grc' dir='ltr'>πατὴρ</span> <span class='ocrx_word' id='word_1_383' title='bbox 463 2321 561 2357; x_wconf 75' lang='grc' dir='ltr'>ἐγένου.</span> <span class='ocrx_word' id='word_1_384' title='bbox 586 2322 644 2349; x_wconf 79' lang='grc' dir='ltr'><strong>Ἐὰν</strong></span> <span class='ocrx_word' id='word_1_385' title='bbox 673 2320 704 2348; x_wconf 63' lang='grc' dir='ltr'><strong>δὲ</strong></span> <span class='ocrx_word' id='word_1_386' title='bbox 727 2322 751 2348; x_wconf 79' lang='grc' dir='ltr'>ἰν</span> <span class='ocrx_word' id='word_1_387' title='bbox 779 2325 894 2360; x_wconf 84' lang='grc' dir='ltr'>πονηρίᾳ</span> 
     </span>
    </p>
   </div>
   <div class='ocr_carea' id='block_1_54' title="bbox 95 2366 892 2403">
    <p class='ocr_par' dir='ltr' id='par_1_54' title="bbox 95 2366 892 2403">
     <span class='ocr_line' id='line_1_54' title="bbox 95 2366 892 2403; baseline 0 -11"><span class='ocrx_word' id='word_1_388' title='bbox 95 2368 190 2402; x_wconf 74' lang='grc' dir='ltr'>ζήσας,</span> <span class='ocrx_word' id='word_1_389' title='bbox 209 2369 254 2392; x_wconf 80' lang='grc' dir='ltr'>καὶ</span> <span class='ocrx_word' id='word_1_390' title='bbox 271 2366 380 2397; x_wconf 85' lang='grc' dir='ltr'>πολλοὺς</span> <span class='ocrx_word' id='word_1_391' title='bbox 404 2366 536 2401; x_wconf 71' lang='grc' dir='ltr'>λυπήσας,</span> <span class='ocrx_word' id='word_1_392' title='bbox 551 2369 596 2393; x_wconf 86' lang='grc' dir='ltr'>καὶ</span> <span class='ocrx_word' id='word_1_393' title='bbox 619 2369 712 2398; x_wconf 82' lang='grc' dir='ltr'>παντὸς</span> <span class='ocrx_word' id='word_1_394' title='bbox 730 2367 821 2403; x_wconf 84' lang='grc' dir='ltr'>θηρίου</span> <span class='ocrx_word' id='word_1_395' title='bbox 836 2377 892 2402; x_wconf 90' lang='grc' dir='ltr'>χα-</span> 
     </span>
    </p>
   </div>
   <div class='ocr_carea' id='block_1_55' title="bbox 95 2411 893 2448">
    <p class='ocr_par' dir='ltr' id='par_1_55' title="bbox 95 2411 893 2448">
     <span class='ocr_line' id='line_1_55' title="bbox 95 2411 893 2448; baseline 0.001 -11"><span class='ocrx_word' id='word_1_396' title='bbox 95 2411 236 2448; x_wconf 71' lang='grc' dir='ltr'>λεπώτερος</span> <span class='ocrx_word' id='word_1_397' title='bbox 262 2413 396 2447; x_wconf 76' lang='grc' dir='ltr'>γενόμενος</span> <span class='ocrx_word' id='word_1_398' title='bbox 421 2415 476 2442; x_wconf 82' lang='grc' dir='ltr'>τοῖς</span> <span class='ocrx_word' id='word_1_399' title='bbox 506 2412 753 2447; x_wconf 72' lang='grc' dir='ltr'>συντυγχάνουσιν,</span> <span class='ocrx_word' id='word_1_400' title='bbox 787 2411 893 2443; x_wconf 73' lang='grc' dir='ltr'>ὑπεξελ-</span> 
     </span>
    </p>
   </div>
   <div class='ocr_carea' id='block_1_56' title="bbox 97 2454 894 2492">
    <p class='ocr_par' dir='ltr' id='par_1_56' title="bbox 97 2454 894 2492">
     <span class='ocr_line' id='line_1_56' title="bbox 97 2454 894 2492; baseline 0.001 -11"><span class='ocrx_word' id='word_1_401' title='bbox 97 2457 151 2487; x_wconf 82' lang='grc' dir='ltr'>θοις</span> <span class='ocrx_word' id='word_1_402' title='bbox 175 2460 223 2482; x_wconf 67' lang='grc' dir='ltr'>τοι)</span> <span class='ocrx_word' id='word_1_403' title='bbox 253 2454 325 2491; x_wconf 85' lang='grc' dir='ltr'>βίου,</span> <span class='ocrx_word' id='word_1_404' title='bbox 354 2455 488 2486; x_wconf 73' lang='grc' dir='ltr'>κατέλιπις</span> <span class='ocrx_word' id='word_1_405' title='bbox 520 2457 564 2482; x_wconf 86' lang='grc' dir='ltr'>τὸν</span> <span class='ocrx_word' id='word_1_406' title='bbox 597 2457 642 2482; x_wconf 83' lang='grc' dir='ltr'>σόν</span> <span class='ocrx_word' id='word_1_407' title='bbox 672 2457 775 2492; x_wconf 74' lang='grc' dir='ltr'>ἔκγονον</span> <span class='ocrx_word' id='word_1_408' title='bbox 808 2458 894 2482; x_wconf 79' lang='grc' dir='ltr'>κοινὸν</span> 
     </span>
    </p>
   </div>
   <div class='ocr_carea' id='block_1_57' title="bbox 97 2499 895 2538">
    <p class='ocr_par' dir='ltr' id='par_1_57' title="bbox 97 2499 895 2538">
     <span class='ocr_line' id='line_1_57' title="bbox 97 2499 895 2538; baseline 0.001 -12"><span class='ocrx_word' id='word_1_409' title='bbox 97 2500 190 2537; x_wconf 82' lang='grc' dir='ltr'>ἐχθρὸν</span> <span class='ocrx_word' id='word_1_410' title='bbox 212 2504 262 2526; x_wconf 83' lang='grc' dir='ltr'>τῶν</span> <span class='ocrx_word' id='word_1_411' title='bbox 287 2502 399 2532; x_wconf 79' lang='grc' dir='ltr'>ζώντων.</span> <span class='ocrx_word' id='word_1_412' title='bbox 420 2499 520 2538; x_wconf 75' lang='grc' dir='ltr'>’Ὠσπερ</span> <span class='ocrx_word' id='word_1_413' title='bbox 544 2501 595 2537; x_wconf 82' lang='grc' dir='ltr'><strong>γὰρ</strong></span> <span class='ocrx_word' id='word_1_414' title='bbox 618 2502 705 2527; x_wconf 71' lang='grc' dir='ltr'>τέκνον</span> <span class='ocrx_word' id='word_1_415' title='bbox 730 2503 856 2538; x_wconf 76' lang='grc' dir='ltr'>σκορπίου</span> <span class='ocrx_word' id='word_1_416' title='bbox 881 2501 895 2527; x_wconf 89' lang='grc' dir='ltr'><strong>ὀ</strong></span> 
     </span>
    </p>
   </div>
   <div class='ocr_carea' id='block_1_58' title="bbox 128 2562 894 2599">
    <p class='ocr_par' dir='ltr' id='par_1_58' title="bbox 128 2562 894 2599">
     <span class='ocr_line' id='line_1_58' title="bbox 128 2562 894 2599; baseline -0.001 -8"><span class='ocrx_word' id='word_1_417' title='bbox 128 2563 169 2598; x_wconf 86' lang='grc'><strong>(1)</strong></span> <span class='ocrx_word' id='word_1_418' title='bbox 187 2563 349 2599; x_wconf 62' lang='grc' dir='ltr'>ῘΑνθρωποι.</span> <span class='ocrx_word' id='word_1_419' title='bbox 367 2563 413 2591; x_wconf 88' lang='lat' dir='ltr'><strong>Sic</strong></span> <span class='ocrx_word' id='word_1_420' title='bbox 429 2564 554 2599; x_wconf 88' lang='lat' dir='ltr'><strong>uterque</strong></span> <span class='ocrx_word' id='word_1_421' title='bbox 570 2562 663 2591; x_wconf 81' lang='lat' dir='ltr'><strong>codex</strong></span> <span class='ocrx_word' id='word_1_422' title='bbox 682 2565 710 2592; x_wconf 87' lang='lat' dir='ltr'><strong>et</strong></span> <span class='ocrx_word' id='word_1_423' title='bbox 726 2564 894 2591; x_wconf 81' lang='lat' dir='ltr'><strong>contextus.</strong></span> 
     </span>
    </p>
   </div>
   <div class='ocr_carea' id='block_1_59' title="bbox 98 2597 359 2634">
    <p class='ocr_par' dir='ltr' id='par_1_59' title="bbox 98 2597 359 2634">
     <span class='ocr_line' id='line_1_59' title="bbox 98 2597 359 2634; baseline 0 -8"><span class='ocrx_word' id='word_1_424' title='bbox 98 2599 172 2627; x_wconf 81' lang='lat' dir='ltr'><strong>Editi</strong></span> <span class='ocrx_word' id='word_1_425' title='bbox 181 2597 201 2624; x_wconf 83' lang='grc' dir='ltr'><strong>ὦ</strong></span> <span class='ocrx_word' id='word_1_426' title='bbox 216 2597 359 2634; x_wconf 76' lang='grc' dir='ltr'>ἅνθρωποι.</span> 
     </span>
    </p>
   </div>
   <div class='ocr_carea' id='block_1_60' title="bbox 133 2634 896 2670">
    <p class='ocr_par' dir='ltr' id='par_1_60' title="bbox 133 2634 896 2670">
     <span class='ocr_line' id='line_1_60' title="bbox 133 2634 896 2670; baseline -0.001 -8"><span class='ocrx_word' id='word_1_427' title='bbox 133 2636 170 2670; x_wconf 78' lang='grc'><strong>(2)</strong></span> <span class='ocrx_word' id='word_1_428' title='bbox 186 2635 219 2661; x_wconf 86' lang='grc' dir='ltr'>Ίι</span> <span class='ocrx_word' id='word_1_429' title='bbox 253 2634 371 2662; x_wconf 82' lang='grc' dir='ltr'>πλοῦτον.</span> <span class='ocrx_word' id='word_1_430' title='bbox 403 2634 478 2662; x_wconf 78' lang='lat' dir='ltr'><strong>Editi</strong></span> <span class='ocrx_word' id='word_1_431' title='bbox 503 2634 533 2661; x_wconf 77' lang='grc' dir='ltr'>οὐ</span> <span class='ocrx_word' id='word_1_432' title='bbox 552 2634 672 2663; x_wconf 78' lang='grc' dir='ltr'>πλοῦτον.</span> <span class='ocrx_word' id='word_1_433' title='bbox 698 2634 774 2662; x_wconf 88' lang='lat' dir='ltr'><strong>Cum</strong></span> <span class='ocrx_word' id='word_1_434' title='bbox 800 2634 896 2663; x_wconf 76' lang='lat' dir='ltr'><strong>Basilii</strong></span> 
     </span>
    </p>
   </div>
   <div class='ocr_carea' id='block_1_61' title="bbox 101 2670 669 2706">
    <p class='ocr_par' dir='ltr' id='par_1_61' title="bbox 101 2670 669 2706">
     <span class='ocr_line' id='line_1_61' title="bbox 101 2670 669 2706; baseline 0.002 -9"><span class='ocrx_word' id='word_1_435' title='bbox 101 2673 243 2706; x_wconf 81' lang='lat' dir='ltr'><strong>contextu</strong></span> <span class='ocrx_word' id='word_1_436' title='bbox 255 2670 403 2698; x_wconf 71' lang='lat' dir='ltr'><strong>consentit</strong></span> <span class='ocrx_word' id='word_1_437' title='bbox 421 2672 546 2706; x_wconf 88' lang='lat' dir='ltr'><strong>uterque</strong></span> <span class='ocrx_word' id='word_1_438' title='bbox 564 2670 669 2698; x_wconf 84' lang='lat' dir='ltr'><strong>codex.</strong></span> 
     </span>
    </p>
   </div>
   <div class='ocr_carea' id='block_1_62' title="bbox 135 2704 896 2739">
    <p class='ocr_par' dir='ltr' id='par_1_62' title="bbox 135 2704 896 2739">
     <span class='ocr_line' id='line_1_62' title="bbox 135 2704 896 2739; baseline -0.001 -5"><span class='ocrx_word' id='word_1_439' title='bbox 135 2707 174 2739; x_wconf 89' lang='lat'><strong>(3)</strong></span> <span class='ocrx_word' id='word_1_440' title='bbox 197 2704 246 2732; x_wconf 75' lang='grc' dir='ltr'><strong>Διά</strong></span> <span class='ocrx_word' id='word_1_441' title='bbox 268 2710 316 2735; x_wconf 77' lang='grc' dir='ltr'>τῆς</span> <span class='ocrx_word' id='word_1_442' title='bbox 343 2706 451 2736; x_wconf 75' lang='grc' dir='ltr'>εὐνοίαις.</span> <span class='ocrx_word' id='word_1_443' title='bbox 477 2704 509 2733; x_wconf 74' lang='lat' dir='ltr'><strong>tri</strong></span> <span class='ocrx_word' id='word_1_444' title='bbox 537 2707 677 2734; x_wconf 81' lang='lat' dir='ltr'><strong>contextu</strong></span> <span class='ocrx_word' id='word_1_445' title='bbox 704 2705 800 2734; x_wconf 81' lang='lat' dir='ltr'><strong>Basilii</strong></span> <span class='ocrx_word' id='word_1_446' title='bbox 824 2705 896 2733; x_wconf 80' lang='lat' dir='ltr'><strong>satis</strong></span> 
     </span>
    </p>
   </div>
   <div class='ocr_carea' id='block_1_63' title="bbox 103 2740 896 2776">
    <p class='ocr_par' dir='ltr' id='par_1_63' title="bbox 103 2740 896 2776">
     <span class='ocr_line' id='line_1_63' title="bbox 103 2740 896 2776; baseline -0.001 -6"><span class='ocrx_word' id='word_1_447' title='bbox 103 2741 259 2771; x_wconf 86' lang='lat' dir='ltr'><strong>commode</strong></span> <span class='ocrx_word' id='word_1_448' title='bbox 275 2741 469 2772; x_wconf 81' lang='lat' dir='ltr'><strong>emendatum</strong></span> <span class='ocrx_word' id='word_1_449' title='bbox 483 2743 529 2770; x_wconf 88' lang='lat' dir='ltr'><strong>est</strong></span> <span class='ocrx_word' id='word_1_450' title='bbox 541 2740 640 2772; x_wconf 73' lang='grc' dir='ltr'><strong>διὰτῆς</strong></span> <span class='ocrx_word' id='word_1_451' title='bbox 653 2741 896 2776; x_wconf 58' lang='grc' dir='ltr'>εὐποιίαςψρηεία-</span> 
     </span>
    </p>
   </div>
   <div class='ocr_carea' id='block_1_64' title="bbox 923 189 1747 227">
    <p class='ocr_par' dir='ltr' id='par_1_64' title="bbox 923 189 1747 227">
     <span class='ocr_line' id='line_1_64' title="bbox 923 189 1747 227; baseline 0.001 -9"><span class='ocrx_word' id='word_1_452' title='bbox 923 191 1065 226; x_wconf 83' lang='lat' dir='ltr'><strong>spectus?</strong></span> <span class='ocrx_word' id='word_1_453' title='bbox 1085 190 1242 223; x_wconf 88' lang='lat' dir='ltr'><strong>Quomodo</strong></span> <span class='ocrx_word' id='word_1_454' title='bbox 1269 189 1414 218; x_wconf 79' lang='lat' dir='ltr'><strong>habitabo</strong></span> <span class='ocrx_word' id='word_1_455' title='bbox 1438 190 1575 224; x_wconf 89' lang='lat' dir='ltr'><strong>domum,</strong></span> <span class='ocrx_word' id='word_1_456' title='bbox 1602 191 1654 227; x_wconf 89' lang='lat' dir='ltr'><strong>qui</strong></span> <span class='ocrx_word' id='word_1_457' title='bbox 1675 192 1747 220; x_wconf 87' lang='lat' dir='ltr'><strong>mihi</strong></span> 
     </span>
    </p>
   </div>
   <div class='ocr_carea' id='block_1_65' title="bbox 923 234 1747 271">
    <p class='ocr_par' dir='ltr' id='par_1_65' title="bbox 923 234 1747 271">
     <span class='ocr_line' id='line_1_65' title="bbox 923 234 1747 271; baseline 0.002 -9"><span class='ocrx_word' id='word_1_458' title='bbox 923 236 987 271; x_wconf 87' lang='lat' dir='ltr'><strong>ipse</strong></span> <span class='ocrx_word' id='word_1_459' title='bbox 998 236 1054 262; x_wconf 91' lang='lat' dir='ltr'><strong>sim</strong></span> <span class='ocrx_word' id='word_1_460' title='bbox 1075 237 1180 263; x_wconf 88' lang='lat' dir='ltr'><strong>auctor</strong></span> <span class='ocrx_word' id='word_1_461' title='bbox 1199 234 1334 262; x_wconf 81' lang='lat' dir='ltr'><strong>orbitatis</strong></span> <span class='ocrx_word' id='word_1_462' title='bbox 1345 234 1358 261; x_wconf 82' lang='lat'>?</span> <span class='ocrx_word' id='word_1_463' title='bbox 1375 234 1532 267; x_wconf 83' lang='lat' dir='ltr'><strong>Quomodo</strong></span> <span class='ocrx_word' id='word_1_464' title='bbox 1552 235 1694 264; x_wconf 85' lang='lat' dir='ltr'><strong>accedam</strong></span> <span class='ocrx_word' id='word_1_465' title='bbox 1708 236 1747 264; x_wconf 85' lang='lat' dir='ltr'><strong>ad</strong></span> 
     </span>
    </p>
   </div>
   <div class='ocr_carea' id='block_1_66' title="bbox 925 278 1750 315">
    <p class='ocr_par' dir='ltr' id='par_1_66' title="bbox 925 278 1750 315">
     <span class='ocr_line' id='line_1_66' title="bbox 925 278 1750 315; baseline 0.001 -8"><span class='ocrx_word' id='word_1_466' title='bbox 925 287 1073 314; x_wconf 84' lang='lat' dir='ltr'><strong>mensam,</strong></span> <span class='ocrx_word' id='word_1_467' title='bbox 1107 279 1193 314; x_wconf 85' lang='lat' dir='ltr'><strong>cujus</strong></span> <span class='ocrx_word' id='word_1_468' title='bbox 1227 278 1416 307; x_wconf 79' lang='lat' dir='ltr'><strong>abundantia</strong></span> <span class='ocrx_word' id='word_1_469' title='bbox 1441 286 1568 306; x_wconf 80' lang='lat' dir='ltr'><strong>causam</strong></span> <span class='ocrx_word' id='word_1_470' title='bbox 1599 280 1750 315; x_wconf 82' lang='lat' dir='ltr'><strong>ejusmodi</strong></span> 
     </span>
    </p>
   </div>
   <div class='ocr_carea' id='block_1_67' title="bbox 924 323 1747 360">
    <p class='ocr_par' dir='ltr' id='par_1_67' title="bbox 924 323 1747 360">
     <span class='ocr_line' id='line_1_67' title="bbox 924 323 1747 360; baseline 0 -8"><span class='ocrx_word' id='word_1_471' title='bbox 924 323 1015 352; x_wconf 90' lang='lat' dir='ltr'><strong>habet</strong></span> <span class='ocrx_word' id='word_1_472' title='bbox 1026 324 1039 351; x_wconf 67' lang='grc' dir='ltr'>ἵ</span> <span class='ocrx_word' id='word_1_473' title='bbox 1047 325 1142 359; x_wconf 75' lang='lat' dir='ltr'><strong>Atque</strong></span> <span class='ocrx_word' id='word_1_474' title='bbox 1152 323 1200 350; x_wconf 85' lang='lat' dir='ltr'><strong>ille</strong></span> <span class='ocrx_word' id='word_1_475' title='bbox 1212 323 1334 359; x_wconf 84' lang='lat' dir='ltr'><strong>quidem</strong></span> <span class='ocrx_word' id='word_1_476' title='bbox 1346 323 1512 351; x_wconf 89' lang='lat' dir='ltr'><strong>innumeris</strong></span> <span class='ocrx_word' id='word_1_477' title='bbox 1525 331 1594 351; x_wconf 89' lang='lat' dir='ltr'><strong>cum</strong></span> <span class='ocrx_word' id='word_1_478' title='bbox 1604 323 1747 360; x_wconf 84' lang='lat' dir='ltr'><strong>lacrymis</strong></span> 
     </span>
    </p>
   </div>
   <div class='ocr_carea' id='block_1_68' title="bbox 925 367 1748 397">
    <p class='ocr_par' dir='ltr' id='par_1_68' title="bbox 925 367 1748 397">
     <span class='ocr_line' id='line_1_68' title="bbox 925 367 1748 397; baseline 0 -1"><span class='ocrx_word' id='word_1_479' title='bbox 925 368 987 397; x_wconf 81' lang='lat' dir='ltr'><strong>abit</strong></span> <span class='ocrx_word' id='word_1_480' title='bbox 999 367 1210 396; x_wconf 75' lang='lat' dir='ltr'><strong>charissimam</strong></span> <span class='ocrx_word' id='word_1_481' title='bbox 1222 367 1352 396; x_wconf 89' lang='lat' dir='ltr'><strong>ﬁliorum</strong></span> <span class='ocrx_word' id='word_1_482' title='bbox 1362 368 1534 396; x_wconf 84' lang='lat' dir='ltr'><strong>venditurus</strong></span> <span class='ocrx_word' id='word_1_483' title='bbox 1546 377 1552 395; x_wconf 93' lang='lat'><strong>:</strong></span> <span class='ocrx_word' id='word_1_484' title='bbox 1567 369 1594 396; x_wconf 84' lang='lat' dir='ltr'><strong>te</strong></span> <span class='ocrx_word' id='word_1_485' title='bbox 1607 376 1678 396; x_wconf 87' lang='lat' dir='ltr'><strong>vero</strong></span> <span class='ocrx_word' id='word_1_486' title='bbox 1686 377 1748 397; x_wconf 88' lang='lat' dir='ltr'><strong>non</strong></span> 
     </span>
    </p>
   </div>
   <div class='ocr_carea' id='block_1_69' title="bbox 926 412 1749 448">
    <p class='ocr_par' dir='ltr' id='par_1_69' title="bbox 926 412 1749 448">
     <span class='ocr_line' id='line_1_69' title="bbox 926 412 1749 448; baseline 0.001 -8"><span class='ocrx_word' id='word_1_487' title='bbox 926 413 1016 441; x_wconf 85' lang='lat' dir='ltr'><strong>ﬂectit</strong></span> <span class='ocrx_word' id='word_1_488' title='bbox 1029 413 1193 448; x_wconf 81' lang='lat' dir='ltr'><strong>calamitas,</strong></span> <span class='ocrx_word' id='word_1_489' title='bbox 1210 419 1307 447; x_wconf 86' lang='lat' dir='ltr'><strong>neque</strong></span> <span class='ocrx_word' id='word_1_490' title='bbox 1318 412 1454 440; x_wconf 87' lang='lat' dir='ltr'><strong>animum</strong></span> <span class='ocrx_word' id='word_1_491' title='bbox 1469 414 1555 441; x_wconf 88' lang='lat' dir='ltr'><strong>tuum</strong></span> <span class='ocrx_word' id='word_1_492' title='bbox 1567 412 1647 441; x_wconf 90' lang='lat' dir='ltr'><strong>subit</strong></span> <span class='ocrx_word' id='word_1_493' title='bbox 1663 415 1749 441; x_wconf 86' lang='lat' dir='ltr'><strong>natu-</strong></span> 
     </span>
    </p>
   </div>
   <div class='ocr_carea' id='block_1_70' title="bbox 926 456 1748 492">
    <p class='ocr_par' dir='ltr' id='par_1_70' title="bbox 926 456 1748 492">
     <span class='ocr_line' id='line_1_70' title="bbox 926 456 1748 492; baseline -0.002 -7"><span class='ocrx_word' id='word_1_494' title='bbox 926 465 966 485; x_wconf 78' lang='lat' dir='ltr'><strong>rae</strong></span> <span class='ocrx_word' id='word_1_495' title='bbox 987 456 1137 492; x_wconf 83' lang='lat' dir='ltr'><strong>cogitatio.</strong></span> <span class='ocrx_word' id='word_1_496' title='bbox 1152 457 1240 492; x_wconf 81' lang='lat' dir='ltr'><strong>Atqui</strong></span> <span class='ocrx_word' id='word_1_497' title='bbox 1255 456 1349 483; x_wconf 85' lang='lat' dir='ltr'><strong>fames</strong></span> <span class='ocrx_word' id='word_1_498' title='bbox 1362 456 1505 484; x_wconf 85' lang='lat' dir='ltr'><strong>miserum</strong></span> <span class='ocrx_word' id='word_1_499' title='bbox 1525 456 1610 484; x_wconf 87' lang='lat' dir='ltr'><strong>illum</strong></span> <span class='ocrx_word' id='word_1_500' title='bbox 1629 458 1748 492; x_wconf 80' lang='lat' dir='ltr'><strong>premit,</strong></span> 
     </span>
    </p>
   </div>
   <div class='ocr_carea' id='block_1_71' title="bbox 927 500 1750 533">
    <p class='ocr_par' dir='ltr' id='par_1_71' title="bbox 927 500 1750 533">
     <span class='ocr_line' id='line_1_71' title="bbox 927 500 1750 533; baseline 0 -4"><span class='ocrx_word' id='word_1_501' title='bbox 927 504 959 530; x_wconf 85' lang='lat' dir='ltr'><strong>tu</strong></span> <span class='ocrx_word' id='word_1_502' title='bbox 973 509 1044 529; x_wconf 88' lang='lat' dir='ltr'><strong>vero</strong></span> <span class='ocrx_word' id='word_1_503' title='bbox 1063 501 1213 529; x_wconf 83' lang='lat' dir='ltr'><strong>cunctaris</strong></span> <span class='ocrx_word' id='word_1_504' title='bbox 1232 508 1266 528; x_wconf 89' lang='lat' dir='ltr'><strong>ac</strong></span> <span class='ocrx_word' id='word_1_505' title='bbox 1281 500 1390 533; x_wconf 84' lang='lat' dir='ltr'><strong>illudis,</strong></span> <span class='ocrx_word' id='word_1_506' title='bbox 1415 500 1620 529; x_wconf 75' lang='lat' dir='ltr'><strong>calamitatem</strong></span> <span class='ocrx_word' id='word_1_507' title='bbox 1644 501 1670 529; x_wconf 89' lang='lat' dir='ltr'><strong>ei</strong></span> <span class='ocrx_word' id='word_1_508' title='bbox 1683 501 1750 529; x_wconf 88' lang='lat' dir='ltr'><strong>red-</strong></span> 
     </span>
    </p>
   </div>
   <div class='ocr_carea' id='block_1_72' title="bbox 927 544 1750 581">
    <p class='ocr_par' dir='ltr' id='par_1_72' title="bbox 927 544 1750 581">
     <span class='ocr_line' id='line_1_72' title="bbox 927 544 1750 581; baseline 0 -8"><span class='ocrx_word' id='word_1_509' title='bbox 927 545 1001 573; x_wconf 86' lang='lat' dir='ltr'><strong>dens</strong></span> <span class='ocrx_word' id='word_1_510' title='bbox 1013 545 1192 579; x_wconf 75' lang='lat' dir='ltr'><strong>longiorem.</strong></span> <span class='ocrx_word' id='word_1_511' title='bbox 1213 546 1246 573; x_wconf 89' lang='lat' dir='ltr'><strong>Et</strong></span> <span class='ocrx_word' id='word_1_512' title='bbox 1270 544 1319 572; x_wconf 89' lang='lat' dir='ltr'><strong>ille</strong></span> <span class='ocrx_word' id='word_1_513' title='bbox 1340 544 1464 580; x_wconf 89' lang='lat' dir='ltr'><strong>quidem</strong></span> <span class='ocrx_word' id='word_1_514' title='bbox 1480 544 1596 573; x_wconf 81' lang='lat' dir='ltr'><strong>viscera</strong></span> <span class='ocrx_word' id='word_1_515' title='bbox 1607 553 1664 573; x_wconf 88' lang='lat' dir='ltr'><strong>sua</strong></span> <span class='ocrx_word' id='word_1_516' title='bbox 1682 554 1750 581; x_wconf 85' lang='lat' dir='ltr'><strong>pre-</strong></span> 
     </span>
    </p>
   </div>
   <div class='ocr_carea' id='block_1_73' title="bbox 927 589 1751 624">
    <p class='ocr_par' dir='ltr' id='par_1_73' title="bbox 927 589 1751 624">
     <span class='ocr_line' id='line_1_73' title="bbox 927 589 1751 624; baseline 0 -6"><span class='ocrx_word' id='word_1_517' title='bbox 927 590 1003 618; x_wconf 84' lang='lat' dir='ltr'><strong>tium</strong></span> <span class='ocrx_word' id='word_1_518' title='bbox 1027 590 1239 617; x_wconf 80' lang='lat' dir='ltr'><strong>alimentorum</strong></span> <span class='ocrx_word' id='word_1_519' title='bbox 1257 589 1398 624; x_wconf 81' lang='lat' dir='ltr'><strong>porrigit;</strong></span> <span class='ocrx_word' id='word_1_520' title='bbox 1412 591 1464 617; x_wconf 86' lang='lat' dir='ltr'><strong>tua</strong></span> <span class='ocrx_word' id='word_1_521' title='bbox 1488 597 1558 617; x_wconf 88' lang='lat' dir='ltr'><strong>vero</strong></span> <span class='ocrx_word' id='word_1_522' title='bbox 1577 597 1688 617; x_wconf 89' lang='lat' dir='ltr'><strong>manus</strong></span> <span class='ocrx_word' id='word_1_523' title='bbox 1714 598 1751 618; x_wconf 84' lang='lat' dir='ltr'><strong>ex</strong></span> 
     </span>
    </p>
   </div>
   <div class='ocr_carea' id='block_1_74' title="bbox 928 633 1752 670">
    <p class='ocr_par' dir='ltr' id='par_1_74' title="bbox 928 633 1752 670">
     <span class='ocr_line' id='line_1_74' title="bbox 928 633 1752 670; baseline 0 -8"><span class='ocrx_word' id='word_1_524' title='bbox 928 634 1078 670; x_wconf 89' lang='lat' dir='ltr'><strong>ejusmodi</strong></span> <span class='ocrx_word' id='word_1_525' title='bbox 1086 633 1307 662; x_wconf 82' lang='lat' dir='ltr'><strong>calamitatibus</strong></span> <span class='ocrx_word' id='word_1_526' title='bbox 1316 634 1411 669; x_wconf 84' lang='lat' dir='ltr'><strong>pretia</strong></span> <span class='ocrx_word' id='word_1_527' title='bbox 1439 633 1580 668; x_wconf 85' lang='lat' dir='ltr'><strong>referens,</strong></span> <span class='ocrx_word' id='word_1_528' title='bbox 1589 641 1650 662; x_wconf 89' lang='lat' dir='ltr'><strong>non</strong></span> <span class='ocrx_word' id='word_1_529' title='bbox 1661 634 1752 662; x_wconf 88' lang='lat' dir='ltr'><strong>modo</strong></span> 
     </span>
    </p>
   </div>
   <div class='ocr_carea' id='block_1_75' title="bbox 928 677 1753 714">
    <p class='ocr_par' dir='ltr' id='par_1_75' title="bbox 928 677 1753 714">
     <span class='ocr_line' id='line_1_75' title="bbox 928 677 1753 714; baseline 0 -8"><span class='ocrx_word' id='word_1_530' title='bbox 928 686 990 706; x_wconf 89' lang='lat' dir='ltr'><strong>non</strong></span> <span class='ocrx_word' id='word_1_531' title='bbox 1009 680 1118 713; x_wconf 87' lang='lat' dir='ltr'><strong>stupet,</strong></span> <span class='ocrx_word' id='word_1_532' title='bbox 1135 678 1189 705; x_wconf 89' lang='lat' dir='ltr'><strong>sed</strong></span> <span class='ocrx_word' id='word_1_533' title='bbox 1204 677 1241 705; x_wconf 93' lang='lat' dir='ltr'><strong>de</strong></span> <span class='ocrx_word' id='word_1_534' title='bbox 1256 677 1351 714; x_wconf 87' lang='lat' dir='ltr'><strong>pretio</strong></span> <span class='ocrx_word' id='word_1_535' title='bbox 1366 677 1459 705; x_wconf 88' lang='lat' dir='ltr'><strong>etiam</strong></span> <span class='ocrx_word' id='word_1_536' title='bbox 1474 677 1640 713; x_wconf 84' lang='lat' dir='ltr'><strong>contendis,</strong></span> <span class='ocrx_word' id='word_1_537' title='bbox 1665 678 1753 714; x_wconf 85' lang='lat' dir='ltr'><strong>quasi</strong></span> 
     </span>
    </p>
   </div>
   <div class='ocr_carea' id='block_1_76' title="bbox 928 722 1753 759">
    <p class='ocr_par' dir='ltr' id='par_1_76' title="bbox 928 722 1753 759">
     <span class='ocr_line' id='line_1_76' title="bbox 928 722 1753 759; baseline 0.001 -9"><span class='ocrx_word' id='word_1_538' title='bbox 928 723 996 759; x_wconf 87' lang='lat' dir='ltr'><strong>plus</strong></span> <span class='ocrx_word' id='word_1_539' title='bbox 1007 723 1080 751; x_wconf 87' lang='lat' dir='ltr'><strong>satis</strong></span> <span class='ocrx_word' id='word_1_540' title='bbox 1093 722 1212 757; x_wconf 75' lang='lat' dir='ltr'><strong>offeras,</strong></span> <span class='ocrx_word' id='word_1_541' title='bbox 1228 724 1319 758; x_wconf 87' lang='lat' dir='ltr'><strong>atque</strong></span> <span class='ocrx_word' id='word_1_542' title='bbox 1343 722 1478 750; x_wconf 85' lang='lat' dir='ltr'><strong>studium</strong></span> <span class='ocrx_word' id='word_1_543' title='bbox 1491 722 1523 750; x_wconf 89' lang='lat' dir='ltr'><strong>in</strong></span> <span class='ocrx_word' id='word_1_544' title='bbox 1546 730 1582 750; x_wconf 92' lang='lat' dir='ltr'><strong>eo</strong></span> <span class='ocrx_word' id='word_1_545' title='bbox 1596 722 1696 758; x_wconf 89' lang='lat' dir='ltr'><strong>ponis,</strong></span> <span class='ocrx_word' id='word_1_546' title='bbox 1720 725 1753 751; x_wconf 90' lang='lat' dir='ltr'><strong>ut</strong></span> 
     </span>
    </p>
   </div>
   <div class='ocr_carea' id='block_1_77' title="bbox 928 766 1752 803">
    <p class='ocr_par' dir='ltr' id='par_1_77' title="bbox 928 766 1752 803">
     <span class='ocr_line' id='line_1_77' title="bbox 928 766 1752 803; baseline 0.002 -9"><span class='ocrx_word' id='word_1_547' title='bbox 928 767 996 803; x_wconf 86' lang='lat' dir='ltr'><strong>plus</strong></span> <span class='ocrx_word' id='word_1_548' title='bbox 1006 767 1167 803; x_wconf 89' lang='lat' dir='ltr'><strong>accipiens,</strong></span> <span class='ocrx_word' id='word_1_549' title='bbox 1180 766 1281 794; x_wconf 89' lang='lat' dir='ltr'><strong>minus</strong></span> <span class='ocrx_word' id='word_1_550' title='bbox 1296 766 1360 801; x_wconf 86' lang='lat' dir='ltr'><strong>des,</strong></span> <span class='ocrx_word' id='word_1_551' title='bbox 1375 766 1486 795; x_wconf 87' lang='lat' dir='ltr'><strong>misero</strong></span> <span class='ocrx_word' id='word_1_552' title='bbox 1496 766 1651 796; x_wconf 84' lang='lat' dir='ltr'><strong>undelibet</strong></span> <span class='ocrx_word' id='word_1_553' title='bbox 1664 775 1752 796; x_wconf 85' lang='lat' dir='ltr'><strong>accu-</strong></span> 
     </span>
    </p>
   </div>
   <div class='ocr_carea' id='block_1_78' title="bbox 928 811 1274 840">
    <p class='ocr_par' dir='ltr' id='par_1_78' title="bbox 928 811 1274 840">
     <span class='ocr_line' id='line_1_78' title="bbox 928 811 1274 840; baseline 0 -1"><span class='ocrx_word' id='word_1_554' title='bbox 928 811 1049 840; x_wconf 88' lang='lat' dir='ltr'><strong>mulans</strong></span> <span class='ocrx_word' id='word_1_555' title='bbox 1063 811 1274 840; x_wconf 79' lang='lat' dir='ltr'><strong>calamitatem.</strong></span> 
     </span>
    </p>
   </div>
   <div class='ocr_carea' id='block_1_79' title="bbox 967 853 1754 894">
    <p class='ocr_par' dir='ltr' id='par_1_79' title="bbox 967 853 1754 894">
     <span class='ocr_line' id='line_1_79' title="bbox 967 853 1754 894; baseline 0.006 -11"><span class='ocrx_word' id='word_1_556' title='bbox 1008 856 1046 891; x_wconf 71' lang='lat' dir='ltr'><strong>(i)</strong></span> <span class='ocrx_word' id='word_1_557' title='bbox 1059 853 1153 883; x_wconf 83' lang='lat' dir='ltr'><strong>Avem</strong></span> <span class='ocrx_word' id='word_1_558' title='bbox 1166 854 1351 884; x_wconf 87' lang='lat' dir='ltr'><strong>Seleucidem</strong></span> <span class='ocrx_word' id='word_1_559' title='bbox 1364 856 1575 886; x_wconf 88' lang='lat' dir='ltr'><strong>universorum</strong></span> <span class='ocrx_word' id='word_1_560' title='bbox 1589 857 1690 894; x_wconf 78' lang='lat' dir='ltr'><strong>opifex</strong></span> <span class='ocrx_word' id='word_1_561' title='bbox 1701 858 1754 888; x_wconf 40' lang='lat' dir='ltr'><strong>hos</strong></span> 
     </span>
    </p>
   </div>
   <div class='ocr_carea' id='block_1_80' title="bbox 930 899 1754 937">
    <p class='ocr_par' dir='ltr' id='par_1_80' title="bbox 930 899 1754 937">
     <span class='ocr_line' id='line_1_80' title="bbox 930 899 1754 937; baseline 0.004 -8"><span class='ocrx_word' id='word_1_562' title='bbox 930 900 1048 929; x_wconf 87' lang='lat' dir='ltr'><strong>minum</strong></span> <span class='ocrx_word' id='word_1_563' title='bbox 1073 900 1170 934; x_wconf 81' lang='lat' dir='ltr'><strong>gratia</strong></span> <span class='ocrx_word' id='word_1_564' title='bbox 1185 899 1319 928; x_wconf 88' lang='lat' dir='ltr'><strong>condidit</strong></span> <span class='ocrx_word' id='word_1_565' title='bbox 1343 900 1562 937; x_wconf 80' lang='lat' dir='ltr'><strong>insatiabilem;</strong></span> <span class='ocrx_word' id='word_1_566' title='bbox 1584 904 1616 931; x_wconf 89' lang='lat' dir='ltr'><strong>tu</strong></span> <span class='ocrx_word' id='word_1_567' title='bbox 1638 911 1710 931; x_wconf 83' lang='lat' dir='ltr'><strong>vero</strong></span> <span class='ocrx_word' id='word_1_568' title='bbox 1723 903 1754 931; x_wconf 90' lang='lat' dir='ltr'><strong>in</strong></span> 
     </span>
    </p>
   </div>
   <div class='ocr_carea' id='block_1_81' title="bbox 930 943 1755 983">
    <p class='ocr_par' dir='ltr' id='par_1_81' title="bbox 930 943 1755 983">
     <span class='ocr_line' id='line_1_81' title="bbox 930 943 1755 983; baseline 0.004 -10"><span class='ocrx_word' id='word_1_569' title='bbox 930 944 1094 973; x_wconf 89' lang='lat' dir='ltr'><strong>multorum</strong></span> <span class='ocrx_word' id='word_1_570' title='bbox 1109 943 1271 980; x_wconf 83' lang='lat' dir='ltr'><strong>perniciem</strong></span> <span class='ocrx_word' id='word_1_571' title='bbox 1285 944 1422 974; x_wconf 88' lang='lat' dir='ltr'><strong>animum</strong></span> <span class='ocrx_word' id='word_1_572' title='bbox 1443 947 1528 974; x_wconf 89' lang='lat' dir='ltr'><strong>tuum</strong></span> <span class='ocrx_word' id='word_1_573' title='bbox 1542 946 1755 983; x_wconf 83' lang='lat' dir='ltr'><strong>inexplebilem</strong></span> 
     </span>
    </p>
   </div>
   <div class='ocr_carea' id='block_1_82' title="bbox 931 988 1753 1025">
    <p class='ocr_par' dir='ltr' id='par_1_82' title="bbox 931 988 1753 1025">
     <span class='ocr_line' id='line_1_82' title="bbox 931 988 1753 1025; baseline 0.002 -8"><span class='ocrx_word' id='word_1_574' title='bbox 931 988 1064 1017; x_wconf 86' lang='lat' dir='ltr'><strong>eﬂecisti.</strong></span> <span class='ocrx_word' id='word_1_575' title='bbox 1079 989 1121 1024; x_wconf 83' lang='lat'><strong>(5)</strong></span> <span class='ocrx_word' id='word_1_576' title='bbox 1140 988 1270 1017; x_wconf 87' lang='lat' dir='ltr'><strong>Piscium</strong></span> <span class='ocrx_word' id='word_1_577' title='bbox 1292 989 1413 1024; x_wconf 89' lang='lat' dir='ltr'><strong>plurimi</strong></span> <span class='ocrx_word' id='word_1_578' title='bbox 1440 993 1548 1020; x_wconf 76' lang='lat' dir='ltr'><strong>vorant</strong></span> <span class='ocrx_word' id='word_1_579' title='bbox 1566 999 1597 1019; x_wconf 91' lang='lat' dir='ltr'><strong>se</strong></span> <span class='ocrx_word' id='word_1_580' title='bbox 1613 991 1753 1025; x_wconf 86' lang='lat' dir='ltr'><strong>invicem,</strong></span> 
     </span>
    </p>
   </div>
   <div class='ocr_carea' id='block_1_83' title="bbox 932 1033 1756 1072">
    <p class='ocr_par' dir='ltr' id='par_1_83' title="bbox 932 1033 1756 1072">
     <span class='ocr_line' id='line_1_83' title="bbox 932 1033 1756 1072; baseline 0.004 -11"><span class='ocrx_word' id='word_1_581' title='bbox 932 1034 1092 1070; x_wconf 86' lang='lat' dir='ltr'><strong>minorque</strong></span> <span class='ocrx_word' id='word_1_582' title='bbox 1112 1034 1194 1069; x_wconf 87' lang='lat' dir='ltr'><strong>apud</strong></span> <span class='ocrx_word' id='word_1_583' title='bbox 1210 1033 1277 1062; x_wconf 90' lang='lat' dir='ltr'><strong>illos</strong></span> <span class='ocrx_word' id='word_1_584' title='bbox 1302 1034 1479 1063; x_wconf 85' lang='lat' dir='ltr'><strong>alimentum</strong></span> <span class='ocrx_word' id='word_1_585' title='bbox 1498 1038 1542 1064; x_wconf 91' lang='lat' dir='ltr'><strong>est</strong></span> <span class='ocrx_word' id='word_1_586' title='bbox 1562 1036 1696 1072; x_wconf 87' lang='lat' dir='ltr'><strong>majoris.</strong></span> <span class='ocrx_word' id='word_1_587' title='bbox 1722 1037 1756 1064; x_wconf 88' lang='lat' dir='ltr'><strong>Et</strong></span> 
     </span>
    </p>
   </div>
   <div class='ocr_carea' id='block_1_84' title="bbox 933 1078 1757 1116">
    <p class='ocr_par' dir='ltr' id='par_1_84' title="bbox 933 1078 1757 1116">
     <span class='ocr_line' id='line_1_84' title="bbox 933 1078 1757 1116; baseline 0.002 -10"><span class='ocrx_word' id='word_1_588' title='bbox 933 1079 958 1106; x_wconf 90' lang='lat' dir='ltr'><strong>si</strong></span> <span class='ocrx_word' id='word_1_589' title='bbox 973 1086 1108 1114; x_wconf 80' lang='lat' dir='ltr'><strong>unquam</strong></span> <span class='ocrx_word' id='word_1_590' title='bbox 1128 1078 1293 1113; x_wconf 83' lang='lat' dir='ltr'><strong>contigerit,</strong></span> <span class='ocrx_word' id='word_1_591' title='bbox 1315 1080 1348 1106; x_wconf 89' lang='lat' dir='ltr'><strong>ut</strong></span> <span class='ocrx_word' id='word_1_592' title='bbox 1374 1079 1400 1106; x_wconf 90' lang='lat' dir='ltr'><strong>is</strong></span> <span class='ocrx_word' id='word_1_593' title='bbox 1422 1079 1475 1115; x_wconf 88' lang='lat' dir='ltr'><strong>qui</strong></span> <span class='ocrx_word' id='word_1_594' title='bbox 1491 1080 1577 1116; x_wconf 71' lang='lat'><strong>502</strong></span> <span class='ocrx_word' id='word_1_595' title='bbox 1606 1080 1757 1109; x_wconf 89' lang='lat' dir='ltr'><strong>minorem</strong></span> 
     </span>
    </p>
   </div>
   <div class='ocr_carea' id='block_1_85' title="bbox 934 1122 1758 1159">
    <p class='ocr_par' dir='ltr' id='par_1_85' title="bbox 934 1122 1758 1159">
     <span class='ocr_line' id='line_1_85' title="bbox 934 1122 1758 1159; baseline 0.004 -9"><span class='ocrx_word' id='word_1_596' title='bbox 934 1124 1135 1159; x_wconf 84' lang='lat' dir='ltr'><strong>superaverat,</strong></span> <span class='ocrx_word' id='word_1_597' title='bbox 1151 1122 1273 1150; x_wconf 80' lang='lat' dir='ltr'><strong>alterius</strong></span> <span class='ocrx_word' id='word_1_598' title='bbox 1292 1123 1345 1150; x_wconf 88' lang='lat' dir='ltr'><strong>ﬁat</strong></span> <span class='ocrx_word' id='word_1_599' title='bbox 1359 1123 1479 1159; x_wconf 76' lang='lat' dir='ltr'><strong>praeda:</strong></span> <span class='ocrx_word' id='word_1_600' title='bbox 1499 1124 1591 1152; x_wconf 89' lang='lat' dir='ltr'><strong>ambo</strong></span> <span class='ocrx_word' id='word_1_601' title='bbox 1610 1124 1642 1152; x_wconf 89' lang='lat' dir='ltr'><strong>in</strong></span> <span class='ocrx_word' id='word_1_602' title='bbox 1661 1132 1758 1153; x_wconf 88' lang='lat' dir='ltr'><strong>unum</strong></span> 
     </span>
    </p>
   </div>
   <div class='ocr_carea' id='block_1_86' title="bbox 933 1167 1759 1203">
    <p class='ocr_par' dir='ltr' id='par_1_86' title="bbox 933 1167 1759 1203">
     <span class='ocr_line' id='line_1_86' title="bbox 933 1167 1759 1203; baseline 0.004 -9"><span class='ocrx_word' id='word_1_603' title='bbox 933 1169 963 1195; x_wconf 90' lang='lat' dir='ltr'><strong>et</strong></span> <span class='ocrx_word' id='word_1_604' title='bbox 971 1167 1113 1195; x_wconf 86' lang='lat' dir='ltr'><strong>eumdem</strong></span> <span class='ocrx_word' id='word_1_605' title='bbox 1123 1167 1294 1202; x_wconf 85' lang='lat' dir='ltr'><strong>posterioris</strong></span> <span class='ocrx_word' id='word_1_606' title='bbox 1304 1169 1440 1196; x_wconf 86' lang='lat' dir='ltr'><strong>ventrem</strong></span> <span class='ocrx_word' id='word_1_607' title='bbox 1449 1167 1667 1203; x_wconf 82' lang='lat' dir='ltr'><strong>ingrediuntur.</strong></span> <span class='ocrx_word' id='word_1_608' title='bbox 1683 1168 1759 1200; x_wconf 83' lang='lat' dir='ltr'><strong>Quid</strong></span> 
     </span>
    </p>
   </div>
   <div class='ocr_carea' id='block_1_87' title="bbox 934 1210 1760 1249">
    <p class='ocr_par' dir='ltr' id='par_1_87' title="bbox 934 1210 1760 1249">
     <span class='ocr_line' id='line_1_87' title="bbox 934 1210 1760 1249; baseline 0.002 -10"><span class='ocrx_word' id='word_1_609' title='bbox 934 1211 1023 1246; x_wconf 82' lang='lat' dir='ltr'><strong>igitur</strong></span> <span class='ocrx_word' id='word_1_610' title='bbox 1038 1210 1121 1239; x_wconf 87' lang='lat' dir='ltr'><strong>aliud</strong></span> <span class='ocrx_word' id='word_1_611' title='bbox 1132 1218 1189 1239; x_wconf 88' lang='lat' dir='ltr'><strong>nos</strong></span> <span class='ocrx_word' id='word_1_612' title='bbox 1204 1211 1341 1239; x_wconf 85' lang='lat' dir='ltr'><strong>homines</strong></span> <span class='ocrx_word' id='word_1_613' title='bbox 1359 1211 1488 1247; x_wconf 80' lang='lat' dir='ltr'><strong>agimus,</strong></span> <span class='ocrx_word' id='word_1_614' title='bbox 1509 1212 1584 1241; x_wconf 90' lang='lat' dir='ltr'><strong>dum</strong></span> <span class='ocrx_word' id='word_1_615' title='bbox 1605 1213 1760 1249; x_wconf 70' lang='lat' dir='ltr'><strong>tyrannica</strong></span> 
     </span>
    </p>
   </div>
   <div class='ocr_carea' id='block_1_88' title="bbox 935 1255 1760 1294">
    <p class='ocr_par' dir='ltr' id='par_1_88' title="bbox 935 1255 1760 1294">
     <span class='ocr_line' id='line_1_88' title="bbox 935 1255 1760 1294; baseline 0.002 -10"><span class='ocrx_word' id='word_1_616' title='bbox 935 1258 964 1284; x_wconf 90' lang='lat' dir='ltr'><strong>et</strong></span> <span class='ocrx_word' id='word_1_617' title='bbox 991 1256 1126 1291; x_wconf 88' lang='lat' dir='ltr'><strong>potentia</strong></span> <span class='ocrx_word' id='word_1_618' title='bbox 1150 1255 1352 1291; x_wconf 87' lang='lat' dir='ltr'><strong>opprimimus</strong></span> <span class='ocrx_word' id='word_1_619' title='bbox 1381 1256 1558 1285; x_wconf 82' lang='lat' dir='ltr'><strong>inferiores?</strong></span> <span class='ocrx_word' id='word_1_620' title='bbox 1570 1257 1647 1290; x_wconf 86' lang='lat' dir='ltr'><strong>Quid</strong></span> <span class='ocrx_word' id='word_1_621' title='bbox 1666 1266 1685 1286; x_wconf 73' lang='grc' dir='ltr'><strong>θ,</strong></span> <span class='ocrx_word' id='word_1_622' title='bbox 1706 1265 1760 1294; x_wconf 85' lang='lat' dir='ltr'><strong>po-</strong></span> 
     </span>
    </p>
   </div>
   <div class='ocr_carea' id='block_1_89' title="bbox 937 1299 1760 1336">
    <p class='ocr_par' dir='ltr' id='par_1_89' title="bbox 937 1299 1760 1336">
     <span class='ocr_line' id='line_1_89' title="bbox 937 1299 1760 1336; baseline 0.004 -9"><span class='ocrx_word' id='word_1_623' title='bbox 937 1302 1048 1328; x_wconf 87' lang='lat' dir='ltr'><strong>stremo</strong></span> <span class='ocrx_word' id='word_1_624' title='bbox 1062 1300 1145 1336; x_wconf 87' lang='lat' dir='ltr'><strong>pisce</strong></span> <span class='ocrx_word' id='word_1_625' title='bbox 1159 1299 1258 1328; x_wconf 77' lang='lat' dir='ltr'><strong>differt</strong></span> <span class='ocrx_word' id='word_1_626' title='bbox 1270 1300 1306 1333; x_wconf 85' lang='lat' dir='ltr'><strong>is,</strong></span> <span class='ocrx_word' id='word_1_627' title='bbox 1321 1300 1374 1336; x_wconf 88' lang='lat' dir='ltr'><strong>qui</strong></span> <span class='ocrx_word' id='word_1_628' title='bbox 1387 1308 1449 1336; x_wconf 71' lang='lat' dir='ltr'><strong>prae</strong></span> <span class='ocrx_word' id='word_1_629' title='bbox 1471 1301 1574 1330; x_wconf 81' lang='lat' dir='ltr'><strong>voraci</strong></span> <span class='ocrx_word' id='word_1_630' title='bbox 1586 1301 1760 1330; x_wconf 82' lang='lat' dir='ltr'><strong>divitiarum</strong></span> 
     </span>
    </p>
   </div>
   <div class='ocr_carea' id='block_1_90' title="bbox 937 1343 1761 1380">
    <p class='ocr_par' dir='ltr' id='par_1_90' title="bbox 937 1343 1761 1380">
     <span class='ocr_line' id='line_1_90' title="bbox 937 1343 1761 1380; baseline 0.004 -9"><span class='ocrx_word' id='word_1_631' title='bbox 937 1343 1100 1380; x_wconf 82' lang='lat' dir='ltr'><strong>cupiditate</strong></span> <span class='ocrx_word' id='word_1_632' title='bbox 1118 1344 1148 1372; x_wconf 90' lang='lat' dir='ltr'><strong>in</strong></span> <span class='ocrx_word' id='word_1_633' title='bbox 1163 1343 1394 1379; x_wconf 82' lang='lat' dir='ltr'><strong>inexplebilibus</strong></span> <span class='ocrx_word' id='word_1_634' title='bbox 1409 1345 1540 1373; x_wconf 77' lang='lat' dir='ltr'><strong>avaritiae</strong></span> <span class='ocrx_word' id='word_1_635' title='bbox 1560 1353 1622 1374; x_wconf 72' lang='lat' dir='ltr'><strong>sum</strong></span> <span class='ocrx_word' id='word_1_636' title='bbox 1644 1345 1761 1374; x_wconf 85' lang='lat' dir='ltr'><strong>sinibus</strong></span> 
     </span>
    </p>
   </div>
   <div class='ocr_carea' id='block_1_91' title="bbox 937 1388 1762 1426">
    <p class='ocr_par' dir='ltr' id='par_1_91' title="bbox 937 1388 1762 1426">
     <span class='ocr_line' id='line_1_91' title="bbox 937 1388 1762 1426; baseline 0.001 -9"><span class='ocrx_word' id='word_1_637' title='bbox 937 1388 1101 1417; x_wconf 77' lang='lat' dir='ltr'><strong>imbecilles</strong></span> <span class='ocrx_word' id='word_1_638' title='bbox 1131 1388 1316 1416; x_wconf 77' lang='lat' dir='ltr'><strong>abscondit?</strong></span> <span class='ocrx_word' id='word_1_639' title='bbox 1344 1388 1393 1416; x_wconf 90' lang='lat' dir='ltr'><strong>Ille</strong></span> <span class='ocrx_word' id='word_1_640' title='bbox 1417 1389 1590 1424; x_wconf 87' lang='lat' dir='ltr'><strong>possidebat</strong></span> <span class='ocrx_word' id='word_1_641' title='bbox 1619 1390 1762 1426; x_wconf 80' lang='lat' dir='ltr'><strong>pauperis</strong></span> 
     </span>
    </p>
   </div>
   <div class='ocr_carea' id='block_1_92' title="bbox 937 1432 1761 1469">
    <p class='ocr_par' dir='ltr' id='par_1_92' title="bbox 937 1432 1761 1469">
     <span class='ocr_line' id='line_1_92' title="bbox 937 1432 1761 1469; baseline -0.001 -7"><span class='ocrx_word' id='word_1_642' title='bbox 937 1433 1034 1462; x_wconf 89' lang='lat' dir='ltr'><strong>bona:</strong></span> <span class='ocrx_word' id='word_1_643' title='bbox 1053 1435 1084 1461; x_wconf 88' lang='lat' dir='ltr'><strong>tu</strong></span> <span class='ocrx_word' id='word_1_644' title='bbox 1103 1432 1206 1468; x_wconf 88' lang='lat' dir='ltr'><strong>ipsum</strong></span> <span class='ocrx_word' id='word_1_645' title='bbox 1219 1433 1443 1468; x_wconf 86' lang='lat' dir='ltr'><strong>apprehensum</strong></span> <span class='ocrx_word' id='word_1_646' title='bbox 1462 1433 1557 1461; x_wconf 87' lang='lat' dir='ltr'><strong>fecisti</strong></span> <span class='ocrx_word' id='word_1_647' title='bbox 1583 1436 1640 1462; x_wconf 74' lang='lat' dir='ltr'><strong>tum</strong></span> <span class='ocrx_word' id='word_1_648' title='bbox 1663 1434 1761 1469; x_wconf 86' lang='lat' dir='ltr'><strong>ipsius</strong></span> 
     </span>
    </p>
   </div>
   <div class='ocr_carea' id='block_1_93' title="bbox 938 1477 1763 1514">
    <p class='ocr_par' dir='ltr' id='par_1_93' title="bbox 938 1477 1763 1514">
     <span class='ocr_line' id='line_1_93' title="bbox 938 1477 1763 1514; baseline 0.001 -9"><span class='ocrx_word' id='word_1_649' title='bbox 938 1477 1099 1513; x_wconf 78' lang='lat' dir='ltr'><strong>opulentiae</strong></span> <span class='ocrx_word' id='word_1_650' title='bbox 1113 1478 1243 1513; x_wconf 86' lang='lat' dir='ltr'><strong>partem.</strong></span> <span class='ocrx_word' id='word_1_651' title='bbox 1272 1477 1392 1512; x_wconf 84' lang='lat' dir='ltr'><strong>tnjustis</strong></span> <span class='ocrx_word' id='word_1_652' title='bbox 1405 1477 1604 1512; x_wconf 84' lang='lat' dir='ltr'><strong>injustiorem,</strong></span> <span class='ocrx_word' id='word_1_653' title='bbox 1617 1480 1646 1506; x_wconf 88' lang='lat' dir='ltr'><strong>et</strong></span> <span class='ocrx_word' id='word_1_654' title='bbox 1659 1478 1763 1514; x_wconf 84' lang='lat' dir='ltr'><strong>rapaci</strong></span> 
     </span>
    </p>
   </div>
   <div class='ocr_carea' id='block_1_94' title="bbox 938 1521 1762 1559">
    <p class='ocr_par' dir='ltr' id='par_1_94' title="bbox 938 1521 1762 1559">
     <span class='ocr_line' id='line_1_94' title="bbox 938 1521 1762 1559; baseline 0.004 -10"><span class='ocrx_word' id='word_1_655' title='bbox 938 1522 1126 1558; x_wconf 88' lang='lat' dir='ltr'><strong>rapaciorem</strong></span> <span class='ocrx_word' id='word_1_656' title='bbox 1145 1524 1173 1549; x_wconf 87' lang='lat' dir='ltr'><strong>te</strong></span> <span class='ocrx_word' id='word_1_657' title='bbox 1196 1521 1360 1550; x_wconf 85' lang='lat' dir='ltr'><strong>ostendisti.</strong></span> <span class='ocrx_word' id='word_1_658' title='bbox 1386 1523 1462 1550; x_wconf 83' lang='lat' dir='ltr'><strong>Cave</strong></span> <span class='ocrx_word' id='word_1_659' title='bbox 1488 1523 1617 1559; x_wconf 84' lang='lat' dir='ltr'><strong>excipiat</strong></span> <span class='ocrx_word' id='word_1_660' title='bbox 1635 1525 1663 1551; x_wconf 90' lang='lat' dir='ltr'><strong>te</strong></span> <span class='ocrx_word' id='word_1_661' title='bbox 1681 1522 1762 1552; x_wconf 89' lang='lat' dir='ltr'><strong>idem</strong></span> 
     </span>
    </p>
   </div>
   <div class='ocr_carea' id='block_1_95' title="bbox 938 1566 1765 1602">
    <p class='ocr_par' dir='ltr' id='par_1_95' title="bbox 938 1566 1765 1602">
     <span class='ocr_line' id='line_1_95' title="bbox 938 1566 1765 1602; baseline 0.001 -8"><span class='ocrx_word' id='word_1_662' title='bbox 938 1567 1016 1602; x_wconf 88' lang='lat' dir='ltr'><strong>ﬁnis,</strong></span> <span class='ocrx_word' id='word_1_663' title='bbox 1030 1566 1083 1602; x_wconf 89' lang='lat' dir='ltr'><strong>qui</strong></span> <span class='ocrx_word' id='word_1_664' title='bbox 1092 1566 1329 1602; x_wconf 84' lang='lat' dir='ltr'><strong>pisces:hamus</strong></span> <span class='ocrx_word' id='word_1_665' title='bbox 1350 1566 1496 1600; x_wconf 89' lang='lat' dir='ltr'><strong>videlicet,</strong></span> <span class='ocrx_word' id='word_1_666' title='bbox 1520 1569 1572 1595; x_wconf 86' lang='lat' dir='ltr'><strong>aut</strong></span> <span class='ocrx_word' id='word_1_667' title='bbox 1589 1575 1691 1600; x_wconf 79' lang='lat' dir='ltr'><strong>nassa,</strong></span> <span class='ocrx_word' id='word_1_668' title='bbox 1711 1569 1765 1596; x_wconf 88' lang='lat' dir='ltr'><strong>aut</strong></span> 
     </span>
    </p>
   </div>
   <div class='ocr_carea' id='block_1_96' title="bbox 939 1610 1765 1643">
    <p class='ocr_par' dir='ltr' id='par_1_96' title="bbox 939 1610 1765 1643">
     <span class='ocr_line' id='line_1_96' title="bbox 939 1610 1765 1643; baseline 0.002 -5"><span class='ocrx_word' id='word_1_669' title='bbox 939 1613 1011 1639; x_wconf 90' lang='lat' dir='ltr'><strong>rete.</strong></span> <span class='ocrx_word' id='word_1_670' title='bbox 1027 1610 1155 1639; x_wconf 89' lang='lat' dir='ltr'><strong>Omnino</strong></span> <span class='ocrx_word' id='word_1_671' title='bbox 1166 1610 1246 1638; x_wconf 91' lang='lat' dir='ltr'><strong>enim</strong></span> <span class='ocrx_word' id='word_1_672' title='bbox 1257 1613 1286 1638; x_wconf 90' lang='lat' dir='ltr'><strong>et</strong></span> <span class='ocrx_word' id='word_1_673' title='bbox 1294 1618 1361 1643; x_wconf 89' lang='lat' dir='ltr'><strong>nos,</strong></span> <span class='ocrx_word' id='word_1_674' title='bbox 1376 1610 1402 1638; x_wconf 92' lang='lat' dir='ltr'><strong>si</strong></span> <span class='ocrx_word' id='word_1_675' title='bbox 1413 1611 1541 1639; x_wconf 86' lang='lat' dir='ltr'><strong>multum</strong></span> <span class='ocrx_word' id='word_1_676' title='bbox 1552 1611 1765 1640; x_wconf 81' lang='lat' dir='ltr'><strong>admiserimus</strong></span> 
     </span>
    </p>
   </div>
   <div class='ocr_carea' id='block_1_97' title="bbox 940 1654 1766 1692">
    <p class='ocr_par' dir='ltr' id='par_1_97' title="bbox 940 1654 1766 1692">
     <span class='ocr_line' id='line_1_97' title="bbox 940 1654 1766 1692; baseline 0.001 -9"><span class='ocrx_word' id='word_1_677' title='bbox 940 1655 1116 1691; x_wconf 85' lang='lat' dir='ltr'><strong>iniquitatis,</strong></span> <span class='ocrx_word' id='word_1_678' title='bbox 1128 1654 1264 1683; x_wconf 85' lang='lat' dir='ltr'><strong>ultimam</strong></span> <span class='ocrx_word' id='word_1_679' title='bbox 1273 1663 1334 1682; x_wconf 89' lang='lat' dir='ltr'><strong>non</strong></span> <span class='ocrx_word' id='word_1_680' title='bbox 1344 1655 1521 1690; x_wconf 79' lang='lat' dir='ltr'><strong>effugiemus</strong></span> <span class='ocrx_word' id='word_1_681' title='bbox 1531 1663 1665 1692; x_wconf 71' lang='lat' dir='ltr'><strong>poenam.</strong></span> <span class='ocrx_word' id='word_1_682' title='bbox 1675 1658 1684 1668; x_wconf 83' lang='lat'><strong>‘</strong></span> <span class='ocrx_word' id='word_1_683' title='bbox 1694 1656 1766 1684; x_wconf 87' lang='lat' dir='ltr'><strong>Pos-</strong></span> 
     </span>
    </p>
   </div>
   <div class='ocr_carea' id='block_1_98' title="bbox 941 1699 1765 1737">
    <p class='ocr_par' dir='ltr' id='par_1_98' title="bbox 941 1699 1765 1737">
     <span class='ocr_line' id='line_1_98' title="bbox 941 1699 1765 1737; baseline 0.001 -10"><span class='ocrx_word' id='word_1_684' title='bbox 941 1700 1092 1728; x_wconf 88' lang='lat' dir='ltr'><strong>sessiones</strong></span> <span class='ocrx_word' id='word_1_685' title='bbox 1110 1707 1164 1736; x_wconf 91' lang='lat' dir='ltr'><strong>per</strong></span> <span class='ocrx_word' id='word_1_686' title='bbox 1186 1699 1327 1735; x_wconf 84' lang='lat' dir='ltr'><strong>rapinam</strong></span> <span class='ocrx_word' id='word_1_687' title='bbox 1341 1702 1443 1735; x_wconf 88' lang='lat' dir='ltr'><strong>partas</strong></span> <span class='ocrx_word' id='word_1_688' title='bbox 1457 1699 1511 1728; x_wconf 86' lang='lat' dir='ltr'><strong>tibi</strong></span> <span class='ocrx_word' id='word_1_689' title='bbox 1531 1700 1650 1736; x_wconf 87' lang='lat' dir='ltr'><strong>reliquit</strong></span> <span class='ocrx_word' id='word_1_690' title='bbox 1663 1702 1765 1737; x_wconf 86' lang='lat' dir='ltr'><strong>pater:</strong></span> 
     </span>
    </p>
   </div>
   <div class='ocr_carea' id='block_1_99' title="bbox 941 1743 1766 1781">
    <p class='ocr_par' dir='ltr' id='par_1_99' title="bbox 941 1743 1766 1781">
     <span class='ocr_line' id='line_1_99' title="bbox 941 1743 1766 1781; baseline 0.001 -10"><span class='ocrx_word' id='word_1_691' title='bbox 941 1743 1033 1772; x_wconf 88' lang='lat' dir='ltr'><strong>redde</strong></span> <span class='ocrx_word' id='word_1_692' title='bbox 1049 1746 1080 1772; x_wconf 89' lang='lat' dir='ltr'><strong>tu</strong></span> <span class='ocrx_word' id='word_1_693' title='bbox 1091 1743 1201 1780; x_wconf 90' lang='lat' dir='ltr'><strong>injuria</strong></span> <span class='ocrx_word' id='word_1_694' title='bbox 1212 1744 1329 1774; x_wconf 78' lang='lat' dir='ltr'><strong>affecto.</strong></span> <span class='ocrx_word' id='word_1_695' title='bbox 1341 1746 1421 1771; x_wconf 86' lang='lat' dir='ltr'><strong>netu</strong></span> <span class='ocrx_word' id='word_1_696' title='bbox 1435 1744 1488 1772; x_wconf 89' lang='lat' dir='ltr'><strong>tibi</strong></span> <span class='ocrx_word' id='word_1_697' title='bbox 1510 1751 1562 1772; x_wconf 87' lang='lat' dir='ltr'><strong>eas</strong></span> <span class='ocrx_word' id='word_1_698' title='bbox 1582 1747 1615 1773; x_wconf 93' lang='lat' dir='ltr'><strong>ut</strong></span> <span class='ocrx_word' id='word_1_699' title='bbox 1629 1745 1766 1781; x_wconf 84' lang='lat' dir='ltr'><strong>proprias</strong></span> 
     </span>
    </p>
   </div>
   <div class='ocr_carea' id='block_1_100' title="bbox 941 1787 1768 1824">
    <p class='ocr_par' dir='ltr' id='par_1_100' title="bbox 941 1787 1768 1824">
     <span class='ocr_line' id='line_1_100' title="bbox 941 1787 1768 1824; baseline 0.001 -8"><span class='ocrx_word' id='word_1_700' title='bbox 941 1787 1079 1822; x_wconf 86' lang='lat' dir='ltr'><strong>vindica;</strong></span> <span class='ocrx_word' id='word_1_701' title='bbox 1103 1788 1217 1824; x_wconf 84' lang='lat' dir='ltr'><strong>peccati</strong></span> <span class='ocrx_word' id='word_1_702' title='bbox 1229 1790 1276 1815; x_wconf 90' lang='lat' dir='ltr'><strong>est</strong></span> <span class='ocrx_word' id='word_1_703' title='bbox 1288 1787 1458 1816; x_wconf 62' lang='lat' dir='ltr'><strong>hereditas.</strong></span> <span class='ocrx_word' id='word_1_704' title='bbox 1476 1788 1585 1823; x_wconf 84' lang='lat' dir='ltr'><strong>injuste</strong></span> <span class='ocrx_word' id='word_1_705' title='bbox 1598 1788 1630 1816; x_wconf 90' lang='lat' dir='ltr'><strong>in</strong></span> <span class='ocrx_word' id='word_1_706' title='bbox 1644 1789 1768 1817; x_wconf 88' lang='lat' dir='ltr'><strong>servitu-</strong></span> 
     </span>
    </p>
   </div>
   <div class='ocr_carea' id='block_1_101' title="bbox 942 1832 1768 1869">
    <p class='ocr_par' dir='ltr' id='par_1_101' title="bbox 942 1832 1768 1869">
     <span class='ocr_line' id='line_1_101' title="bbox 942 1832 1768 1869; baseline 0 -8"><span class='ocrx_word' id='word_1_707' title='bbox 942 1835 1004 1861; x_wconf 90' lang='lat' dir='ltr'><strong>tem</strong></span> <span class='ocrx_word' id='word_1_708' title='bbox 1018 1833 1174 1861; x_wconf 85' lang='lat' dir='ltr'><strong>redactum</strong></span> <span class='ocrx_word' id='word_1_709' title='bbox 1185 1832 1238 1861; x_wconf 90' lang='lat' dir='ltr'><strong>tibi</strong></span> <span class='ocrx_word' id='word_1_710' title='bbox 1251 1840 1370 1860; x_wconf 91' lang='lat' dir='ltr'><strong>servum</strong></span> <span class='ocrx_word' id='word_1_711' title='bbox 1390 1832 1508 1868; x_wconf 87' lang='lat' dir='ltr'><strong>reliquit</strong></span> <span class='ocrx_word' id='word_1_712' title='bbox 1531 1835 1715 1869; x_wconf 79' lang='lat' dir='ltr'><strong>paterzeum</strong></span> <span class='ocrx_word' id='word_1_713' title='bbox 1735 1835 1768 1862; x_wconf 89' lang='lat' dir='ltr'><strong>tu</strong></span> 
     </span>
    </p>
   </div>
   <div class='ocr_carea' id='block_1_102' title="bbox 943 1875 1767 1911">
    <p class='ocr_par' dir='ltr' id='par_1_102' title="bbox 943 1875 1767 1911">
     <span class='ocr_line' id='line_1_102' title="bbox 943 1875 1767 1911; baseline 0 -6"><span class='ocrx_word' id='word_1_714' title='bbox 943 1877 1079 1905; x_wconf 89' lang='lat' dir='ltr'><strong>libertate</strong></span> <span class='ocrx_word' id='word_1_715' title='bbox 1091 1877 1182 1911; x_wconf 86' lang='lat' dir='ltr'><strong>dona,</strong></span> <span class='ocrx_word' id='word_1_716' title='bbox 1197 1879 1229 1905; x_wconf 93' lang='lat' dir='ltr'><strong>ut</strong></span> <span class='ocrx_word' id='word_1_717' title='bbox 1244 1878 1273 1904; x_wconf 90' lang='lat' dir='ltr'><strong>et</strong></span> <span class='ocrx_word' id='word_1_718' title='bbox 1285 1877 1328 1904; x_wconf 90' lang='lat' dir='ltr'><strong>illi</strong></span> <span class='ocrx_word' id='word_1_719' title='bbox 1350 1875 1462 1905; x_wconf 83' lang='lat' dir='ltr'><strong>efﬁcias</strong></span> <span class='ocrx_word' id='word_1_720' title='bbox 1476 1876 1588 1905; x_wconf 83' lang='lat' dir='ltr'><strong>leviora</strong></span> <span class='ocrx_word' id='word_1_721' title='bbox 1607 1879 1767 1911; x_wconf 86' lang='lat' dir='ltr'><strong>tormenta,</strong></span> 
     </span>
    </p>
   </div>
   <div class='ocr_carea' id='block_1_103' title="bbox 944 1920 1766 1957">
    <p class='ocr_par' dir='ltr' id='par_1_103' title="bbox 944 1920 1766 1957">
     <span class='ocr_line' id='line_1_103' title="bbox 944 1920 1766 1957; baseline 0 -8"><span class='ocrx_word' id='word_1_722' title='bbox 944 1921 1057 1957; x_wconf 87' lang='lat' dir='ltr'><strong>tibique</strong></span> <span class='ocrx_word' id='word_1_723' title='bbox 1065 1921 1235 1949; x_wconf 86' lang='lat' dir='ltr'><strong>libertatem</strong></span> <span class='ocrx_word' id='word_1_724' title='bbox 1257 1928 1355 1957; x_wconf 85' lang='lat' dir='ltr'><strong>pares.</strong></span> <span class='ocrx_word' id='word_1_725' title='bbox 1381 1920 1419 1956; x_wconf 82' lang='lat'><strong>(6)</strong></span> <span class='ocrx_word' id='word_1_726' title='bbox 1435 1922 1475 1948; x_wconf 87' lang='lat' dir='ltr'><strong>Ne</strong></span> <span class='ocrx_word' id='word_1_727' title='bbox 1490 1920 1620 1949; x_wconf 85' lang='lat' dir='ltr'><strong>causeris</strong></span> <span class='ocrx_word' id='word_1_728' title='bbox 1646 1920 1766 1949; x_wconf 85' lang='lat' dir='ltr'><strong>liberos.</strong></span> 
     </span>
    </p>
   </div>
   <div class='ocr_carea' id='block_1_104' title="bbox 946 1965 1769 2001">
    <p class='ocr_par' dir='ltr' id='par_1_104' title="bbox 946 1965 1769 2001">
     <span class='ocr_line' id='line_1_104' title="bbox 946 1965 1769 2001; baseline 0.001 -8"><span class='ocrx_word' id='word_1_729' title='bbox 946 1966 1019 1994; x_wconf 91' lang='lat' dir='ltr'><strong>Sunt</strong></span> <span class='ocrx_word' id='word_1_730' title='bbox 1032 1965 1085 1993; x_wconf 88' lang='lat' dir='ltr'><strong>tibi</strong></span> <span class='ocrx_word' id='word_1_731' title='bbox 1096 1965 1204 1993; x_wconf 81' lang='lat' dir='ltr'><strong>liberi?</strong></span> <span class='ocrx_word' id='word_1_732' title='bbox 1216 1965 1321 2000; x_wconf 76' lang='lat' dir='ltr'><strong>collige</strong></span> <span class='ocrx_word' id='word_1_733' title='bbox 1336 1965 1409 2001; x_wconf 87' lang='lat' dir='ltr'><strong>ipsis</strong></span> <span class='ocrx_word' id='word_1_734' title='bbox 1422 1965 1599 1993; x_wconf 86' lang='lat' dir='ltr'><strong>thesaurum</strong></span> <span class='ocrx_word' id='word_1_735' title='bbox 1610 1967 1769 1994; x_wconf 71' lang='lat' dir='ltr'><strong>aeternum.</strong></span> 
     </span>
    </p>
   </div>
   <div class='ocr_carea' id='block_1_105' title="bbox 945 2009 1770 2046">
    <p class='ocr_par' dir='ltr' id='par_1_105' title="bbox 945 2009 1770 2046">
     <span class='ocr_line' id='line_1_105' title="bbox 945 2009 1770 2046; baseline 0.002 -9"><span class='ocrx_word' id='word_1_736' title='bbox 945 2009 1087 2045; x_wconf 84' lang='lat' dir='ltr'><strong>Relinque</strong></span> <span class='ocrx_word' id='word_1_737' title='bbox 1099 2009 1156 2037; x_wconf 89' lang='lat' dir='ltr'><strong>illis</strong></span> <span class='ocrx_word' id='word_1_738' title='bbox 1171 2009 1409 2038; x_wconf 87' lang='lat' dir='ltr'><strong>recordationem</strong></span> <span class='ocrx_word' id='word_1_739' title='bbox 1419 2009 1543 2045; x_wconf 87' lang='lat' dir='ltr'><strong>bonam,</strong></span> <span class='ocrx_word' id='word_1_740' title='bbox 1560 2010 1659 2045; x_wconf 82' lang='lat' dir='ltr'><strong>magis</strong></span> <span class='ocrx_word' id='word_1_741' title='bbox 1675 2018 1770 2046; x_wconf 80' lang='lat' dir='ltr'><strong>quam</strong></span> 
     </span>
    </p>
   </div>
   <div class='ocr_carea' id='block_1_106' title="bbox 944 2053 1772 2089">
    <p class='ocr_par' dir='ltr' id='par_1_106' title="bbox 944 2053 1772 2089">
     <span class='ocr_line' id='line_1_106' title="bbox 944 2053 1772 2089; baseline 0 -7"><span class='ocrx_word' id='word_1_742' title='bbox 944 2054 1063 2082; x_wconf 87' lang='lat' dir='ltr'><strong>divitias</strong></span> <span class='ocrx_word' id='word_1_743' title='bbox 1079 2054 1200 2082; x_wconf 87' lang='lat' dir='ltr'><strong>multas.</strong></span> <span class='ocrx_word' id='word_1_744' title='bbox 1218 2055 1274 2082; x_wconf 86' lang='lat' dir='ltr'><strong>Fac</strong></span> <span class='ocrx_word' id='word_1_745' title='bbox 1296 2053 1517 2089; x_wconf 79' lang='lat' dir='ltr'><strong>benevolentia,</strong></span> <span class='ocrx_word' id='word_1_746' title='bbox 1537 2056 1570 2082; x_wconf 92' lang='lat' dir='ltr'><strong>ut</strong></span> <span class='ocrx_word' id='word_1_747' title='bbox 1583 2062 1690 2082; x_wconf 88' lang='lat' dir='ltr'><strong>omnes</strong></span> <span class='ocrx_word' id='word_1_748' title='bbox 1716 2054 1772 2083; x_wconf 87' lang='lat' dir='ltr'><strong>ﬁlii</strong></span> 
     </span>
    </p>
   </div>
   <div class='ocr_carea' id='block_1_107' title="bbox 944 2097 1770 2134">
    <p class='ocr_par' dir='ltr' id='par_1_107' title="bbox 944 2097 1770 2134">
     <span class='ocr_line' id='line_1_107' title="bbox 944 2097 1770 2134; baseline 0 -8"><span class='ocrx_word' id='word_1_749' title='bbox 944 2098 987 2127; x_wconf 85' lang='lat' dir='ltr'><strong>tui</strong></span> <span class='ocrx_word' id='word_1_750' title='bbox 1002 2098 1061 2126; x_wconf 89' lang='lat' dir='ltr'><strong>sint</strong></span> <span class='ocrx_word' id='word_1_751' title='bbox 1074 2100 1183 2134; x_wconf 87' lang='lat' dir='ltr'><strong>patres.</strong></span> <span class='ocrx_word' id='word_1_752' title='bbox 1199 2097 1369 2134; x_wconf 83' lang='lat' dir='ltr'><strong>Aliquando</strong></span> <span class='ocrx_word' id='word_1_753' title='bbox 1383 2098 1420 2126; x_wconf 91' lang='lat' dir='ltr'><strong>de</strong></span> <span class='ocrx_word' id='word_1_754' title='bbox 1430 2098 1491 2127; x_wconf 86' lang='lat' dir='ltr'><strong>vita</strong></span> <span class='ocrx_word' id='word_1_755' title='bbox 1500 2098 1630 2127; x_wconf 85' lang='lat' dir='ltr'><strong>decedas</strong></span> <span class='ocrx_word' id='word_1_756' title='bbox 1644 2106 1770 2127; x_wconf 90' lang='lat' dir='ltr'><strong>necesse</strong></span> 
     </span>
    </p>
   </div>
   <div class='ocr_carea' id='block_1_108' title="bbox 944 2142 1771 2176">
    <p class='ocr_par' dir='ltr' id='par_1_108' title="bbox 944 2142 1771 2176">
     <span class='ocr_line' id='line_1_108' title="bbox 944 2142 1771 2176; baseline 0 -6"><span class='ocrx_word' id='word_1_757' title='bbox 944 2145 1006 2176; x_wconf 89' lang='lat' dir='ltr'><strong>est;</strong></span> <span class='ocrx_word' id='word_1_758' title='bbox 1023 2142 1132 2171; x_wconf 89' lang='lat' dir='ltr'><strong>deinde</strong></span> <span class='ocrx_word' id='word_1_759' title='bbox 1145 2142 1241 2170; x_wconf 86' lang='lat' dir='ltr'><strong>ﬁlium</strong></span> <span class='ocrx_word' id='word_1_760' title='bbox 1257 2144 1343 2170; x_wconf 91' lang='lat' dir='ltr'><strong>tuum</strong></span> <span class='ocrx_word' id='word_1_761' title='bbox 1357 2142 1387 2170; x_wconf 91' lang='lat' dir='ltr'><strong>in</strong></span> <span class='ocrx_word' id='word_1_762' title='bbox 1402 2142 1566 2170; x_wconf 89' lang='lat' dir='ltr'><strong>immatura</strong></span> <span class='ocrx_word' id='word_1_763' title='bbox 1581 2145 1664 2171; x_wconf 72' lang='lat' dir='ltr'><strong>aetate</strong></span> <span class='ocrx_word' id='word_1_764' title='bbox 1682 2142 1771 2170; x_wconf 89' lang='lat' dir='ltr'><strong>relin-</strong></span> 
     </span>
    </p>
   </div>
   <div class='ocr_carea' id='block_1_109' title="bbox 945 2186 1772 2224">
    <p class='ocr_par' dir='ltr' id='par_1_109' title="bbox 945 2186 1772 2224">
     <span class='ocr_line' id='line_1_109' title="bbox 945 2186 1772 2224; baseline -0.002 -8"><span class='ocrx_word' id='word_1_765' title='bbox 945 2195 1020 2224; x_wconf 91' lang='lat' dir='ltr'><strong>ques</strong></span> <span class='ocrx_word' id='word_1_766' title='bbox 1036 2187 1135 2216; x_wconf 87' lang='lat' dir='ltr'><strong>adhuc</strong></span> <span class='ocrx_word' id='word_1_767' title='bbox 1155 2186 1302 2215; x_wconf 88' lang='lat' dir='ltr'><strong>tutoribus</strong></span> <span class='ocrx_word' id='word_1_768' title='bbox 1316 2188 1464 2222; x_wconf 82' lang='lat' dir='ltr'><strong>egentem.</strong></span> <span class='ocrx_word' id='word_1_769' title='bbox 1477 2187 1561 2220; x_wconf 88' lang='lat' dir='ltr'><strong>Quod</strong></span> <span class='ocrx_word' id='word_1_770' title='bbox 1582 2187 1607 2214; x_wconf 91' lang='lat' dir='ltr'><strong>si</strong></span> <span class='ocrx_word' id='word_1_771' title='bbox 1625 2187 1772 2215; x_wconf 85' lang='lat' dir='ltr'><strong>honestus</strong></span> 
     </span>
    </p>
   </div>
   <div class='ocr_carea' id='block_1_110' title="bbox 945 2231 1772 2267">
    <p class='ocr_par' dir='ltr' id='par_1_110' title="bbox 945 2231 1772 2267">
     <span class='ocr_line' id='line_1_110' title="bbox 945 2231 1772 2267; baseline -0.001 -7"><span class='ocrx_word' id='word_1_772' title='bbox 945 2232 1035 2260; x_wconf 87' lang='lat' dir='ltr'><strong>fueris</strong></span> <span class='ocrx_word' id='word_1_773' title='bbox 1051 2234 1080 2260; x_wconf 90' lang='lat' dir='ltr'><strong>et</strong></span> <span class='ocrx_word' id='word_1_774' title='bbox 1094 2232 1205 2266; x_wconf 88' lang='lat' dir='ltr'><strong>bonus,</strong></span> <span class='ocrx_word' id='word_1_775' title='bbox 1213 2231 1421 2267; x_wconf 87' lang='lat' dir='ltr'><strong>unusquisque</strong></span> <span class='ocrx_word' id='word_1_776' title='bbox 1435 2231 1530 2259; x_wconf 89' lang='lat' dir='ltr'><strong>ﬁlium</strong></span> <span class='ocrx_word' id='word_1_777' title='bbox 1540 2233 1625 2259; x_wconf 91' lang='lat' dir='ltr'><strong>tuum</strong></span> <span class='ocrx_word' id='word_1_778' title='bbox 1634 2233 1667 2259; x_wconf 92' lang='lat' dir='ltr'><strong>ut</strong></span> <span class='ocrx_word' id='word_1_779' title='bbox 1681 2239 1772 2259; x_wconf 89' lang='lat' dir='ltr'><strong>suum</strong></span> 
     </span>
    </p>
   </div>
   <div class='ocr_carea' id='block_1_111' title="bbox 945 2274 1773 2310">
    <p class='ocr_par' dir='ltr' id='par_1_111' title="bbox 945 2274 1773 2310">
     <span class='ocr_line' id='line_1_111' title="bbox 945 2274 1773 2310; baseline -0.001 -6"><span class='ocrx_word' id='word_1_780' title='bbox 945 2276 1091 2310; x_wconf 86' lang='lat' dir='ltr'><strong>enutriet;</strong></span> <span class='ocrx_word' id='word_1_781' title='bbox 1113 2283 1185 2304; x_wconf 87' lang='lat' dir='ltr'><strong>nam</strong></span> <span class='ocrx_word' id='word_1_782' title='bbox 1214 2275 1256 2303; x_wconf 86' lang='lat' dir='ltr'><strong>eis</strong></span> <span class='ocrx_word' id='word_1_783' title='bbox 1282 2275 1314 2303; x_wconf 92' lang='lat' dir='ltr'><strong>in</strong></span> <span class='ocrx_word' id='word_1_784' title='bbox 1333 2277 1466 2303; x_wconf 87' lang='lat' dir='ltr'><strong>mentem</strong></span> <span class='ocrx_word' id='word_1_785' title='bbox 1498 2275 1595 2303; x_wconf 85' lang='lat' dir='ltr'><strong>veniet</strong></span> <span class='ocrx_word' id='word_1_786' title='bbox 1622 2274 1714 2303; x_wconf 87' lang='lat' dir='ltr'><strong>fuisse</strong></span> <span class='ocrx_word' id='word_1_787' title='bbox 1743 2278 1773 2303; x_wconf 89' lang='lat' dir='ltr'><strong>te</strong></span> 
     </span>
    </p>
   </div>
   <div class='ocr_carea' id='block_1_112' title="bbox 946 2320 1773 2357">
    <p class='ocr_par' dir='ltr' id='par_1_112' title="bbox 946 2320 1773 2357">
     <span class='ocr_line' id='line_1_112' title="bbox 946 2320 1773 2357; baseline -0.002 -8"><span class='ocrx_word' id='word_1_788' title='bbox 946 2329 1069 2357; x_wconf 87' lang='lat' dir='ltr'><strong>quoque</strong></span> <span class='ocrx_word' id='word_1_789' title='bbox 1085 2321 1291 2357; x_wconf 87' lang='lat' dir='ltr'><strong>orphauorum</strong></span> <span class='ocrx_word' id='word_1_790' title='bbox 1318 2322 1454 2356; x_wconf 82' lang='lat' dir='ltr'><strong>patrem;</strong></span> <span class='ocrx_word' id='word_1_791' title='bbox 1475 2320 1523 2348; x_wconf 86' lang='lat' dir='ltr'><strong>sin</strong></span> <span class='ocrx_word' id='word_1_792' title='bbox 1548 2321 1649 2348; x_wconf 87' lang='lat' dir='ltr'><strong>autem</strong></span> <span class='ocrx_word' id='word_1_793' title='bbox 1663 2322 1773 2356; x_wconf 81' lang='lat' dir='ltr'><strong>postea</strong></span> 
     </span>
    </p>
   </div>
   <div class='ocr_carea' id='block_1_113' title="bbox 947 2364 1773 2403">
    <p class='ocr_par' dir='ltr' id='par_1_113' title="bbox 947 2364 1773 2403">
     <span class='ocr_line' id='line_1_113' title="bbox 947 2364 1773 2403; baseline -0.002 -9"><span class='ocrx_word' id='word_1_794' title='bbox 947 2374 1041 2403; x_wconf 89' lang='lat' dir='ltr'><strong>quam</strong></span> <span class='ocrx_word' id='word_1_795' title='bbox 1051 2365 1081 2393; x_wconf 91' lang='lat' dir='ltr'><strong>in</strong></span> <span class='ocrx_word' id='word_1_796' title='bbox 1096 2365 1210 2393; x_wconf 89' lang='lat' dir='ltr'><strong>malitia</strong></span> <span class='ocrx_word' id='word_1_797' title='bbox 1223 2364 1343 2399; x_wconf 81' lang='lat' dir='ltr'><strong>vixeris,</strong></span> <span class='ocrx_word' id='word_1_798' title='bbox 1362 2364 1535 2401; x_wconf 88' lang='lat' dir='ltr'><strong>multosque</strong></span> <span class='ocrx_word' id='word_1_799' title='bbox 1550 2364 1685 2393; x_wconf 79' lang='lat' dir='ltr'><strong>effeceris</strong></span> <span class='ocrx_word' id='word_1_800' title='bbox 1700 2373 1773 2392; x_wconf 68' lang='lat' dir='ltr'><strong>mae—</strong></span> 
     </span>
    </p>
   </div>
   <div class='ocr_carea' id='block_1_114' title="bbox 948 2408 1775 2446">
    <p class='ocr_par' dir='ltr' id='par_1_114' title="bbox 948 2408 1775 2446">
     <span class='ocr_line' id='line_1_114' title="bbox 948 2408 1775 2446; baseline -0.001 -7"><span class='ocrx_word' id='word_1_801' title='bbox 948 2418 1025 2446; x_wconf 89' lang='lat' dir='ltr'><strong>rore,</strong></span> <span class='ocrx_word' id='word_1_802' title='bbox 1041 2410 1110 2438; x_wconf 87' lang='lat' dir='ltr'><strong>etin</strong></span> <span class='ocrx_word' id='word_1_803' title='bbox 1120 2418 1171 2438; x_wconf 89' lang='lat' dir='ltr'><strong>eos</strong></span> <span class='ocrx_word' id='word_1_804' title='bbox 1185 2409 1238 2445; x_wconf 91' lang='lat' dir='ltr'><strong>qui</strong></span> <span class='ocrx_word' id='word_1_805' title='bbox 1257 2411 1356 2437; x_wconf 84' lang='lat' dir='ltr'><strong>tecum</strong></span> <span class='ocrx_word' id='word_1_806' title='bbox 1371 2408 1608 2444; x_wconf 78' lang='lat' dir='ltr'><strong>congrediuntur</strong></span> <span class='ocrx_word' id='word_1_807' title='bbox 1616 2409 1680 2438; x_wconf 81' lang='lat' dir='ltr'><strong>fere.</strong></span> <span class='ocrx_word' id='word_1_808' title='bbox 1689 2409 1775 2438; x_wconf 88' lang='lat' dir='ltr'><strong>omni</strong></span> 
     </span>
    </p>
   </div>
   <div class='ocr_carea' id='block_1_115' title="bbox 948 2453 1775 2489">
    <p class='ocr_par' dir='ltr' id='par_1_115' title="bbox 948 2453 1775 2489">
     <span class='ocr_line' id='line_1_115' title="bbox 948 2453 1775 2489; baseline -0.001 -6"><span class='ocrx_word' id='word_1_809' title='bbox 948 2455 1040 2483; x_wconf 89' lang='lat' dir='ltr'><strong>fueris</strong></span> <span class='ocrx_word' id='word_1_810' title='bbox 1051 2455 1197 2487; x_wconf 78' lang='lat' dir='ltr'><strong>acerbior,</strong></span> <span class='ocrx_word' id='word_1_811' title='bbox 1212 2454 1253 2482; x_wconf 86' lang='lat' dir='ltr'><strong>ita</strong></span> <span class='ocrx_word' id='word_1_812' title='bbox 1263 2454 1389 2482; x_wconf 89' lang='lat' dir='ltr'><strong>demum</strong></span> <span class='ocrx_word' id='word_1_813' title='bbox 1405 2454 1519 2489; x_wconf 79' lang='lat' dir='ltr'><strong>migras</strong></span> <span class='ocrx_word' id='word_1_814' title='bbox 1531 2454 1569 2482; x_wconf 87' lang='lat' dir='ltr'><strong>de</strong></span> <span class='ocrx_word' id='word_1_815' title='bbox 1581 2454 1660 2487; x_wconf 86' lang='lat' dir='ltr'><strong>vita;</strong></span> <span class='ocrx_word' id='word_1_816' title='bbox 1676 2453 1775 2482; x_wconf 87' lang='lat' dir='ltr'><strong>ﬁlium</strong></span> 
     </span>
    </p>
   </div>
   <div class='ocr_carea' id='block_1_116' title="bbox 948 2497 1776 2535">
    <p class='ocr_par' dir='ltr' id='par_1_116' title="bbox 948 2497 1776 2535">
     <span class='ocr_line' id='line_1_116' title="bbox 948 2497 1776 2535; baseline -0.004 -7"><span class='ocrx_word' id='word_1_817' title='bbox 948 2502 1036 2528; x_wconf 89' lang='lat' dir='ltr'><strong>tuum</strong></span> <span class='ocrx_word' id='word_1_818' title='bbox 1054 2499 1199 2535; x_wconf 88' lang='lat' dir='ltr'><strong>reliquisti</strong></span> <span class='ocrx_word' id='word_1_819' title='bbox 1224 2505 1418 2527; x_wconf 85' lang='lat' dir='ltr'><strong>communem</strong></span> <span class='ocrx_word' id='word_1_820' title='bbox 1450 2498 1613 2526; x_wconf 80' lang='lat' dir='ltr'><strong>viventium</strong></span> <span class='ocrx_word' id='word_1_821' title='bbox 1641 2497 1776 2526; x_wconf 85' lang='lat' dir='ltr'><strong>hostem.</strong></span> 
     </span>
    </p>
   </div>
   <div class='ocr_carea' id='block_1_117' title="bbox 951 2559 1774 2598">
    <p class='ocr_par' dir='ltr' id='par_1_117' title="bbox 951 2559 1774 2598">
     <span class='ocr_line' id='line_1_117' title="bbox 951 2559 1774 2598; baseline -0.005 -8"><span class='ocrx_word' id='word_1_822' title='bbox 951 2561 1211 2598; x_wconf 76' lang='lat' dir='ltr'><strong>ciend0,quamvis</strong></span> <span class='ocrx_word' id='word_1_823' title='bbox 1225 2561 1287 2589; x_wconf 90' lang='lat' dir='ltr'><strong>duo</strong></span> <span class='ocrx_word' id='word_1_824' title='bbox 1297 2562 1415 2598; x_wconf 77' lang='lat' dir='ltr'><strong>tantum</strong></span> <span class='ocrx_word' id='word_1_825' title='bbox 1430 2560 1548 2598; x_wconf 79' lang='lat' dir='ltr'><strong>codices</strong></span> <span class='ocrx_word' id='word_1_826' title='bbox 1561 2559 1639 2587; x_wconf 85' lang='lat' dir='ltr'><strong>hanc</strong></span> <span class='ocrx_word' id='word_1_827' title='bbox 1647 2559 1774 2598; x_wconf 71' lang='lat' dir='ltr'><strong>scriptu-</strong></span> 
     </span>
    </p>
   </div>
   <div class='ocr_carea' id='block_1_118' title="bbox 950 2595 1738 2633">
    <p class='ocr_par' dir='ltr' id='par_1_118' title="bbox 950 2595 1738 2633">
     <span class='ocr_line' id='line_1_118' title="bbox 950 2595 1738 2633; baseline -0.003 -7"><span class='ocrx_word' id='word_1_828' title='bbox 950 2606 1017 2627; x_wconf 88' lang='lat' dir='ltr'><strong>ram</strong></span> <span class='ocrx_word' id='word_1_829' title='bbox 1032 2595 1209 2633; x_wconf 76' lang='lat' dir='ltr'><strong>egﬁoscant,</strong></span> <span class='ocrx_word' id='word_1_830' title='bbox 1229 2597 1328 2624; x_wconf 67' lang='lat' dir='ltr'><strong>cseteri</strong></span> <span class='ocrx_word' id='word_1_831' title='bbox 1347 2604 1417 2624; x_wconf 88' lang='lat' dir='ltr'><strong>cum</strong></span> <span class='ocrx_word' id='word_1_832' title='bbox 1431 2596 1518 2624; x_wconf 86' lang='lat' dir='ltr'><strong>editis</strong></span> <span class='ocrx_word' id='word_1_833' title='bbox 1537 2595 1738 2624; x_wconf 77' lang='lat' dir='ltr'><strong>consentiant.</strong></span> 
     </span>
    </p>
   </div>
   <div class='ocr_carea' id='block_1_119' title="bbox 985 2633 1420 2668">
    <p class='ocr_par' dir='ltr' id='par_1_119' title="bbox 985 2633 1420 2668">
     <span class='ocr_line' id='line_1_119' title="bbox 985 2633 1420 2668; baseline -0.007 -7"><span class='ocrx_word' id='word_1_834' title='bbox 985 2634 1077 2668; x_wconf 61' lang='lat'><strong>(4)131;</strong></span> <span class='ocrx_word' id='word_1_835' title='bbox 1088 2633 1171 2660; x_wconf 89' lang='lat' dir='ltr'><strong>hom.</strong></span> <span class='ocrx_word' id='word_1_836' title='bbox 1189 2633 1219 2659; x_wconf 79' lang='grc' dir='ltr'>ίη</span> <span class='ocrx_word' id='word_1_837' title='bbox 1235 2633 1353 2666; x_wconf 76' lang='lat' dir='ltr'><strong>diuites,</strong></span> <span class='ocrx_word' id='word_1_838' title='bbox 1375 2634 1420 2659; x_wconf 87' lang='grc'><strong>57.</strong></span> 
     </span>
    </p>
   </div>
   <div class='ocr_carea' id='block_1_120' title="bbox 999 2667 1527 2699">
    <p class='ocr_par' dir='ltr' id='par_1_120' title="bbox 999 2667 1527 2699">
     <span class='ocr_line' id='line_1_120' title="bbox 999 2667 1527 2699; baseline -0.004 -3"><span class='ocrx_word' id='word_1_839' title='bbox 999 2667 1025 2699; x_wconf 85' lang='lat'><strong>5)</strong></span> <span class='ocrx_word' id='word_1_840' title='bbox 1045 2669 1087 2695; x_wconf 79' lang='lat' dir='ltr'><strong>Ex</strong></span> <span class='ocrx_word' id='word_1_841' title='bbox 1105 2667 1187 2695; x_wconf 87' lang='lat' dir='ltr'><strong>hom.</strong></span> <span class='ocrx_word' id='word_1_842' title='bbox 1203 2674 1241 2694; x_wconf 88' lang='lat' dir='ltr'><strong>vn</strong></span> <span class='ocrx_word' id='word_1_843' title='bbox 1258 2668 1291 2695; x_wconf 80' lang='grc' dir='ltr'>ίη</span> <span class='ocrx_word' id='word_1_844' title='bbox 1305 2668 1467 2699; x_wconf 64' lang='grc' dir='ltr'>Ηθπαετηη</span> <span class='ocrx_word' id='word_1_845' title='bbox 1481 2667 1527 2694; x_wconf 79' lang='grc'><strong>65.</strong></span> 
     </span>
    </p>
   </div>
   <div class='ocr_carea' id='block_1_121' title="bbox 999 2701 1541 2740">
    <p class='ocr_par' dir='ltr' id='par_1_121' title="bbox 999 2701 1541 2740">
     <span class='ocr_line' id='line_1_121' title="bbox 999 2701 1541 2740; baseline -0.002 -9"><span class='ocrx_word' id='word_1_846' title='bbox 999 2701 1025 2739; x_wconf 78' lang='grc'><strong>6)</strong></span> <span class='ocrx_word' id='word_1_847' title='bbox 1041 2704 1082 2732; x_wconf 83' lang='lat' dir='ltr'><strong>Ex</strong></span> <span class='ocrx_word' id='word_1_848' title='bbox 1096 2702 1178 2732; x_wconf 85' lang='lat' dir='ltr'><strong>hom.</strong></span> <span class='ocrx_word' id='word_1_849' title='bbox 1195 2701 1275 2732; x_wconf 85' lang='lat' dir='ltr'><strong>dicta</strong></span> <span class='ocrx_word' id='word_1_850' title='bbox 1288 2703 1320 2731; x_wconf 86' lang='lat' dir='ltr'><strong>in</strong></span> <span class='ocrx_word' id='word_1_851' title='bbox 1335 2703 1461 2735; x_wconf 59' lang='grc' dir='ltr'>[ναι-ωε,</span> <span class='ocrx_word' id='word_1_852' title='bbox 1477 2704 1541 2740; x_wconf 70' lang='grc'>591,</span> 
     </span>
    </p>
   </div>
   <div class='ocr_carea' id='block_1_122' title="bbox 1016 2634 1025 2739">
    <p class='ocr_par' dir='ltr' id='par_1_122' title="bbox 1016 2634 1025 2739">
     <span class='ocr_line' id='line_1_122' title="bbox 1016 2634 1025 2739; baseline 0 0"><span class='ocrx_word' id='word_1_853' title='bbox 1016 2634 1025 2739; x_wconf 68' lang='grc' dir='ltr'>ξ</span> 
     </span>
    </p>
   </div>
  </div>
