4064 6188
1202 257 1960 415 ⁸ΤΒΑΒΙΤΙΟ
2048 323 2929 413 CATHOLICA.

1472 499 1786 564 S£CULA
1850 499 2052 561 lV-V.
2115 499 2321 560 ΑΝΝΙ
2371 501 2667 561 387-430.

1714 794 2420 960 ELENCHUS

496 1126 967 1196 AUCTORUM
1044 1126 1148 1194 ET
1226 1125 1578 1195 OPERUM
1656 1126 1806 1212 QUI
1888 1126 1973 1195 IN
2052 1124 2227 1196 HOC
2302 1125 2545 1194 ΤΟΜΟ
2625 1126 2900 1196 XXXII
2979 1126 3635 1200 CONTINENTUR.

1201 1524 1268 1590 S.
1322 1522 1834 1590 AUGUSTINUS
1875 1521 2408 1589 HIPPONENSIS
2463 1520 2916 1590 EPISCOPUS.

310 1702 643 1771 Monitum
673 1700 1030 1769 Editorum
1060 1698 1484 1790 Patrologiae.
3432 1717 3587 1781 pag.
3784 1704 3825 1762 5

310 1816 783 1885 Maurinorum
811 1818 1095 1882 Patrum
1133 1814 1439 1903 Epistola
1468 1811 1981 1902 nuncupatoria.
3784 1819 3822 1877 9

312 1926 723 1996 Eorumdem
760 1925 1078 2015 Praefatio
1108 1923 1455 2012 generalis.
3742 1934 3819 1991 13

326 2043 473 2110 Vita
499 2043 571 2109 S.
606 2039 835 2108 Aurel.
881 2038 1265 2129 Augustini,
1300 2036 1743 2127 Hipponensis
1778 2037 2088 2128 episcopi,
2132 2049 2400 2106 auctore
2426 2038 2748 2106 Possidio.
3740 2048 3821 2106 33

327 2158 472 2226 Vita
501 2158 573 2224 S.
610 2154 839 2223 Aurel.
886 2152 1266 2243 Augustini,
1305 2151 1739 2240 Hipponensis
1769 2151 2081 2241 episcopi,
2134 2175 2214 2219 ex
2242 2154 2389 2243 ejus
2417 2154 2843 2243 potissimum

401 2270 679 2360 Scriptis
704 2269 1122 2336 concinnata.
3740 2276 3823 2335 65

314 2388 890 2453 Retractationum
918 2386 1072 2450 libri
1110 2385 1188 2449 II.

3691 2390 3820 2448 583

310 2500 831 2568 Confessionum
862 2500 1013 2564 libri
1038 2498 1206 2564 XIII.
3689 2505 3821 2565 659

308 2617 840 2699 Soliloquiorum
877 2614 1029 2677 libri
1071 2613 1151 2676 II.
3692 2619 3825 2679 869

308 2732 555 2797 Contra
580 2728 1019 2795 Academicos
1058 2727 1209 2791 libri
1242 2726 1323 2790 II.
3689 2732 3824 2791 905

308 2849 398 2913 De
436 2848 645 2912 Beata
676 2845 826 2911 Vita
852 2846 1024 2907 liber
1054 2861 1258 2906 unus.
3693 2847 3827 2906 959

308 2964 399 3030 De
439 2961 685 3027 Ordine
722 2960 879 3024 libri
914 2958 989 3024 II.

2597 3037 2600 3041 ν
3693 2961 3822 3019 977

312 3077 401 3141 De
433 3074 945 3140 Immortalitate
972 3072 1220 3135 animae
1248 3070 1418 3134 liber
1450 3088 1653 3134 unus.
3653 3073 3819 3135 1021

314 3192 401 3255 De
434 3188 821 3267 Quantitate
853 3186 1097 3249 anima;
1124 3184 1295 3249 liber
1332 3203 1536 3248 unus.
3510 3242 3517 3249 ,
3650 3189 3821 3248 4035

310 3305 397 3368 De
433 3300 689 3366 Musica
715 3300 869 3363 libri
903 3298 986 3364 VI
996 3346 1010 3361 .

3652 3302 3816 3361 1081

330 3418 419 3483 De
449 3416 773 3496 Magistro
807 3414 977 3477 liber
1005 3431 1209 3476 unus.

2870 3450 2877 3461 -
3656 3418 3824 3477 1193

331 3532 420 3595 De
448 3531 661 3594 libero
696 3526 984 3591 Arbitrio
1016 3525 1168 3589 libri
1207 3522 1314 3588 III.

3658 3531 3821 3590 1221

331 3646 419 3710 De
458 3643 756 3708 Moribus
787 3640 1101 3704 Ecclesiae
1131 3637 1498 3715 catholicae,
1535 3644 1601 3701 et
1631 3637 1712 3701 de
1743 3636 2040 3703 Moribus
2072 3638 2595 3705 Manichaeorum
2623 3640 2772 3703 libri
2811 3639 2887 3702 II.
3661 3644 3829 3703 1300

331 3757 589 3838 Regula
626 3756 708 3819 ad
740 3771 974 3818 servos
1006 3752 1143 3817 Dei.
3660 3758 3828 3819 1377

463 3869 813 3934 APPEme.

332 3987 418 4049 De
448 3982 897 4049 Grammatice
924 3980 1115 4045 liber.
3659 3984 3829 4045 1383

329 4098 666 4181 Principia
694 4095 1080 4160 dialecticae.
2186 4150 2199 4161 ,
3658 4100 3830 4159 1409

328 4207 696 4288 Categoriaa
727 4206 983 4269 decem.

3660 4215 3829 4274 1419

329 4322 663 4404 Principia
690 4318 1086 4383 rhetorices.
3657 4328 3685 4386 1
3701 4329 3829 4388 139

332 4435 602 4518 Regulae
632 4434 889 4498 clericis
920 4431 1179 4496 traditae
1209 4430 1693 4511 fragmentum.
3660 4444 3826 4501 1447

330 4551 588 4633 Regula
627 4547 946 4612 secunda.
3658 4555 3825 4613 M49

331 4667 417 4730 De
465 4663 616 4730 Vita
654 4660 999 4727 eremitica
1029 4660 1111 4723 ad
1144 4677 1472 4724 sororem.
3660 4667 3817 4725 1451

1161 5520 1477 5577 mentium";
1510 5508 1781 5557 essemus
1811 5521 1876 5554 ns
1909 5520 2524 5565 οιιΑτιιιοΝ-δυκ-εκωε,
2558 5520 2754 5556 suam

1385 5520 1477 5559 an;
1510 5508 1781 5557 osseum
1811 5521 1876 5554 ns
1909 5520 2524 5565 cna'riLLoxacn-same,
2558 5520 2754 5556 JEANXB
2785 5519 2990 5557 nonam
