4082 6190
122 279 3673 307 ____________________.________._______..__________.__._______.

1456 439 2388 565 MONITUM

863 693 970 758 DE
1019 691 1179 757 HAG
1226 689 1775 755 BENEDICTINAE
1824 687 2218 754 EDITIONIS
2266 687 2485 757 NOVA
2532 687 2998 755 RECUSIONE.

259 1037 711 1106 Immortalem
742 1035 1015 1099 Patrum
1046 1032 1637 1096 Benedictinorum
1667 1030 1956 1110 gloriam
1994 1030 2433 1093 temerarium
2464 1032 2763 1112 profecto
2809 1033 2983 1096 foret
3024 1034 3480 1115 praetendere;
3543 1036 3666 1096 mi-

152 1141 348 1200 nime
396 1154 559 1198 vero
608 1132 1030 1215 impossibile
1086 1134 1191 1193 est
1254 1129 1758 1192 lucubrationes
1813 1144 2052 1189 eorum
2108 1126 2492 1205 meliorare,
2562 1128 2962 1192 introductis
3016 1132 3508 1194 mutationibus
3560 1132 3669 1194 ali-

100 1262 116 1285 ν
146 1232 504 1316 quantulis
538 1249 709 1312 quas
766 1229 1065 1310 ipsimet,
1120 1227 1178 1288 si
1234 1230 1468 1288 nostra
1508 1225 1814 1289 viverent
1852 1227 2072 1300 aetate,
2119 1224 2548 1304 judicassent
2588 1226 3042 1288 necessarias.
3101 1224 3425 1290 Caeterum
3465 1228 3667 1292 hodie

146 1329 480 1393 convenit
510 1326 686 1408 apud
727 1324 1226 1388 eruditissimos
1276 1323 1485 1399 viros,
1540 1322 1875 1403 imprimis
1922 1324 2112 1383 extra
2162 1320 2463 1398 Galliam,
2518 1320 3025 1385 Benedictinam
3066 1324 3460 1402 editionem,
3504 1326 3662 1389 licet

147 1426 345 1490 omni
405 1425 686 1502 dignam
752 1421 1226 1496 mstimatiOne,
1308 1419 1703 1499 caiterisque
1763 1416 2317 1480 antecedentibus
2375 1418 2587 1479 multo
2658 1420 3222 1499 praestantiorem,
3297 1425 3660 1490 nonnullas

147 1529 386 1585 tamen
417 1517 859 1597 negligentia!
892 1520 1089 1577 notas
1129 1533 1266 1596 prae
1317 1532 1390 1576 se
1421 1515 1620 1589 ferre,
1659 1513 1801 1577 sive
1853 1511 2034 1593 quod
2082 1512 2377 1574 editores
2428 1512 2731 1575 laborem
2763 1532 2883 1595 per
2922 1515 3165 1593 viginti
3202 1516 3511 1595 integros
3546 1540 3667 1584 an-

99 1644 109 1669 ν
152 1634 285 1679 nos
320 1617 737 1695 protractum
774 1610 1067 1690 impares
1100 1609 1350 1671 fuerint
1377 1608 1722 1670 indefessa
1752 1606 2122 1669 attentione
2166 1607 2571 1683 sustinendi,
2610 1608 2752 1670 sive
2793 1609 2974 1690 quod
3002 1629 3292 1690 pensum
3323 1619 3423 1678 tot
3462 1617 3665 1680 colla-

152 1708 589 1775 boratoribus
640 1706 1034 1769 devolutum
1084 1705 1413 1766 unitatem
1452 1723 1588 1766 non
1642 1703 2047 1765 admitteret.
2087 1700 2195 1765 Sic
2224 1703 2565 1765 interdum
2599 1704 2907 1767 videntur
2935 1711 3244 1770 veterum
3291 1711 3668 1778 editionum

155 1808 592 1871 collationem
632 1801 1059 1881 neglexisse;
1098 1801 1193 1862 sic
1233 1801 1463 1876 etiam,
1498 1799 1705 1862 variis
1736 1799 2141 1861 lectionibus
2174 1817 2355 1861 nunc
2395 1800 2465 1861 in
2500 1804 2783 1881 utraque
2823 1804 3136 1880 margine
3171 1809 3438 1888 positis,
3484 1831 3666 1877 nunc

162 1906 248 1967 ad
271 1903 520 1965 calcem
545 1900 710 1963 tomi
744 1899 1037 1980 rejectis,
1075 1901 1455 1959 accuratam
1480 1901 1790 1959 textuum
1821 1895 2319 1971 recensionem,
2344 1895 2624 1957 unitatis
2649 1896 3080 1977 detrimento,
3118 1914 3661 1986 prosequuntur;

158 2003 259 2063 sic
302 2000 618 2079 denique,
653 2003 728 2059 ut
760 1997 1017 2059 omissa
1045 1999 1461 2076 repararent,
1498 1997 1614 2056 aut
1641 1992 1967 2055 lectiones
2000 1992 2442 2084 citationesve
2474 1993 2841 2055 mendosas
2875 1997 3257 2077 complures
3281 2001 3665 2084 impruden-

156 2104 258 2161 ter
290 2097 712 2159 introductas
769 2110 1199 2175 quocumque
1257 2090 1460 2153 modo
1512 2088 1977 2166 emendarent,
2032 2082 2352 2150 addendz's
2409 2092 2476 2151 et
2529 2085 2931 2175 corrigendis
2989 2093 3262 2173 singula
3316 2082 3667 2171 volumina

156 2212 509 2257 exonerav
518 2209 627 2254 ere
640 2238 652 2252 .

253 2289 533 2351 Duobus
592 2288 796 2365 igitur
846 2284 1283 2367 potissimum
1332 2280 1866 2361 invigilavimus,
1914 2279 2167 2342 scilicet
2221 2298 2306 2342 ne
2357 2282 2520 2362 quid
2584 2287 2784 2345 antea
2831 2284 3183 2365 vulgatum
3238 2292 3309 2354 in
3365 2295 3661 2361 editione

156 2391 399 2451 nostra
428 2384 875 2458 omitteretur,
929 2384 1135 2461 utque
1169 2378 1819 2442 convenientissimo
1853 2374 2089 2438 ordine
2148 2395 2258 2439 res
2316 2378 2632 2458 quaelibet
2684 2379 3175 2448 institueretur.
3234 2388 3482 2455 Praeter
3521 2412 3661 2457 ma-

158 2482 551 2562 nuscriptos
610 2480 899 2555 codices,
972 2476 1307 2539 editiones
1370 2474 1753 2555 plerasque,
1818 2477 1963 2533 tum
2024 2477 2317 2549 veteres,
2388 2478 2534 2535 tum
2590 2477 3004 2541 recentiores
3065 2485 3251 2546 tanta
3309 2488 3662 2567 diligentia

162 2578 735 2660 comparavimus,
772 2580 848 2637 ut
884 2577 1119 2637 nostra
1146 2570 1547 2653 locupletior
1592 2568 1980 2632 necessario
2014 2568 2321 2631 debuerit
2350 2588 2730 2649 emergere,
2770 2575 3061 2655 jureque
3094 2596 3483 2646 asseremus
3518 2603 3660 2648 om-

164 2678 333 2739 nino
388 2674 555 2737 nihil
607 2674 937 2736 hactenus
979 2670 1338 2753 prodiisse,
1404 2667 1585 2748 quod
1644 2667 1715 2728 in
1773 2684 1853 2727 ea
1919 2683 2059 2727 non
2099 2666 2418 2729 abundet.
2466 2666 2782 2731 Attamen
2844 2674 3299 2757 nequicquam
3342 2687 3661 2762 suppete-

161 2776 263 2836 ret
304 2777 405 2834 tot
438 2771 749 2849 coegisse
779 2768 1072 2844 divitias,
1104 2766 1237 2827 nisi
1268 2768 1447 2828 recte
1488 2763 1994 2858 ordinarentur;
2040 2781 2261 2844 neque
2315 2782 2476 2826 vero
2524 2765 2721 2828 nobis
2772 2768 3042 2832 animus
3083 2778 3188 2835 est
3228 2777 3554 2858 quidquid
3595 2779 3663 2841 in

165 2871 289 2933 hoc
321 2868 839 2950 praestiterimus
870 2862 1258 2926 minutatim
1298 2859 1706 2943 exponendi.
1745 2856 1964 2921 Pauca
1995 2859 2216 2921 solum
2256 2860 2564 2941 exempla
2594 2862 2993 2927 referemus.

254 2972 319 3028 t°
364 2965 547 3027 Nihil
576 2963 775 3025 nobis
829 2960 1174 3041 antiquius
1208 2958 1356 3034 fuit,
1402 2974 1606 3038 quam
1637 2959 1711 3017 ut
1742 2955 1811 3017 in
1860 2955 2027 3017 locis
2060 2974 2098 3016 a
2128 2957 2517 3017 reverendis
2568 2957 2734 3037 ipsis
2784 2957 3103 3023 Patribus
3145 2964 3457 3030 indicatis
3491 2988 3658 3035 suus

170 3064 377 3126 textui
412 3061 601 3123 nitor
632 3058 1117 3120 restitueretur.
1156 3054 1432 3131 Quoties
1466 3054 1532 3114 in
1567 3052 1862 3132 aliquem
1898 3070 2197 3115 errorem
2238 3053 2411 3114 ultro
2454 3052 2827 3134 impegisse
2879 3057 3008 3119 visi
3061 3067 3244 3140 sunt,
3293 3068 3494 3145 atque
3552 3069 3661 3132 de-

170 3160 443 3222 fuerunt
481 3172 723 3219 eorum
764 3153 1067 3230 consilia,
1114 3151 1488 3231 genuinam
1517 3147 1881 3210 lectionem
1926 3148 2379 3211 stabilivimus
2422 3151 2567 3210 tum
2607 3150 3252 3234 manuscriptorum,
3299 3163 3445 3221 tum
3473 3161 3667 3228 libro-

169 3275 318 3319 rum
350 3252 777 3317 auctoritate.

258 3359 327 3414 2°
376 3350 624 3413 Praeter
662 3352 892 3409 textus
926 3346 1212 3407 nitorem
1243 3361 1403 3425 quo,
1435 3340 2090 3423 qualiscumquesit,
2147 3340 2351 3402 editio
2373 3436 2379 3437 γ
2401 3340 2835 3405 Benedictina
2866 3350 3141 3410 caeteras
3174 3368 3410 3415 omnes
3460 3355 3668 3437 longe

174 3451 479 3529 superat,
514 3446 637 3507 hoc
664 3446 937 3525 praestat
966 3442 1427 3524 potissimum,
1481 3436 1660 3518 quod
1710 3436 2224 3517 praefationibus
2279 3436 2550 3499 eximiis
2608 3456 2998 3520 magnaque
3044 3444 3558 3514 adnotationum
3596 3436 3671 3516 et

174 3544 587 3609 variantium
634 3541 1007 3605 lectionum
1057 3539 1249 3620 copia
1298 3535 1704 3616 locupletata
1745 3533 1853 3594 sit.
1899 3531 2057 3608 Qua
2113 3533 2344 3595 omnia
2386 3533 2619 3595 sedulo
2663 3536 3110 3615 servavimus,
3158 3541 3293 3603 imo
3326 3547 3668 3611 variantes

174 3640 577 3707 adauximus
607 3637 965 3710 lectiones;
994 3654 1133 3698 non
1156 3651 1395 3697 omnes
1426 3649 1587 3694 vero
1617 3630 2019 3692 admisimus
2052 3647 2202 3710 quae
2234 3629 2432 3692 nobis
2464 3630 2916 3711 undequaque
2941 3639 3404 3701 occurrebant.
3434 3642 3671 3708 Liben-

174 3748 270 3805 ter
306 3736 693 3811 fatebimur,
738 3751 876 3796 non
915 3732 1047 3794 isto
1080 3730 1505 3793 incendimur
1543 3726 1933 3809 philologiae
1968 3726 2190 3788 studio
2222 3726 2403 3806 quod
2427 3726 2743 3788 editionis
2788 3730 3258 3795 excellentiam
3299 3734 3666 3803 lectionum
3704 3790 3709 3797 .

174 3834 583 3901 variantium
612 3847 898 3893 numero
939 3828 1238 3890 metitur.
1276 3826 1324 3889 E
1356 3829 1611 3900 contra,
1643 3823 1862 3885 dubiae
1902 3822 2299 3903 plerumque
2340 3827 2539 3883 erunt
2579 3823 2907 3902 utilitatis,
2955 3826 3012 3887 si
3043 3830 3428 3896 attendatur
3466 3854 3670 3916 quam

171 3932 398 3997 tenuis
432 3930 568 3991 sint
597 3925 951 4001 momenti,
981 3927 1311 4004 quantum
1344 3921 1679 3985 sermonis
1713 3920 1960 3983 seriem
1984 3918 2375 3999 impediant,
2403 3923 2873 4001 quantumque
2906 3923 3082 4003 apud
3113 3927 3365 3991 multos
3388 3929 3671 3996 lectores

174 4026 538 4093 auctoritas
586 4023 914 4085 librorum
944 4020 1073 4082 illis
1104 4020 1576 4092 labefactetur;
1615 4016 1952 4097 duplicem
2001 4014 2185 4077 enim
2224 4013 2586 4076 lectionem
2616 4016 2865 4078 veritas
2904 4037 3043 4081 non
3076 4023 3351 4102 patitur.
3390 4025 3672 4107 Expedit

176 4129 406 4209 igitur,
446 4126 679 4187 nostra
711 4120 1071 4193 sententia,
1108 4122 1205 4181 tot
1236 4118 1411 4180 inter
1450 4114 2069 4195 manuscriptorum
2101 4116 2167 4175 et
2208 4112 2537 4174 librorum
2568 4113 2958 4193 varietates,
2995 4136 3134 4181 non
3173 4123 3357 4185 molli
3396 4125 3671 4190 brachio

176 4200 453 4290 cunctas
512 4221 853 4295 excutere,
918 4216 1147 4295 sagaci
1202 4213 1625 4292 negligentia
1674 4211 2005 4293 quasdam
2067 4210 2606 4289 praetermittere,
2675 4229 2929 4293 easque
2991 4217 3255 4279 tantum
3319 4200 3703 4284 admittere

178 4341 333 4406 quae
373 4321 455 4383 ad
483 4322 731 4381 rectam
763 4314 1055 4378 auctoris
1096 4311 1617 4390 intelligentiam
1658 4309 1762 4373 vel
1793 4308 2030 4371 leviter
2062 4306 2466 4369 inserviunt.

266 4416 454 4495 Quod
494 4416 571 4478 de
600 4413 973 4477 lectionum
1005 4408 1465 4482 varietatibus,
1509 4406 1574 4467 id
1614 4405 1694 4467 de
1730 4402 2180 4485 supposititiis
2214 4403 2533 4483 operibus
2567 4403 2821 4466 dictum
2848 4408 3019 4467 esto.

260 4516 481 4593 Vulgo
514 4508 803 4587 contigit
829 4504 1221 4570 clarissimis
1263 4502 1682 4583 antiquitatis
1734 4500 2198 4582 scriptoribus,
2239 4505 2334 4575 ut,
2382 4504 2767 4581 temporum
2800 4502 3306 4582 obscuratione,
3345 4508 3671 4593 bibliOpo-

171 4616 391 4677 larum
421 4606 727 4681 avaritia,
764 4603 1046 4684 aliisque
1088 4602 1167 4664 de
1200 4599 1449 4675 causis,
1509 4600 1706 4661 foetus
1747 4614 1985 4659 eorum
2044 4596 2327 4674 genuini
2374 4596 2658 4674 indigna
2712 4598 3103 4678 spuriorum
3151 4606 3422 4667 caterva
3465 4607 3669 4689 stipa-

172 4713 431 4773 reutur.
495 4702 685 4766 Haud
747 4698 1013 4761 difﬁcile
1074 4701 1251 4759 certe
1308 4695 1551 4757 fuisset
1581 4692 2098 4771 Augustinianee
2160 4691 2479 4753 editionis
2540 4693 2794 4755 molem
2851 4693 3192 4774 duplicare
3248 4699 3672 4781 triplicareve

177 4806 264 4867 ad
298 4804 587 4876 libitum,
661 4795 996 4878 adjunctis
1059 4792 1505 4874 supposititiis
1562 4790 1882 4872 operibus
1932 4806 2081 4870 quae
2134 4789 2259 4849 sub
2317 4788 2553 4867 magni
2616 4789 2912 4852 Doctoris
2979 4794 3259 4856 nomine
3318 4797 3671 4863 circumfe-

175 4904 445 4965 runtur.
513 4895 705 4958 Nulla
752 4911 960 4975 prope
1028 4895 1131 4952 est
1190 4889 1592 4952 bibliotheca
1636 4906 1784 4968 quae
1826 4905 1963 4948 non
2016 4884 2402 4947 istiusmodi
2456 4885 2794 4947 thesauris
2844 4905 2916 4949 se
2965 4889 3197 4968 jactet.
3257 4890 3426 4968 Quid
3464 4899 3675 4959 vero?

177 5013 412 5061 nonne
460 4993 666 5073 liquet
717 4989 973 5053 zizania
1030 4986 1361 5050 debilitari
1425 4985 1747 5061 triticum,
1804 4999 2255 5062 verarumque
2324 4998 2756 5059 gemmarum
2820 4982 3215 5049 decrescere
3277 4990 3553 5068 famam,
3618 4992 3675 5053 si

181 5111 335 5157 cum
367 5089 763 5154 adulterinis
804 5085 1268 5149 misceantur?
1316 5081 1629 5145 Attamen
1672 5098 1757 5143 ne
1804 5080 1962 5162 quid
1996 5080 2065 5141 in
2105 5078 2400 5141 editione
2450 5082 2686 5139 nostra
2717 5078 3241 5161 desideraretur,
3297 5087 3560 5148 nullum
3592 5107 3677 5149 ex

184 5188 432 5272 spuriis
474 5186 580 5249 vel
626 5185 848 5247 dubiis
906 5182 1226 5263 operibus
1285 5197 1433 5260 quae
1490 5177 1611 5240 PP.
1674 5174 2089 5241 Benedictini
2130 5174 2378 5272 publici
2409 5174 2586 5253 juris
2646 5175 2976 5254 fecerunt,
3015 5183 3677 5258 praetermittendum

183 5270 537 5357 duximus;
583 5279 960 5363 quinetiam
998 5293 1235 5340 eorum
1272 5273 1653 5337 recensioni
1711 5271 2037 5335 nonnulla
2087 5270 2761 5333 addidimus'recens
2798 5271 3099 5350 inventa,
3146 5294 3296 5356 quae
3345 5278 3578 5340 omnia
3606 5280 3679 5343 in

184 5383 593 5447 Sermonum
623 5376 1091 5440 collectionem
1121 5371 1447 5435 incidunt.
1491 5369 1742 5435 Verum
1788 5369 1915 5431 hac
1949 5366 2246 5447 augendi
2303 5367 2575 5430 licentia
2624 5386 2825 5449 parce
2860 5369 2967 5432 usi
3010 5390 3273 5449 sumus,
3310 5392 3449 5437 non
3492 5377 3682 5440 obliti

183 5478 495 5543 Patribus
543 5470 1025 5547 Benedictinis,
1065 5473 1263 5550 prout
1296 5465 1596 5531 consiliis
1655 5465 2035 5548 opibusque
2076 5470 2266 5528 erant
2302 5464 2720 5544 circumdati,
2774 5474 3191 5548 compertam
3242 5487 3405 5534 sane
3458 5472 3671 5537 fuisse

230 5710 487 5877 3&9
