4064 6188
181 426 197 431 _
222 415 2245 431 .HMW

1380 630 1599 707 REGI
1665 629 2493 708 CHRISTIANISSIMO

558 857 2092 1084 LUDOVICO
2244 859 3302 1087 MAGNO

1136 1225 1492 1283 VICTORI,
1558 1225 2220 1283 TRIUMI’HATORI,
2298 1224 2716 1274 PACIFICO.

1774 1392 2085 1400 ‘-—+_———

237 1557 609 1616 Aususrmrn,
663 1549 919 1604 Ecclesiae
976 1550 1171 1602 lumen
1222 1554 1277 1602 et
1332 1549 1647 1611 oraculum,
1696 1551 1880 1605 Caroli
1927 1552 2113 1623 Magni
2169 1554 2461 1623 quondam
2515 1553 2771 1621 delicias,
2820 1558 2935 1611 Rex
2984 1556 3489 1621 Christianissime,
3535 1576 3677 1614 novo

168 1642 342 1707 cultu,
375 1640 652 1710 novisque
682 1638 831 1708 typis
862 1638 1206 1691 adornatum
1236 1637 1340 1691 tibi
1381 1638 1654 1705 sistimus,
1686 1640 1790 1693 sub
1825 1640 2165 1693 immortalis
2195 1641 2443 1694 nominis
2480 1642 2563 1695 tui
2596 1642 2862 1712 praesidio
2910 1644 3338 1700 immortalitate
3371 1649 3547 1701 altera
3580 1649 3652 1703 do

166 1730 439 1785 nandum.
470 1730 628 1783 Hunc
660 1727 965 1798 aliquando
998 1726 1228 1780 Basileaa
1261 1726 1431 1779 veluti
1462 1732 1854 1781 renascentem
1885 1728 2185 1781 Germania
2202 1729 2451 1798 excepit;
2488 1730 2719 1784 Lovanii
2749 1732 3124 1802 recognitum,
3158 1739 3501 1806 auctumque
3531 1736 3689 1790 fovit

170 1818 456 1888 Belgium;
490 1817 868 1886 eamdemque
895 1814 1159 1885 genuina:
1192 1816 1489 1884 (quantum
1520 1815 1577 1868 in
1608 1815 1770 1868 nobis
1799 1815 1921 1885 fuit)
1971 1816 2284 1887 integritati
2314 1818 2641 1871 restitutum
2683 1835 2833 1871 nunc
2862 1821 3093 1874 tandem
3117 1822 3449 1877 exhibemus
3482 1841 3494 1878 :
3529 1824 3672 1878 adeo

171 1913 232 1961 ut
260 1906 469 1961 collatis
507 1904 665 1976 quasi
694 1903 939 1957 dexteris
981 1906 1037 1957 et
1088 1902 1309 1967 ofﬁciis,
1346 1903 1529 1973 Belga
1560 1919 1689 1956 cum
1720 1904 2035 1970 Germanis,
2067 1921 2197 1958 cum
2228 1905 2483 1976 utrisque
2516 1906 2659 1960 Galli
2689 1907 2760 1960 ad
2792 1907 3204 1977 perficiendum
3239 1927 3445 1965 munus
3478 1914 3667 1967 Ludo-

171 1997 289 2049 vico
318 1996 511 2063 Magno
540 1993 776 2063 dignum
817 1994 1165 2062 conspirasse
1192 1991 1504 2045 videantur.
1543 1990 1823 2044 Nimirum
1852 1990 2053 2045 victori
2080 2009 2145 2045 ac
2172 1992 2576 2062 triumphaturi
2602 1994 2972 2049 conveniebat
2998 2000 3081 2049 tot
3116 2002 3445 2066 pacatorum
3477 2017 3669 2071 popu-

167 2084 349 2135 lorum
402 2097 703 2135 commune
756 2079 861 2133 hoc
900 2082 1371 2142 monumentum;
1423 2077 1705 2147 planeque
1750 2078 2004 2146 decebat,
2058 2085 2117 2133 ut
2162 2081 2545 2151 Augustinum
2590 2081 2899 2151 integrum,
2940 2099 3150 2153 purum
3199 2088 3367 2155 atque
3420 2091 3665 2155 tersum,

166 2171 417 2225 Ecclesiae
449 2171 735 2224 doctorem
769 2168 1104 2231 maximum,
1136 2171 1476 2237 perpetuum
1507 2166 1907 2220 haereticorum
1933 2170 2242 2240 flagellum,
2277 2171 2494 2240 Regum
2526 2170 2949 2241 augustissimo,
2986 2172 3255 2240 maximo,
3290 2174 3665 2230 invictissimo

168 2276 231 2312 ac
260 2258 689 2330 religiosissima
728 2272 1200 2310 consecraremus.
2446 2278 2451 2283 λ

240 2349 434 2418 Neque
468 2364 598 2399 vero
628 2346 695 2399 de
724 2345 1022 2415 Majestatis
1050 2350 1161 2398 tua)
1193 2344 1403 2410 favore,
1438 2346 1552 2398 Rex
1593 2344 2025 2414 Augustissime,
2058 2348 2317 2401 dubitare
2359 2347 2523 2400 nobis
2555 2347 2702 2406 licet.
2747 2349 3211 2420 quandoquidem
3256 2354 3676 2423 amplissimum

168 2436 301 2489 illud
344 2434 708 2506 privilegium
756 2450 790 2487 a
829 2434 1012 2503 teipso
1052 2432 1215 2487 nobis
1245 2424 1593 2498 concessum,
1626 2433 1985 2501 obsignatum
2033 2439 2083 2488 et
2126 2440 2435 2499 assertum;
2485 2435 2679 2505 scripti
2711 2435 2933 2490 codices
2963 2454 2992 2490 e
3024 2438 3201 2508 Regia
3234 2440 3587 2496 Bibliotheca
3620 2449 3674 2497 te

158 2526 396 2593 jubente
427 2525 639 2578 affatim
671 2523 1049 2594 suppeditati;
1079 2523 1283 2576 littera:
1315 2522 1387 2577 ad
1412 2527 1634 2576 exteros
1665 2522 1898 2576 nomine
1925 2529 2026 2576 tuo
2054 2523 2112 2577 in
2142 2540 2265 2577 rem
2288 2528 2540 2578 nostram
2576 2524 2796 2591 missae;
2821 2526 2890 2580 ad
2915 2526 3033 2579 haec
3054 2528 3362 2598 Augustini
3385 2530 3675 2600 meritum,

170 2616 323 2666 fama
367 2618 423 2666 et
470 2612 773 2667 auctoritas
814 2611 1188 2666 certissimam
1230 2628 1389 2682 spem
1432 2611 1595 2665 nobis
1626 2612 1915 2681 ingerunt,
1948 2616 2002 2664 te
2034 2612 2269 2682 hujusce
2292 2613 2557 2666 editionis
2601 2614 2905 2683 fautorem,
2935 2620 3267 2685 patronum,
3300 2633 3364 2671 ac
3394 2618 3676 2673 vindicem

173 2700 314 2753 fore.
350 2700 647 2753 Enimvero
680 2699 807 2770 quis
839 2698 1114 2769 Principis
1146 2698 1612 2753 Christianissimi
1643 2698 1829 2752 studio
1860 2704 1917 2752 et
1956 2700 2375 2775 existimatione
2408 2701 2638 2772 dignior
2667 2703 3003 2773 Augustino,
3047 2720 3219 2774 quem
3261 2706 3638 2778 Hieronymus
3659 2754 3673 2774 ,

171 2794 226 2843 ct
256 2789 345 2841 sui
378 2788 647 2859 temporis
676 2806 803 2842 cum
839 2805 905 2842 eo
934 2787 1227 2853 Catholici,
1260 2789 1412 2841 velut
1435 2790 1673 2857 antiquae
1700 2803 1919 2841 rursum
1946 2788 2076 2857 ﬁdei
2101 2790 2427 2844 conditorem
2466 2808 2768 2861 suspexere
2789 2798 2816 2847 ’ἐ
2846 2794 2970 2863 Ipse
3003 2799 3087 2847 est
3128 2795 3434 2849 Doctorum
3461 2798 3675 2861 lumen,

167 2877 556 2948 antiquiorum
598 2880 829 2932 Patrum
868 2876 1190 2930 humilitate
1228 2894 1292 2930 ac
1331 2876 1607 2946 religione
1654 2876 1984 2947 discipulus,
2032 2878 2337 2949 aequalium
2384 2879 2640 2933 doctrina
2671 2880 2830 2934 facile
2872 2881 3160 2952 princeps,
3203 2884 3676 2955 subsequentium

168 2966 280 3020 dux
313 2982 377 3019 ex
414 2966 687 3036 magister
729 2982 742 3018 :
777 2982 950 3036 quem
987 2965 1265 3018 viventem
1303 2964 1551 3018 Africani
1590 2967 1783 3019 Patres
1823 2966 1909 3018 uti
1948 2966 2191 3037 Spiritus
2233 2967 2411 3020 sancti
2457 2967 2828 3037 interpretem
2869 2969 3047 3022 secuti
3086 2975 3220 3023 sunt
3262 2972 3319 3025 in
3362 2974 3676 3028 condendis

167 3054 546 3108 sanctioribus
578 3054 834 3108 Ecclesiae
864 3054 1095 3124 regulis,
1129 3058 1428 3108 veneratus
1459 3059 1543 3107 est
1577 3054 1727 3106 inter
1756 3054 2061 3107 Pontiﬁces
2098 3054 2373 3107 maximos
2405 3055 2767 3109 Innocentius
2806 3057 2848 3121 Ι,
2881 3056 3086 3110 litteris
3125 3058 3345 3129 dignati
3395 3063 3674 3116 Honorius

164 3150 220 3199 et
266 3144 620 3199 Theodosius
674 3145 1042 3215 Imperatores
1096 3144 1337 3213 Augusti
1398 3160 1409 3195 2
1465 3144 1625 3213 cujus
1673 3142 1882 3197 mortui
1929 3142 2247 3196 doctrinam
2291 3143 2548 3210 concilia,
2608 3146 2946 3199 sanctissimi
2991 3146 3203 3218 quique
3258 3148 3553 3218 pontifices
3619 3153 3674 3203 et

167 3233 441 3304 episcopi,
477 3233 808 3287 Caelestinus
837 3249 987 3302 papa
1015 3248 1140 3286 cum
1174 3230 1373 3302 primis
1403 3236 1459 3285 et
1488 3230 1794 3301 Gregorius
1820 3232 2051 3301 Magnus
2090 3231 2661 3287 honorificentissime
2691 3234 3092 3304 praedicarunt.

237 3322 401 3376 Nefas
450 3322 521 3375 sit
573 3322 681 3374 hoc
730 3322 854 3374 loco
904 3321 1193 3391 prreterire
1240 3320 1752 3374 Christianissimos
1804 3321 2150 3374 Francorum
2206 3322 2405 3398 Reges,
2457 3327 2843 3377 antecessores
2886 3329 3043 3390 tuos,
3094 3324 3332 3380 Maxime
3382 3326 3670 3398 Princeps,

166 3427 414 3480 quorum
445 3426 557 3463 non
588 3409 777 3479 impar
801 3408 1013 3462 exstitit
1045 3408 1104 3462 in
1144 3414 1367 3462 tantum
1409 3408 1595 3462 virum
1636 3409 2013 3462 observantia.
2058 3410 2195 3463 Inde
2240 3394 2353 3475 est,“
2379 3411 2533 3481 quod
2580 3428 2707 3465 cum
2752 3429 2961 3466 munus
3008 3414 3164 3484 regia
3194 3415 3485 3484 majestate
3520 3416 3673 3470 haud

164 3497 473 3568 indignum
500 3496 820 3565 exquireret
859 3495 1229 3565 Engelbertus
1260 3495 1611 3549 Corbeiensis
1649 3495 1853 3563 Abbas,
1886 3512 2000 3549 non
2031 3497 2186 3550 aliud
2218 3497 2496 3551 Ludovico
2537 3499 2679 3569 Regi
2711 3500 2891 3569 magis
2920 3504 3237 3570 acceptum,
3271 3519 3444 3572 quam
3476 3506 3671 3571 Augu-

164 3586 304 3638 stini
356 3586 424 3639 de
467 3585 734 3639 Doctrina
774 3585 1093 3639 Christiana
1138 3584 1310 3638 libros
1359 3584 1703 3638 existimavit
1745 3602 1756 3638 :
1790 3589 1845 3638 et
1884 3584 2116 3638 Carolus
2151 3586 2213 3650 V,
2258 3592 2637 3654 cognomento
2683 3588 2940 3657 Sapiens,
2982 3589 3156 3642 libros
3195 3590 3263 3642 de
3306 3590 3540 3644 Civitate
3575 3592 3673 3645 Dei

166 3674 373 3744 gallica
411 3673 661 3728 redditos
702 3673 923 3744 sibique
964 3679 1341 3743 nuncupatos,
1372 3673 1649 3744 singulari
1684 3673 2015 3743 dignatione
2055 3673 2385 3743 complexus
2425 3680 2525 3728 est.
2568 3676 2676 3729 Sed
2715 3676 2854 3729 illud
2889 3676 2947 3729 in
2979 3676 3177 3747 primis
3214 3681 3670 3747 memorandum,

164 3762 318 3834 quod
360 3762 540 3816 sancti
579 3762 834 3815 Doctoris
888 3761 1191 3815 lectionem
1238 3778 1353 3815 non
1402 3762 1573 3816 modo
1626 3762 1895 3816 Rotberto
1942 3762 2065 3832 regi
2111 3762 2389 3816 Adalbero
2443 3763 2832 3817 Laudunensis
2875 3765 3173 3835 episcopus
3221 3768 3669 3833 commendavit;

164 3868 366 3905 verum
408 3850 579 3905 etiam
610 3850 667 3903 in
712 3850 928 3904 deliciis
968 3850 1164 3904 habuit
1201 3851 1301 3922 qui
1339 3868 1488 3904 unus
1519 3850 1903 3920 plurimorum
1934 3851 2113 3905 instar
2143 3868 2261 3905 esse
2289 3852 2478 3916 debet,
2512 3853 2744 3907 Carolus
2774 3870 2903 3907 vero
2935 3855 3191 3924 Magnus.
3244 3856 3291 3907 Is
3322 3856 3496 3922 enim,
3528 3861 3671 3911 teste

164 3940 510 4011 Eginhardo,
542 3940 907 3994 delectabatur
938 3941 1089 3994 libris
1119 3943 1295 3993 sancti
1322 3941 1638 4006 Augustini,
1668 3942 2043 4009 prazcipueque
2071 3940 2154 3992 his
2183 3942 2279 4009 qui
2308 3940 2373 3993 de
2403 3941 2631 3996 Civitate
2662 3943 2757 3994 Dei
2782 3943 3111 4009 μθ·κείίαὶαεί
3134 3946 3278 3995 sunt.
3314 3942 3673 4013 Intelligebat

163 4027 381 4097 quippe
429 4026 884 4096 sapientissimus
937 4026 1227 4097 Princeps,
1268 4026 1580 4095 Imperium
1629 4042 1758 4079 cum
1801 4025 2143 4092 Sacerdotin,
2194 4028 2539 4096 Majestatem
2587 4044 2715 4081 cum
2751 4029 3060 4098 Religione,
3103 4045 3233 4082 cum
3273 4047 3408 4100 pace
3438 4030 3673 4098 bellum,

162 4114 699 4188 magnanimitatem
745 4130 873 4167 cum
916 4114 1330 4182 moderatione,
1373 4115 1527 4167 nullo
1569 4115 1772 4167 melius
1812 4120 1942 4185 post
1973 4115 2207 4169 Litteras
2246 4132 2431 4169 sacras
2472 4121 2701 4171 auctore
2741 4118 3032 4171 conciliari
3064 4135 3249 4188 posse,
3280 4136 3451 4190 quam
3482 4124 3678 4191 Augu-

160 4203 313 4257 stino
348 4219 360 4256 :
413 4204 576 4274 cujus
616 4202 858 4256 lectione
894 4208 1065 4273 atque
1110 4219 1239 4271 usu,
1271 4219 1401 4256 cum
1432 4202 1699 4273 privatas,
1743 4208 1866 4258 tum
1914 4202 2098 4272 regias
2142 4204 2396 4272 virtutes,
2445 4204 2813 4275 religionem,
2854 4206 3267 4273 fortitudinem,
3312 4210 3675 4278 prudentiam

162 4309 298 4345 cum
337 4292 462 4346 aliis
488 4292 728 4362 acquiri,
758 4296 855 4345 aut
881 4296 1032 4346 certe
1064 4291 1280 4362 perlici,
1310 4292 1615 4362 ornarique
1644 4308 1981 4362 persuasum
2012 4291 2276 4345 habebat.

238 4380 350 4431 llas
380 4380 557 4447 dotes,
592 4380 840 4449 Regibus
866 4385 1163 4449 tantopere
1193 4380 1556 4449 expetendas,
1580 4380 1677 4433 sed
1710 4385 1825 4433 tam
1859 4396 1987 4432 raro
2018 4378 2075 4431 in
2109 4395 2287 4433 unum
2317 4385 2601 4445 coeuntes,
2637 4381 2913 4451 singulari
2941 4383 3215 4437 beneficio
3246 4385 3392 4438 Deus
3424 4385 3481 4439 in
3508 4390 3562 4438 te
3594 4385 3673 4437 sic

158 4467 441 4538 profudit,
470 4469 691 4539 Regum
723 4468 981 4536 Maxime,
1014 4471 1077 4521 ut
1101 4483 1218 4520 non
1247 4467 1357 4520 alio
1388 4482 1562 4536 quam
1586 4466 1709 4535 ipso
1742 4468 1883 4521 duce
1911 4484 1973 4521 ac
2002 4474 2352 4539 praeceptore
2383 4469 2453 4541 ad
2481 4469 2768 4540 fastigium
2799 4472 3124 4541 perveneris
3149 4489 3347 4526 earum
3374 4473 3671 4539 virtutum,

162 4574 293 4629 quin
333 4557 552 4611 illustre
598 4556 783 4626 Magni
814 4560 1260 4627 cognomentum
1305 4554 1581 4625 Majestati
1616 4560 1730 4609 tua:
1771 4560 2194 4619 compararunt.
2226 4556 2364 4609 Aliis
2395 4557 2643 4627 regibus,
2679 4557 2851 4611 etiam
2896 4558 2985 4623 iis,
3019 4576 3160 4629 quos
3199 4560 3407 4631 passim
3438 4563 3671 4631 praacel-

220 4650 345 4698 lites
369 4645 719 4708 existimant,
749 4644 880 4697 satis
909 4644 1079 4698 fuerit
1108 4644 1359 4699 eminere
1391 4642 1449 4696 in
1471 4642 1733 4713 singulis,
1762 4643 2035 4697 nimirum
2066 4660 2185 4697 esse
2217 4649 2316 4698 aut
2344 4645 2665 4714 religiosos,
2699 4651 2797 4699 aut
2825 4646 3145 4709 bellicosos,
3172 4649 3671 4719 tranquillitatisve

158 4733 409 4802 publicae
450 4739 751 4787 amatores.
786 4733 850 4787 In
894 4737 949 4785 te
987 4749 1183 4786 omnes
1214 4732 1335 4789 ista:
1370 4732 1603 4786 virtutes
1633 4750 1760 4786 cum
1806 4733 1931 4785 aliis
1971 4733 2051 4787 ita
2088 4734 2450 4800 conveniunt,
2482 4739 2545 4787 ut
2576 4740 2628 4788 te
2661 4735 2954 4804 religione,
2977 4737 3219 4806 justitia,
3256 4739 3668 4808 moderatione,

160 4821 469 4889 sapientia,
500 4828 615 4875 tam
644 4822 809 4888 bello,
838 4837 1011 4892 quam
1034 4838 1166 4891 pace
1191 4821 1725 4892 praestantissimum
1748 4821 2014 4875 efficiant.
2042 4821 2198 4875 Multi
2227 4821 2553 4892 principum
2585 4823 2722 4876 dum
2756 4840 2966 4877 nomen
2990 4842 3159 4879 suum
3188 4826 3359 4879 armis
3384 4829 3670 4882 celebrare

159 4906 449 4974 ambiunt,
484 4911 861 4964 constituendi
892 4909 1055 4980 regni
1088 4910 1357 4979 abjiciunt
1386 4926 1604 4975 curam,
1646 4909 1881 4979 aliisque
1913 4911 2277 4965 committunt
2314 4928 2326 4965 :
2369 4911 2633 4965 nonnulli
2677 4912 2845 4966 unius
2885 4914 3037 4983 pacis
3067 4914 3264 4968 studiis
3292 4914 3515 4983 intenti,
3549 4934 3670 4970 rem

153 4997 433 5051 bellicam
463 4999 695 5070 insuper
722 5000 952 5054 habent.
988 5002 1070 5053 Tu
1101 4999 1250 5053 inter
1279 4999 1432 5070 pacis
1462 4999 1651 5053 studia
1679 4999 1910 5053 bellicas
1935 5003 2082 5053 artes
2102 4999 2294 5053 animo
2320 4999 2521 5070 agitas,
2554 5005 2609 5053 et
2632 5000 2781 5054 inter
2804 5001 3116 5057 arridentes
3138 5003 3417 5058 bellorum
3439 5010 3671 5059 eventus

155 5102 365 5155 pacem
396 5085 707 5141 meditaris.
738 5088 866 5157 Sed,
905 5088 1056 5159 quod
1091 5087 1444 5157 paucissimis
1483 5087 1729 5157 Regibus
1760 5087 2062 5158 contingit,
2101 5104 2231 5141 cum
2262 5089 2335 5142 sis
2366 5104 2503 5159 pace
2543 5106 2605 5142 ac
2631 5088 2779 5143 bello
2820 5092 3179 5157 exercitatus,
3221 5094 3378 5147 nulla
3415 5109 3669 5164 unquam

156 5174 324 5243 regni
367 5174 452 5227 tui
505 5173 833 5229 felicitatem
882 5175 1287 5231 interturbavit
1316 5176 1620 5230 adversitas
1669 5193 1681 5229 :
1736 5181 1797 5231 ut
1835 5193 2033 5231 omnes
2073 5178 2223 5230 ultro
2254 5182 2581 5247 agnoscant,
2613 5182 2667 5232 te
2698 5180 2939 5233 summis
2964 5180 3265 5235 virtutibus
3292 5182 3667 5249 cumulatum,

156 5299 172 5330 λ
208 5263 517 5317 .ovidcntia
549 5263 773 5318 felicem
803 5281 940 5332 csse,
970 5265 1184 5335 ubique
1215 5265 1502 5335 Magnum.

228 5351 415 5413 Quam
448 5353 700 5422 primum
732 5353 893 5421 regni
918 5352 1153 5406 habenis
1198 5367 1430 5405 manum
1465 5353 1715 5408 admovit
1745 5354 1999 5423 Majestas
2045 5358 2162 5421 tua,
2214 5353 2328 5408 Rex
2380 5354 2617 5424 optime,
2650 5355 2942 5426 religionis
2988 5361 3156 5426 caput
3212 5355 3562 5423 existimasti,
3609 5363 3670 5413 ut

154 5438 415 5508 teipsum
440 5447 679 5511 tuosque
706 5456 951 5509 regeres,
972 5446 1025 5493 et
1047 5442 1114 5495 de
1145 5442 1553 5511 componendis
1584 5442 1939 5497 subditorum
1972 5443 2246 5508 moribus,
2271 5459 2335 5495 ac
2351 5442 2647 5512 disciplina
2670 5443 2867 5497 sedulo
2889 5443 3183 5514 cogitares.
3212 5443 3350 5496 Hinc
3370 5460 3669 5515 oppressos

153 5528 227 5579 ah
284 5526 685 5581 infensissimis
726 5527 986 5581 hostibus
1030 5528 1370 5583 Christianos
1410 5530 1703 5584 submissis
1743 5530 1964 5585 auxiliis
2004 5531 2251 5585 relevare
2301 5547 2364 5584 ac
2405 5531 2580 5585 tutari
2618 5530 2868 5601 coepisti;
2914 5537 3038 5586 tum
3069 5532 3139 5585 ad
3170 5531 3425 5587 Ecclesia:
3451 5534 3665 5587 exstin-

150 5616 393 5685 guenda
434 5615 687 5683 discidia,
730 5617 987 5687 ﬁnesque
1026 5617 1424 5688 propagandos
1466 5617 1761 5672 intendere
1801 5618 2084 5683 animum;
2137 5618 2438 5690 abrogatas
2468 5636 2732 5673 revocare
2780 5620 2950 5690 leges,
2981 5636 3154 5672 novas
3194 5621 3443 5687 sancire;
3478 5621 3668 5677 faciles

385 5706 660 5771 PATROL.
714 5705 957 5771 XXXII.
3184 5710 3402 5794 (Una)
