4048 6194
336 322 352 370 ι
374 322 388 371 ι
1656 316 1982 371 EPISTULA
2021 319 2506 374 DEDICATORIA.
3775 333 3835 383 12

326 438 827 509 interpellantibus
863 440 1119 509 praebere
1162 439 1369 507 aditus,
1403 440 1498 510 jus
1547 455 1645 493 ore
1683 439 1915 511 proprio
1954 440 2172 507 dicere;
2216 457 2491 496 renovare
2541 446 2691 496 artes
2726 456 2789 495 ac
2826 441 3121 509 scientias;
3170 444 3333 499 bonis
3362 448 3621 518 priemia,
3662 450 3834 504 malis

327 525 609 597 supplicia
636 540 976 596 proponere.
994 526 1105 579 Nec
1126 525 1433 594 instabilia,
1451 526 1614 593 utﬁt,
1635 533 1735 581 aut
1754 527 1917 597 quasi
1937 534 2340 583 momentanea
2361 531 2595 584 fuerunt
2614 528 2797 583 edicta
2818 530 3010 600 legum
3023 536 3272 598 tuarum,
3295 534 3353 589 in
3373 536 3583 606 quibus
3604 538 3826 602 eadem,

324 632 453 687 qua:
492 614 552 668 in
584 613 745 668 dictis
772 613 1181 685 promissisque
1222 614 1358 680 tuis,
1386 615 1704 670 constantia
1730 615 1880 686 viget
1921 633 1987 670 ac
2029 616 2253 689 religio.
2287 620 2520 683 Quantis
2562 618 2851 673 minarum
2879 621 3195 676 terroribus
3226 623 3363 677 olim
3391 630 3624 680 cautum
3651 632 3735 681 est
3764 628 3827 681 in

320 704 564 759 furiosos
594 717 657 757 ac
682 701 1096 773 perditissimos
1125 702 1405 771 homines,
1438 703 1540 775 qui
1568 703 1846 775 singulari
1875 693 2135 759 condicto
2164 708 2492 773 certamine,
2527 711 2787 760 mutuam
2825 706 2887 759 in
2916 708 3130 763 caedem
3160 712 3372 781 passim
3401 714 3684 769 ruebant?
3714 715 3829 770 Nec

320 800 515 848 tamen
542 794 895 862 grassantem
934 792 1117 845 labem
1141 792 1476 860 compressit
1502 792 1611 848 ista
1634 792 1828 864 legum
1866 792 2127 863 varietas,
2160 810 2299 864 quas
2324 793 2503 847 facilis
2530 793 2590 847 in
2620 810 2748 848 reos
2778 794 3136 867 indulgentia
3166 803 3223 853 et
3250 799 3532 870 pudendae
3564 803 3828 874 gloriola:

318 897 531 938 nomen
560 880 749 935 irritas
779 880 1112 935 reddebant.
1152 882 1214 935 Id
1252 888 1538 937 servatum
1567 885 1688 936 erat
1725 881 2057 936 constantiae
2096 885 2232 945 tuas,
2271 882 2589 936 Justissime
2626 882 2915 955 Princeps,
2956 885 3054 955 qui
3095 886 3375 954 ejusmodi
3416 890 3828 961 gladiatoribus

316 969 829 1041 condignissimum
860 970 1208 1040 supplicium
1246 987 1377 1027 cum
1408 976 1625 1027 aeterna
1652 969 1902 1024 infamiae
1932 974 2067 1022 nota
2092 969 2456 1023 inexorabilis
2475 970 2660 1041 intligi
2678 970 2865 1042 jubes.
2899 971 2989 1026 Sic
3007 972 3293 1028 efﬁcacius
3324 992 3500 1046 quam
3524 979 3663 1034 olim
3688 982 3828 1034 Tra-

308 1062 497 1132 janus,
519 1075 638 1129 quae
666 1059 813 1112 mala
844 1059 1063 1127 adimis,
1092 1063 1360 1129 prospicis
1391 1076 1457 1114 ne
1474 1062 1685 1129 possint
1715 1073 1825 1112 esse
1853 1056 2128 1121 recidiva;
2160 1057 2245 1112 uti
2271 1074 2388 1127 qua:
2418 1058 2555 1113 bona
2578 1064 2830 1129 praestas,
2860 1063 3030 1129 efﬁcis
3056 1077 3121 1116 ne
3150 1061 3355 1117 caduca
3384 1068 3513 1119 sint.
3547 1068 3620 1121 At
3650 1085 3825 1139 quam

316 1150 451 1204 scite
480 1149 541 1203 in
566 1147 796 1220 judiciis
822 1148 935 1201 tuis
963 1148 1275 1203 observasti
1305 1165 1531 1219 semper
1558 1148 1700 1203 illud
1731 1146 2213 1218 Augustinianum
2243 1164 2255 1201 :
2301 1149 2453 1204 Nihil
2476 1151 2576 1216 fiat
2606 1151 2937 1217 immaniter,
2968 1150 3110 1204 nihil
3138 1152 3539 1207 inhumaniter!
3563 1156 3829 1226 Namque

314 1240 393 1293 ita
421 1238 504 1293 rei
534 1237 788 1293 sentiunt
809 1237 1045 1308 justitias
1074 1243 1187 1292 tua:
1212 1238 1568 1309 gravitatem,
1602 1243 1666 1292 ut
1703 1238 2060 1292 severitatem
2098 1236 2318 1290 causari
2348 1253 2463 1291 non
2492 1236 2729 1306 possint,
2754 1242 2811 1291 et
2839 1237 2899 1291 in
2938 1238 3081 1308 ipsis
3111 1238 3285 1293 etiam
3324 1241 3618 1311 suppliciis
3647 1243 3828 1313 aequi-

314 1333 490 1384 tatem
546 1327 1021 1397 clementiamque
1063 1332 1221 1381 tuam
1264 1332 1590 1398 agnoscant.
1635 1328 1698 1382 In
1736 1326 1825 1382 his
1862 1326 2018 1396 pacis
2047 1325 2269 1394 studiis,
2322 1327 2440 1381 Rex
2482 1325 2950 1395 Prudentissime,
2988 1327 3135 1381 bella
3171 1329 3561 1398 praeveniebas
3607 1330 3826 1396 animo,

314 1417 631 1488 tacitusque
661 1431 784 1470 rem
806 1414 1081 1486 grandem
1111 1414 1338 1486 agebas,
1374 1419 1437 1470 ut
1464 1431 1537 1470 ne
1566 1415 1702 1483 alio,
1736 1432 1910 1487 quam
1939 1420 1993 1469 te
2013 1415 2359 1486 imperatore
2389 1418 2538 1469 esset
2566 1430 2731 1484 opus,
2764 1430 2897 1469 cum
2924 1415 3061 1469 belli
3090 1415 3393 1470 necessitas
3422 1416 3681 1472 instaret.

381 1525 506 1579 lam
538 1521 859 1577 accedimus
887 1520 1117 1576 attoniti
1147 1522 1215 1576 ad
1240 1522 1339 1577 illa
1360 1522 1748 1585 memoranda,
1784 1521 1846 1575 in
1870 1520 2081 1593 quibus
2099 1523 2271 1590 caput
2287 1519 2431 1575 illud
2453 1520 2557 1574 toti
2583 1520 2709 1575 orbi
2731 1521 3120 1576 venerandum
3147 1524 3234 1575 tot
3253 1521 3510 1591 objecisti
3536 1523 3821 1594 periculis,

314 1616 400 1668 tot
438 1611 588 1667 curis
623 1611 932 1666 distraxisti
970 1610 1250 1679 animum,
1292 1616 1376 1667 tot
1411 1611 1695 1683 prodigiis
1731 1615 2062 1681 stupentem
2100 1608 2412 1663 distinuisti
2451 1610 2752 1681 Europam.
2800 1610 2866 1664 Et
2898 1610 2998 1664 illa
3036 1610 3157 1664 sola
3193 1609 3537 1682 cogitatione
3578 1613 3823 1685 assequi,

314 1702 526 1757 nedum
554 1701 811 1757 oratione
840 1699 1123 1770 explicare
1163 1700 1291 1771 quis
1322 1700 1601 1756 sufﬁciat?
1634 1700 1815 1755 Simul
1839 1704 1903 1755 ut
1933 1703 2070 1754 nata
2097 1701 2184 1751 est
2216 1697 2352 1752 belli
2382 1698 2600 1751 occasio
2640 1715 2705 1751 ac
2736 1697 2997 1767 materia,
3035 1702 3159 1752 tum
3197 1698 3453 1769 primum
3491 1698 3673 1765 amice
3701 1717 3825 1756 rem

312 1789 449 1861 agis,
485 1806 557 1844 ne
585 1788 785 1855 ferias;
815 1788 1075 1855 minaris,
1108 1793 1172 1843 ut
1199 1792 1411 1844 terreas
1436 1806 1449 1857 ;
1491 1794 1671 1844 terres
1703 1806 1766 1843 ac
1797 1804 2016 1855 mones,
2049 1803 2121 1840 ne
2149 1786 2343 1840 hostes
2373 1785 2683 1856 imparatos
2708 1786 2983 1841 invenias.
3012 1786 3152 1840 Hinc
3170 1786 3432 1857 procedis
3451 1804 3581 1841 cum
3611 1788 3824 1861 insigni

311 1878 563 1932 militum
591 1877 815 1932 delectu
846 1893 859 1931 :
902 1893 1035 1932 mox
1066 1877 1287 1933 decedit
1318 1879 1553 1933 Rhenus
1583 1877 1857 1948 Majestati
1886 1882 2022 1941 tuae,
2056 1877 2172 1931 Rex
2209 1875 2602 1938 Invictissime,
2649 1891 2807 1930 arces
2839 1880 3010 1947 atque
3039 1876 3208 1931 urbes
3238 1876 3642 1932 munitissima:
3669 1894 3821 1948 prae-

311 1966 494 2022 sentia
512 1967 778 2038 famaque
802 1970 900 2021 tua
920 1966 1258 2023 exanimatas
1284 1967 1587 2023 turmatim
1616 1967 1851 2023 veniunt
1882 1966 1942 2020 in
1969 1963 2348 2030 deditionem;
2375 1980 2438 2017 ac
2466 1963 2699 2018 demum
2729 1964 3025 2034 conjurata
3052 1963 3115 2017 in
3143 1968 3197 2018 te
3228 1965 3450 2036 Europa
3471 1965 3588 2020 fere
3613 1966 3819 2033 omnis,

311 2056 507 2111 virtuti
534 2060 648 2110 tuae
688 2054 916 2110 nonnisi
944 2055 1211 2111 victorias
1238 2057 1574 2128 palmasque
1604 2056 1942 2111 accumulat.
1977 2056 2130 2109 Inter
2158 2053 2301 2119 haec,
2332 2051 2756 2107 adversantium
2786 2052 2949 2118 dolis,
2983 2052 3286 2119 machinis,
3310 2052 3636 2125 viribusque
3656 2071 3823 2126 supe-

313 2142 473 2206 ratis,
506 2141 644 2197 dum
682 2140 785 2195 tibi
819 2141 889 2196 ad
916 2146 1127 2199 .votum
1175 2143 1485 2198 succedunt
1527 2142 1742 2202 omnia,
1786 2142 1922 2196 dum
1967 2146 2182 2212 paratae
2218 2146 2351 2196 sunt
2378 2140 2449 2195 ad
2498 2140 2849 2195 deditionem
2890 2139 3131 2211 integras
3168 2141 3510 2211 provincias;
3544 2147 3701 2197 tanta
3732 2148 3821 2198 est

312 2229 627 2285 moderatio
665 2234 782 2295 tua,
814 2234 879 2283 ut
922 2247 988 2284 ex
1024 2230 1331 2302 Augustini
1359 2230 1659 2296 sententia,
1691 2230 1942 2302 glorioso
1971 2230 2120 2283 bello
2149 2245 2350 2299 pacem
2378 2228 2696 2283 modestam
2722 2229 3008 2300 prteferas.
3039 2230 3468 2286 Confcederatos
3497 2232 3689 2286 hostes
3748 2234 3820 2289 de

310 2315 732 2371 conditionibus
761 2315 1138 2388 disceptantes
1162 2318 1234 2372 ad
1263 2317 1626 2373 concordiam
1656 2315 1919 2384 adducis;
1954 2320 2012 2371 et
2040 2316 2142 2387 qui
2165 2316 2301 2372 belli
2332 2317 2570 2372 dederas
2596 2318 2772 2388 leges,
2803 2317 2904 2372 das
2934 2318 3107 2372 etiam
3133 2318 3309 2389 pacis.

381 2422 518 2488 Quis
556 2422 615 2477 in
647 2422 848 2478 mediis
887 2428 974 2479 tot
1011 2428 1414 2497 tantarumque
1442 2424 1810 2480 victoriarum
1838 2423 2071 2493 tropaeis
2099 2423 2256 2479 mille
2285 2424 2609 2495 triumphos
2639 2424 2922 2479 Ludovico
2953 2426 3153 2496 Magno
3183 2441 3449 2497 repensos
3477 2442 3590 2480 non
3619 2427 3813 2483 existi-

310 2514 477 2568 met?
508 2514 715 2567 Verum
745 2514 915 2584 longe
945 2513 1058 2568 alia
1086 2519 1170 2569 est
1195 2531 1359 2569 mens
1379 2520 1495 2580 tua,
1526 2515 1641 2570 Rex
1673 2514 1888 2585 ubique
1918 2513 2126 2580 Victor,
2159 2529 2333 2585 quam
2363 2513 2682 2583 priscorum
2711 2512 3147 2583 imperatorum,
3181 2514 3279 2585 qui
3298 2517 3606 2585 postquam
3626 2514 3819 2570 hostes

310 2600 485 2654 armis
522 2600 724 2655 leviter
751 2600 1082 2671 attigerant,
1113 2602 1443 2673 triumphis,
1474 2602 2020 2673 triumphorumque
2047 2600 2357 2672 impendiis
2389 2600 2647 2656 subditos
2686 2616 2820 2655 suos
2848 2600 3180 2672 fatigabant.
3229 2602 3537 2673 Majestatis
3565 2608 3678 2658 tua:
3710 2604 3819 2659 iter

311 2707 343 2743 a
371 2689 538 2754 bello,
569 2689 687 2743 imo
730 2706 765 2743 a
794 2689 1059 2757 victoriis,
1093 2691 1382 2762 placidum
1425 2709 1490 2746 ac
1515 2692 1861 2758 modestum,
1900 2689 2064 2763 quasi
2100 2690 2270 2760 plene
2309 2706 2341 2742 a
2388 2704 2529 2759 pace
2557 2689 2846 2743 redeuntis
2880 2706 2894 2744 :
2937 2694 3001 2744 ut
3046 2690 3116 2744 de
3156 2689 3409 2745 hostium
3439 2691 3730 2746 ferocitate
3755 2710 3818 2747 ac

309 2775 597 2846 superbia,
629 2775 700 2830 de
724 2775 850 2846 ipsa
875 2776 1302 2848 triumphorum
1332 2794 1564 2849 pompa,
1597 2793 1713 2833 non
1742 2777 1811 2832 de
1832 2776 2107 2847 patientia
2138 2776 2496 2831 subditorum
2525 2776 2880 2848 triumphare
2908 2776 3169 2832 videaris.
3190 2779 3305 2833 Hoc
3325 2779 3443 2833 solo
3466 2778 3815 2834 advertimus

307 2868 363 2918 te
393 2864 665 2919 victorem
695 2881 837 2933 esse,
880 2865 999 2921 Rex
1038 2866 1537 2932 Christianissime,
1586 2866 1743 2938 quod
1771 2866 1922 2920 inter
1954 2864 2175 2919 medios
2212 2864 2495 2919 bellorum
2536 2864 2921 2937 undequaque
2958 2865 3326 2920 frementium
3376 2866 3627 2937 impetus
3664 2873 3818 2924 tran-

307 2953 472 3025 quilli
501 2970 567 3009 ac
595 2954 780 3009 securi
805 2971 1029 3024 sumus;
1055 2961 1111 3010 et
1139 2957 1293 3027 quod
1325 2955 1584 3012 omnium
1617 2955 1991 3011 Ecclesiarum
2019 2953 2248 3010 festivos
2276 2958 2604 3020 concentus,
2634 2954 2859 3025 linguas
2886 2970 2950 3009 ac
2978 2970 3141 3010 voces
3161 2955 3526 3011 Sacerdotum
3545 2973 3816 3028 provocas

306 3044 378 3098 ad
398 3043 802 3098 celebrandum
835 3044 935 3098 Dei
964 3060 1201 3115 numen,
1233 3045 1327 3100 cui
1348 3044 1719 3100 victoriarum
1749 3049 1980 3099 tuarum
2009 3040 2250 3115 gloriam
2280 3046 2571 3114 acceptam
2599 3042 2802 3098 referri
2823 3042 3012 3114 jubes.

377 3148 731 3205 Mirabuntur
765 3149 886 3204 sine
916 3149 1089 3204 dubio
1119 3152 1353 3222 posteri,
1397 3152 1516 3206 Rex
1563 3152 1831 3219 maxime,
1855 3154 2074 3205 tantam
2115 3146 2444 3203 felicitatem
2465 3163 2597 3202 cum
2627 3164 2693 3202 ea
2723 3147 3109 3204 moderatione
3137 3150 3531 3220 conjunctam,
3558 3155 3625 3205 ut
3652 3152 3813 3206 nulla

310 3254 564 3309 unquam
593 3237 930 3308 cujusquam
951 3236 1244 3292 incondita
1273 3238 1485 3292 locutio
1518 3243 1617 3293 aut
1645 3238 1808 3305 actio,
1839 3235 2193 3309 impatientis
2212 3235 2391 3291 animi
2421 3241 2643 3291 motum
2672 3254 2704 3291 a
2732 3241 2786 3291 te
2806 3238 3132 3293 excusserit.
3160 3237 3513 3293 Mirabuntur
3531 3240 3807 3309 profecto,

307 3332 363 3379 et
390 3329 562 3380 tantae
592 3324 983 3397 prosperitatis
1007 3326 1256 3380 rationes
1280 3341 1313 3379 a
1342 3326 1508 3380 nobis
1538 3325 1790 3397 exigent.
1829 3328 1920 3393 At,
1952 3326 1999 3379 si
2028 3324 2282 3380 Ausonio
2313 3324 2617 3393 credimus,
2664 3329 2927 3381 rationem
2957 3328 3238 3393 felicitatis
3270 3342 3419 3382 nemo
3454 3327 3654 3383 reddit.
3688 3329 3810 3384 Imo

305 3431 439 3470 vero
459 3414 623 3469 facile
652 3418 738 3469 est
770 3413 1032 3480 reddere,
1065 3413 1112 3467 si
1141 3429 1256 3467 non
1288 3414 1356 3467 de
1379 3412 1625 3467 aliorum
1656 3413 2002 3485 principum,
2034 3419 2185 3469 certe
2215 3415 2284 3469 de
2322 3419 2440 3481 tua,
2480 3414 2945 3469 Fortunatissime
2977 3417 3268 3488 Princeps,
3301 3415 3585 3483 felicitate,
3636 3432 3807 3489 quam

306 3518 422 3556 non
450 3501 653 3557 incerti
682 3517 845 3556 casus
874 3516 1183 3571 rerumque
1213 3503 1469 3563 eventus,
1502 3516 1799 3562 noncteca
1825 3500 2056 3555 fortuna
2085 3502 2259 3574 regit;
2292 3503 2389 3558 sed
2411 3501 2727 3557 certissima
2755 3507 2813 3557 et
2840 3502 3179 3558 inconcussa
3200 3505 3374 3561 ratio.
3403 3505 3460 3561 Si
3472 3505 3808 3577 religionem

303 3596 462 3645 tuam
501 3590 872 3657 consulimus,
911 3590 1058 3645 hanc
1094 3588 1421 3643 felicitatem
1456 3592 1636 3644 totam
1677 3588 1945 3644 refundes
1985 3589 2045 3643 in
2081 3590 2431 3663 singularem
2466 3590 2569 3645 Dei
2607 3590 3051 3662 providentiam,
3110 3608 3139 3645 e
3175 3593 3337 3663 cujus
3375 3597 3520 3648 nutu
3561 3596 3810 3665 pendent

302 3680 565 3754 imperia,
598 3679 1116 3752 imperantiumque
1144 3678 1413 3733 conditio.
1443 3678 1502 3733 Si
1540 3678 1947 3749 Augustinum,
1981 3696 2109 3734 eam
2143 3680 2360 3735 tribuet
2402 3680 2574 3735 etiam
2606 3680 2846 3751 justitia:
2886 3685 2999 3735 tute
3032 3697 3046 3737 :
3085 3679 3299 3753 quippe
3343 3682 3442 3754 qui
3472 3683 3809 3740 christianos

302 3770 681 3840 imperatores
705 3770 811 3823 hoc
841 3768 1072 3823 nomine
1102 3767 1293 3823 felices
1320 3768 1472 3832 dicit,
1507 3770 1557 3822 si
1573 3767 1730 3837 juste
1761 3769 2051 3838 imperant,
2087 3771 2137 3823 si
2173 3785 2329 3824 suam
2367 3774 2684 3839 potestatem
2723 3770 2797 3825 ad
2827 3773 2924 3825 Dei
2955 3772 3159 3827 cultum
3196 3773 3434 3826 maxime
3465 3773 3809 3830 dilatandam

301 3860 581 3929 majestati
598 3859 716 3927 ejus
743 3859 1011 3924 famulam
1030 3860 1265 3924 faciunt.
1304 3858 1559 3930 Denique
1586 3858 1633 3912 si
1662 3874 1770 3913 nos
1789 3858 1947 3929 ipsos
1968 3859 2415 3930 interrogamus,
2441 3859 2587 3913 hanc
2609 3858 2937 3914 felicitatem
2959 3860 3196 3931 insuper
3223 3860 3571 3915 ascribemus
3597 3861 3808 3916 incom-

299 3945 544 4018 parabili
581 3945 749 4017 genio
777 3945 994 4000 ccelitus
1021 3945 1127 4001 tibi
1156 3962 1424 4002 concesso
1459 3964 1471 4001 :
1508 3947 1669 4018 cujus
1700 3964 1767 4002 ea
1791 3948 1874 4002 vis
1905 3951 1991 4002 est
2017 3963 2082 4001 ac
2109 3947 2468 4018 magnitudo,
2501 3952 2563 4003 ut
2590 3948 2901 4003 dubiorum
2929 3954 3239 4004 eventuum
3268 3965 3465 4004 causas
3496 3950 3711 4021 dirigas
3740 3950 3807 4005 ad

300 4036 646 4092 destinatum
677 4034 872 4102 ﬁnem,
903 4034 1171 4107 ipsosque
1201 4040 1436 4091 eventus
1477 4052 1863 4108 praeoccupes,
1905 4041 1962 4091 et
1998 4036 2312 4091 incursuris
2351 4036 2610 4092 obicibus
2640 4038 2857 4093 aditum
2895 4039 3229 4109 praecludas.
3276 4040 3402 4093 Haec
3440 4043 3525 4095 est
3560 4039 3663 4107 vis,
3696 4056 3806 4111 qua

299 4142 390 4181 res
418 4140 565 4197 pene
590 4122 865 4191 infinitas,
891 4124 1061 4196 longe
1093 4123 1398 4181 dissimiles
1426 4142 1491 4181 ac
1519 4125 1833 4192 intricatas,
1867 4126 1989 4182 sine
2014 4125 2295 4191 molestia,
2327 4125 2491 4196 quasi
2521 4125 2759 4193 otiosus,
2791 4126 2984 4180 animo
3013 4127 3425 4197 complecteris.
3463 4129 3575 4183 llac
3605 4128 3808 4182 merita

300 4212 571 4269 discernis
598 4213 994 4284 prmstantium
1019 4213 1290 4282 virorum,
1324 4232 1467 4286 quos
1492 4215 1734 4287 publicis
1754 4216 1924 4270 rebus
1951 4220 2111 4270 tanto
2140 4231 2271 4269 cum
2295 4215 2519 4269 delectu
2548 4215 2813 4285 prteﬁcis.
2852 4217 2963 4270 [lac
2984 4216 3117 4271 ades
3144 4217 3318 4271 etiam
3344 4217 3481 4272 locis
3515 4216 3803 4284 omnibus,

299 4308 356 4359 et
384 4303 544 4357 factis
572 4302 854 4357 omnium.
892 4304 969 4357 Tu
997 4304 1161 4357 simul
1189 4306 1371 4358 omnia
1410 4306 1730 4374 perfundis;
1764 4311 1825 4360 ut
1870 4307 1980 4371 Sol,
2012 4321 2118 4359 non
2144 4307 2301 4373 parte
2345 4304 2562 4372 aliqua,
2595 4304 2690 4358 sed
2716 4306 2903 4358 statim
2942 4308 3104 4370 totus,
3136 4321 3230 4359 nec
3258 4308 3358 4360 uni
3382 4310 3480 4361 aut
3507 4306 3687 4368 alteri,
3714 4306 3806 4361 sed

297 4393 541 4447 omnibus
571 4393 628 4445 in
662 4407 933 4446 commune
956 4394 1262 4461 profertur.
1307 4392 1445 4447 Inde
1484 4392 1803 4463 procedunt
1838 4392 2156 4447 rectissima
2194 4392 2264 4447 de
2303 4392 2473 4447 rebus
2504 4392 2773 4447 omnibus
2805 4392 2983 4447 animi
3022 4393 3107 4447 tui
3140 4394 3375 4465 judicia,
3406 4395 3505 4449 illa
3543 4396 3657 4449 oris
3685 4411 3804 4449 ma-

290 4481 485 4552 j‘cstas,
518 4495 716 4551 graves
738 4480 851 4534 illa:
877 4479 1198 4546 sententiae,
1232 4480 1378 4535 dicta
1408 4481 1506 4537 illa
1544 4497 1841 4554 nunquam
1873 4498 1988 4536 non
2018 4482 2091 4537 ad
2121 4485 2290 4536 recta:
2319 4482 2558 4537 rationis
2598 4482 2798 4537 limam
2830 4498 2896 4537 ex
2935 4487 3198 4554 tempore
3227 4485 3462 4555 prolata,
3493 4483 3687 4553 qualia
3716 4482 3804 4535 vix

299 4573 635 4641 assequatur
662 4567 987 4638 sapientum
1016 4568 1291 4623 meditata
1319 4569 1521 4626 oratio.

365 4676 577 4729 Verum
601 4672 745 4727 illud
776 4672 1072 4727 cumulum
1111 4671 1267 4728 addit
1292 4673 1550 4729 felicitati
1579 4678 1692 4730 tua:
1722 4692 1786 4729 ac
1814 4677 2041 4742 nostrae,
2072 4675 2190 4731 Rex
2220 4674 2657 4746 Augustissime,
2691 4675 2844 4747 quod
2877 4676 3082 4731 Natum
3112 4676 3374 4731 instituas
3404 4672 3652 4726 similem
3692 4673 3796 4728 tui.

294 4763 453 4828 Quod
481 4762 654 4818 talem
685 4761 968 4833 genueris,
1001 4766 1222 4817 naturae
1264 4766 1347 4817 est
1388 4779 1401 4817 :
1445 4763 1600 4835 quod
1639 4763 1882 4819 similem
1912 4763 1997 4818 tui
2036 4762 2269 4833 efﬁcias,
2300 4763 2596 4834 sapientiae
2626 4768 2761 4819 tuae.
2795 4765 2937 4820 Nam
2967 4762 3404 4821 Serenissimum
3436 4759 3790 4830 Delphinum

292 4868 411 4907 non
434 4855 657 4907 tantum
686 4849 927 4906 assiduis
965 4851 1462 4907 selectissimorum
1508 4852 1768 4907 Virorum
1809 4852 2128 4924 praaceptis,
2170 4851 2270 4907 sed
2308 4851 2554 4905 maxime
2594 4851 2847 4922 paternis
2875 4852 3101 4908 monitis
3132 4849 3521 4920 exemplisque
3552 4849 3623 4904 ad
3653 4850 3801 4905 bene

290 4940 649 5014 regnandum
677 4939 978 5007 informes;
1011 4945 1069 4995 et
1107 4940 1568 4996 reviviscentibus
1602 4941 1663 4995 in
1689 4946 1745 4996 te
1781 4958 1896 4996 uno
1926 4941 2186 4996 omnium
2228 4942 2471 4996 heroum
2508 4943 2781 5012 prazclare
2812 4942 2972 4997 factis
3006 4941 3194 5012 palam
3235 4938 3615 5000 demonstras,
3656 4939 3799 4994 nihil

291 5029 474 5101 magis
494 5028 806 5100 gloriosum
828 5028 1158 5101 contingere
1176 5047 1341 5102 posse
1370 5029 1634 5085 Ludovici
1662 5030 1849 5101 Magni
1868 5030 2006 5093 filio,
2034 5045 2206 5101 quam
2229 5030 2453 5101 parenti
2476 5046 2697 5085 morem
2722 5046 2940 5102 gerere,
2963 5033 3019 5082 et
3039 5042 3212 5097 quam
3240 5026 3505 5097 proxime
3531 5028 3797 5083 accedere

289 5116 593 5173 imitando.

360 5226 652 5278 Postremo
679 5222 909 5294 imperii
937 5223 1019 5278 tui
1062 5223 1338 5291 felicitati,
1372 5225 1491 5280 Rex
1520 5224 1776 5291 Paciﬁce,
1805 5222 2160 5292 ascribimus,
2194 5225 2346 5296 quod
2375 5225 2551 5279 sancti
2580 5223 2879 5297 Augustini
2907 5220 3177 5292 operibus
3208 5221 3606 5289 emendandis,
3634 5221 3798 5277 resti-

289 5311 537 5380 tuendis,
568 5311 923 5367 illustrandis
952 5311 1284 5367 incumbere
1306 5313 1468 5367 nobis
1490 5313 1639 5368 licet.
1670 5312 1887 5378 Quietis
1910 5312 2032 5367 haec
2061 5329 2163 5383 per
2192 5318 2247 5367 te
2277 5312 2483 5368 mediis
2512 5313 2573 5368 in
2609 5313 2771 5368 bellis
2796 5314 2970 5381 partes
3001 5309 3117 5364 otia
3147 5327 3211 5366 ac
3242 5309 3475 5380 negotia
3506 5313 3655 5364 sunt.
3689 5311 3796 5364 Ne-

286 5414 397 5471 que
429 5400 581 5455 enim
622 5398 771 5455 inter
805 5414 1098 5454 armorum
1139 5399 1412 5470 strepitus
1452 5416 1693 5470 operosa
1724 5401 1848 5455 hinc
1886 5399 2075 5455 studia
2112 5405 2295 5454 terere
2332 5405 2575 5466 vacaret,
2618 5404 2715 5455 aut
2757 5414 2890 5451 vero
2929 5400 3365 5453 retlorescerent
3394 5402 3544 5451 artes
3576 5413 3792 5463 omnes,

285 5488 397 5544 nisi
423 5487 526 5544 sub
556 5493 657 5548 tuo
692 5487 1015 5561 principatu
1055 5504 1175 5542 esse
1206 5489 1344 5543 tutis
1373 5488 1584 5543 liceret.
1630 5490 1790 5543 Nunc
1817 5493 2008 5543 autem
2040 5488 2179 5559 quid
2210 5504 2326 5543 non
2361 5487 2698 5559 Augustino,
2731 5485 2870 5558 quid
2898 5503 3015 5541 non
3046 5485 3209 5541 bonis
3243 5484 3473 5550 litteris,
3506 5484 3645 5556 quid
3676 5502 3794 5539 non

285 5576 551 5634 omnibus
581 5577 650 5632 de
680 5576 974 5633 communi
1004 5593 1146 5651 pace
1176 5575 1561 5649 sperandum?
1590 5576 1763 5631 Nobis
1801 5592 1982 5631 unum
2012 5583 2270 5648 superest
2297 5576 2651 5649 simplexque
2686 5580 2919 5641 votum;
2954 5573 3231 5629 nimirum
3262 5576 3325 5626 ut
3357 5573 3506 5626 Deus
3533 5570 3797 5642 Optimus

288 5664 565 5723 Maximus
592 5665 877 5721 continuis
902 5682 1097 5721 rerum
1123 5664 1504 5721 secundarum
1528 5664 1898 5732 successibus,
1930 5680 2073 5736 quos
2093 5664 2258 5719 beata
2288 5664 2521 5720 demum
2542 5661 2770 5719 claudat
2798 5658 3223 5729 immortalitas,
3256 5659 3607 5731 Majestatem
3638 5662 3798 5713 tuam
