  <div class='ocr_page' id='page_1' title='image "/cluster/home/n/w/nwhite01/storage/ocr_20150623/32/hvd.32044096580550/016.png"; bbox 0 0 4048 6194; ppageno 0'>
   <div class='ocr_carea' id='block_1_1' title="bbox 256 324 3765 395">
    <p class='ocr_par' dir='ltr' id='par_1_1' title="bbox 256 324 3765 395">
     <span class='ocr_line' id='line_1_1' title="bbox 256 324 3765 395; baseline 0.007 -24"><span class='ocrx_word' id='word_1_1' title='bbox 256 324 318 372; x_wconf 84' lang='lat' dir='ltr'>l3</span> <span class='ocrx_word' id='word_1_2' title='bbox 1595 328 1963 387; x_wconf 67' lang='lat' dir='ltr'>PREFATIO</span> <span class='ocrx_word' id='word_1_3' title='bbox 2006 332 2422 387; x_wconf 78' lang='lat' dir='ltr'>GENERALIS.</span> <span class='ocrx_word' id='word_1_4' title='bbox 3704 344 3765 395; x_wconf 80' lang='grc'>14</span> 
     </span>
    </p>
   </div>
   <div class='ocr_carea' id='block_1_2' title="bbox 248 442 3768 529">
    <p class='ocr_par' dir='ltr' id='par_1_2' title="bbox 248 442 3768 529">
     <span class='ocr_line' id='line_1_2' title="bbox 248 442 3768 529; baseline 0.006 -34"><span class='ocrx_word' id='word_1_5' title='bbox 248 442 565 498; x_wconf 80' lang='lat' dir='ltr'>diutissime</span> <span class='ocrx_word' id='word_1_6' title='bbox 597 444 894 500; x_wconf 86' lang='lat' dir='ltr'>fortunare</span> <span class='ocrx_word' id='word_1_7' title='bbox 924 452 1142 517; x_wconf 79' lang='lat' dir='ltr'>pergat.</span> <span class='ocrx_word' id='word_1_8' title='bbox 1177 449 1413 503; x_wconf 79' lang='lat' dir='ltr'>Interim</span> <span class='ocrx_word' id='word_1_9' title='bbox 1438 454 1535 504; x_wconf 89' lang='lat' dir='ltr'>tua</span> <span class='ocrx_word' id='word_1_10' title='bbox 1563 451 1817 507; x_wconf 75' lang='lat' dir='ltr'>bonitate</span> <span class='ocrx_word' id='word_1_11' title='bbox 1847 454 2067 519; x_wconf 84' lang='lat' dir='ltr'>conﬁsi,</span> <span class='ocrx_word' id='word_1_12' title='bbox 2103 454 2294 526; x_wconf 75' lang='lat' dir='ltr'>Hegize</span> <span class='ocrx_word' id='word_1_13' title='bbox 2323 456 2516 509; x_wconf 83' lang='lat' dir='ltr'>tutelae</span> <span class='ocrx_word' id='word_1_14' title='bbox 2544 456 2893 526; x_wconf 59' lang='lat' dir='ltr'>praesidium,</span> <span class='ocrx_word' id='word_1_15' title='bbox 2926 458 3079 527; x_wconf 90' lang='lat' dir='ltr'>quod</span> <span class='ocrx_word' id='word_1_16' title='bbox 3102 459 3221 529; x_wconf 78' lang='lat' dir='ltr'>jam</span> <span class='ocrx_word' id='word_1_17' title='bbox 3246 458 3377 513; x_wconf 91' lang='lat' dir='ltr'>inde</span> <span class='ocrx_word' id='word_1_18' title='bbox 3404 460 3474 513; x_wconf 87' lang='lat' dir='ltr'>ab</span> <span class='ocrx_word' id='word_1_19' title='bbox 3496 460 3660 514; x_wconf 88' lang='lat' dir='ltr'>initio</span> <span class='ocrx_word' id='word_1_20' title='bbox 3686 478 3768 515; x_wconf 85' lang='lat' dir='ltr'>re—</span> 
     </span>
    </p>
   </div>
   <div class='ocr_carea' id='block_1_3' title="bbox 242 532 3769 621">
    <p class='ocr_par' dir='ltr' id='par_1_3' title="bbox 242 532 3769 621">
     <span class='ocr_line' id='line_1_3' title="bbox 242 532 3769 621; baseline 0.005 -36"><span class='ocrx_word' id='word_1_21' title='bbox 242 532 342 601; x_wconf 91' lang='lat' dir='ltr'>gni</span> <span class='ocrx_word' id='word_1_22' title='bbox 372 533 455 586; x_wconf 86' lang='lat' dir='ltr'>tui</span> <span class='ocrx_word' id='word_1_23' title='bbox 488 534 654 587; x_wconf 86' lang='lat' dir='ltr'>toties</span> <span class='ocrx_word' id='word_1_24' title='bbox 687 535 902 605; x_wconf 84' lang='lat' dir='ltr'>experti</span> <span class='ocrx_word' id='word_1_25' title='bbox 934 552 1150 603; x_wconf 91' lang='lat' dir='ltr'>sumus,</span> <span class='ocrx_word' id='word_1_26' title='bbox 1182 538 1241 591; x_wconf 89' lang='lat' dir='ltr'>in</span> <span class='ocrx_word' id='word_1_27' title='bbox 1272 544 1563 609; x_wconf 88' lang='lat' dir='ltr'>posterum</span> <span class='ocrx_word' id='word_1_28' title='bbox 1597 541 1771 595; x_wconf 88' lang='lat' dir='ltr'>etiam</span> <span class='ocrx_word' id='word_1_29' title='bbox 1804 542 1967 595; x_wconf 87' lang='lat' dir='ltr'>nobis</span> <span class='ocrx_word' id='word_1_30' title='bbox 1999 542 2257 613; x_wconf 81' lang='lat' dir='ltr'>impendi</span> <span class='ocrx_word' id='word_1_31' title='bbox 2291 544 2497 598; x_wconf 82' lang='lat' dir='ltr'>obnixe</span> <span class='ocrx_word' id='word_1_32' title='bbox 2529 546 2903 614; x_wconf 79' lang='lat' dir='ltr'>postulamus,</span> <span class='ocrx_word' id='word_1_33' title='bbox 2940 547 3053 600; x_wconf 81' lang='lat' dir='ltr'>Rex</span> <span class='ocrx_word' id='word_1_34' title='bbox 3098 548 3571 615; x_wconf 84' lang='lat' dir='ltr'>Clementissime,</span> <span class='ocrx_word' id='word_1_35' title='bbox 3606 550 3769 621; x_wconf 87' lang='lat' dir='ltr'>quid-</span> 
     </span>
    </p>
   </div>
   <div class='ocr_carea' id='block_1_4' title="bbox 244 621 2717 705">
    <p class='ocr_par' dir='ltr' id='par_1_4' title="bbox 244 621 2717 705">
     <span class='ocr_line' id='line_1_4' title="bbox 244 621 2717 705; baseline 0.006 -32"><span class='ocrx_word' id='word_1_36' title='bbox 244 621 382 690; x_wconf 86' lang='lat' dir='ltr'>quid</span> <span class='ocrx_word' id='word_1_37' title='bbox 411 621 661 691; x_wconf 85' lang='lat' dir='ltr'>perinde</span> <span class='ocrx_word' id='word_1_38' title='bbox 691 622 1088 695; x_wconf 81' lang='lat' dir='ltr'>habuerimus,</span> <span class='ocrx_word' id='word_1_39' title='bbox 1116 625 1395 698; x_wconf 85' lang='lat' dir='ltr'>quidquid</span> <span class='ocrx_word' id='word_1_40' title='bbox 1423 628 1533 700; x_wconf 86' lang='lat' dir='ltr'>ipsi</span> <span class='ocrx_word' id='word_1_41' title='bbox 1563 630 1863 700; x_wconf 77' lang='lat' dir='ltr'>fuerimus,</span> <span class='ocrx_word' id='word_1_42' title='bbox 1894 636 2059 685; x_wconf 91' lang='lat' dir='ltr'>tuum</span> <span class='ocrx_word' id='word_1_43' title='bbox 2089 632 2148 685; x_wconf 91' lang='lat' dir='ltr'>id</span> <span class='ocrx_word' id='word_1_44' title='bbox 2182 650 2351 688; x_wconf 91' lang='lat' dir='ltr'>omne</span> <span class='ocrx_word' id='word_1_45' title='bbox 2381 634 2717 705; x_wconf 88' lang='lat' dir='ltr'>reputaturi.</span> 
     </span>
    </p>
   </div>
   <div class='ocr_carea' id='block_1_5' title="bbox 930 729 1570 801">
    <p class='ocr_par' dir='ltr' id='par_1_5' title="bbox 930 729 1570 801">
     <span class='ocr_line' id='line_1_5' title="bbox 930 729 1570 801; baseline 0.009 -18"><span class='ocrx_word' id='word_1_46' title='bbox 930 729 1032 784; x_wconf 86' lang='lat' dir='ltr'>Sac</span> <span class='ocrx_word' id='word_1_47' title='bbox 1041 746 1115 786; x_wconf 68' lang='lat' dir='ltr'>re:</span> <span class='ocrx_word' id='word_1_48' title='bbox 1146 732 1419 801; x_wconf 83' lang='lat' dir='ltr'>Majestati</span> <span class='ocrx_word' id='word_1_49' title='bbox 1458 738 1570 789; x_wconf 68' lang='lat' dir='ltr'>tum</span> 
     </span>
    </p>
   </div>
   <div class='ocr_carea' id='block_1_6' title="bbox 2564 829 3361 886">
    <p class='ocr_par' dir='ltr' id='par_1_6' title="bbox 2564 829 3361 886">
     <span class='ocr_line' id='line_1_6' title="bbox 2564 829 3361 886; baseline 0.005 -4"><span class='ocrx_word' id='word_1_50' title='bbox 2564 829 2923 884; x_wconf 89' lang='lat' dir='ltr'>Devotissimi</span> <span class='ocrx_word' id='word_1_51' title='bbox 2955 848 3018 885; x_wconf 89' lang='lat' dir='ltr'>ac</span> <span class='ocrx_word' id='word_1_52' title='bbox 3047 832 3361 886; x_wconf 73' lang='lat' dir='ltr'>fidelissimi</span> 
     </span>
    </p>
   </div>
   <div class='ocr_carea' id='block_1_7' title="bbox 2684 918 3271 987">
    <p class='ocr_par' dir='ltr' id='par_1_7' title="bbox 2684 918 3271 987">
     <span class='ocr_line' id='line_1_7' title="bbox 2684 918 3271 987; baseline 0.003 -16"><span class='ocrx_word' id='word_1_53' title='bbox 2684 918 2917 972; x_wconf 88' lang='lat' dir='ltr'>clientes</span> <span class='ocrx_word' id='word_1_54' title='bbox 2957 923 3013 971; x_wconf 91' lang='lat' dir='ltr'>et</span> <span class='ocrx_word' id='word_1_55' title='bbox 3043 920 3271 987; x_wconf 81' lang='lat' dir='ltr'>subditi,</span> 
     </span>
    </p>
   </div>
   <div class='ocr_carea' id='block_1_8' title="bbox 376 994 1644 1059">
    <p class='ocr_par' dir='ltr' id='par_1_8' title="bbox 376 994 1644 1059">
     <span class='ocr_line' id='line_1_8' title="bbox 376 994 1644 1059; baseline 0.002 -15"><span class='ocrx_word' id='word_1_56' title='bbox 376 994 611 1055; x_wconf 74' lang='lat' dir='ltr'>Parisiis,</span> <span class='ocrx_word' id='word_1_57' title='bbox 644 1009 670 1044; x_wconf 93' lang='lat' dir='ltr'>e</span> <span class='ocrx_word' id='word_1_58' title='bbox 700 996 1020 1045; x_wconf 81' lang='lat' dir='ltr'>Monasterio</span> <span class='ocrx_word' id='word_1_59' title='bbox 1053 997 1101 1047; x_wconf 89' lang='lat' dir='ltr'>S.</span> <span class='ocrx_word' id='word_1_60' title='bbox 1136 999 1379 1049; x_wconf 83' lang='lat' dir='ltr'>Germani</span> <span class='ocrx_word' id='word_1_61' title='bbox 1409 1013 1438 1047; x_wconf 86' lang='lat' dir='ltr'>a</span> <span class='ocrx_word' id='word_1_62' title='bbox 1462 1001 1644 1059; x_wconf 69' lang='lat' dir='ltr'>Pratis,</span> 
     </span>
    </p>
   </div>
   <div class='ocr_carea' id='block_1_9' title="bbox 588 1076 1259 1140">
    <p class='ocr_par' dir='ltr' id='par_1_9' title="bbox 588 1076 1259 1140">
     <span class='ocr_line' id='line_1_9' title="bbox 588 1076 1259 1140; baseline 0.009 -17"><span class='ocrx_word' id='word_1_63' title='bbox 588 1076 689 1124; x_wconf 85' lang='lat' dir='ltr'>cal.</span> <span class='ocrx_word' id='word_1_64' title='bbox 716 1077 971 1140; x_wconf 88' lang='lat' dir='ltr'>januarii,</span> <span class='ocrx_word' id='word_1_65' title='bbox 1004 1092 1090 1126; x_wconf 86' lang='lat' dir='ltr'>an.</span> <span class='ocrx_word' id='word_1_66' title='bbox 1126 1081 1259 1129; x_wconf 71' lang='lat'>{679.</span> 
     </span>
    </p>
   </div>
   <div class='ocr_carea' id='block_1_10' title="bbox 2208 1162 3687 1224">
    <p class='ocr_par' dir='ltr' id='par_1_10' title="bbox 2208 1162 3687 1224">
     <span class='ocr_line' id='line_1_10' title="bbox 2208 1162 3687 1224; baseline 0.006 -9"><span class='ocrx_word' id='word_1_67' title='bbox 2208 1162 2525 1216; x_wconf 76' lang='lat' dir='ltr'>MONAClll</span> <span class='ocrx_word' id='word_1_68' title='bbox 2574 1164 3006 1218; x_wconf 73' lang='lat' dir='ltr'>BENEDICTINI</span> <span class='ocrx_word' id='word_1_69' title='bbox 3051 1165 3302 1220; x_wconf 73' lang='lat' dir='ltr'>CONGR.</span> <span class='ocrx_word' id='word_1_70' title='bbox 3349 1170 3401 1221; x_wconf 70' lang='grc' dir='ltr'>ς.</span> <span class='ocrx_word' id='word_1_71' title='bbox 3447 1170 3687 1224; x_wconf 75' lang='grc' dir='ltr'>ΜΑΙΪΗΙ.</span> 
     </span>
    </p>
   </div>
   <div class='ocr_carea' id='block_1_11' title="bbox 1730 1478 2281 1529">
    <p class='ocr_par' dir='ltr' id='par_1_11' title="bbox 1730 1478 2281 1529">
     <span class='ocr_line' id='line_1_11' title="bbox 1730 1478 2281 1529; baseline 0.004 -3"><span class='ocrx_word' id='word_1_72' title='bbox 1730 1478 1801 1527; x_wconf 85' lang='grc' dir='ltr'><strong>ΙΝ</strong></span> <span class='ocrx_word' id='word_1_73' title='bbox 1848 1478 2281 1529; x_wconf 76' lang='lat' dir='ltr'>NOVISSIMAM</span> 
     </span>
    </p>
   </div>
   <div class='ocr_carea' id='block_1_12' title="bbox 932 1634 3064 1771">
    <p class='ocr_par' dir='ltr' id='par_1_12' title="bbox 932 1634 3064 1771">
     <span class='ocr_line' id='line_1_12' title="bbox 932 1634 3064 1771; baseline 0.006 -12"><span class='ocrx_word' id='word_1_74' title='bbox 932 1634 1075 1759; x_wconf 64' lang='lat' dir='ltr'>S.</span> <span class='ocrx_word' id='word_1_75' title='bbox 1149 1638 2175 1765; x_wconf 87' lang='lat' dir='ltr'>AUGUSTINI</span> <span class='ocrx_word' id='word_1_76' title='bbox 2280 1643 3064 1771; x_wconf 81' lang='lat' dir='ltr'>OPERUM</span> 
     </span>
    </p>
   </div>
   <div class='ocr_carea' id='block_1_13' title="bbox 1624 1875 2377 1936">
    <p class='ocr_par' dir='ltr' id='par_1_13' title="bbox 1624 1875 2377 1936">
     <span class='ocr_line' id='line_1_13' title="bbox 1624 1875 2377 1936; baseline -0.001 -2"><span class='ocrx_word' id='word_1_77' title='bbox 1624 1875 2377 1936; x_wconf 86' lang='lat' dir='ltr'>EDITIONEM</span> 
     </span>
    </p>
   </div>
   <div class='ocr_carea' id='block_1_14' title="bbox 1244 2050 2764 2137">
    <p class='ocr_par' dir='ltr' id='par_1_14' title="bbox 1244 2050 2764 2137">
     <span class='ocr_line' id='line_1_14' title="bbox 1244 2050 2764 2137; baseline 0.001 -4"><span class='ocrx_word' id='word_1_78' title='bbox 1244 2050 1911 2135; x_wconf 63' lang='lat' dir='ltr'>PR/EFATIO</span> <span class='ocrx_word' id='word_1_79' title='bbox 2011 2050 2764 2137; x_wconf 84' lang='lat' dir='ltr'>GENEBALIS.</span> 
     </span>
    </p>
   </div>
   <div class='ocr_carea' id='block_1_15' title="bbox 1855 2258 2134 2269">
    <p class='ocr_par' dir='ltr' id='par_1_15' title="bbox 1855 2258 2134 2269">
     <span class='ocr_line' id='line_1_15' title="bbox 1855 2258 2134 2269; baseline 0.011 -3"><span class='ocrx_word' id='word_1_80' title='bbox 1855 2258 2134 2269; x_wconf 76' lang='lat'>_-___—.</span> 
     </span>
    </p>
   </div>
   <div class='ocr_carea' id='block_1_16' title="bbox 306 2426 3757 2509">
    <p class='ocr_par' dir='ltr' id='par_1_16' title="bbox 306 2426 3757 2509">
     <span class='ocr_line' id='line_1_16' title="bbox 306 2426 3757 2509; baseline 0.003 -26"><span class='ocrx_word' id='word_1_81' title='bbox 306 2430 447 2484; x_wconf 83' lang='lat' dir='ltr'>Cum</span> <span class='ocrx_word' id='word_1_82' title='bbox 477 2429 733 2499; x_wconf 89' lang='lat' dir='ltr'>primum</span> <span class='ocrx_word' id='word_1_83' title='bbox 764 2426 1229 2498; x_wconf 86' lang='lat' dir='ltr'>Congregationis</span> <span class='ocrx_word' id='word_1_84' title='bbox 1260 2431 1468 2481; x_wconf 63' lang='lat' dir='ltr'>nostrae</span> <span class='ocrx_word' id='word_1_85' title='bbox 1502 2427 1798 2497; x_wconf 77' lang='lat' dir='ltr'>Praepositi</span> <span class='ocrx_word' id='word_1_86' title='bbox 1823 2428 2026 2482; x_wconf 85' lang='lat' dir='ltr'>fratres</span> <span class='ocrx_word' id='word_1_87' title='bbox 2058 2432 2279 2480; x_wconf 85' lang='lat' dir='ltr'>nostros</span> <span class='ocrx_word' id='word_1_88' title='bbox 2310 2427 2379 2481; x_wconf 89' lang='lat' dir='ltr'>ad</span> <span class='ocrx_word' id='word_1_89' title='bbox 2408 2428 2593 2481; x_wconf 89' lang='lat' dir='ltr'>studia</span> <span class='ocrx_word' id='word_1_90' title='bbox 2622 2429 2941 2483; x_wconf 86' lang='lat' dir='ltr'>litterarum</span> <span class='ocrx_word' id='word_1_91' title='bbox 2972 2433 3259 2502; x_wconf 84' lang='lat' dir='ltr'>applicare</span> <span class='ocrx_word' id='word_1_92' title='bbox 3287 2446 3654 2509; x_wconf 84' lang='lat' dir='ltr'>censuerunt,</span> <span class='ocrx_word' id='word_1_93' title='bbox 3691 2460 3757 2495; x_wconf 86' lang='lat' dir='ltr'>ea</span> 
     </span>
    </p>
   </div>
   <div class='ocr_carea' id='block_1_17' title="bbox 234 2514 3743 2598">
    <p class='ocr_par' dir='ltr' id='par_1_17' title="bbox 234 2514 3743 2598">
     <span class='ocr_line' id='line_1_17' title="bbox 234 2514 3743 2598; baseline -0 -27"><span class='ocrx_word' id='word_1_94' title='bbox 234 2518 603 2589; x_wconf 88' lang='lat' dir='ltr'>potissimum</span> <span class='ocrx_word' id='word_1_95' title='bbox 636 2518 708 2571; x_wconf 91' lang='lat' dir='ltr'>ab</span> <span class='ocrx_word' id='word_1_96' title='bbox 740 2516 821 2571; x_wconf 92' lang='lat' dir='ltr'>eis</span> <span class='ocrx_word' id='word_1_97' title='bbox 865 2517 1078 2570; x_wconf 88' lang='lat' dir='ltr'>delecta</span> <span class='ocrx_word' id='word_1_98' title='bbox 1126 2520 1258 2569; x_wconf 91' lang='lat' dir='ltr'>sunt</span> <span class='ocrx_word' id='word_1_99' title='bbox 1288 2515 1494 2582; x_wconf 90' lang='lat' dir='ltr'>studia,</span> <span class='ocrx_word' id='word_1_100' title='bbox 1542 2532 1668 2587; x_wconf 68' lang='lat' dir='ltr'>quae</span> <span class='ocrx_word' id='word_1_101' title='bbox 1700 2516 1829 2587; x_wconf 87' lang='lat' dir='ltr'>plus</span> <span class='ocrx_word' id='word_1_102' title='bbox 1856 2514 2116 2569; x_wconf 82' lang='lat' dir='ltr'>utilitatis</span> <span class='ocrx_word' id='word_1_103' title='bbox 2152 2532 2269 2585; x_wconf 65' lang='lat' dir='ltr'>prie</span> <span class='ocrx_word' id='word_1_104' title='bbox 2308 2531 2365 2569; x_wconf 92' lang='lat' dir='ltr'>se</span> <span class='ocrx_word' id='word_1_105' title='bbox 2403 2516 2634 2586; x_wconf 81' lang='lat' dir='ltr'>ferrent,</span> <span class='ocrx_word' id='word_1_106' title='bbox 2668 2534 2838 2589; x_wconf 91' lang='lat' dir='ltr'>quam</span> <span class='ocrx_word' id='word_1_107' title='bbox 2887 2522 3318 2591; x_wconf 86' lang='lat' dir='ltr'>ostentationis;</span> <span class='ocrx_word' id='word_1_108' title='bbox 3363 2532 3419 2579; x_wconf 89' lang='lat' dir='ltr'>et</span> <span class='ocrx_word' id='word_1_109' title='bbox 3448 2543 3576 2598; x_wconf 73' lang='lat' dir='ltr'>qum</span> <span class='ocrx_word' id='word_1_110' title='bbox 3611 2530 3743 2582; x_wconf 65' lang='lat' dir='ltr'>re“-</span> 
     </span>
    </p>
   </div>
   <div class='ocr_carea' id='block_1_18' title="bbox 231 2604 3745 2685">
    <p class='ocr_par' dir='ltr' id='par_1_18' title="bbox 231 2604 3745 2685">
     <span class='ocr_line' id='line_1_18' title="bbox 231 2604 3745 2685; baseline 0.003 -26"><span class='ocrx_word' id='word_1_111' title='bbox 231 2607 406 2677; x_wconf 69' lang='lat' dir='ltr'>giosaa</span> <span class='ocrx_word' id='word_1_112' title='bbox 439 2605 734 2660; x_wconf 85' lang='lat' dir='ltr'>solitudini</span> <span class='ocrx_word' id='word_1_113' title='bbox 766 2608 821 2659; x_wconf 89' lang='lat' dir='ltr'>et</span> <span class='ocrx_word' id='word_1_114' title='bbox 849 2604 1268 2659; x_wconf 84' lang='lat' dir='ltr'>conversationi</span> <span class='ocrx_word' id='word_1_115' title='bbox 1298 2604 1480 2675; x_wconf 91' lang='lat' dir='ltr'>magis</span> <span class='ocrx_word' id='word_1_116' title='bbox 1509 2604 1895 2658; x_wconf 83' lang='lat' dir='ltr'>convenirent.</span> <span class='ocrx_word' id='word_1_117' title='bbox 1932 2605 1996 2657; x_wconf 89' lang='lat' dir='ltr'>In</span> <span class='ocrx_word' id='word_1_118' title='bbox 2025 2620 2090 2657; x_wconf 90' lang='lat' dir='ltr'>eo</span> <span class='ocrx_word' id='word_1_119' title='bbox 2123 2620 2331 2674; x_wconf 82' lang='lat' dir='ltr'>genere</span> <span class='ocrx_word' id='word_1_120' title='bbox 2364 2605 2502 2659; x_wconf 87' lang='lat' dir='ltr'>nihil</span> <span class='ocrx_word' id='word_1_121' title='bbox 2533 2606 2722 2676; x_wconf 87' lang='lat' dir='ltr'>aptius</span> <span class='ocrx_word' id='word_1_122' title='bbox 2754 2612 2850 2661; x_wconf 88' lang='lat' dir='ltr'>aut</span> <span class='ocrx_word' id='word_1_123' title='bbox 2890 2612 3269 2679; x_wconf 86' lang='lat' dir='ltr'>opportunius</span> <span class='ocrx_word' id='word_1_124' title='bbox 3309 2614 3390 2667; x_wconf 90' lang='lat' dir='ltr'>eis</span> <span class='ocrx_word' id='word_1_125' title='bbox 3420 2616 3605 2670; x_wconf 88' lang='lat' dir='ltr'>visum</span> <span class='ocrx_word' id='word_1_126' title='bbox 3638 2624 3745 2685; x_wconf 88' lang='lat' dir='ltr'>est,</span> 
     </span>
    </p>
   </div>
   <div class='ocr_carea' id='block_1_19' title="bbox 231 2692 3748 2773">
    <p class='ocr_par' dir='ltr' id='par_1_19' title="bbox 231 2692 3748 2773">
     <span class='ocr_line' id='line_1_19' title="bbox 231 2692 3748 2773; baseline 0.004 -25"><span class='ocrx_word' id='word_1_127' title='bbox 231 2712 407 2766; x_wconf 84' lang='lat' dir='ltr'>quam</span> <span class='ocrx_word' id='word_1_128' title='bbox 437 2693 759 2764; x_wconf 87' lang='lat' dir='ltr'>recognitio</span> <span class='ocrx_word' id='word_1_129' title='bbox 790 2699 845 2747; x_wconf 94' lang='lat' dir='ltr'>et</span> <span class='ocrx_word' id='word_1_130' title='bbox 874 2693 1046 2747; x_wconf 89' lang='lat' dir='ltr'>editio</span> <span class='ocrx_word' id='word_1_131' title='bbox 1079 2710 1223 2747; x_wconf 85' lang='lat' dir='ltr'>nova</span> <span class='ocrx_word' id='word_1_132' title='bbox 1253 2700 1575 2747; x_wconf 91' lang='lat' dir='ltr'>sanctorum</span> <span class='ocrx_word' id='word_1_133' title='bbox 1605 2695 1857 2760; x_wconf 87' lang='lat' dir='ltr'>Patrum,</span> <span class='ocrx_word' id='word_1_134' title='bbox 1891 2708 2021 2745; x_wconf 92' lang='lat' dir='ltr'>cum</span> <span class='ocrx_word' id='word_1_135' title='bbox 2050 2692 2400 2759; x_wconf 87' lang='lat' dir='ltr'>Latinorum,</span> <span class='ocrx_word' id='word_1_136' title='bbox 2429 2697 2553 2747; x_wconf 90' lang='lat' dir='ltr'>tum</span> <span class='ocrx_word' id='word_1_137' title='bbox 2584 2697 2909 2750; x_wconf 62' lang='lat' dir='ltr'>Graecorum</span> <span class='ocrx_word' id='word_1_138' title='bbox 2946 2714 2957 2750; x_wconf 90' lang='lat'>:</span> <span class='ocrx_word' id='word_1_139' title='bbox 2990 2704 3296 2769; x_wconf 89' lang='lat' dir='ltr'>propterea</span> <span class='ocrx_word' id='word_1_140' title='bbox 3329 2706 3480 2773; x_wconf 85' lang='lat' dir='ltr'>quod</span> <span class='ocrx_word' id='word_1_141' title='bbox 3508 2710 3561 2758; x_wconf 90' lang='lat' dir='ltr'>et</span> <span class='ocrx_word' id='word_1_142' title='bbox 3593 2724 3748 2761; x_wconf 75' lang='lat' dir='ltr'>exer-</span> 
     </span>
    </p>
   </div>
   <div class='ocr_carea' id='block_1_20' title="bbox 230 2781 3747 2856">
    <p class='ocr_par' dir='ltr' id='par_1_20' title="bbox 230 2781 3747 2856">
     <span class='ocr_line' id='line_1_20' title="bbox 230 2781 3747 2856; baseline 0.003 -19"><span class='ocrx_word' id='word_1_143' title='bbox 230 2784 425 2838; x_wconf 91' lang='lat' dir='ltr'>citatio</span> <span class='ocrx_word' id='word_1_144' title='bbox 457 2784 583 2854; x_wconf 86' lang='lat' dir='ltr'>ipsa</span> <span class='ocrx_word' id='word_1_145' title='bbox 613 2799 715 2854; x_wconf 91' lang='lat' dir='ltr'>per</span> <span class='ocrx_word' id='word_1_146' title='bbox 744 2799 865 2837; x_wconf 88' lang='lat' dir='ltr'>sese</span> <span class='ocrx_word' id='word_1_147' title='bbox 896 2783 1140 2837; x_wconf 82' lang='lat' dir='ltr'>maxime</span> <span class='ocrx_word' id='word_1_148' title='bbox 1171 2783 1512 2837; x_wconf 89' lang='lat' dir='ltr'>conduceret</span> <span class='ocrx_word' id='word_1_149' title='bbox 1541 2784 1610 2837; x_wconf 90' lang='lat' dir='ltr'>ad</span> <span class='ocrx_word' id='word_1_150' title='bbox 1644 2781 1949 2837; x_wconf 90' lang='lat' dir='ltr'>lectitanda</span> <span class='ocrx_word' id='word_1_151' title='bbox 1979 2786 2034 2835; x_wconf 89' lang='lat' dir='ltr'>et</span> <span class='ocrx_word' id='word_1_152' title='bbox 2076 2781 2402 2835; x_wconf 88' lang='lat' dir='ltr'>meditanda</span> <span class='ocrx_word' id='word_1_153' title='bbox 2428 2798 2627 2835; x_wconf 90' lang='lat' dir='ltr'>eorum</span> <span class='ocrx_word' id='word_1_154' title='bbox 2669 2784 2896 2854; x_wconf 91' lang='lat' dir='ltr'>scripta,</span> <span class='ocrx_word' id='word_1_155' title='bbox 2929 2784 2987 2837; x_wconf 93' lang='lat' dir='ltr'>in</span> <span class='ocrx_word' id='word_1_156' title='bbox 3019 2786 3226 2856; x_wconf 87' lang='lat' dir='ltr'>quibus</span> <span class='ocrx_word' id='word_1_157' title='bbox 3258 2806 3387 2844; x_wconf 90' lang='lat' dir='ltr'>vera</span> <span class='ocrx_word' id='word_1_158' title='bbox 3439 2797 3497 2845; x_wconf 91' lang='lat' dir='ltr'>et</span> <span class='ocrx_word' id='word_1_159' title='bbox 3526 2793 3747 2849; x_wconf 89' lang='lat' dir='ltr'>sincera</span> 
     </span>
    </p>
   </div>
   <div class='ocr_carea' id='block_1_21' title="bbox 230 2871 3747 2949">
    <p class='ocr_par' dir='ltr' id='par_1_21' title="bbox 230 2871 3747 2949">
     <span class='ocr_line' id='line_1_21' title="bbox 230 2871 3747 2949; baseline 0.004 -23"><span class='ocrx_word' id='word_1_160' title='bbox 230 2872 497 2927; x_wconf 70' lang='lat' dir='ltr'>Ecclesiae</span> <span class='ocrx_word' id='word_1_161' title='bbox 529 2872 785 2927; x_wconf 78' lang='lat' dir='ltr'>doctrina</span> <span class='ocrx_word' id='word_1_162' title='bbox 815 2889 879 2926; x_wconf 91' lang='lat' dir='ltr'>ac</span> <span class='ocrx_word' id='word_1_163' title='bbox 907 2872 1087 2943; x_wconf 88' lang='lat' dir='ltr'>pietas</span> <span class='ocrx_word' id='word_1_164' title='bbox 1118 2872 1407 2940; x_wconf 86' lang='lat' dir='ltr'>consistit;</span> <span class='ocrx_word' id='word_1_165' title='bbox 1438 2876 1492 2925; x_wconf 78' lang='lat' dir='ltr'>et</span> <span class='ocrx_word' id='word_1_166' title='bbox 1531 2888 1645 2926; x_wconf 91' lang='lat' dir='ltr'>non</span> <span class='ocrx_word' id='word_1_167' title='bbox 1670 2887 1850 2941; x_wconf 88' lang='lat' dir='ltr'>pauca</span> <span class='ocrx_word' id='word_1_168' title='bbox 1882 2871 2047 2926; x_wconf 88' lang='lat' dir='ltr'>nobis</span> <span class='ocrx_word' id='word_1_169' title='bbox 2076 2872 2407 2942; x_wconf 88' lang='lat' dir='ltr'>adjumcnta</span> <span class='ocrx_word' id='word_1_170' title='bbox 2434 2877 2803 2943; x_wconf 87' lang='lat' dir='ltr'>suppeterent</span> <span class='ocrx_word' id='word_1_171' title='bbox 2832 2873 2897 2927; x_wconf 88' lang='lat' dir='ltr'>ad</span> <span class='ocrx_word' id='word_1_172' title='bbox 2930 2874 2987 2927; x_wconf 92' lang='lat' dir='ltr'>id</span> <span class='ocrx_word' id='word_1_173' title='bbox 3018 2877 3207 2944; x_wconf 90' lang='lat' dir='ltr'>operis</span> <span class='ocrx_word' id='word_1_174' title='bbox 3239 2880 3663 2949; x_wconf 87' lang='lat' dir='ltr'>suscipiendum</span> <span class='ocrx_word' id='word_1_175' title='bbox 3692 2891 3747 2939; x_wconf 89' lang='lat' dir='ltr'>et</span> 
     </span>
    </p>
   </div>
   <div class='ocr_carea' id='block_1_22' title="bbox 228 2958 3745 3041">
    <p class='ocr_par' dir='ltr' id='par_1_22' title="bbox 228 2958 3745 3041">
     <span class='ocr_line' id='line_1_22' title="bbox 228 2958 3745 3041; baseline 0.004 -28"><span class='ocrx_word' id='word_1_176' title='bbox 228 2960 688 3032; x_wconf 79' lang='lat' dir='ltr'>exsequendum.</span> <span class='ocrx_word' id='word_1_177' title='bbox 720 2963 905 3030; x_wconf 87' lang='lat' dir='ltr'>Atque</span> <span class='ocrx_word' id='word_1_178' title='bbox 938 2964 1002 3013; x_wconf 88' lang='lat' dir='ltr'>ut</span> <span class='ocrx_word' id='word_1_179' title='bbox 1031 2958 1373 3030; x_wconf 88' lang='lat' dir='ltr'>quibusdam</span> <span class='ocrx_word' id='word_1_180' title='bbox 1402 2959 1576 3013; x_wconf 90' lang='lat' dir='ltr'>veluti</span> <span class='ocrx_word' id='word_1_181' title='bbox 1601 2959 1871 3030; x_wconf 84' lang='lat' dir='ltr'>gradibus</span> <span class='ocrx_word' id='word_1_182' title='bbox 1893 2960 1961 3013; x_wconf 92' lang='lat' dir='ltr'>ad</span> <span class='ocrx_word' id='word_1_183' title='bbox 1992 2959 2141 3014; x_wconf 90' lang='lat' dir='ltr'>hunc</span> <span class='ocrx_word' id='word_1_184' title='bbox 2170 2961 2446 3028; x_wconf 86' lang='lat' dir='ltr'>laborem,</span> <span class='ocrx_word' id='word_1_185' title='bbox 2478 2960 2657 3030; x_wconf 84' lang='lat' dir='ltr'>magis</span> <span class='ocrx_word' id='word_1_186' title='bbox 2682 2961 2927 3014; x_wconf 90' lang='lat' dir='ltr'>arduum</span> <span class='ocrx_word' id='word_1_187' title='bbox 2958 2968 3107 3015; x_wconf 88' lang='lat' dir='ltr'>certe</span> <span class='ocrx_word' id='word_1_188' title='bbox 3139 2981 3201 3017; x_wconf 91' lang='lat' dir='ltr'>ac</span> <span class='ocrx_word' id='word_1_189' title='bbox 3231 2966 3543 3035; x_wconf 90' lang='lat' dir='ltr'>diflicilem,</span> <span class='ocrx_word' id='word_1_190' title='bbox 3571 2988 3745 3041; x_wconf 83' lang='lat' dir='ltr'>quam</span> 
     </span>
    </p>
   </div>
   <div class='ocr_carea' id='block_1_23' title="bbox 228 3046 3747 3119">
    <p class='ocr_par' dir='ltr' id='par_1_23' title="bbox 228 3046 3747 3119">
     <span class='ocr_line' id='line_1_23' title="bbox 228 3046 3747 3119; baseline 0.004 -18"><span class='ocrx_word' id='word_1_191' title='bbox 228 3049 616 3119; x_wconf 87' lang='lat' dir='ltr'>splendidum,</span> <span class='ocrx_word' id='word_1_192' title='bbox 650 3048 849 3102; x_wconf 77' lang='lat' dir='ltr'>fratres</span> <span class='ocrx_word' id='word_1_193' title='bbox 879 3047 1057 3101; x_wconf 90' lang='lat' dir='ltr'>nostri</span> <span class='ocrx_word' id='word_1_194' title='bbox 1084 3046 1276 3101; x_wconf 89' lang='lat' dir='ltr'>idonei</span> <span class='ocrx_word' id='word_1_195' title='bbox 1307 3052 1362 3101; x_wconf 89' lang='lat' dir='ltr'>et</span> <span class='ocrx_word' id='word_1_196' title='bbox 1386 3048 1568 3118; x_wconf 86' lang='lat' dir='ltr'>parati</span> <span class='ocrx_word' id='word_1_197' title='bbox 1596 3047 1810 3102; x_wconf 85' lang='lat' dir='ltr'>sensim</span> <span class='ocrx_word' id='word_1_198' title='bbox 1840 3046 2233 3114; x_wconf 88' lang='lat' dir='ltr'>redderentur,</span> <span class='ocrx_word' id='word_1_199' title='bbox 2267 3065 2298 3101; x_wconf 91' lang='lat' dir='ltr'>a</span> <span class='ocrx_word' id='word_1_200' title='bbox 2321 3048 2661 3119; x_wconf 90' lang='lat' dir='ltr'>quibusdam</span> <span class='ocrx_word' id='word_1_201' title='bbox 2690 3050 2862 3102; x_wconf 88' lang='lat' dir='ltr'>veluti</span> <span class='ocrx_word' id='word_1_202' title='bbox 2892 3050 3228 3107; x_wconf 71' lang='lat' dir='ltr'>rudimentis</span> <span class='ocrx_word' id='word_1_203' title='bbox 3254 3053 3483 3111; x_wconf 89' lang='lat' dir='ltr'>initium</span> <span class='ocrx_word' id='word_1_204' title='bbox 3512 3058 3747 3115; x_wconf 91' lang='lat' dir='ltr'>ductum</span> 
     </span>
    </p>
   </div>
   <div class='ocr_carea' id='block_1_24' title="bbox 228 3136 3751 3213">
    <p class='ocr_par' dir='ltr' id='par_1_24' title="bbox 228 3136 3751 3213">
     <span class='ocr_line' id='line_1_24' title="bbox 228 3136 3751 3213; baseline 0.004 -22"><span class='ocrx_word' id='word_1_205' title='bbox 228 3144 331 3201; x_wconf 87' lang='lat' dir='ltr'>est,</span> <span class='ocrx_word' id='word_1_206' title='bbox 368 3138 591 3192; x_wconf 87' lang='lat' dir='ltr'>scilicet</span> <span class='ocrx_word' id='word_1_207' title='bbox 626 3139 697 3191; x_wconf 91' lang='lat' dir='ltr'>ab</span> <span class='ocrx_word' id='word_1_208' title='bbox 729 3136 979 3192; x_wconf 87' lang='lat' dir='ltr'>editione</span> <span class='ocrx_word' id='word_1_209' title='bbox 1022 3138 1360 3192; x_wconf 89' lang='lat' dir='ltr'>selectorum</span> <span class='ocrx_word' id='word_1_210' title='bbox 1392 3137 1807 3209; x_wconf 89' lang='lat' dir='ltr'>Opusculorum</span> <span class='ocrx_word' id='word_1_211' title='bbox 1839 3141 2162 3191; x_wconf 90' lang='lat' dir='ltr'>sanctorum</span> <span class='ocrx_word' id='word_1_212' title='bbox 2195 3139 2460 3203; x_wconf 86' lang='lat' dir='ltr'>Patrum;</span> <span class='ocrx_word' id='word_1_213' title='bbox 2492 3136 2624 3192; x_wconf 90' lang='lat' dir='ltr'>dein</span> <span class='ocrx_word' id='word_1_214' title='bbox 2650 3138 2720 3191; x_wconf 88' lang='lat' dir='ltr'>ab</span> <span class='ocrx_word' id='word_1_215' title='bbox 2752 3137 2987 3209; x_wconf 87' lang='lat' dir='ltr'>integris</span> <span class='ocrx_word' id='word_1_216' title='bbox 3020 3140 3242 3211; x_wconf 84' lang='lat' dir='ltr'>scriptis</span> <span class='ocrx_word' id='word_1_217' title='bbox 3270 3144 3536 3213; x_wconf 89' lang='lat' dir='ltr'>aliorum,</span> <span class='ocrx_word' id='word_1_218' title='bbox 3569 3147 3751 3204; x_wconf 91' lang='lat' dir='ltr'>donec</span> 
     </span>
    </p>
   </div>
   <div class='ocr_carea' id='block_1_25' title="bbox 228 3225 3742 3308">
    <p class='ocr_par' dir='ltr' id='par_1_25' title="bbox 228 3225 3742 3308">
     <span class='ocr_line' id='line_1_25' title="bbox 228 3225 3742 3308; baseline 0.004 -28"><span class='ocrx_word' id='word_1_219' title='bbox 228 3227 468 3281; x_wconf 86' lang='lat' dir='ltr'>tandem</span> <span class='ocrx_word' id='word_1_220' title='bbox 498 3227 571 3280; x_wconf 88' lang='lat' dir='ltr'>ad</span> <span class='ocrx_word' id='word_1_221' title='bbox 601 3243 773 3298; x_wconf 88' lang='lat' dir='ltr'>opera</span> <span class='ocrx_word' id='word_1_222' title='bbox 800 3225 1139 3280; x_wconf 89' lang='lat' dir='ltr'>sanctissimi</span> <span class='ocrx_word' id='word_1_223' title='bbox 1165 3226 1409 3280; x_wconf 91' lang='lat' dir='ltr'>doctoris</span> <span class='ocrx_word' id='word_1_224' title='bbox 1440 3225 1741 3297; x_wconf 86' lang='lat' dir='ltr'>Augustini</span> <span class='ocrx_word' id='word_1_225' title='bbox 1768 3231 2001 3280; x_wconf 89' lang='lat' dir='ltr'>ventum</span> <span class='ocrx_word' id='word_1_226' title='bbox 2031 3230 2113 3280; x_wconf 92' lang='lat' dir='ltr'>est</span> <span class='ocrx_word' id='word_1_227' title='bbox 2147 3244 2159 3280; x_wconf 93' lang='lat'>:</span> <span class='ocrx_word' id='word_1_228' title='bbox 2190 3227 2398 3297; x_wconf 88' lang='lat' dir='ltr'>quibus</span> <span class='ocrx_word' id='word_1_229' title='bbox 2429 3228 2799 3282; x_wconf 83' lang='lat' dir='ltr'>emendandis</span> <span class='ocrx_word' id='word_1_230' title='bbox 2830 3234 2884 3283; x_wconf 91' lang='lat' dir='ltr'>et</span> <span class='ocrx_word' id='word_1_231' title='bbox 2914 3234 3382 3301; x_wconf 85' lang='lat' dir='ltr'>recognoscendis</span> <span class='ocrx_word' id='word_1_232' title='bbox 3417 3244 3477 3289; x_wconf 88' lang='lat' dir='ltr'>ut</span> <span class='ocrx_word' id='word_1_233' title='bbox 3506 3254 3742 3308; x_wconf 85' lang='lat' dir='ltr'>operam</span> 
     </span>
    </p>
   </div>
   <div class='ocr_carea' id='block_1_26' title="bbox 230 3316 3743 3388">
    <p class='ocr_par' dir='ltr' id='par_1_26' title="bbox 230 3316 3743 3388">
     <span class='ocr_line' id='line_1_26' title="bbox 230 3316 3743 3388; baseline 0.004 -20"><span class='ocrx_word' id='word_1_234' title='bbox 230 3316 723 3388; x_wconf 88' lang='lat' dir='ltr'>impenderemus,</span> <span class='ocrx_word' id='word_1_235' title='bbox 755 3316 923 3369; x_wconf 90' lang='lat' dir='ltr'>multi</span> <span class='ocrx_word' id='word_1_236' title='bbox 953 3316 1211 3370; x_wconf 61' lang='lat' dir='ltr'>Ecclesiae</span> <span class='ocrx_word' id='word_1_237' title='bbox 1240 3316 1609 3371; x_wconf 90' lang='lat' dir='ltr'>illustrissimi</span> <span class='ocrx_word' id='word_1_238' title='bbox 1640 3317 1929 3387; x_wconf 72' lang='lat' dir='ltr'>prazsules,</span> <span class='ocrx_word' id='word_1_239' title='bbox 1964 3332 2183 3370; x_wconf 89' lang='lat' dir='ltr'>necnon</span> <span class='ocrx_word' id='word_1_240' title='bbox 2212 3316 2381 3370; x_wconf 88' lang='lat' dir='ltr'>etiam</span> <span class='ocrx_word' id='word_1_241' title='bbox 2404 3320 2551 3386; x_wconf 72' lang='lat' dir='ltr'>togm</span> <span class='ocrx_word' id='word_1_242' title='bbox 2583 3316 2870 3387; x_wconf 88' lang='lat' dir='ltr'>principes</span> <span class='ocrx_word' id='word_1_243' title='bbox 2894 3318 2999 3371; x_wconf 86' lang='lat' dir='ltr'>viri</span> <span class='ocrx_word' id='word_1_244' title='bbox 3026 3324 3282 3375; x_wconf 90' lang='lat' dir='ltr'>auctores</span> <span class='ocrx_word' id='word_1_245' title='bbox 3307 3323 3467 3378; x_wconf 92' lang='lat' dir='ltr'>nobis</span> <span class='ocrx_word' id='word_1_246' title='bbox 3498 3331 3555 3379; x_wconf 91' lang='lat' dir='ltr'>et</span> <span class='ocrx_word' id='word_1_247' title='bbox 3584 3328 3743 3381; x_wconf 89' lang='lat' dir='ltr'>insti-</span> 
     </span>
    </p>
   </div>
   <div class='ocr_carea' id='block_1_27' title="bbox 229 3405 3741 3486">
    <p class='ocr_par' dir='ltr' id='par_1_27' title="bbox 229 3405 3741 3486">
     <span class='ocr_line' id='line_1_27' title="bbox 229 3405 3741 3486; baseline 0.003 -28"><span class='ocrx_word' id='word_1_248' title='bbox 229 3412 459 3474; x_wconf 85' lang='lat' dir='ltr'>gatores</span> <span class='ocrx_word' id='word_1_249' title='bbox 485 3406 664 3459; x_wconf 80' lang='lat' dir='ltr'>fuere.</span> <span class='ocrx_word' id='word_1_250' title='bbox 701 3406 739 3459; x_wconf 84' lang='lat' dir='ltr'>E</span> <span class='ocrx_word' id='word_1_251' title='bbox 768 3405 970 3476; x_wconf 90' lang='lat' dir='ltr'>primis</span> <span class='ocrx_word' id='word_1_252' title='bbox 998 3405 1105 3459; x_wconf 90' lang='lat' dir='ltr'>fuit</span> <span class='ocrx_word' id='word_1_253' title='bbox 1132 3406 1546 3460; x_wconf 87' lang='lat' dir='ltr'>illustrissimus</span> <span class='ocrx_word' id='word_1_254' title='bbox 1576 3406 1900 3459; x_wconf 85' lang='lat' dir='ltr'>Franciscus</span> <span class='ocrx_word' id='word_1_255' title='bbox 1934 3406 2184 3459; x_wconf 84' lang='lat' dir='ltr'>Harlaeus</span> <span class='ocrx_word' id='word_1_256' title='bbox 2213 3405 2557 3460; x_wconf 84' lang='lat' dir='ltr'>Parisiorum</span> <span class='ocrx_word' id='word_1_257' title='bbox 2585 3424 2769 3477; x_wconf 89' lang='lat' dir='ltr'>nuper</span> <span class='ocrx_word' id='word_1_258' title='bbox 2799 3408 3191 3478; x_wconf 71' lang='lat' dir='ltr'>archiprmsul,</span> <span class='ocrx_word' id='word_1_259' title='bbox 3226 3411 3324 3482; x_wconf 89' lang='lat' dir='ltr'>qui</span> <span class='ocrx_word' id='word_1_260' title='bbox 3356 3414 3526 3484; x_wconf 86' lang='lat' dir='ltr'>hujus</span> <span class='ocrx_word' id='word_1_261' title='bbox 3554 3417 3741 3486; x_wconf 90' lang='lat' dir='ltr'>operis</span> 
     </span>
    </p>
   </div>
   <div class='ocr_carea' id='block_1_28' title="bbox 228 3494 3747 3572">
    <p class='ocr_par' dir='ltr' id='par_1_28' title="bbox 228 3494 3747 3572">
     <span class='ocr_line' id='line_1_28' title="bbox 228 3494 3747 3572; baseline 0.003 -25"><span class='ocrx_word' id='word_1_262' title='bbox 228 3499 545 3563; x_wconf 87' lang='lat' dir='ltr'>patronum</span> <span class='ocrx_word' id='word_1_263' title='bbox 577 3500 632 3548; x_wconf 90' lang='lat' dir='ltr'>et</span> <span class='ocrx_word' id='word_1_264' title='bbox 678 3494 963 3549; x_wconf 89' lang='lat' dir='ltr'>fautorem</span> <span class='ocrx_word' id='word_1_265' title='bbox 1011 3510 1234 3564; x_wconf 89' lang='lat' dir='ltr'>semper</span> <span class='ocrx_word' id='word_1_266' title='bbox 1263 3510 1321 3548; x_wconf 90' lang='lat' dir='ltr'>se</span> <span class='ocrx_word' id='word_1_267' title='bbox 1352 3495 1657 3565; x_wconf 61' lang='lat' dir='ltr'>praestitit:</span> <span class='ocrx_word' id='word_1_268' title='bbox 1695 3511 1724 3548; x_wconf 90' lang='lat' dir='ltr'>e</span> <span class='ocrx_word' id='word_1_269' title='bbox 1762 3495 2021 3548; x_wconf 89' lang='lat' dir='ltr'>secundis</span> <span class='ocrx_word' id='word_1_270' title='bbox 2068 3495 2401 3549; x_wconf 83' lang='lat' dir='ltr'>Guillelmus</span> <span class='ocrx_word' id='word_1_271' title='bbox 2453 3496 2756 3549; x_wconf 89' lang='lat' dir='ltr'>Lamonius</span> <span class='ocrx_word' id='word_1_272' title='bbox 2786 3497 3025 3551; x_wconf 88' lang='lat' dir='ltr'>Senatus</span> <span class='ocrx_word' id='word_1_273' title='bbox 3073 3498 3405 3553; x_wconf 86' lang='lat' dir='ltr'>Parisiensis</span> <span class='ocrx_word' id='word_1_274' title='bbox 3454 3505 3747 3572; x_wconf 81' lang='lat' dir='ltr'>quondam</span> 
     </span>
    </p>
   </div>
   <div class='ocr_carea' id='block_1_29' title="bbox 228 3581 3748 3662">
    <p class='ocr_par' dir='ltr' id='par_1_29' title="bbox 228 3581 3748 3662">
     <span class='ocr_line' id='line_1_29' title="bbox 228 3581 3748 3662; baseline 0.002 -24"><span class='ocrx_word' id='word_1_275' title='bbox 228 3584 526 3655; x_wconf 86' lang='lat' dir='ltr'>princeps,</span> <span class='ocrx_word' id='word_1_276' title='bbox 556 3583 674 3654; x_wconf 89' lang='lat' dir='ltr'>qui,</span> <span class='ocrx_word' id='word_1_277' title='bbox 704 3599 807 3653; x_wconf 89' lang='lat' dir='ltr'>pro</span> <span class='ocrx_word' id='word_1_278' title='bbox 836 3600 937 3637; x_wconf 88' lang='lat' dir='ltr'>sua</span> <span class='ocrx_word' id='word_1_279' title='bbox 959 3582 1017 3637; x_wconf 94' lang='lat' dir='ltr'>in</span> <span class='ocrx_word' id='word_1_280' title='bbox 1041 3583 1258 3637; x_wconf 90' lang='lat' dir='ltr'>litteras</span> <span class='ocrx_word' id='word_1_281' title='bbox 1285 3584 1677 3655; x_wconf 87' lang='lat' dir='ltr'>litteratosque</span> <span class='ocrx_word' id='word_1_282' title='bbox 1699 3581 2113 3647; x_wconf 87' lang='lat' dir='ltr'>benevolentia,</span> <span class='ocrx_word' id='word_1_283' title='bbox 2140 3582 2607 3653; x_wconf 86' lang='lat' dir='ltr'>typographicam</span> <span class='ocrx_word' id='word_1_284' title='bbox 2632 3583 2792 3636; x_wconf 87' lang='lat' dir='ltr'>nobis</span> <span class='ocrx_word' id='word_1_285' title='bbox 2818 3584 3188 3638; x_wconf 89' lang='lat' dir='ltr'>domesticam</span> <span class='ocrx_word' id='word_1_286' title='bbox 3214 3586 3501 3641; x_wconf 76' lang='lat' dir='ltr'>officinam</span> <span class='ocrx_word' id='word_1_287' title='bbox 3535 3609 3566 3643; x_wconf 87' lang='lat' dir='ltr'>a</span> <span class='ocrx_word' id='word_1_288' title='bbox 3592 3592 3748 3662; x_wconf 79' lang='lat' dir='ltr'>Rege</span> 
     </span>
    </p>
   </div>
   <div class='ocr_carea' id='block_1_30' title="bbox 228 3670 3744 3745">
    <p class='ocr_par' dir='ltr' id='par_1_30' title="bbox 228 3670 3744 3745">
     <span class='ocr_line' id='line_1_30' title="bbox 228 3670 3744 3745; baseline 0.002 -20"><span class='ocrx_word' id='word_1_289' title='bbox 228 3673 545 3745; x_wconf 86' lang='lat' dir='ltr'>impetrare</span> <span class='ocrx_word' id='word_1_290' title='bbox 574 3678 628 3727; x_wconf 91' lang='lat' dir='ltr'>et</span> <span class='ocrx_word' id='word_1_291' title='bbox 656 3686 963 3743; x_wconf 89' lang='lat' dir='ltr'>procurare</span> <span class='ocrx_word' id='word_1_292' title='bbox 992 3671 1193 3739; x_wconf 89' lang='lat' dir='ltr'>voluit,</span> <span class='ocrx_word' id='word_1_293' title='bbox 1214 3676 1279 3725; x_wconf 89' lang='lat' dir='ltr'>ut</span> <span class='ocrx_word' id='word_1_294' title='bbox 1298 3672 1416 3725; x_wconf 69' lang='lat' dir='ltr'>hazc</span> <span class='ocrx_word' id='word_1_295' title='bbox 1446 3671 1618 3726; x_wconf 87' lang='lat' dir='ltr'>editio</span> <span class='ocrx_word' id='word_1_296' title='bbox 1648 3672 1705 3725; x_wconf 93' lang='lat' dir='ltr'>in</span> <span class='ocrx_word' id='word_1_297' title='bbox 1736 3671 1967 3742; x_wconf 87' lang='lat' dir='ltr'>privatis</span> <span class='ocrx_word' id='word_1_298' title='bbox 1998 3670 2214 3725; x_wconf 64' lang='lat' dir='ltr'>aedibus</span> <span class='ocrx_word' id='word_1_299' title='bbox 2246 3671 2596 3725; x_wconf 90' lang='lat' dir='ltr'>commodius</span> <span class='ocrx_word' id='word_1_300' title='bbox 2627 3676 2681 3724; x_wconf 94' lang='lat' dir='ltr'>et</span> <span class='ocrx_word' id='word_1_301' title='bbox 2710 3670 2933 3725; x_wconf 87' lang='lat' dir='ltr'>facilius</span> <span class='ocrx_word' id='word_1_302' title='bbox 2960 3678 3377 3742; x_wconf 89' lang='lat' dir='ltr'>procuraretur.</span> <span class='ocrx_word' id='word_1_303' title='bbox 3408 3677 3615 3731; x_wconf 84' lang='lat' dir='ltr'>Verum</span> <span class='ocrx_word' id='word_1_304' title='bbox 3640 3680 3744 3733; x_wconf 87' lang='lat' dir='ltr'>hac</span> 
     </span>
    </p>
   </div>
   <div class='ocr_carea' id='block_1_31' title="bbox 228 3758 3747 3832">
    <p class='ocr_par' dir='ltr' id='par_1_31' title="bbox 228 3758 3747 3832">
     <span class='ocr_line' id='line_1_31' title="bbox 228 3758 3747 3832; baseline 0.002 -17"><span class='ocrx_word' id='word_1_305' title='bbox 228 3762 579 3827; x_wconf 88' lang='lat' dir='ltr'>conditione,</span> <span class='ocrx_word' id='word_1_306' title='bbox 613 3760 976 3832; x_wconf 86' lang='lat' dir='ltr'>quantumvis</span> <span class='ocrx_word' id='word_1_307' title='bbox 1015 3760 1074 3814; x_wconf 90' lang='lat' dir='ltr'>in</span> <span class='ocrx_word' id='word_1_308' title='bbox 1101 3759 1347 3831; x_wconf 89' lang='lat' dir='ltr'>speciem</span> <span class='ocrx_word' id='word_1_309' title='bbox 1378 3764 1723 3831; x_wconf 89' lang='lat' dir='ltr'>opportuna,</span> <span class='ocrx_word' id='word_1_310' title='bbox 1753 3760 1824 3813; x_wconf 90' lang='lat' dir='ltr'>ob</span> <span class='ocrx_word' id='word_1_311' title='bbox 1855 3758 2035 3813; x_wconf 81' lang='lat' dir='ltr'>varias</span> <span class='ocrx_word' id='word_1_312' title='bbox 2066 3776 2280 3822; x_wconf 89' lang='lat' dir='ltr'>causas,</span> <span class='ocrx_word' id='word_1_313' title='bbox 2315 3776 2456 3831; x_wconf 86' lang='lat' dir='ltr'>quas</span> <span class='ocrx_word' id='word_1_314' title='bbox 2485 3775 2935 3813; x_wconf 85' lang='lat' dir='ltr'>commemorare</span> <span class='ocrx_word' id='word_1_315' title='bbox 2974 3761 3114 3814; x_wconf 87' lang='lat' dir='ltr'>nihil</span> <span class='ocrx_word' id='word_1_316' title='bbox 3139 3763 3321 3831; x_wconf 85' lang='lat' dir='ltr'>juvat,</span> <span class='ocrx_word' id='word_1_317' title='bbox 3370 3764 3607 3820; x_wconf 89' lang='lat' dir='ltr'>minime</span> <span class='ocrx_word' id='word_1_318' title='bbox 3644 3768 3747 3822; x_wconf 90' lang='lat' dir='ltr'>ad-</span> 
     </span>
    </p>
   </div>
   <div class='ocr_carea' id='block_1_32' title="bbox 228 3848 3740 3924">
    <p class='ocr_par' dir='ltr' id='par_1_32' title="bbox 228 3848 3740 3924">
     <span class='ocr_line' id='line_1_32' title="bbox 228 3848 3740 3924; baseline 0.001 -20"><span class='ocrx_word' id='word_1_319' title='bbox 228 3852 427 3915; x_wconf 85' lang='lat' dir='ltr'>missa,</span> <span class='ocrx_word' id='word_1_320' title='bbox 463 3849 667 3904; x_wconf 87' lang='lat' dir='ltr'>institit</span> <span class='ocrx_word' id='word_1_321' title='bbox 694 3849 1071 3904; x_wconf 86' lang='lat' dir='ltr'>nihilominus</span> <span class='ocrx_word' id='word_1_322' title='bbox 1102 3851 1315 3903; x_wconf 70' lang='lat' dir='ltr'>Praeses</span> <span class='ocrx_word' id='word_1_323' title='bbox 1344 3848 1780 3915; x_wconf 88' lang='lat' dir='ltr'>illustrissimus,</span> <span class='ocrx_word' id='word_1_324' title='bbox 1818 3848 2069 3902; x_wconf 90' lang='lat' dir='ltr'>institere</span> <span class='ocrx_word' id='word_1_325' title='bbox 2101 3853 2154 3902; x_wconf 90' lang='lat' dir='ltr'>et</span> <span class='ocrx_word' id='word_1_326' title='bbox 2187 3848 2281 3901; x_wconf 87' lang='lat' dir='ltr'>alii</span> <span class='ocrx_word' id='word_1_327' title='bbox 2313 3863 2486 3919; x_wconf 89' lang='lat' dir='ltr'>quam</span> <span class='ocrx_word' id='word_1_328' title='bbox 2516 3848 2708 3918; x_wconf 90' lang='lat' dir='ltr'>plures</span> <span class='ocrx_word' id='word_1_329' title='bbox 2736 3848 3089 3904; x_wconf 89' lang='lat' dir='ltr'>diversorum</span> <span class='ocrx_word' id='word_1_330' title='bbox 3138 3851 3417 3906; x_wconf 84' lang='lat' dir='ltr'>Ordinum</span> <span class='ocrx_word' id='word_1_331' title='bbox 3448 3857 3740 3924; x_wconf 86' lang='lat' dir='ltr'>spectatis-</span> 
     </span>
    </p>
   </div>
   <div class='ocr_carea' id='block_1_33' title="bbox 228 3938 1969 4009">
    <p class='ocr_par' dir='ltr' id='par_1_33' title="bbox 228 3938 1969 4009">
     <span class='ocr_line' id='line_1_33' title="bbox 228 3938 1969 4009; baseline -0.001 -18"><span class='ocrx_word' id='word_1_332' title='bbox 228 3939 363 3993; x_wconf 87' lang='lat' dir='ltr'>simi</span> <span class='ocrx_word' id='word_1_333' title='bbox 392 3938 527 4008; x_wconf 77' lang='lat' dir='ltr'>viri,</span> <span class='ocrx_word' id='word_1_334' title='bbox 560 3945 619 3992; x_wconf 90' lang='lat' dir='ltr'>ut</span> <span class='ocrx_word' id='word_1_335' title='bbox 649 3944 825 3993; x_wconf 67' lang='lat' dir='ltr'>tantm</span> <span class='ocrx_word' id='word_1_336' title='bbox 856 3938 1022 3992; x_wconf 88' lang='lat' dir='ltr'>molis</span> <span class='ocrx_word' id='word_1_337' title='bbox 1053 3954 1197 4009; x_wconf 91' lang='lat' dir='ltr'>opus</span> <span class='ocrx_word' id='word_1_338' title='bbox 1227 3938 1422 3992; x_wconf 91' lang='lat' dir='ltr'>subire</span> <span class='ocrx_word' id='word_1_339' title='bbox 1452 3954 1525 3992; x_wconf 90' lang='lat' dir='ltr'>ne</span> <span class='ocrx_word' id='word_1_340' title='bbox 1554 3938 1969 4008; x_wconf 89' lang='lat' dir='ltr'>refugeremus.</span> 
     </span>
    </p>
   </div>
   <div class='ocr_carea' id='block_1_34' title="bbox 300 4024 3745 4097">
    <p class='ocr_par' dir='ltr' id='par_1_34' title="bbox 300 4024 3745 4097">
     <span class='ocr_line' id='line_1_34' title="bbox 300 4024 3745 4097; baseline 0.002 -16"><span class='ocrx_word' id='word_1_341' title='bbox 300 4028 403 4082; x_wconf 81' lang='lat' dir='ltr'>His</span> <span class='ocrx_word' id='word_1_342' title='bbox 444 4027 827 4081; x_wconf 82' lang='lat' dir='ltr'>incitamentis</span> <span class='ocrx_word' id='word_1_343' title='bbox 872 4026 1145 4081; x_wconf 89' lang='lat' dir='ltr'>commoti</span> <span class='ocrx_word' id='word_1_344' title='bbox 1186 4026 1520 4097; x_wconf 86' lang='lat' dir='ltr'>Superiores</span> <span class='ocrx_word' id='word_1_345' title='bbox 1568 4026 1769 4095; x_wconf 88' lang='lat' dir='ltr'>nostri,</span> <span class='ocrx_word' id='word_1_346' title='bbox 1801 4026 1889 4079; x_wconf 87' lang='lat' dir='ltr'>vix</span> <span class='ocrx_word' id='word_1_347' title='bbox 1922 4031 2113 4079; x_wconf 90' lang='lat' dir='ltr'>tamen</span> <span class='ocrx_word' id='word_1_348' title='bbox 2146 4024 2214 4078; x_wconf 90' lang='lat' dir='ltr'>ad</span> <span class='ocrx_word' id='word_1_349' title='bbox 2244 4028 2470 4078; x_wconf 88' lang='lat' dir='ltr'>vastum</span> <span class='ocrx_word' id='word_1_350' title='bbox 2515 4024 2678 4079; x_wconf 89' lang='lat' dir='ltr'>illum</span> <span class='ocrx_word' id='word_1_351' title='bbox 2726 4025 2979 4079; x_wconf 88' lang='lat' dir='ltr'>laborem</span> <span class='ocrx_word' id='word_1_352' title='bbox 3026 4027 3410 4096; x_wconf 89' lang='lat' dir='ltr'>subeundum,</span> <span class='ocrx_word' id='word_1_353' title='bbox 3464 4036 3526 4085; x_wconf 91' lang='lat' dir='ltr'>ut</span> <span class='ocrx_word' id='word_1_354' title='bbox 3579 4038 3745 4088; x_wconf 88' lang='lat' dir='ltr'>erant</span> 
     </span>
    </p>
   </div>
   <div class='ocr_carea' id='block_1_35' title="bbox 227 4112 3740 4190">
    <p class='ocr_par' dir='ltr' id='par_1_35' title="bbox 227 4112 3740 4190">
     <span class='ocr_line' id='line_1_35' title="bbox 227 4112 3740 4190; baseline 0.001 -18"><span class='ocrx_word' id='word_1_355' title='bbox 227 4118 610 4189; x_wconf 89' lang='lat' dir='ltr'>perspicaces,</span> <span class='ocrx_word' id='word_1_356' title='bbox 642 4116 847 4172; x_wconf 91' lang='lat' dir='ltr'>adduci</span> <span class='ocrx_word' id='word_1_357' title='bbox 894 4121 1167 4187; x_wconf 88' lang='lat' dir='ltr'>potuere;</span> <span class='ocrx_word' id='word_1_358' title='bbox 1220 4115 1348 4180; x_wconf 83' lang='lat' dir='ltr'>rati,</span> <span class='ocrx_word' id='word_1_359' title='bbox 1384 4114 1443 4169; x_wconf 92' lang='lat' dir='ltr'>id</span> <span class='ocrx_word' id='word_1_360' title='bbox 1473 4113 1621 4185; x_wconf 91' lang='lat' dir='ltr'>quod</span> <span class='ocrx_word' id='word_1_361' title='bbox 1653 4112 1840 4167; x_wconf 89' lang='lat' dir='ltr'>docuit</span> <span class='ocrx_word' id='word_1_362' title='bbox 1872 4116 2124 4181; x_wconf 88' lang='lat' dir='ltr'>eventus,</span> <span class='ocrx_word' id='word_1_363' title='bbox 2177 4128 2301 4166; x_wconf 91' lang='lat' dir='ltr'>rem</span> <span class='ocrx_word' id='word_1_364' title='bbox 2342 4130 2460 4167; x_wconf 88' lang='lat' dir='ltr'>esse</span> <span class='ocrx_word' id='word_1_365' title='bbox 2490 4114 2629 4168; x_wconf 66' lang='lat' dir='ltr'>alere</span> <span class='ocrx_word' id='word_1_366' title='bbox 2680 4131 2741 4169; x_wconf 89' lang='lat' dir='ltr'>ac</span> <span class='ocrx_word' id='word_1_367' title='bbox 2787 4115 3137 4169; x_wconf 79' lang='lat' dir='ltr'>difficultatis</span> <span class='ocrx_word' id='word_1_368' title='bbox 3182 4119 3428 4188; x_wconf 84' lang='lat' dir='ltr'>plenam,</span> <span class='ocrx_word' id='word_1_369' title='bbox 3471 4121 3648 4190; x_wconf 76' lang='lat' dir='ltr'>cujus,</span> <span class='ocrx_word' id='word_1_370' title='bbox 3696 4122 3740 4175; x_wconf 89' lang='lat' dir='ltr'>si</span> 
     </span>
    </p>
   </div>
   <div class='ocr_carea' id='block_1_36' title="bbox 228 4199 3741 4274">
    <p class='ocr_par' dir='ltr' id='par_1_36' title="bbox 228 4199 3741 4274">
     <span class='ocr_line' id='line_1_36' title="bbox 228 4199 3741 4274; baseline 0.001 -15"><span class='ocrx_word' id='word_1_371' title='bbox 228 4207 429 4260; x_wconf 89' lang='lat' dir='ltr'>minus</span> <span class='ocrx_word' id='word_1_372' title='bbox 460 4223 526 4259; x_wconf 88' lang='lat' dir='ltr'>ea</span> <span class='ocrx_word' id='word_1_373' title='bbox 556 4206 897 4271; x_wconf 89' lang='lat' dir='ltr'>succederet,</span> <span class='ocrx_word' id='word_1_374' title='bbox 928 4205 1155 4258; x_wconf 89' lang='lat' dir='ltr'>incauta</span> <span class='ocrx_word' id='word_1_375' title='bbox 1187 4209 1242 4258; x_wconf 88' lang='lat' dir='ltr'>et</span> <span class='ocrx_word' id='word_1_376' title='bbox 1268 4202 1604 4274; x_wconf 88' lang='lat' dir='ltr'>imprudens</span> <span class='ocrx_word' id='word_1_377' title='bbox 1636 4199 1856 4255; x_wconf 86' lang='lat' dir='ltr'>molitio</span> <span class='ocrx_word' id='word_1_378' title='bbox 1887 4199 2052 4253; x_wconf 88' lang='lat' dir='ltr'>nobis</span> <span class='ocrx_word' id='word_1_379' title='bbox 2078 4201 2289 4271; x_wconf 87' lang='lat' dir='ltr'>probro</span> <span class='ocrx_word' id='word_1_380' title='bbox 2319 4207 2598 4269; x_wconf 88' lang='lat' dir='ltr'>verteret;</span> <span class='ocrx_word' id='word_1_381' title='bbox 2628 4204 2675 4257; x_wconf 91' lang='lat' dir='ltr'>si</span> <span class='ocrx_word' id='word_1_382' title='bbox 2702 4204 2867 4269; x_wconf 89' lang='lat' dir='ltr'>bene,</span> <span class='ocrx_word' id='word_1_383' title='bbox 2900 4203 3110 4258; x_wconf 90' lang='lat' dir='ltr'>invidia</span> <span class='ocrx_word' id='word_1_384' title='bbox 3138 4205 3283 4259; x_wconf 89' lang='lat' dir='ltr'>forte</span> <span class='ocrx_word' id='word_1_385' title='bbox 3314 4207 3373 4260; x_wconf 91' lang='lat' dir='ltr'>in</span> <span class='ocrx_word' id='word_1_386' title='bbox 3406 4224 3505 4261; x_wconf 91' lang='lat' dir='ltr'>nos</span> <span class='ocrx_word' id='word_1_387' title='bbox 3531 4209 3741 4263; x_wconf 91' lang='lat' dir='ltr'>redun-</span> 
     </span>
    </p>
   </div>
   <div class='ocr_carea' id='block_1_37' title="bbox 231 4289 3743 4368">
    <p class='ocr_par' dir='ltr' id='par_1_37' title="bbox 231 4289 3743 4368">
     <span class='ocr_line' id='line_1_37' title="bbox 231 4289 3743 4368; baseline 0.001 -22"><span class='ocrx_word' id='word_1_388' title='bbox 231 4294 419 4349; x_wconf 85' lang='lat' dir='ltr'>daret.</span> <span class='ocrx_word' id='word_1_389' title='bbox 468 4295 677 4349; x_wconf 88' lang='lat' dir='ltr'>Deinde</span> <span class='ocrx_word' id='word_1_390' title='bbox 708 4295 1077 4348; x_wconf 90' lang='lat' dir='ltr'>temerarium</span> <span class='ocrx_word' id='word_1_391' title='bbox 1116 4293 1432 4359; x_wconf 88' lang='lat' dir='ltr'>videbatur,</span> <span class='ocrx_word' id='word_1_392' title='bbox 1476 4290 1789 4345; x_wconf 89' lang='lat' dir='ltr'>secundum</span> <span class='ocrx_word' id='word_1_393' title='bbox 1837 4289 2212 4344; x_wconf 87' lang='lat' dir='ltr'>Lovanienses</span> <span class='ocrx_word' id='word_1_394' title='bbox 2266 4291 2579 4363; x_wconf 90' lang='lat' dir='ltr'>Theologos</span> <span class='ocrx_word' id='word_1_395' title='bbox 2629 4292 2999 4359; x_wconf 87' lang='lat' dir='ltr'>doctissimos,</span> <span class='ocrx_word' id='word_1_396' title='bbox 3035 4294 3104 4347; x_wconf 91' lang='lat' dir='ltr'>de</span> <span class='ocrx_word' id='word_1_397' title='bbox 3136 4295 3477 4363; x_wconf 83' lang='lat' dir='ltr'>Augustino,</span> <span class='ocrx_word' id='word_1_398' title='bbox 3510 4300 3743 4368; x_wconf 87' lang='lat' dir='ltr'>totaque</span> 
     </span>
    </p>
   </div>
   <div class='ocr_carea' id='block_1_38' title="bbox 229 4378 3742 4457">
    <p class='ocr_par' dir='ltr' id='par_1_38' title="bbox 229 4378 3742 4457">
     <span class='ocr_line' id='line_1_38' title="bbox 229 4378 3742 4457; baseline 0.002 -22"><span class='ocrx_word' id='word_1_399' title='bbox 229 4382 524 4452; x_wconf 85' lang='lat' dir='ltr'>republica</span> <span class='ocrx_word' id='word_1_400' title='bbox 545 4384 851 4437; x_wconf 88' lang='lat' dir='ltr'>christiana</span> <span class='ocrx_word' id='word_1_401' title='bbox 874 4382 1088 4452; x_wconf 91' lang='lat' dir='ltr'>optime</span> <span class='ocrx_word' id='word_1_402' title='bbox 1111 4382 1365 4441; x_wconf 89' lang='lat' dir='ltr'>meritos,</span> <span class='ocrx_word' id='word_1_403' title='bbox 1388 4397 1595 4435; x_wconf 91' lang='lat' dir='ltr'>novam</span> <span class='ocrx_word' id='word_1_404' title='bbox 1621 4378 1799 4433; x_wconf 89' lang='lat' dir='ltr'>sancti</span> <span class='ocrx_word' id='word_1_405' title='bbox 1831 4379 2084 4432; x_wconf 91' lang='lat' dir='ltr'>Doctoris</span> <span class='ocrx_word' id='word_1_406' title='bbox 2105 4380 2353 4451; x_wconf 87' lang='lat' dir='ltr'>Operum</span> <span class='ocrx_word' id='word_1_407' title='bbox 2383 4381 2695 4436; x_wconf 90' lang='lat' dir='ltr'>editionem</span> <span class='ocrx_word' id='word_1_408' title='bbox 2727 4382 2987 4436; x_wconf 89' lang='lat' dir='ltr'>meditari</span> <span class='ocrx_word' id='word_1_409' title='bbox 3014 4399 3026 4436; x_wconf 91' lang='lat'>:</span> <span class='ocrx_word' id='word_1_410' title='bbox 3053 4382 3266 4453; x_wconf 88' lang='lat' dir='ltr'>quippe</span> <span class='ocrx_word' id='word_1_411' title='bbox 3290 4383 3379 4439; x_wconf 86' lang='lat' dir='ltr'>vix</span> <span class='ocrx_word' id='word_1_412' title='bbox 3407 4385 3529 4439; x_wconf 84' lang='lat' dir='ltr'>fieri</span> <span class='ocrx_word' id='word_1_413' title='bbox 3550 4402 3742 4457; x_wconf 82' lang='lat' dir='ltr'>posse,</span> 
     </span>
    </p>
   </div>
   <div class='ocr_carea' id='block_1_39' title="bbox 230 4467 2155 4541">
    <p class='ocr_par' dir='ltr' id='par_1_39' title="bbox 230 4467 2155 4541">
     <span class='ocr_line' id='line_1_39' title="bbox 230 4467 2155 4541; baseline -0.002 -17"><span class='ocrx_word' id='word_1_414' title='bbox 230 4476 293 4524; x_wconf 89' lang='lat' dir='ltr'>ut</span> <span class='ocrx_word' id='word_1_415' title='bbox 324 4488 357 4524; x_wconf 89' lang='lat' dir='ltr'>a</span> <span class='ocrx_word' id='word_1_416' title='bbox 392 4471 554 4524; x_wconf 90' lang='lat' dir='ltr'>nobis</span> <span class='ocrx_word' id='word_1_417' title='bbox 582 4488 783 4525; x_wconf 90' lang='lat' dir='ltr'>eorum</span> <span class='ocrx_word' id='word_1_418' title='bbox 816 4470 1112 4541; x_wconf 86' lang='lat' dir='ltr'>diligentia</span> <span class='ocrx_word' id='word_1_419' title='bbox 1150 4475 1493 4541; x_wconf 80' lang='lat' dir='ltr'>aequaretur,</span> <span class='ocrx_word' id='word_1_420' title='bbox 1526 4467 1739 4522; x_wconf 90' lang='lat' dir='ltr'>nedum</span> <span class='ocrx_word' id='word_1_421' title='bbox 1771 4471 2155 4536; x_wconf 89' lang='lat' dir='ltr'>superaretur.</span> 
     </span>
    </p>
   </div>
   <div class='ocr_carea' id='block_1_40' title="bbox 296 4556 3739 4628">
    <p class='ocr_par' dir='ltr' id='par_1_40' title="bbox 296 4556 3739 4628">
     <span class='ocr_line' id='line_1_40' title="bbox 296 4556 3739 4628; baseline 0.001 -14"><span class='ocrx_word' id='word_1_422' title='bbox 296 4561 382 4614; x_wconf 81' lang='lat' dir='ltr'>Ad</span> <span class='ocrx_word' id='word_1_423' title='bbox 416 4560 537 4614; x_wconf 63' lang='lat' dir='ltr'>haec</span> <span class='ocrx_word' id='word_1_424' title='bbox 567 4561 933 4615; x_wconf 87' lang='lat' dir='ltr'>recurrebant</span> <span class='ocrx_word' id='word_1_425' title='bbox 970 4560 1159 4613; x_wconf 91' lang='lat' dir='ltr'>animo</span> <span class='ocrx_word' id='word_1_426' title='bbox 1188 4564 1407 4613; x_wconf 85' lang='lat' dir='ltr'>veteres</span> <span class='ocrx_word' id='word_1_427' title='bbox 1436 4556 1835 4611; x_wconf 68' lang='lat' dir='ltr'>controversia:</span> <span class='ocrx_word' id='word_1_428' title='bbox 1866 4572 1930 4609; x_wconf 90' lang='lat' dir='ltr'>ac</span> <span class='ocrx_word' id='word_1_429' title='bbox 1959 4556 2116 4623; x_wconf 63' lang='lat' dir='ltr'>rixas,</span> <span class='ocrx_word' id='word_1_430' title='bbox 2148 4573 2276 4627; x_wconf 66' lang='lat' dir='ltr'>qua:</span> <span class='ocrx_word' id='word_1_431' title='bbox 2307 4574 2373 4611; x_wconf 85' lang='lat' dir='ltr'>ex</span> <span class='ocrx_word' id='word_1_432' title='bbox 2404 4558 2582 4612; x_wconf 88' lang='lat' dir='ltr'>sancti</span> <span class='ocrx_word' id='word_1_433' title='bbox 2614 4559 2867 4613; x_wconf 89' lang='lat' dir='ltr'>Doctoris</span> <span class='ocrx_word' id='word_1_434' title='bbox 2900 4557 3124 4628; x_wconf 90' lang='lat' dir='ltr'>scriptis</span> <span class='ocrx_word' id='word_1_435' title='bbox 3157 4564 3214 4613; x_wconf 88' lang='lat' dir='ltr'>et</span> <span class='ocrx_word' id='word_1_436' title='bbox 3243 4560 3504 4615; x_wconf 88' lang='lat' dir='ltr'>doctrina</span> <span class='ocrx_word' id='word_1_437' title='bbox 3535 4561 3739 4617; x_wconf 84' lang='lat' dir='ltr'>identi-</span> 
     </span>
    </p>
   </div>
   <div class='ocr_carea' id='block_1_41' title="bbox 229 4643 3742 4716">
    <p class='ocr_par' dir='ltr' id='par_1_41' title="bbox 229 4643 3742 4716">
     <span class='ocr_line' id='line_1_41' title="bbox 229 4643 3742 4716; baseline 0.001 -14"><span class='ocrx_word' id='word_1_438' title='bbox 229 4649 360 4703; x_wconf 89' lang='lat' dir='ltr'>dem</span> <span class='ocrx_word' id='word_1_439' title='bbox 395 4648 458 4701; x_wconf 92' lang='lat' dir='ltr'>in</span> <span class='ocrx_word' id='word_1_440' title='bbox 488 4650 729 4703; x_wconf 84' lang='lat' dir='ltr'>Ecclesia</span> <span class='ocrx_word' id='word_1_441' title='bbox 759 4648 1015 4703; x_wconf 76' lang='lat' dir='ltr'>excitata:</span> <span class='ocrx_word' id='word_1_442' title='bbox 1046 4649 1299 4715; x_wconf 89' lang='lat' dir='ltr'>fuerant;</span> <span class='ocrx_word' id='word_1_443' title='bbox 1332 4646 1788 4716; x_wconf 85' lang='lat' dir='ltr'>verebanturque</span> <span class='ocrx_word' id='word_1_444' title='bbox 1821 4643 1924 4711; x_wconf 86' lang='lat' dir='ltr'>illi,</span> <span class='ocrx_word' id='word_1_445' title='bbox 1957 4660 2049 4712; x_wconf 88' lang='lat' dir='ltr'>ne,</span> <span class='ocrx_word' id='word_1_446' title='bbox 2083 4645 2222 4700; x_wconf 91' lang='lat' dir='ltr'>dum</span> <span class='ocrx_word' id='word_1_447' title='bbox 2256 4646 2511 4701; x_wconf 67' lang='lat' dir='ltr'>Ecclesia:</span> <span class='ocrx_word' id='word_1_448' title='bbox 2543 4648 2650 4700; x_wconf 92' lang='lat' dir='ltr'>hoc</span> <span class='ocrx_word' id='word_1_449' title='bbox 2684 4650 2924 4702; x_wconf 84' lang='lat' dir='ltr'>fratrum</span> <span class='ocrx_word' id='word_1_450' title='bbox 2954 4663 3190 4701; x_wconf 88' lang='lat' dir='ltr'>suorum</span> <span class='ocrx_word' id='word_1_451' title='bbox 3222 4648 3417 4704; x_wconf 90' lang='lat' dir='ltr'>labore</span> <span class='ocrx_word' id='word_1_452' title='bbox 3447 4653 3742 4705; x_wconf 89' lang='lat' dir='ltr'>consulere</span> 
     </span>
    </p>
   </div>
   <div class='ocr_carea' id='block_1_42' title="bbox 225 4734 3737 4810">
    <p class='ocr_par' dir='ltr' id='par_1_42' title="bbox 225 4734 3737 4810">
     <span class='ocr_line' id='line_1_42' title="bbox 225 4734 3737 4810; baseline 0 -17"><span class='ocrx_word' id='word_1_453' title='bbox 225 4744 517 4810; x_wconf 85' lang='lat' dir='ltr'>optarent,</span> <span class='ocrx_word' id='word_1_454' title='bbox 550 4755 822 4793; x_wconf 89' lang='lat' dir='ltr'>novarum</span> <span class='ocrx_word' id='word_1_455' title='bbox 852 4737 1287 4792; x_wconf 88' lang='lat' dir='ltr'>altercationum</span> <span class='ocrx_word' id='word_1_456' title='bbox 1312 4736 1532 4790; x_wconf 90' lang='lat' dir='ltr'>semina</span> <span class='ocrx_word' id='word_1_457' title='bbox 1552 4735 1683 4789; x_wconf 91' lang='lat' dir='ltr'>inde</span> <span class='ocrx_word' id='word_1_458' title='bbox 1710 4734 2015 4800; x_wconf 91' lang='lat' dir='ltr'>orirentur,</span> <span class='ocrx_word' id='word_1_459' title='bbox 2045 4735 2129 4788; x_wconf 89' lang='lat' dir='ltr'>uti</span> <span class='ocrx_word' id='word_1_460' title='bbox 2153 4736 2505 4806; x_wconf 88' lang='lat' dir='ltr'>experientia</span> <span class='ocrx_word' id='word_1_461' title='bbox 2525 4753 2639 4790; x_wconf 91' lang='lat' dir='ltr'>non</span> <span class='ocrx_word' id='word_1_462' title='bbox 2666 4738 2838 4790; x_wconf 90' lang='lat' dir='ltr'>semel</span> <span class='ocrx_word' id='word_1_463' title='bbox 2870 4736 3175 4806; x_wconf 90' lang='lat' dir='ltr'>probatum</span> <span class='ocrx_word' id='word_1_464' title='bbox 3204 4743 3323 4792; x_wconf 88' lang='lat' dir='ltr'>est:</span> <span class='ocrx_word' id='word_1_465' title='bbox 3352 4756 3558 4809; x_wconf 88' lang='lat' dir='ltr'>nempe</span> <span class='ocrx_word' id='word_1_466' title='bbox 3583 4740 3737 4810; x_wconf 89' lang='lat' dir='ltr'>quod</span> 
     </span>
    </p>
   </div>
   <div class='ocr_carea' id='block_1_43' title="bbox 226 4822 3740 4898">
    <p class='ocr_par' dir='ltr' id='par_1_43' title="bbox 226 4822 3740 4898">
     <span class='ocr_line' id='line_1_43' title="bbox 226 4822 3740 4898; baseline 0 -17"><span class='ocrx_word' id='word_1_467' title='bbox 226 4830 371 4882; x_wconf 87' lang='lat' dir='ltr'>tanti</span> <span class='ocrx_word' id='word_1_468' title='bbox 404 4828 510 4881; x_wconf 84' lang='lat' dir='ltr'>viri</span> <span class='ocrx_word' id='word_1_469' title='bbox 540 4828 799 4883; x_wconf 88' lang='lat' dir='ltr'>doctrina</span> <span class='ocrx_word' id='word_1_470' title='bbox 828 4831 885 4883; x_wconf 92' lang='lat' dir='ltr'>et</span> <span class='ocrx_word' id='word_1_471' title='bbox 914 4828 1167 4882; x_wconf 90' lang='lat' dir='ltr'>humano</span> <span class='ocrx_word' id='word_1_472' title='bbox 1199 4825 1431 4897; x_wconf 90' lang='lat' dir='ltr'>ingenio</span> <span class='ocrx_word' id='word_1_473' title='bbox 1464 4828 1633 4896; x_wconf 88' lang='lat' dir='ltr'>captu</span> <span class='ocrx_word' id='word_1_474' title='bbox 1675 4822 1747 4877; x_wconf 91' lang='lat' dir='ltr'>sit</span> <span class='ocrx_word' id='word_1_475' title='bbox 1783 4822 2051 4887; x_wconf 82' lang='lat' dir='ltr'>difﬁcilis,</span> <span class='ocrx_word' id='word_1_476' title='bbox 2087 4827 2144 4877; x_wconf 90' lang='lat' dir='ltr'>et</span> <span class='ocrx_word' id='word_1_477' title='bbox 2173 4824 2506 4879; x_wconf 88' lang='lat' dir='ltr'>mortalium</span> <span class='ocrx_word' id='word_1_478' title='bbox 2536 4825 2832 4897; x_wconf 79' lang='lat' dir='ltr'>capiditati</span> <span class='ocrx_word' id='word_1_479' title='bbox 2880 4842 2942 4879; x_wconf 90' lang='lat' dir='ltr'>ac</span> <span class='ocrx_word' id='word_1_480' title='bbox 2984 4828 3265 4897; x_wconf 73' lang='lat' dir='ltr'>superbiae</span> <span class='ocrx_word' id='word_1_481' title='bbox 3300 4844 3508 4898; x_wconf 87' lang='lat' dir='ltr'>parum</span> <span class='ocrx_word' id='word_1_482' title='bbox 3547 4829 3740 4883; x_wconf 87' lang='lat' dir='ltr'>favens</span> 
     </span>
    </p>
   </div>
   <div class='ocr_carea' id='block_1_44' title="bbox 228 4922 576 4986">
    <p class='ocr_par' dir='ltr' id='par_1_44' title="bbox 228 4922 576 4986">
     <span class='ocr_line' id='line_1_44' title="bbox 228 4922 576 4986; baseline 0.009 -17"><span class='ocrx_word' id='word_1_483' title='bbox 228 4922 283 4971; x_wconf 88' lang='lat' dir='ltr'>et</span> <span class='ocrx_word' id='word_1_484' title='bbox 314 4923 576 4986; x_wconf 87' lang='lat' dir='ltr'>accepta.</span> 
     </span>
    </p>
   </div>
   <div class='ocr_carea' id='block_1_45' title="bbox 294 5000 3737 5078">
    <p class='ocr_par' dir='ltr' id='par_1_45' title="bbox 294 5000 3737 5078">
     <span class='ocr_line' id='line_1_45' title="bbox 294 5000 3737 5078; baseline 0.001 -20"><span class='ocrx_word' id='word_1_485' title='bbox 294 5008 515 5061; x_wconf 77' lang='lat' dir='ltr'>Verum</span> <span class='ocrx_word' id='word_1_486' title='bbox 543 5006 644 5059; x_wconf 88' lang='lat' dir='ltr'>has</span> <span class='ocrx_word' id='word_1_487' title='bbox 674 5006 927 5077; x_wconf 88' lang='lat' dir='ltr'>aliasque</span> <span class='ocrx_word' id='word_1_488' title='bbox 976 5003 1336 5060; x_wconf 74' lang='lat' dir='ltr'>difficultates</span> <span class='ocrx_word' id='word_1_489' title='bbox 1364 5019 1599 5075; x_wconf 89' lang='lat' dir='ltr'>prorsus</span> <span class='ocrx_word' id='word_1_490' title='bbox 1628 5000 1892 5056; x_wconf 88' lang='lat' dir='ltr'>discussit</span> <span class='ocrx_word' id='word_1_491' title='bbox 1926 5015 1989 5053; x_wconf 92' lang='lat' dir='ltr'>ac</span> <span class='ocrx_word' id='word_1_492' title='bbox 2022 5000 2265 5055; x_wconf 91' lang='lat' dir='ltr'>removit</span> <span class='ocrx_word' id='word_1_493' title='bbox 2294 5019 2517 5057; x_wconf 90' lang='lat' dir='ltr'>summa</span> <span class='ocrx_word' id='word_1_494' title='bbox 2550 5002 2805 5073; x_wconf 90' lang='lat' dir='ltr'>dignatio</span> <span class='ocrx_word' id='word_1_495' title='bbox 2856 5004 3123 5059; x_wconf 87' lang='lat' dir='ltr'>Ludovici</span> <span class='ocrx_word' id='word_1_496' title='bbox 3156 5006 3365 5077; x_wconf 87' lang='lat' dir='ltr'>Magni,</span> <span class='ocrx_word' id='word_1_497' title='bbox 3400 5006 3500 5078; x_wconf 89' lang='lat' dir='ltr'>qui</span> <span class='ocrx_word' id='word_1_498' title='bbox 3532 5023 3737 5061; x_wconf 88' lang='lat' dir='ltr'>novam</span> 
     </span>
    </p>
   </div>
   <div class='ocr_carea' id='block_1_46' title="bbox 227 5089 3041 5166">
    <p class='ocr_par' dir='ltr' id='par_1_46' title="bbox 227 5089 3041 5166">
     <span class='ocr_line' id='line_1_46' title="bbox 227 5089 3041 5166; baseline -0.001 -16"><span class='ocrx_word' id='word_1_499' title='bbox 227 5096 377 5151; x_wconf 86' lang='lat' dir='ltr'>hanc</span> <span class='ocrx_word' id='word_1_500' title='bbox 413 5096 725 5150; x_wconf 86' lang='lat' dir='ltr'>editionem</span> <span class='ocrx_word' id='word_1_501' title='bbox 758 5095 1157 5166; x_wconf 87' lang='lat' dir='ltr'>augustissimo</span> <span class='ocrx_word' id='word_1_502' title='bbox 1186 5110 1286 5148; x_wconf 90' lang='lat' dir='ltr'>suo</span> <span class='ocrx_word' id='word_1_503' title='bbox 1316 5094 1545 5147; x_wconf 91' lang='lat' dir='ltr'>nomine</span> <span class='ocrx_word' id='word_1_504' title='bbox 1576 5089 1870 5154; x_wconf 87' lang='lat' dir='ltr'>illustrari,</span> <span class='ocrx_word' id='word_1_505' title='bbox 1893 5104 1957 5141; x_wconf 88' lang='lat' dir='ltr'>ac</span> <span class='ocrx_word' id='word_1_506' title='bbox 1985 5089 2301 5158; x_wconf 88' lang='lat' dir='ltr'>patrocinio</span> <span class='ocrx_word' id='word_1_507' title='bbox 2333 5091 2489 5161; x_wconf 89' lang='lat' dir='ltr'>regio</span> <span class='ocrx_word' id='word_1_508' title='bbox 2518 5091 2731 5145; x_wconf 90' lang='lat' dir='ltr'>muniri</span> <span class='ocrx_word' id='word_1_509' title='bbox 2760 5093 3041 5162; x_wconf 91' lang='lat' dir='ltr'>permisit.</span> 
     </span>
    </p>
   </div>
   <div class='ocr_carea' id='block_1_47' title="bbox 290 5176 3736 5254">
    <p class='ocr_par' dir='ltr' id='par_1_47' title="bbox 290 5176 3736 5254">
     <span class='ocr_line' id='line_1_47' title="bbox 290 5176 3736 5254; baseline -0.001 -17"><span class='ocrx_word' id='word_1_510' title='bbox 290 5183 545 5238; x_wconf 78' lang='lat' dir='ltr'>Accessit</span> <span class='ocrx_word' id='word_1_511' title='bbox 572 5184 807 5254; x_wconf 88' lang='lat' dir='ltr'>insuper</span> <span class='ocrx_word' id='word_1_512' title='bbox 836 5182 1251 5254; x_wconf 87' lang='lat' dir='ltr'>amplissimum</span> <span class='ocrx_word' id='word_1_513' title='bbox 1283 5181 1449 5253; x_wconf 84' lang='lat' dir='ltr'>Regis</span> <span class='ocrx_word' id='word_1_514' title='bbox 1478 5178 1842 5251; x_wconf 90' lang='lat' dir='ltr'>privilegium</span> <span class='ocrx_word' id='word_1_515' title='bbox 1870 5176 1930 5229; x_wconf 92' lang='lat' dir='ltr'>in</span> <span class='ocrx_word' id='word_1_516' title='bbox 1960 5176 2205 5245; x_wconf 88' lang='lat' dir='ltr'>gratiam</span> <span class='ocrx_word' id='word_1_517' title='bbox 2229 5194 2387 5231; x_wconf 66' lang='lat' dir='ltr'>novre</span> <span class='ocrx_word' id='word_1_518' title='bbox 2417 5178 2705 5248; x_wconf 88' lang='lat' dir='ltr'>editionis,</span> <span class='ocrx_word' id='word_1_519' title='bbox 2735 5180 3106 5235; x_wconf 90' lang='lat' dir='ltr'>illustrissimi</span> <span class='ocrx_word' id='word_1_520' title='bbox 3137 5182 3389 5236; x_wconf 64' lang='lat' dir='ltr'>Franciaa</span> <span class='ocrx_word' id='word_1_521' title='bbox 3416 5182 3736 5235; x_wconf 82' lang='lat' dir='ltr'>cancellarii</span> 
     </span>
    </p>
   </div>
   <div class='ocr_carea' id='block_1_48' title="bbox 228 5264 3738 5341">
    <p class='ocr_par' dir='ltr' id='par_1_48' title="bbox 228 5264 3738 5341">
     <span class='ocr_line' id='line_1_48' title="bbox 228 5264 3738 5341; baseline -0.001 -15"><span class='ocrx_word' id='word_1_522' title='bbox 228 5272 520 5327; x_wconf 67' lang='lat' dir='ltr'>Michaelis</span> <span class='ocrx_word' id='word_1_523' title='bbox 548 5271 777 5326; x_wconf 89' lang='lat' dir='ltr'>Tellerii</span> <span class='ocrx_word' id='word_1_524' title='bbox 806 5271 1158 5336; x_wconf 85' lang='lat' dir='ltr'>auctoritate,</span> <span class='ocrx_word' id='word_1_525' title='bbox 1192 5268 1465 5341; x_wconf 89' lang='lat' dir='ltr'>regioque</span> <span class='ocrx_word' id='word_1_526' title='bbox 1495 5268 1677 5322; x_wconf 90' lang='lat' dir='ltr'>edicto</span> <span class='ocrx_word' id='word_1_527' title='bbox 1700 5270 1999 5330; x_wconf 89' lang='lat' dir='ltr'>assertum,</span> <span class='ocrx_word' id='word_1_528' title='bbox 2034 5264 2475 5319; x_wconf 84' lang='lat' dir='ltr'>reclamantibus</span> <span class='ocrx_word' id='word_1_529' title='bbox 2500 5272 2555 5319; x_wconf 90' lang='lat' dir='ltr'>et</span> <span class='ocrx_word' id='word_1_530' title='bbox 2584 5267 2990 5322; x_wconf 88' lang='lat' dir='ltr'>obsistentibus</span> <span class='ocrx_word' id='word_1_531' title='bbox 3012 5268 3298 5323; x_wconf 88' lang='lat' dir='ltr'>incassum</span> <span class='ocrx_word' id='word_1_532' title='bbox 3331 5269 3619 5322; x_wconf 90' lang='lat' dir='ltr'>nonnullis</span> <span class='ocrx_word' id='word_1_533' title='bbox 3658 5270 3738 5323; x_wconf 89' lang='lat' dir='ltr'>bi-</span> 
     </span>
    </p>
   </div>
   <div class='ocr_carea' id='block_1_49' title="bbox 226 5352 3739 5431">
    <p class='ocr_par' dir='ltr' id='par_1_49' title="bbox 226 5352 3739 5431">
     <span class='ocr_line' id='line_1_49' title="bbox 226 5352 3739 5431; baseline 0 -19"><span class='ocrx_word' id='word_1_534' title='bbox 226 5360 517 5431; x_wconf 85' lang='lat' dir='ltr'>bliopolis,</span> <span class='ocrx_word' id='word_1_535' title='bbox 566 5377 708 5431; x_wconf 88' lang='lat' dir='ltr'>quos</span> <span class='ocrx_word' id='word_1_536' title='bbox 749 5359 952 5413; x_wconf 90' lang='lat' dir='ltr'>occulti</span> <span class='ocrx_word' id='word_1_537' title='bbox 992 5358 1227 5430; x_wconf 86' lang='lat' dir='ltr'>quidam</span> <span class='ocrx_word' id='word_1_538' title='bbox 1284 5356 1589 5412; x_wconf 87' lang='lat' dir='ltr'>adversarii</span> <span class='ocrx_word' id='word_1_539' title='bbox 1645 5355 1714 5410; x_wconf 89' lang='lat' dir='ltr'>ad</span> <span class='ocrx_word' id='word_1_540' title='bbox 1769 5352 2143 5408; x_wconf 83' lang='lat' dir='ltr'>avertendum</span> <span class='ocrx_word' id='word_1_541' title='bbox 2204 5369 2365 5407; x_wconf 68' lang='lat' dir='ltr'>novre</span> <span class='ocrx_word' id='word_1_542' title='bbox 2404 5354 2670 5409; x_wconf 89' lang='lat' dir='ltr'>editionis</span> <span class='ocrx_word' id='word_1_543' title='bbox 2712 5356 3068 5426; x_wconf 89' lang='lat' dir='ltr'>propositum</span> <span class='ocrx_word' id='word_1_544' title='bbox 3129 5356 3451 5410; x_wconf 91' lang='lat' dir='ltr'>clanculum</span> <span class='ocrx_word' id='word_1_545' title='bbox 3508 5357 3739 5429; x_wconf 88' lang='lat' dir='ltr'>instiga-</span> 
     </span>
    </p>
   </div>
   <div class='ocr_carea' id='block_1_50' title="bbox 222 5442 3735 5527">
    <p class='ocr_par' dir='ltr' id='par_1_50' title="bbox 222 5442 3735 5527">
     <span class='ocr_line' id='line_1_50' title="bbox 222 5442 3735 5527; baseline 0 -26"><span class='ocrx_word' id='word_1_546' title='bbox 222 5447 383 5505; x_wconf 85' lang='lat' dir='ltr'>bant.</span> <span class='ocrx_word' id='word_1_547' title='bbox 426 5450 617 5504; x_wconf 84' lang='lat' dir='ltr'>Tantis</span> <span class='ocrx_word' id='word_1_548' title='bbox 654 5448 785 5503; x_wconf 88' lang='lat' dir='ltr'>fulti</span> <span class='ocrx_word' id='word_1_549' title='bbox 824 5447 1125 5519; x_wconf 73' lang='lat' dir='ltr'>praesidiis,</span> <span class='ocrx_word' id='word_1_550' title='bbox 1157 5447 1381 5502; x_wconf 89' lang='lat' dir='ltr'>nullum</span> <span class='ocrx_word' id='word_1_551' title='bbox 1413 5444 1633 5500; x_wconf 90' lang='lat' dir='ltr'>obicem</span> <span class='ocrx_word' id='word_1_552' title='bbox 1670 5442 2141 5514; x_wconf 88' lang='lat' dir='ltr'>insuperabilem,</span> <span class='ocrx_word' id='word_1_553' title='bbox 2176 5442 2396 5496; x_wconf 89' lang='lat' dir='ltr'>nullam</span> <span class='ocrx_word' id='word_1_554' title='bbox 2427 5443 2703 5527; x_wconf 86' lang='lat' dir='ltr'>invidiam</span> <span class='ocrx_word' id='word_1_555' title='bbox 2734 5444 2900 5499; x_wconf 84' lang='lat' dir='ltr'>nobis</span> <span class='ocrx_word' id='word_1_556' title='bbox 2928 5444 3351 5500; x_wconf 86' lang='lat' dir='ltr'>formidandam</span> <span class='ocrx_word' id='word_1_557' title='bbox 3383 5461 3505 5499; x_wconf 90' lang='lat' dir='ltr'>esse</span> <span class='ocrx_word' id='word_1_558' title='bbox 3537 5446 3735 5501; x_wconf 79' lang='lat' dir='ltr'>existi-</span> 
     </span>
    </p>
   </div>
   <div class='ocr_carea' id='block_1_51' title="bbox 229 5538 535 5592">
    <p class='ocr_par' dir='ltr' id='par_1_51' title="bbox 229 5538 535 5592">
     <span class='ocr_line' id='line_1_51' title="bbox 229 5538 535 5592; baseline 0.01 -3"><span class='ocrx_word' id='word_1_559' title='bbox 229 5538 442 5591; x_wconf 85' lang='lat' dir='ltr'>mavim</span> <span class='ocrx_word' id='word_1_560' title='bbox 452 5555 535 5592; x_wconf 93' lang='lat' dir='ltr'>us.</span> 
     </span>
    </p>
   </div>
   <div class='ocr_carea' id='block_1_52' title="bbox 296 5619 3743 5691">
    <p class='ocr_par' dir='ltr' id='par_1_52' title="bbox 296 5619 3743 5691">
     <span class='ocr_line' id='line_1_52' title="bbox 296 5619 3743 5691; baseline -0.001 -11"><span class='ocrx_word' id='word_1_561' title='bbox 296 5628 425 5681; x_wconf 78' lang='lat' dir='ltr'>1am</span> <span class='ocrx_word' id='word_1_562' title='bbox 456 5643 588 5681; x_wconf 89' lang='lat' dir='ltr'>vero</span> <span class='ocrx_word' id='word_1_563' title='bbox 633 5642 705 5681; x_wconf 88' lang='lat' dir='ltr'>ne</span> <span class='ocrx_word' id='word_1_564' title='bbox 737 5626 845 5681; x_wconf 89' lang='lat' dir='ltr'>hoc</span> <span class='ocrx_word' id='word_1_565' title='bbox 889 5623 1188 5680; x_wconf 84' lang='lat' dir='ltr'>consilium</span> <span class='ocrx_word' id='word_1_566' title='bbox 1219 5624 1389 5680; x_wconf 89' lang='lat' dir='ltr'>nimis</span> <span class='ocrx_word' id='word_1_567' title='bbox 1417 5623 1599 5678; x_wconf 86' lang='lat' dir='ltr'>audax</span> <span class='ocrx_word' id='word_1_568' title='bbox 1631 5640 1694 5676; x_wconf 90' lang='lat' dir='ltr'>ac</span> <span class='ocrx_word' id='word_1_569' title='bbox 1724 5620 2096 5677; x_wconf 88' lang='lat' dir='ltr'>temerarium</span> <span class='ocrx_word' id='word_1_570' title='bbox 2126 5619 2435 5685; x_wconf 87' lang='lat' dir='ltr'>videretur,</span> <span class='ocrx_word' id='word_1_571' title='bbox 2466 5620 2767 5691; x_wconf 80' lang='lat' dir='ltr'>praeiverat</span> <span class='ocrx_word' id='word_1_572' title='bbox 2797 5621 3123 5690; x_wconf 86' lang='lat' dir='ltr'>exemplum</span> <span class='ocrx_word' id='word_1_573' title='bbox 3167 5620 3320 5674; x_wconf 90' lang='lat' dir='ltr'>Petri</span> <span class='ocrx_word' id='word_1_574' title='bbox 3364 5621 3565 5676; x_wconf 84' lang='lat' dir='ltr'>Morini</span> <span class='ocrx_word' id='word_1_575' title='bbox 3593 5623 3743 5676; x_wconf 84' lang='lat' dir='ltr'>Vati-</span> 
     </span>
    </p>
   </div>
   <div class='ocr_carea' id='block_1_53' title="bbox 230 5708 3743 5788">
    <p class='ocr_par' dir='ltr' id='par_1_53' title="bbox 230 5708 3743 5788">
     <span class='ocr_line' id='line_1_53' title="bbox 230 5708 3743 5788; baseline -0.001 -22"><span class='ocrx_word' id='word_1_576' title='bbox 230 5729 390 5770; x_wconf 73' lang='lat' dir='ltr'>cana:</span> <span class='ocrx_word' id='word_1_577' title='bbox 421 5714 822 5788; x_wconf 80' lang='lat' dir='ltr'>typographiae</span> <span class='ocrx_word' id='word_1_578' title='bbox 851 5712 1123 5785; x_wconf 64' lang='lat' dir='ltr'>praefecti,</span> <span class='ocrx_word' id='word_1_579' title='bbox 1147 5713 1499 5786; x_wconf 88' lang='lat' dir='ltr'>aliorumque</span> <span class='ocrx_word' id='word_1_580' title='bbox 1527 5713 1693 5766; x_wconf 83' lang='lat' dir='ltr'>almae</span> <span class='ocrx_word' id='word_1_581' title='bbox 1730 5709 1890 5766; x_wconf 89' lang='lat' dir='ltr'>Urbis</span> <span class='ocrx_word' id='word_1_582' title='bbox 1916 5708 2266 5764; x_wconf 86' lang='lat' dir='ltr'>eruditorum</span> <span class='ocrx_word' id='word_1_583' title='bbox 2291 5709 2565 5777; x_wconf 88' lang='lat' dir='ltr'>virorum,</span> <span class='ocrx_word' id='word_1_584' title='bbox 2598 5710 2832 5765; x_wconf 82' lang='lat' dir='ltr'>Adriani</span> <span class='ocrx_word' id='word_1_585' title='bbox 2856 5708 3097 5776; x_wconf 83' lang='lat' dir='ltr'>abbatis,</span> <span class='ocrx_word' id='word_1_586' title='bbox 3122 5713 3295 5781; x_wconf 86' lang='lat' dir='ltr'>atque</span> <span class='ocrx_word' id='word_1_587' title='bbox 3324 5709 3481 5765; x_wconf 88' lang='lat' dir='ltr'>Obrii</span> <span class='ocrx_word' id='word_1_588' title='bbox 3499 5710 3743 5765; x_wconf 87' lang='lat' dir='ltr'>doctoris</span> 
     </span>
    </p>
   </div>
  </div>
