4064 6188
313 379 370 429 15
1645 370 1918 422 ΡΗΑΞΡΑἸ

2206 370 2464 423 EHALIS.
3753 376 3811 425 ιδ

306 495 661 562 Parisiensis,
694 498 749 548 et
773 493 1036 558 aliorum,
1061 492 1158 562 qui
1189 493 1441 562 primum
1473 491 1628 546 Sixto
1655 491 1719 557 V,
1744 490 1876 545 dein
1908 491 2197 546 Clemente
2223 491 2363 556 VIII,
2391 491 2630 545 summis
2650 491 3045 555 Pontiﬁcibus,
3069 509 3275 546 novam
3302 495 3480 548 sancti
3505 495 3815 565 Augustini

305 582 857 640 commentationum
889 580 1202 635 editionem
1232 585 1362 651 post
1399 579 1557 634 illam
1590 579 1994 634 Lovaniensem
2024 579 2279 649 aggressi
2307 581 2551 649 fuerant,
2583 580 2692 634 rati
2721 580 2935 635 scilicet
2962 581 3225 652 egregios
3255 598 3374 636 esse
3405 583 3706 638 Vaticanus
3750 585 3816 639 li—

303 673 455 740 bros,
481 689 624 743 quos
655 669 1026 726 Lovanienses
1056 668 1295 723 minime
1325 667 1750 733 consuluerant,
1784 683 2173 738 magnumque
2203 684 2400 722 eorum
2430 685 2550 724 esse
2580 685 2910 737 numerum,
2939 670 3090 725 unde
3121 669 3291 725 varia:
3317 671 3594 726 lectiones
3625 688 3816 726 excer-

304 765 578 835 perentur
594 761 878 829 ;pleraque
898 761 1041 822 item,
1066 773 1185 827 qua
1204 760 1263 811 in
1281 757 1702 812 Loraniensz‘bus
1725 756 1906 821 libris,
1926 756 2274 824 quantumvis
2290 756 2580 821 accuratis,
2602 754 3002 821 desiderantur,
3026 755 3168 809 unde
3189 757 3298 810 hac
3317 755 3483 810 editio
3499 758 3814 811 Christianae

305 852 563 906 doctrina
591 849 756 903 lucem
771 848 1011 901 allatura
1039 848 1130 912 sit,
1147 847 1419 900 utI’etrus
1442 844 1690 899 Morinus
1710 844 1904 899 scribit
1926 845 1982 898 in
2003 843 2240 915 epistola
2257 843 2477 897 decima
2488 843 2688 914 quinta
2717 843 2786 898 ad
2800 844 3147 898 cardinalem
3169 845 3524 914 Cajetanum,
3549 845 3647 916 qui
3665 862 3812 917 pra:-

306 941 456 995 dicto
495 937 732 993 consilio
782 934 1097 1006 plurimum
1147 933 1586 1003 suti‘ragabatur.
1623 933 1851 988 Factum
1898 939 2026 988 est:
2061 931 2249 988 collati
2280 937 2413 986 sunt
2457 932 2831 986 Lovanienses
2869 932 3002 987 libri
3050 950 3179 987 cum
3210 932 3498 987 codicibus
3528 933 3814 987 Vaticanis

304 1043 583 1100 perquam
614 1023 1051 1087 accuratissime,
1087 1027 1142 1075 et
1167 1021 1236 1076 ad
1267 1021 1588 1092 marginem
1621 1021 1896 1092 apposita:
1926 1023 2210 1077 variantes
2240 1022 2508 1077 lectiones
2547 1023 2620 1077 ad
2649 1021 2959 1076 editionem
2990 1023 3402 1087 adornandam,
3435 1023 3526 1076 cui
3557 1023 3813 1077 cardina-

303 1117 374 1170 lis
404 1117 638 1169 Verona:
670 1112 813 1166 sacri
857 1109 1094 1180 Collegii
1140 1109 1408 1180 princeps
1458 1111 1758 1182 praefectus
1810 1111 1937 1166 fuit.
1973 1113 2180 1166 Verum
2228 1128 2359 1165 cum
2391 1127 2480 1164 res
2510 1111 2714 1165 etfectu
2743 1111 3034 1177 caruisset,
3069 1129 3270 1166 omnes
3310 1112 3424 1166 illae
3464 1111 3815 1165 variationes

296 1206 463 1276 jussu
494 1199 797 1256 Clementis
822 1199 862 1252 X
892 1197 1182 1252 Pontiﬁcis
1207 1215 1239 1251 a
1267 1198 1378 1269 piae
1409 1198 1706 1254 memoria:
1738 1199 2023 1255 cardinale
2055 1203 2211 1255 Bona
2250 1199 2549 1254 nobiscum
2579 1199 3014 1255 communicatae
3054 1205 3204 1268 sunt,
3251 1205 3310 1254 ut
3333 1200 3403 1254 iis
3433 1217 3581 1256 nova
3611 1205 3814 1255 nostra

303 1291 550 1346 editione
580 1294 897 1344 uteremur.

375 1386 730 1458 Comparatis
770 1385 963 1455 itaque
994 1400 1121 1437 eam
1152 1384 1210 1437 in
1242 1400 1364 1438 rem
1395 1384 1480 1438 his
1512 1389 1568 1438 et
1593 1385 1718 1439 aliis
1748 1387 2130 1458 undequaque
2159 1391 2417 1442 veterum
2449 1387 2708 1442 codicum
2755 1388 3048 1458 subsidiis,
3081 1404 3211 1443 cum
3242 1404 3272 1442 e
3303 1388 3538 1458 nostris,
3570 1393 3692 1443 tum
3743 1405 3812 1443 cx

304 1476 503 1531 alienis
532 1473 909 1539 bibliothecis,
943 1472 1213 1526 continuo
1245 1488 1450 1527 manus
1480 1472 1640 1542 operi
1662 1473 2040 1543 admovimus,
2063 1475 2329 1530 adhibitis
2357 1476 2428 1531 ad
2457 1477 2831 1531 conferendos
2857 1477 3076 1532 codices
3101 1477 3364 1548 pluribus
3389 1477 3677 1533 sodalibus
3709 1495 3809 1532 no-

305 1562 454 1629 stris,
483 1579 595 1615 non
626 1562 812 1615 solum
838 1560 898 1614 in
929 1561 1111 1614 sancti
1133 1560 1397 1615 Germani
1426 1560 1751 1628 Parisiensi,
1783 1561 1881 1616 sed
1913 1567 1969 1616 et
1995 1562 2056 1616 in
2085 1564 2210 1618 aliis
2241 1564 2482 1619 aliarum
2511 1565 2930 1636 provinciarum
2956 1566 3422 1638 Congregationis
3452 1572 3661 1620 nostra:
3692 1583 3814 1619 mo-

303 1652 594 1719 nasteriis;
630 1668 692 1705 ac
718 1650 952 1705 demum
984 1649 1134 1704 intra
1162 1649 1365 1720 viginti
1394 1649 1619 1704 circiter
1657 1666 1937 1704 annorum
1971 1653 2242 1723 spatium,
2272 1669 2386 1707 non
2416 1653 2537 1708 sine
2569 1654 2763 1708 multis
2794 1654 3056 1726 expensis
3087 1659 3138 1708 et
3170 1655 3341 1719 curis,
3374 1660 3525 1710 certe
3561 1655 3812 1708 maximo

303 1759 433 1796 cum
465 1742 675 1806 labore,
704 1744 822 1794 tota
867 1739 987 1792 haec
1025 1739 1222 1808 editio,
1257 1740 1369 1793 Deo
1412 1740 1655 1805 favente,
1689 1739 1924 1793 omnino
1972 1740 2233 1794 absoluta
2261 1745 2365 1800 est,
2397 1745 2454 1794 et
2481 1741 2551 1795 ab
2581 1742 2851 1796 omnibus
2881 1743 3039 1796 nullo
3089 1742 3426 1813 prmjudicio
3454 1743 3694 1812 aﬁ‘ectis,
3743 1760 3813 1797 eo

303 1833 509 1904 plausu
548 1847 611 1885 ac
642 1846 898 1884 successu
928 1834 1174 1899 accepta,
1205 1829 1436 1899 qualem
1467 1845 1571 1882 nec
1602 1845 1830 1899 sperare
1865 1834 2214 1900 poteramus.

373 1931 443 1982 Ut
466 1945 598 1981 vero
627 1944 836 1981 munus
865 1931 1125 1980 nostrum
1155 1925 1548 1996 implet-emus,
1583 1931 1640 1980 et
1669 1927 1913 1997 publica:
1943 1927 2012 1981 de
2031 1926 2196 1980 nobis
2227 1927 2632 1997 exspectationi
2652 1943 2756 1998 pro
2780 1927 3015 1982 modqu
3041 1927 3544 1999 responderemus,
3567 1930 3816 1998 quatuor

298 2016 590 2088 praecipua
617 2015 678 2068 in
711 2019 906 2070 nostra
935 2014 1188 2069 editione
1217 2019 1486 2084 prwstare
1519 2015 1706 2069 conati
1737 2031 1934 2070 sumus
1968 2032 1980 2070 :
2016 2015 2278 2070 videlicet
2301 2021 2368 2070 ut
2393 2015 2516 2070 haec
2539 2021 2802 2070 accurata
2823 2021 2990 2082 esset,
3016 2015 3338 2086 commoda,
3369 2015 3480 2070 rite
3510 2014 3811 2081 illustrala,

299 2104 585 2175 nullisque
616 2103 867 2172 partium
897 2103 1096 2156 studiis
1137 2103 1376 2157 addicta.

373 2204 443 2257 Ut
471 2205 619 2255 esset
647 2217 820 2272 quam
852 2200 1100 2254 maxime
1130 2205 1412 2265 accurata,
1443 2203 1559 2254 tres
1585 2201 1936 2256 conditiones
1965 2201 2128 2270 nobis
2163 2203 2495 2258 necessariae
2525 2203 2659 2258 visae
2692 2209 2827 2259 sunt
2857 2225 2869 2259 :
2906 2220 3112 2274 nempe
3142 2207 3206 2259 ut
3235 2203 3526 2258 contextui
3556 2202 3809 2275 genuina

298 2290 596 2362 integritas
625 2290 694 2344 ad
725 2293 944 2344 veteres
990 2289 1211 2344 codices
1252 2293 1306 2343 et
1337 2289 1674 2344 sinceriores
1705 2289 1984 2344 editiones
2014 2291 2450 2358 restitueretur;
2478 2297 2543 2347 ut
2571 2298 2727 2347 certa
2755 2298 2811 2348 et
2840 2309 3116 2365 germana
3143 2292 3321 2348 sancti
3351 2292 3602 2348 Doctoris
3632 2309 3810 2362 opera

299 2382 732 2432 secernerentur
761 2393 794 2431 a
821 2376 1009 2431 dubiis
1063 2382 1121 2431 et
1163 2377 1400 2448 spuriis;
1435 2382 1491 2432 et
1521 2381 1583 2432 ut
1625 2377 1798 2433 editio
1847 2378 1968 2448 ipsa
1999 2395 2032 2433 a
2060 2381 2489 2451 typographicis
2518 2381 2763 2452 mendis,
2793 2386 3072 2454 quantum
3105 2381 3166 2436 in
3197 2381 3361 2436 nobis
3393 2385 3557 2446 esset,
3609 2397 3810 2452 repur-

298 2471 430 2538 gata
450 2466 726 2538 prodiret.

373 2565 442 2618 Ut
477 2581 612 2618 vero
641 2579 920 2635 perquam
950 2562 1251 2618 commoda
1277 2563 1636 2632 redderetur,
1663 2568 1911 2635 quatuor
1933 2564 2293 2636 potissimum
2315 2582 2348 2619 a
2372 2566 2534 2620 nobis
2559 2571 2755 2621 curata
2783 2571 2915 2621 sunt
2945 2583 2956 2621 :
2983 2566 3254 2622 nimirum
3285 2583 3523 2638 operum
3547 2567 3704 2632 ordo,
3728 2583 3812 2620 se-

299 2653 535 2719 ctiones,
567 2651 898 2719 summaria,
928 2655 983 2706 et
1010 2651 1242 2706 indices.
1277 2653 1446 2718 Ordo,
1478 2657 1542 2706 ut
1567 2653 1884 2708 secundum
1914 2659 2140 2722 tempus
2179 2671 2294 2726 quo
2325 2655 2555 2726 singula
2583 2670 2758 2726 opera
2783 2655 2855 2708 ab
2885 2655 3203 2727 Augustino
3244 2656 3455 2726 scripta
3492 2657 3674 2723 fuere,
3701 2655 3812 2709 dis-

298 2754 654 2820 ponerentur
685 2765 696 2802 :
732 2764 846 2818 quo
886 2749 972 2814 tit,
1005 2753 1070 2802 ut
1098 2749 1275 2802 lector
1302 2764 1434 2802 cum
1462 2747 1784 2818 Augustino
1834 2748 1958 2820 ipso
2011 2746 2224 2802 sensim
2251 2743 2654 2817 progrediatur
2690 2748 2746 2798 et
2773 2744 3054 2814 proficiat,
3087 2749 3142 2798 et
3170 2745 3427 2816 priorum
3458 2743 3707 2815 cognitio
3737 2745 3811 2798 ad

297 2837 615 2908 posteriora
651 2836 1024 2907 intelligenda
1052 2837 1238 2890 lucem
1268 2837 1569 2908 prmferat;
1605 2854 1718 2908 quo
1746 2837 1815 2892 de
1846 2838 2046 2893 ordine
2087 2837 2256 2908 plura
2284 2833 2523 2888 inferius
2554 2832 2761 2886 dicturi
2792 2849 3008 2887 sumus.
3042 2833 3355 2899 Sectiones,
3388 2838 3452 2888 ut
3493 2851 3610 2888 non
3634 2834 3808 2888 modo

302 2925 567 2997 capitulis
598 2929 853 2979 veterum
877 2924 1216 2992 editionum,
1245 2942 1374 2997 qua:
1407 2926 1644 2980 subinde
1678 2926 1991 2997 prolixiora
2020 2929 2204 2993 erant,
2232 2923 2536 2994 cujuslibet
2563 2921 2752 2992 operis
2772 2927 3069 2976 contextus
3087 2927 3141 2975 et
3166 2939 3371 2994 corpus
3398 2922 3807 2993 distinguatur;

298 3016 400 3070 sed
438 3014 611 3070 etiam
637 3014 760 3085 ipsa
789 3013 975 3084 capita
997 3015 1056 3068 in
1083 3015 1421 3069 minutiores
1447 3013 1772 3070 dividantur
1798 3016 2097 3082 sectiones,
2120 3011 2430 3068 numericis
2460 3011 2754 3066 distinctas
2778 3012 2927 3065 notis
2954 3029 2965 3065 :
2999 3017 3121 3066 tum
3149 3017 3211 3066 ut
3231 3012 3480 3066 indicata
3508 3012 3812 3082 cujuslibet

297 3103 484 3176 operis
509 3103 759 3157 sectione
789 3102 1008 3156 facilius
1038 3103 1363 3158 inveniatur
1386 3103 1668 3159 indicatus
1688 3105 1846 3159 locus
1880 3121 1893 3159 :
1923 3109 2049 3159 tum
2077 3103 2248 3158 etiam
2279 3106 2343 3155 ut
2371 3100 2430 3155 in
2462 3100 2706 3171 legendo
2729 3099 2819 3154 his
2847 3100 3024 3154 veluti
3053 3099 3364 3155 intervallis
3392 3105 3446 3154 et
3467 3100 3705 3154 morulis
3731 3100 3807 3154 leo

296 3193 467 3246 ctoris
511 3193 730 3246 levetur
776 3191 937 3244 labor
967 3195 1026 3244 et
1053 3191 1308 3246 attentio.
1343 3191 1425 3245 Ad
1456 3193 1578 3246 haec
1611 3192 1785 3246 etiam
1811 3193 2016 3263 juvant
2063 3190 2376 3247 summaria
2405 3205 2521 3244 non
2555 3189 2724 3243 modo
2755 3193 3074 3254 contextus,
3103 3189 3171 3243 ad
3215 3187 3534 3259 marginem
3567 3187 3810 3258 singulis

295 3281 506 3352 passim
539 3279 883 3334 sectionibus
921 3279 1202 3350 apposita,
1235 3297 1364 3350 qua:
1395 3297 1678 3334 summam
1718 3281 1821 3346 rei,
1851 3297 1966 3351 qua
1995 3282 2064 3336 de
2093 3280 2304 3351 agitur,
2337 3279 2532 3351 paucis
2559 3278 2901 3345 exhibeant;
2937 3279 3034 3333 sed
3064 3278 3236 3333 etiam
3263 3278 3528 3332 omnibus
3559 3277 3720 3331 libris
3749 3283 3809 3331 et

295 3370 583 3442 plerisque
613 3367 873 3439 capitulis
898 3368 1212 3439 praemissa,
1241 3385 1370 3440 qua:
1403 3373 1806 3440 argumentum
1837 3370 2111 3440 cujusque
2145 3368 2275 3422 libri
2306 3372 2362 3421 et
2390 3366 2625 3439 capituli
2649 3367 2894 3420 breviter
2923 3367 3226 3438 explicant.
3258 3368 3359 3422 Illa
3386 3383 3518 3420 vero
3551 3384 3802 3420 summa-

295 3460 381 3513 ria
409 3458 749 3529 marginalia
779 3474 845 3512 ex
874 3457 1011 3528 ipsis
1041 3463 1334 3512 contextus
1363 3457 1568 3524 verbis,
1603 3459 1791 3529 quoad
1823 3459 1947 3528 ejus
1978 3456 2102 3510 ﬁeri
2140 3455 2351 3527 potuit,
2383 3454 2783 3526 expressimus,
2822 3455 2902 3506 vel
2935 3453 3056 3524 ipsa
3090 3454 3528 3508 Lovaniensium
3559 3471 3808 3508 summa-

296 3547 380 3600 ria
412 3546 554 3600 retin
567 3546 774 3600 nimus.

363 3645 447 3698 Ad
479 3643 699 3698 Indices
729 3643 880 3715 quod
902 3643 1124 3710 attinet,
1153 3659 1398 3714 quorum
1421 3643 1722 3698 commoda
1749 3648 1804 3698 et
1832 3643 2105 3698 utilitates
2133 3657 2303 3696 nemo
2335 3658 2447 3696 non
2474 3641 2648 3707 novit,
2671 3657 2788 3695 non
2817 3644 3038 3694 tantum
3061 3638 3316 3710 singulos
3347 3639 3588 3711 singulis
3609 3639 3801 3703 tomis,

294 3738 351 3787 et
381 3732 612 3803 quidem
650 3731 989 3797 uberrimos,
1024 3731 1302 3802 subjicere
1332 3731 1655 3785 curavimus
1681 3748 1693 3796 ;
1723 3747 1920 3786 verum
1952 3729 2126 3784 etiam
2166 3732 2466 3800 generales
2496 3747 2598 3784 seu
2625 3729 2975 3784 universales
3006 3728 3065 3782 in
3099 3728 3404 3799 posteriori
3448 3730 3620 3783 hocce
3651 3728 3805 3781 volu-

294 3817 448 3870 mine
479 3815 892 3885 contexuimus,
932 3820 996 3869 ut
1025 3831 1139 3869 uno
1177 3821 1484 3886 conspectu
1510 3821 1626 3870 tota
1657 3817 1965 3888 Augustini
1993 3819 2252 3873 doctrina
2282 3819 2350 3874 de
2381 3819 2583 3890 quovis
2613 3823 2956 3889 argumento
2989 3817 3210 3873 facilius
3239 3817 3497 3889 indagari
3529 3816 3727 3888 possit.

363 3913 524 3978 Quod
555 3911 760 3968 attinet
786 3913 858 3968 ad
883 3913 1144 3967 ordinem
1177 3929 1211 3966 a
1231 3913 1393 3968 nobis
1422 3913 1480 3966 in
1512 3913 1616 3967 hac
1647 3914 1896 3968 editione
1926 3915 2274 3983 institutum,
2299 3917 2420 3988 ejus
2442 3917 2722 3972 rationem
2747 3916 2987 3970 reddere
3020 3933 3136 3970 non
3165 3915 3474 3971 admodum
3496 3931 3801 3985 operosum

293 4002 482 4057 fuerit.
520 4003 661 4057 Nam
691 4001 866 4056 totius
895 4001 1049 4056 illius
1075 4001 1294 4058 ordinis
1323 4006 1489 4056 tenor
1522 4001 1664 4058 adeo
1688 4004 1965 4058 naturalis
1989 4011 2046 4059 et
2073 4005 2360 4075 genuinus
2383 4005 2627 4074 videtur,
2653 4011 2718 4059 ut
2739 4004 2983 4058 sufﬁciat
3003 4004 3072 4059 ad
3105 4021 3236 4059 eum
3261 4003 3622 4075 probandum
3648 4002 3801 4056 nuda

293 4092 414 4162 ejus
442 4091 738 4162 expositio.
1164 4096 1168 4100 ’
2205 4153 2232 4173 ⁸

362 4190 423 4242 In
451 4188 636 4260 primo
658 4192 836 4254 tomo,
860 4187 1172 4258 praemissis
1202 4188 1424 4244 duobus
1450 4189 1929 4244 Hetractationum
1957 4190 2118 4244 libris
2145 4197 2202 4246 et
2223 4192 2496 4247 tredecim
2522 4191 2682 4246 libris
2705 4191 3154 4257 Confessionum,
3174 4207 3303 4263 qua:
3326 4189 3798 4262 subsequentium

289 4294 530 4348 operum
558 4277 734 4332 veluti
763 4277 1044 4348 prmludia
1087 4283 1242 4339 sunt,
1274 4279 1702 4350 subsequuntur
1729 4295 1797 4333 ea
1827 4279 2130 4350 Opuscula,
2171 4297 2300 4352 quae
2331 4281 2716 4334 sanctissimus
2748 4281 2954 4334 Doctor
2982 4279 3166 4334 adhuc
3195 4281 3660 4348 catechumenus,
3700 4281 3799 4331 aut

290 4365 548 4420 nondum
578 4365 874 4436 presbyter
903 4365 1275 4420 elucubravit.

359 4463 677 4518 Succedunt
705 4463 765 4517 in
796 4464 1045 4517 secundo
1076 4467 1232 4517 tomo
1264 4463 1550 4533 Epistolae,
1585 4481 1827 4520 numero
1859 4465 2118 4520 ducenta:
2166 4465 2548 4537 septuaginta,
2582 4467 2896 4522 secundum
2923 4466 3188 4521 ordinem
3216 4470 3562 4537 temporum,
3605 4463 3794 4534 quoad

287 4551 409 4606 ﬁeri
440 4551 619 4618 licuit,
653 4551 962 4622 dispositas,
994 4556 1050 4606 et
1078 4551 1137 4605 in
1167 4557 1417 4623 quatuor
1445 4553 1761 4609 distributa:
1808 4555 2032 4609 classes.
2067 4557 2131 4608 In
2162 4555 2348 4626 prima
2399 4560 2757 4626 reponuntur
2798 4555 2910 4609 illze
2943 4555 3219 4626 epistolas,
3268 4572 3408 4626 quas
3436 4552 3794 4623 Augustinus

288 4641 540 4694 nondum
574 4639 868 4710 episcopus
896 4640 1121 4711 scripsit
1149 4661 1160 4696 :
1195 4641 1258 4695 in
1286 4642 1554 4704 secunda,
1589 4659 1729 4714 quas
1768 4644 1890 4714 jam
1930 4645 2252 4716 episcopus,
2286 4650 2418 4699 ante
2449 4644 2822 4700 Collationem
2853 4644 3356 4715 Carthaginensem
3386 4647 3440 4696 et
3471 4646 3601 4696 ante
3632 4640 3793 4694 dete-

285 4733 434 4782 ctam
463 4728 523 4781 in
552 4726 740 4782 Africa
770 4729 986 4800 Pelagii
1013 4729 1280 4784 haeresim
1312 4731 1580 4786 dictavit:
1605 4731 1665 4786 in
1688 4732 1878 4798 tertia,
1913 4749 2043 4803 qum
2063 4733 2132 4786 ab
2152 4749 2218 4787 eo
2235 4737 2493 4803 tempore
2521 4732 2589 4785 ad
2621 4731 2801 4803 ipsius
2823 4732 3044 4787 obitum
3067 4732 3288 4802 scriptae
3317 4735 3450 4784 sunt
3472 4747 3484 4784 :
3505 4729 3565 4782 in
3590 4733 3795 4801 quarta

285 4815 554 4886 denique,
577 4831 820 4886 quarum
844 4820 1071 4885 tempus
1091 4817 1284 4872 minus
1301 4823 1656 4889 compertum
1679 4823 1780 4874 est.
1807 4821 1918 4875 Cur
1935 4827 2128 4876 autem
2150 4827 2436 4892 receptum
2458 4820 2835 4892 Epistolarum
2849 4821 3104 4876 ordinem
3129 4819 3564 4884 mutaverimus,
3584 4818 3795 4889 quidve

285 4905 344 4958 in
374 4905 735 4959 commodum
767 4905 1040 4958 lectorum
1070 4923 1104 4959 a
1132 4907 1295 4962 nobis
1321 4907 1431 4961 huc
1457 4908 1774 4978 prmstitum
1801 4908 1894 4978 sit,
1927 4911 2094 4964 docet
2122 4909 2301 4980 ipsius
2324 4909 2465 4964 tomi
2492 4909 2796 4979 peculiaris
2836 4908 3122 4964 Praefatio.

355 5003 418 5057 In
456 5002 627 5056 tertio
685 5007 842 5056 tomo
895 5002 1259 5059 continentur
1313 5006 1598 5076 Opuscula
1626 5007 1939 5078 exegetica,
1969 5007 2281 5062 secundum
2339 5005 2764 5076 Scripturarum
2803 5005 3062 5060 ordinem
3113 5003 3416 5071 disposita,
3448 5003 3701 5075 praeﬁxis
3732 5003 3792 5058 in

281 5091 404 5162 ipso
434 5091 574 5146 torni
606 5091 802 5146 limine
825 5096 1071 5163 quatuor
1097 5092 1256 5147 libris
1285 5095 1353 5149 de
1385 5094 1655 5150 Doctrina
1683 5094 2022 5163 Christiana,
2054 5112 2200 5167 quos
2229 5095 2708 5166 subsequentium
2738 5094 3161 5168 Opusculorum
3201 5095 3639 5149 fundamentum
3670 5110 3792 5148 esse

281 5196 450 5234 nemo
492 5179 692 5235 nescit.

350 5279 594 5347 “ejecta:
621 5281 752 5331 sunt
781 5277 841 5331 in
869 5281 1093 5333 tomum
1122 5284 1390 5351 quartum
1424 5282 1821 5337 Enarrationes
1841 5282 1899 5337 in
1930 5283 2206 5338 Psalmos.

347 5376 409 5429 In
440 5381 594 5431 tomo
625 5376 826 5449 quinto
855 5376 1141 5431 habentur
1171 5378 1472 5432 Sermones
1497 5380 1566 5434 ad
1598 5382 1900 5451 papulum,
1934 5381 1995 5435 in
2025 5389 2272 5454 quatuor
2303 5382 2503 5437 tributi
2533 5383 2754 5444 classes,
2788 5379 3063 5438 nimirum
3097 5381 3154 5434 in
3185 5381 3486 5436 Sermones
3529 5379 3597 5433 de
3640 5376 3788 5432 Scri-

278 5462 457 5534 pturis
492 5465 701 5519 Veteris
727 5469 784 5520 et
821 5465 962 5519 Novi
992 5467 1361 5536 Testamenti,
1384 5466 1442 5520 in
1473 5468 1774 5524 Sermones
1799 5469 1869 5524 de
1898 5471 2199 5539 Tempore,
2228 5470 2298 5525 de
2327 5469 2546 5524 Sanctis
2575 5474 2632 5523 et
2659 5469 2728 5524 de
2763 5467 3004 5524 Diversis
3028 5485 3040 5522 :
3068 5468 3276 5540 quibus
3300 5467 3358 5520 in
3387 5465 3587 5537 quinta
3609 5466 3785 5519 classe

273 5555 572 5606 Sermones
601 5554 758 5608 dubii
787 5554 1084 5610 accedunt.

342 5650 547 5702 Tomus
574 5649 771 5704 Sextus
799 5652 982 5722 Opera
1011 5651 1248 5706 moralia
1277 5655 1716 5723 comprehendit
1744 5672 1874 5710 cum
1906 5656 2124 5727 aliquot
2151 5654 2542 5720 Quasstionum
2571 5653 2753 5710 libris.
