4048 6194
274 321 345 370 Π
1632 318 1872 374 ΡΗΑΞΡΑ

2201 315 2454 370 SRALIS.
3738 322 3799 373 l8

356 438 443 492 Ab
473 438 607 492 hinc
636 437 923 510 incipiunt
947 440 1129 510 Opera
1158 438 1455 511 polemica,
1490 456 1736 512 quorum
1765 441 1978 512 primas
2006 443 2206 495 tenent
2236 438 2296 492 in
2321 442 2479 493 tomo
2510 438 2751 510 septimo
2783 439 2913 493 libri
2942 439 3143 510 viginti
3175 440 3286 495 duo
3318 441 3386 495 de
3418 441 3655 498 Civitate
3680 443 3797 509 Dei,

270 532 486 581 contra
517 529 796 598 Paganos.
1868 522 1882 530 ’

354 626 567 680 Tomus
615 631 866 691 octavus,
918 625 1213 697 praemisso
1262 626 1319 680 in
1366 625 1555 681 fronte
1596 628 1742 682 libro
1788 627 1857 681 de
1905 626 2243 693 llaaresibus,
2278 626 2499 680 exhibet
2529 642 2701 697 opera
2736 626 3013 697 polemica
3043 627 3311 681 adversus
3338 628 3584 693 Iudaeos,
3617 629 3789 683 Mani-

270 713 497 779 chzeos,
532 712 1014 781 Priscillianistas,
1047 719 1101 767 et
1126 715 1366 768 Arianos
1399 732 1411 769 :
1443 715 1649 786 quibus
1675 716 1975 786 Opusculis
2006 716 2263 787 adjuncti
2293 721 2426 769 sunt
2456 715 2584 769 libri
2608 716 2935 786 quindecim
2968 716 3036 770 de
3063 715 3367 769 'l‘rimtate.

357 812 566 864 Tomus
596 828 779 865 nonus
809 811 1064 865 continet
1091 812 1273 883 Opera
1298 813 1578 883 polemica
1609 816 1810 867 contra
1848 814 2183 869 Donatistas.

358 907 617 978 Denique
635 912 823 961 tomus
841 907 1096 961 decimus
1125 907 1309 979 Opera
1337 908 1535 963 itidem
1566 908 1848 980 polemica
1868 915 2062 963 contra
2084 910 2418 981 Pelagianos
2442 927 2454 963 :
2480 911 2686 981 quibus
2707 910 2928 981 scriptis
2949 911 3377 982 subjuuguntur
3398 911 3555 965 varia
3577 927 3783 966 monuo

276 1001 503 1063 menta,
536 1013 667 1068 quae
694 997 765 1051 ad
797 1012 863 1051 ea
888 997 1222 1051 illustranda
1250 1002 1493 1067 possunt
1520 999 1861 1053 conducere.
1902 1000 2178 1052 Hactenus
2208 998 2276 1051 de
2306 997 2526 1050 ordine.

356 1105 479 1157 Jam
511 1121 643 1158 vero
674 1104 1026 1159 illustrandis
1056 1105 1398 1159 sanctissimi
1428 1105 1607 1160 Patris
1639 1105 1906 1175 operibus
1955 1103 2322 1157 Prasfationes
2368 1103 2605 1174 singulis
2634 1104 2802 1157 tomis
2832 1104 3181 1173 praemittere
3209 1105 3588 1157 necessarium
3623 1104 3791 1159 duxi-

276 1210 432 1255 mus,
470 1193 528 1246 in
560 1193 769 1264 quibus
800 1210 885 1247 res
912 1194 1102 1264 potius
1125 1193 1446 1263 historicas,
1466 1210 1639 1265 quam
1662 1193 2011 1263 dogmaticas
2033 1192 2312 1263 explicare
2336 1192 2678 1256 studuimus,
2701 1192 2772 1245 ad
2788 1193 3099 1262 juvandam
3120 1193 3394 1246 lectorum
3416 1192 3781 1247 industriam.

270 1282 362 1334 Ad
397 1283 522 1335 haec
553 1281 839 1352 plerisque
870 1283 1159 1352 opusculis
1184 1282 1621 1337 Admouitiones
1650 1282 1998 1353 praeﬁximus
2019 1282 2090 1336 ad
2120 1282 2519 1352 explicandum
2551 1298 2746 1335 eorum
2775 1289 3194 1351 argumentum.
3236 1283 3471 1351 Insuper
3504 1281 3795 1335 breviores

272 1370 526 1424 subinde
559 1372 771 1424 notnlze
815 1372 875 1425 in
916 1372 1172 1442 margine
1203 1371 1457 1425 inferiori
1486 1388 1520 1426 a
1551 1373 1713 1426 nobis
1757 1371 2051 1443 appositae,
2091 1371 2297 1441 quibus
2326 1371 2411 1424 vel
2453 1370 2734 1424 variantes
2766 1370 3030 1424 lectiones
3060 1370 3405 1439 iudicentur,
3435 1371 3523 1425 vel
3555 1370 3793 1424 obscura

267 1459 419 1525 loca,
458 1459 703 1512 maxime
730 1460 975 1514 aliorum
1006 1461 1257 1514 locorum
1287 1460 1732 1532 comparatione,
1769 1461 2164 1531 explanentur.

350 1556 413 1608 lu
446 1556 534 1609 his
566 1557 831 1610 omnibus
861 1557 916 1611 id
948 1558 1057 1611 alte
1088 1558 1254 1612 nobis
1284 1558 1477 1612 animo
1507 1558 1747 1612 inﬁxum
1778 1558 1902 1624 fuit,
1927 1560 1982 1610 et
2011 1573 2044 1610 a
2076 1556 2397 1627 Prmpositis
2421 1556 2626 1609 nostris
2648 1554 3015 1624 inculcatum,
3041 1560 3100 1610 ut
3122 1556 3373 1627 partium
3398 1555 3584 1611 studia
3614 1556 3673 1610 in
3707 1572 3797 1608 ex-

266 1644 545 1713 plicanda
572 1645 878 1715 Augustini
910 1646 1166 1700 doctrina
1196 1646 1391 1700 sedulo
1423 1663 1772 1701 caveremus.
1804 1647 1938 1710 Quae
1971 1663 2062 1700 res
2086 1646 2143 1700 in
2165 1662 2335 1700 causa
2362 1646 2487 1712 fuit,
2512 1649 2630 1699 uta
2648 1644 3048 1716 prolixioribus
3071 1645 3506 1700 commentariis
3531 1651 3586 1699 et
3608 1645 3798 1699 obser-

265 1733 620 1801 vationibus,
647 1734 1117 1800 abstinuerimus,
1152 1739 1215 1788 ut
1247 1752 1319 1789 ne
1351 1736 1623 1807 cuiquam
1642 1735 1727 1789 vel
1753 1735 2059 1789 minimum
2085 1733 2411 1788 oll‘endiculi
2437 1735 2848 1804 praeberemus,
2872 1734 3042 1788 ullive
3064 1735 3473 1788 catholicorum
3504 1734 3800 1804 theologo'

269 1838 339 1875 ru
352 1838 407 1875 m
440 1823 741 1876 sententia:
774 1824 1283 1893 praejudicaremus
1297 1866 1310 1879 .

348 1921 560 1974 Verum
592 1920 961 1991 quantumvis
989 1921 1045 1975 id
1082 1922 1489 1988 curaverimus,
1520 1922 1952 1991 curandumque
1985 1919 2380 1975 mandaverint
2415 1917 2711 1987 Prmpositi
2734 1918 2942 1985 nostri;
2979 1918 3209 1973 difficile
3242 1923 3435 1973 tamen
3469 1917 3593 1983 fuit,
3631 1922 3690 1971 ut
3725 1934 3794 1971 ne

275 2008 415 2077 quid
438 2008 500 2061 in
523 2014 639 2061 tam
662 2013 817 2061 vasto
839 2025 1009 2079 opere
1032 2009 1198 2063 nobis
1220 2009 1446 2065 incaute
1467 2027 1584 2065 non
1606 2011 1958 2079 subreperet,
1992 2009 2096 2073 vel,
2132 2013 2196 2061 ut
2217 2012 2349 2061 sunt
2374 2008 2705 2061 mortalium
2729 2008 2908 2062 animi
2930 2009 3083 2063 varie
3116 2008 3321 2073 alfecti,
3356 2024 3427 2061 ne
3458 2006 3599 2078 quid
3630 2024 3793 2061 secus

276 2112 451 2165 quam
490 2096 945 2163 intenderemus,
982 2098 1040 2151 in
1076 2099 1396 2170 sequiorem
1430 2104 1650 2170 partem
1684 2115 1802 2152 non
1832 2098 2156 2169 acciperent
2186 2098 2471 2151 nonnulli.
2506 2100 2571 2152 Et
2596 2115 2653 2151 re
2680 2098 2914 2169 quidem
2950 2097 3072 2168 ipsa
3098 2098 3175 2152 sic
3206 2098 3429 2152 accidit.

350 2196 489 2248 Nam
525 2195 633 2248 etsi
664 2195 925 2267 plerique
954 2212 1151 2250 omnes
1182 2201 1434 2251 nostram
1467 2197 1780 2252 editionem
1823 2200 2165 2260 accuratam,
2216 2196 2598 2261 commodam,
2635 2196 2885 2267 satisque
2920 2196 3282 2262 illustratam,
3322 2193 3571 2264 denique
3602 2195 3793 2262 Augu-

278 2283 539 2337 stinianae
569 2284 847 2338 doctrinae
882 2285 1115 2339 omnino
1150 2293 1593 2340 consentaneam
1624 2302 1744 2339 esse
1797 2284 2143 2350 censuerint,
2175 2300 2419 2355 eamque
2468 2283 2555 2336 his
2594 2284 2927 2337 nominibus
2958 2284 3229 2354 suffragio
3260 2298 3362 2337 suo
3394 2279 3794 2350 comprobave-

276 2372 420 2438 rint;
454 2372 817 2426 insurrexere
847 2378 1039 2427 tamen
1070 2380 1285 2442 contra,
1313 2379 1444 2445 post
1476 2375 1671 2429 decem
1703 2375 1819 2428 fere
1853 2391 2038 2429 annos
2066 2374 2137 2428 ab
2170 2373 2320 2428 edito
2352 2373 2554 2427 ultimo
2586 2377 2763 2439 tomo,
2798 2373 3071 2444 anonymi
3098 2374 3332 2445 quidam
3377 2386 3660 2438 censores,
3692 2369 3793 2439 qui

270 2460 502 2515 furtivis
534 2460 759 2531 scriptis
786 2462 931 2515 hanc
967 2462 1299 2529 editionem,
1333 2467 1389 2516 et
1417 2466 1637 2517 tantum
1668 2479 1785 2516 non
1815 2462 1989 2517 fidem
2021 2467 2279 2516 nostram
2307 2466 2628 2532 suspectam
2659 2462 2895 2516 reddere
2927 2462 3114 2517 moliti
3145 2468 3293 2518 sunt.

343 2558 641 2628 Ejusmodi
669 2559 1093 2629 scriptiunculis
1126 2560 1186 2614 in
1216 2561 1421 2631 vulgus
1452 2560 1681 2630 sparsis,
1715 2576 2019 2615 commune
2051 2560 2420 2631 prudentium
2454 2560 2573 2613 fere
2604 2560 2864 2614 omnium
2890 2560 3185 2615 consilium
3221 2562 3348 2628 fuit,
3377 2568 3441 2617 ut
3476 2564 3712 2617 leviores
3737 2563 3793 2618 id

272 2664 460 2715 genus
494 2648 718 2701 libellos
748 2664 1186 2719 aspernaremur
1218 2666 1231 2702 :
1262 2648 1475 2720 quippe
1497 2664 1615 2702 non
1641 2649 1862 2715 decere,
1887 2654 1952 2703 ut
1978 2665 2108 2702 cum
2135 2648 2302 2702 larvis
2329 2652 2384 2702 et
2409 2648 2627 2702 umbris
2656 2649 3024 2716 luctaremur,
3049 2666 3117 2703 ne
3144 2652 3539 2721 respondendo
3568 2651 3793 2722 pondus

275 2742 329 2789 et
361 2736 763 2790 auctoritatem
792 2737 1016 2791 furtivis
1062 2737 1175 2791 illis
1206 2738 1409 2792 libellis
1440 2738 1825 2808 prteberemus
1868 2752 1883 2791 :
1925 2754 2031 2792 nec
2073 2738 2332 2792 Ecclesia:
2358 2753 2556 2808 pacem
2586 2736 2750 2791 editis
2780 2738 2931 2791 ultro
2963 2738 3239 2809 citroque,
3276 2743 3335 2793 ut
3362 2740 3444 2806 ﬁt,
3478 2740 3795 2811 scriptioni-

274 2824 383 2878 bus
408 2825 906 2894 perturbaremus.
948 2826 1062 2878 Hoc
1082 2825 1383 2880 consilium
1416 2825 1675 2879 unanimi
1701 2841 1933 2878 assensu
1960 2826 2400 2897 comprobavere
2429 2825 2727 2896 Praepositi
2749 2826 2928 2880 nostri
2963 2844 2975 2879 :
3005 2826 3162 2896 quod
3189 2832 3381 2882 tamen
3414 2828 3651 2883 minime
3682 2828 3791 2884 im-

266 2913 491 2983 pedivit
525 2913 857 2983 quominus,
889 2913 1001 2967 illis
1030 2914 1388 2980 inconsultis,
1436 2914 1672 2984 quidam
1721 2931 1750 2968 e
1792 2914 1999 2968 nostris
2028 2930 2233 2968 novam
2268 2914 2447 2968 sancti
2478 2914 2784 2985 Augustini
2831 2914 3143 2968 editionem
3175 2915 3590 2970 defendendam
3632 2921 3792 2970 tuen-

272 3003 524 3073 damque
580 3020 684 3073 pro
715 3003 866 3057 virili
896 3004 1248 3075 susceperint
1280 3021 1292 3058 :
1328 3021 1395 3058 ex
1429 3005 1638 3075 quibus
1669 3019 1839 3071 unus,
1868 3002 1968 3074 qui
1998 3008 2121 3056 tum
2151 3003 2345 3057 Roma:
2372 3003 2721 3071 versabatur,
2757 3002 2928 3072 hujus
2959 3002 3219 3056 editionis
3248 3003 3531 3058 Vindicias
3557 3004 3618 3058 in
3639 3005 3793 3059 alma

273 3092 449 3158 Urbe,
479 3093 584 3145 sub
613 3092 949 3147 auctoritate
983 3093 1125 3147 sacri
1160 3094 1363 3148 Palatii
1393 3093 1667 3164 Magistri,
1702 3091 1975 3147 Romanis
2004 3091 2453 3161 approbantibus
2480 3091 2747 3163 vulgavit.

343 3191 469 3244 Jam
494 3206 561 3243 eo
586 3206 676 3244 res
707 3191 1035 3257 devenerat,
1060 3197 1124 3245 ut
1145 3191 1372 3245 furtivre
1392 3191 1505 3244 illae
1528 3195 1904 3260 utrarumque
1927 3188 2179 3259 partium
2200 3188 2557 3243 velitationes
2580 3188 2636 3242 in
2659 3192 2921 3259 apertum
2947 3188 3062 3243 fere
3089 3190 3300 3244 bellum
3328 3194 3787 3263 prorumperent,

270 3295 403 3333 cum
436 3280 734 3349 Prmpositi
762 3280 963 3346 nostri,
998 3284 1218 3334 mutato
1250 3281 1482 3335 demum
1512 3296 1617 3350 pro
1649 3278 1733 3333 rei
1763 3283 1909 3332 statu
1940 3277 2198 3340 consilio,
2230 3277 2492 3332 eamdem
2523 3278 2835 3332 editionem
2868 3279 3181 3349 approbata
3212 3280 3282 3333 ab
3313 3296 3371 3333 se
3395 3280 3625 3350 publica
3651 3280 3788 3334 scri-

272 3368 495 3439 ptione,
527 3369 999 3439 Congregationis
1029 3373 1238 3423 uostrze
1266 3368 1523 3433 nomine,
1555 3368 1822 3423 adversus
1852 3367 2094 3421 latentes
2125 3365 2481 3419 adversarios
2508 3367 2700 3435 palam
2733 3366 3219 3436 propugnandam
3247 3374 3611 3422 censuerunt.
3642 3370 3791 3423 Jam-

274 3473 384 3528 que
412 3458 833 3527 propemodum
880 3458 1097 3523 affecta,
1140 3456 1403 3528 typisque
1458 3461 1654 3527 parata
1697 3459 1817 3509 erat
1848 3455 1969 3507 haec
1998 3454 2248 3524 scriptio,
2281 3469 2409 3524 quin
2442 3459 2498 3507 et
2528 3453 2863 3520 editionem,
2898 3460 2955 3508 et
2987 3455 3157 3509 tidem
3192 3461 3442 3510 nostram
3474 3456 3543 3510 ab
3589 3456 3789 3528 iniqua

274 3545 597 3616 suspicione
619 3551 676 3599 et
706 3546 1123 3612 criminatione,
1149 3547 1374 3601 tametsi
1404 3545 1611 3617 privati
1640 3544 1872 3615 quidam
1903 3560 1933 3596 e
1964 3542 2172 3596 nostris
2201 3541 2260 3595 id
2284 3542 2405 3613 jam
2432 3542 2564 3595 satis
2594 3543 3265 3613 praestiterant,omnino
3298 3544 3629 3599 vindicaret.

343 3644 554 3696 Verum
605 3643 739 3698 dum
785 3643 847 3697 id
878 3644 1308 3710 meditaremur,
1340 3643 1427 3697 his
1466 3642 1672 3713 jurgiis
1712 3640 2029 3695 intercessit
2059 3639 2325 3694 Ludovici
2356 3639 2543 3710 Magni
2573 3640 2901 3707 auctoritas,
2933 3641 3052 3712 qui,
3085 3645 3146 3695 ut
3181 3642 3438 3696 Ecclesia:
3471 3642 3599 3713 paci
3628 3642 3698 3696 ab
3729 3658 3788 3697 se

274 3731 592 3785 conciliatze
634 3732 917 3786 indefessa
960 3732 1344 3786 sollicitudine
1378 3748 1605 3802 semper
1650 3729 1927 3801 invigilat,
1959 3728 2219 3799 gliscenti
2250 3727 2309 3781 in
2342 3728 2463 3782 dies
2504 3728 2868 3798 dissensioni,
2904 3729 3183 3800 imperato
3226 3730 3484 3800 utrisque
3532 3731 3789 3802 partibus

273 3819 529 3885 silentio,
562 3821 797 3875 modum
829 3821 1107 3891 imposuit
1157 3838 1171 3875 :
1218 3820 1413 3891 sicque
1444 3820 1588 3873 tanti
1632 3818 1913 3888 Principis
1942 3817 2279 3872 auctoritate
2308 3833 2568 3888 repressa
2597 3821 2682 3871 est
2710 3818 2917 3873 ardens
2947 3819 3041 3872 illa
3070 3820 3379 3886 contentio,
3408 3837 3537 3891 quae
3570 3820 3787 3890 sopitos

265 3907 614 3977 jamdudum
645 3907 806 3978 ignes
836 3907 1151 3962 excitatura
1165 3906 1493 3963 videbatur.
1528 3908 1681 3961 Hanc
1703 3911 1895 3960 autem
1914 3906 2331 3978 redintegrare,
2354 3921 2485 3959 cum
2517 3907 2686 3977 longe
2704 3907 2861 3961 abest
2891 3924 2923 3960 a
2952 3907 3209 3961 moribus
3227 3908 3455 3978 nostris,
3485 3913 3608 3963 tum
3642 3914 3791 3963 vetat

273 3998 331 4049 in
362 3995 571 4066 primis
602 4012 828 4050 summa
856 4001 1052 4050 nostra
1082 4012 1219 4067 erga
1248 3997 1484 4067 Regem,
1519 3995 1793 4067 regiaque
1817 3996 1977 4067 jussa
2017 3993 2434 4064 obtemperatio
2475 4010 2487 4048 :
2524 3994 2655 4048 dein
2687 3996 2945 4050 Ecclesiae
2974 3996 3130 4066 pacis
3154 3997 3407 4051 studium
3442 3998 3552 4052 alte
3581 3997 3788 4051 animis

272 4087 515 4140 insitum
548 4086 755 4140 nostris
788 4102 802 4139 :
834 4086 1084 4157 denique
1113 4085 1360 4139 charitas
1388 4085 1657 4139 adversus
1689 4101 1912 4153 omnes,
1939 4100 2082 4156 quos
2105 4081 2455 4137 turbulentis
2479 4081 2758 4153 ejusmodi
2781 4084 3294 4139 concertationibus
3314 4086 3601 4140 offendere
3622 4085 3788 4140 nobis

277 4174 479 4245 religio
507 4175 697 4231 fuerit.

350 4273 678 4343 Suppressis
710 4273 925 4344 itaque,
954 4272 1184 4343 quae-ad
1213 4275 1468 4326 nostram
1491 4275 1818 4343 nostraeque
1841 4270 2101 4325 editionis
2129 4268 2524 4325 defensionem
2552 4270 2843 4324 adornatae
2871 4275 3055 4338 erant,
3085 4271 3683 4338 commentationibus,
3716 4272 3787 4327 ad

280 4362 507 4431 objecta
532 4362 987 4416 adversariorum
1020 4361 1369 4432 respondere
1399 4360 1843 4432 supersedimus,
1884 4376 1956 4413 ne
1984 4358 2387 4429 respondendo
2416 4373 2588 4411 novas
2619 4362 2816 4412 contra
2843 4358 3113 4413 mandata
3142 4358 3301 4429 regia
3330 4357 3457 4411 lites
3488 4373 3675 4413 serere
3704 4358 3786 4412 vi-

280 4452 576 4505 deremnr.

353 4550 561 4603 Verum
583 4565 655 4603 ne
680 4549 823 4603 forte
836 4549 1291 4603 adversariorum
1308 4547 1522 4618 iniqua
1536 4546 1961 4602 criminationes
1972 4546 2203 4617 piorum
2226 4546 2612 4615 quorumdam
2627 4548 2683 4599 et
2696 4544 3107 4600 benevolorum
3122 4544 3292 4599 etiam
3304 4543 3560 4599 virorum
3581 4544 3786 4599 animis

279 4639 560 4711 quosdam
606 4639 902 4710 scrupulos
956 4636 1443 4708 ingeneraverint;
1496 4637 1602 4689 hos
1654 4635 1849 4706 paucis
1890 4632 2075 4687 verbis
2118 4649 2317 4687 curare
2362 4632 2421 4688 in
2464 4634 2723 4688 animum
2758 4634 3105 4699 induximus,
3139 4632 3270 4701 rati,
3306 4633 3365 4687 id
3395 4649 3582 4704 neque
3617 4633 3787 4704 regiae

277 4726 546 4798 jnssioni,
588 4743 772 4798 neque
826 4726 1086 4781 Ecclesiae
1132 4724 1260 4796 paci
1288 4723 1657 4786 contrarium,
1690 4724 1805 4777 imo
1833 4722 2065 4792 utrique
2096 4721 2333 4776 omnino
2383 4728 2833 4777 consentaneum
2865 4722 3003 4776 fore.
3040 4722 3157 4776 Etsi
3188 4721 3343 4776 enim
3380 4721 3524 4776 nihil
3554 4738 3667 4775 non
3696 4738 3786 4775 ca-

281 4816 509 4879 tholice,
542 4819 692 4868 certe
721 4815 865 4868 nihil
900 4831 1018 4868 non
1045 4812 1323 4867 catholico
1352 4811 1543 4867 animo
1575 4830 1606 4865 a
1634 4810 1801 4865 nobis
1848 4810 2062 4864 dictum
2092 4809 2200 4877 sit;
2241 4810 2528 4865 malumus
2558 4817 2749 4865 tamen
2784 4812 2917 4865 dare
2949 4811 3165 4883 aliquid
3195 4816 3407 4866 tenera)
3437 4827 3501 4864 ac
3532 4810 3640 4882 pia:
3671 4810 3789 4865 illo-

280 4921 408 4960 rum
442 4904 591 4956 circa
622 4903 795 4957 ﬁdem
838 4902 1145 4968 aifectioni,
1176 4918 1349 4973 quam
1392 4900 1638 4971 superbo
1668 4899 1893 4953 fastidio
1918 4914 2116 4953 eorum
2146 4900 2445 4970 scrupulos
2488 4901 2874 4956 dissimulare.
2910 4901 3173 4956 Aliorum
3222 4917 3375 4967 vero,
3409 4901 3455 4953 si
3487 4900 3585 4971 qui
3624 4904 3791 4954 erunt

281 4995 377 5066 qui
428 4993 788 5047 contentioso
835 4992 1027 5046 animo
1060 4991 1210 5045 rixas
1240 4990 1429 5045 denuo
1464 4988 1852 5059 redintegrare
1882 4992 2145 5059 pergant,
2181 4988 2335 5043 dicas
2366 4994 2423 5042 et
2454 4989 2843 5043 cavillationes
2868 4988 3136 5059 deinceps
3164 4989 3698 5060 praetermittemus,
3735 4992 3791 5041 et

280 5099 382 5153 pro
423 5080 605 5133 nihilo
638 5080 993 5135 habebimus.

349 5182 415 5234 In
449 5179 651 5251 primis
686 5178 853 5233 toties
883 5179 1125 5250 repetita
1154 5195 1186 5232 a
1216 5178 1382 5232 nobis
1408 5177 1675 5233 omnibus
1706 5181 1763 5232 et
1791 5173 2032 5244 singulis
2061 5174 2362 5245 professio,
2383 5192 2495 5247 qua
2516 5175 3030 5231 Constitutionibus
3061 5192 3417 5230 summorum
3448 5172 3788 5228 Pontificum

285 5268 601 5321 Innocentii
650 5270 689 5322 Χ
740 5274 797 5321 et
827 5267 1132 5323 Alexandri
1160 5268 1253 5321 VII
1282 5283 1385 5321 nos
1416 5267 1631 5321 sincere
1661 5270 1717 5321 et
1748 5283 1812 5321 ex
1843 5265 2035 5319 animo
2069 5264 2360 5319 adbzerere
2392 5264 2617 5335 publice
2647 5266 2942 5319 contestati
2969 5282 3189 5333 sumus,
3221 5267 3477 5319 nostram
3510 5263 3661 5316 circa
3695 5262 3777 5315 fa-

283 5373 470 5411 mosas
525 5358 782 5429 quinque
814 5356 1237 5426 Propositiones
1270 5356 1441 5410 fidem
1478 5356 1547 5410 ab
1580 5355 1738 5409 omni
1764 5368 1994 5426 prorsus
2026 5352 2347 5423 suspicione
2379 5352 2549 5407 debet
2579 5352 2845 5407 eximere.
2879 5352 2935 5407 Si
2966 5353 3121 5406 enim
3150 5357 3235 5407 tot
3262 5349 3618 5420 argumentis
3648 5349 3793 5404 fulta

284 5447 426 5501 tides
458 5446 522 5499 in
554 5451 679 5500 tuto
710 5462 822 5499 non
852 5451 953 5510 est,
992 5446 1149 5499 nulla
1177 5446 1285 5500 erit
1311 5462 1344 5499 a
1371 5445 1693 5516 suspicione
1720 5442 2028 5510 immunis;
2064 5446 2122 5495 et
2149 5440 2197 5494 si
2227 5440 2318 5495 cui
2350 5458 2466 5495 non
2492 5442 2737 5496 sufficiat
2767 5445 2884 5496 tam
2914 5441 3132 5495 sincera
3160 5439 3461 5512 professio,
3496 5438 3654 5493 nulla
3684 5438 3794 5493 alia

285 5535 654 5607 quantumvis
686 5535 901 5605 jurata,
932 5535 1296 5605 quantumvis
1330 5534 1665 5607 explicatior
1703 5533 2014 5587 sufﬁceret.
2052 5531 2162 5584 Has
2192 5530 2403 5601 quippe
2432 5532 2877 5586 Constitutiones
2908 5534 2965 5584 et
2991 5547 3058 5584 ex
3093 5528 3295 5600 primis
3324 5545 3455 5583 cum
3492 5528 3682 5584 debita
3712 5544 3797 5582 re-

286 5624 540 5679 verentia
585 5629 642 5678 et
674 5625 1049 5679 submissione
1080 5629 1424 5694 exceperunt
1466 5624 1527 5679 in
1556 5624 1801 5678 comitiis
1833 5621 1949 5676 suis
1991 5620 2355 5690 generalibus
2390 5621 2683 5691 Praepositi
2714 5621 2914 5687 nostri,
2946 5635 3156 5690 easque
3190 5619 3258 5673 ab
3294 5620 3562 5675 omnibus
3593 5623 3650 5673 et
3679 5616 3792 5670 sin-

288 5714 454 5785 gulis,
489 5714 594 5785 qui
629 5714 687 5770 in
710 5719 921 5770 coetum
951 5717 1206 5768 nostrum
1236 5712 1576 5770 admittendi
1605 5717 1814 5779 essent,
1844 5709 2125 5767 subscribi
2161 5716 2577 5780 praeceperunt.
