4048 6194
257 331 319 385 l9
1590 326 1952 384 PREFATIO
2002 327 2414 383 GENERALIS.
3696 329 3769 382 20

325 453 402 504 De
436 455 637 504 caetero
670 449 818 504 ultro
847 448 1206 520 proﬁtemur,
1242 464 1344 502 nos
1373 448 1589 502 sincere
1621 447 1911 502 adhaerere
1941 448 2334 503 ecclesiasticis
2364 449 2433 503 de
2464 448 2655 504 Gratia
2682 447 3164 514 Institutionibus,
3194 465 3335 519 quas
3364 464 3554 520 nuper
3579 450 3773 505 edide-

252 543 388 592 runt
432 537 803 592 illustrissimi
850 539 1299 608 Archiprmsules
1356 537 1586 591 Carolus
1635 537 1927 591 Mauritius
1975 537 2029 592 le
2072 537 2279 592 Tellier
2308 538 2622 603 Remensis,
2665 543 2721 593 et
2752 538 3064 593 Ludovicus
3091 537 3376 592 Antonius
3411 539 3480 592 de
3519 539 3771 594 Noailles

262 629 621 694 Parisiensis;
656 644 898 700 quorum
931 633 995 682 ut
1024 629 1361 698 dignitatem
1393 632 1452 682 et
1479 626 1878 681 auctoritatem
1918 642 2280 697 veneramur,
2310 628 2387 682 ita
2417 627 2590 682 etiam
2614 627 2933 683 doctrinam
2957 643 3062 681 nos
3087 627 3250 698 sequi
3283 627 3476 697 palam
3507 629 3775 698 agnosci-

264 734 392 776 mus
419 722 475 772 et
504 718 841 787 gloriamur.

334 826 479 879 Dum
510 824 588 877 sic
637 823 910 878 Romanis
952 822 1344 890 Pontificibus,
1394 821 1630 892 aliisque
1661 821 1919 876 Ecclesiae
1957 819 2317 890 praesulibus,
2351 834 2493 889 quos
2537 818 2792 873 Christus
2822 817 3098 872 Dominus
3122 817 3396 873 doctrinae
3433 817 3680 873 arbitros
3713 823 3771 873 et

255 913 482 982 judices
527 912 839 976 constituit,
892 911 1149 965 demissis
1181 909 1386 964 animis
1415 909 1814 981 obsequimur;
1850 909 2066 964 nemini
2105 909 2409 962 obscurum
2442 923 2561 961 esse
2605 906 2793 974 debet,
2830 923 2932 962 nos
2961 907 3192 978 penitus
3229 907 3542 962 abhorrere
3572 925 3603 962 a
3636 908 3768 979 qui-

261 1001 454 1054 busvis
509 1001 759 1072 partium
806 1001 1026 1063 studiis,
1059 1004 1116 1052 et
1141 999 1203 1052 in
1237 999 1458 1053 edendo
1490 998 1806 1070 Augustino
1837 999 1914 1053 sic
1943 999 2003 1052 in
2033 999 2154 1069 ejus
2183 996 2499 1051 doctrinam
2549 995 2856 1051 intendisse
2911 997 3191 1063 animum,
3246 1001 3309 1050 ut
3358 997 3481 1068 ejus
3511 996 3683 1051 verba
3715 1002 3771 1052 et

260 1092 572 1144 sententias
602 1089 818 1142 sincere
847 1103 911 1140 ac
937 1087 1188 1157 genuine
1219 1091 1780 1158 reprazsentaremus.

326 1200 511 1266 Atque
541 1201 601 1249 ut
632 1195 696 1248 ad
736 1195 960 1265 singula
989 1195 1288 1248 veniamus
1321 1212 1333 1249 :
1366 1195 1425 1248 in
1465 1193 1828 1249 contexendis
1878 1191 2289 1264 marginalibus
2323 1191 2647 1245 summariis
2674 1189 2962 1262 ipsissima
2988 1191 3201 1262 passim
3232 1191 3405 1245 verba
3434 1190 3766 1262 Augustini,

257 1289 316 1338 et
344 1283 579 1355 quidem
601 1283 1018 1353 Augustiniano
1050 1299 1241 1348 sensu,
1274 1282 1546 1336 adhibere
1576 1283 1922 1337 curavimus.

330 1390 471 1443 Hinc
512 1393 594 1442 est
626 1389 782 1459 quod
813 1388 913 1442 ubi
945 1389 1148 1444 Gratim
1180 1389 1414 1443 nomine
1443 1388 1502 1443 in
1529 1389 1640 1443 illis
1669 1388 2108 1443 summariisusi
2128 1403 2345 1454 sumus,
2374 1387 2433 1441 id
2464 1387 2815 1441 intellectum
2844 1387 3107 1440 volumus
3135 1387 3258 1456 ipso
3278 1389 3572 1440 contextus
3601 1402 3769 1440 sensu

257 1484 314 1532 et
343 1478 667 1548 Augustini,
702 1477 800 1548 qui
831 1478 1034 1532 Gratim
1070 1478 1279 1532 Christi
1308 1482 1362 1532 et
1394 1478 1599 1532 Gratim
1626 1479 1854 1550 preprie
1886 1477 2048 1532 dictze
2083 1473 2337 1538 nomine,
2365 1471 2611 1526 maxime
2641 1476 2770 1542 post
2797 1475 3060 1525 exortum
3094 1471 3307 1542 Pelagii
3337 1487 3609 1534 errorem,
3643 1487 3772 1541 gra-

260 1568 400 1620 tiam
451 1583 640 1620 veram
692 1571 744 1621 et
792 1566 1146 1632 interiorem,
1179 1568 1407 1637 qualem
1452 1567 1554 1622 iste
1588 1568 1850 1638 negabat,
1885 1566 1944 1619 in
1975 1563 2175 1636 primis
2208 1578 2340 1616 vero
2380 1560 2535 1614 illam
2569 1577 2698 1631 qua:
2728 1560 2925 1614 victrix
2958 1565 3042 1614 est
3079 1565 3135 1615 et
3161 1561 3432 1622 efﬁciens,
3467 1561 3769 1632 designare

261 1659 402 1710 solet
434 1674 446 1710 :
480 1656 637 1727 quod
665 1655 1007 1724 intelligitur
1037 1672 1100 1709 ex
1130 1656 1394 1711 omnibus
1423 1656 1540 1711 fere
1568 1656 1727 1711 libris
1760 1672 1904 1727 quos
1933 1656 2133 1708 contra
2159 1647 2492 1717 Pelagianos
2521 1647 2888 1718 conscripsit;
2921 1648 3118 1718 quales
3150 1652 3282 1701 sunt
3310 1647 3442 1702 libri
3481 1648 3550 1702 de
3577 1648 3767 1702 Gratia

262 1744 492 1812 Christi,
529 1745 595 1797 de
637 1743 1007 1813 Correptione
1043 1747 1098 1797 et
1130 1743 1339 1812 Gratia,
1381 1748 1456 1810 et,
1481 1747 1544 1798 ut
1563 1744 1704 1798 alios
1743 1743 2094 1807 omittamus,
2128 1736 2259 1791 libri
2292 1740 2538 1806 quatuor
2558 1741 2758 1790 contra
2796 1736 2944 1790 Duas
2996 1735 3271 1806 Epistolas
3305 1736 3769 1807 Pelagianorum,

262 1832 318 1885 in
347 1848 591 1902 quorum
621 1831 897 1902 postremi
921 1830 1106 1900 capite
1137 1831 1362 1902 quinto,
1391 1832 1612 1903 gratiae,
1647 1848 1765 1900 quae
1794 1833 2014 1901 prcprie
2042 1831 2228 1898 gratia
2255 1832 2353 1893 est,
2388 1825 2620 1879 nomine
2653 1826 3063 1896 interpretatur
3107 1829 3335 1880 sanctus
3366 1827 3570 1880 Doctor
3597 1830 3758 1897 inspi-

259 1923 522 1973 rationem
552 1920 870 1984 dilectionis,
904 1923 963 1971 ut
993 1921 1207 1984 cognita
1235 1924 1418 1973 sancto
1448 1935 1627 1974 amore
1653 1921 1946 1986 faciamus.
1987 1918 2090 1973 Ubi
2121 1918 2335 1971 clarum
2378 1919 2461 1968 est
2519 1914 2811 1968 vocabulis
2841 1916 3026 1980 gratia
3058 1930 3176 1983 qua
3209 1917 3431 1984 proprie
3459 1919 3644 1983 gratia
3673 1922 3774 1985 est,

264 2010 350 2062 vel
384 2025 502 2077 qua:
525 2010 759 2077 propria
789 2010 976 2075 gratia
1012 2013 1088 2061 est
1119 2007 1218 2077 (ita
1257 2008 1408 2062 enim
1442 2008 1663 2061 variant
1689 2008 2061 2079 manuscripti
2092 2005 2356 2076 codices),
2379 2004 2712 2060 interiorem
2744 2005 2985 2075 gratiam
3009 2006 3381 2076 propugnari,
3417 2023 3590 2077 quam
3621 2009 3774 2062 malo

263 2099 394 2152 dolo
436 2101 490 2150 et
520 2097 842 2150 clanculum
872 2096 1199 2150 subvertere
1231 2095 1561 2150 nitebantur
1607 2097 1739 2150 novi
1783 2098 1974 2150 hostes
2013 2097 2230 2167 gratias,
2263 2095 2399 2149 dum
2437 2093 2526 2148 vel
2559 2093 2627 2147 ad
2658 2094 2866 2163 legem,
2894 2095 2978 2147 vel
3013 2093 3082 2148 ad
3115 2094 3380 2149 dilutiora
3411 2101 3468 2150 et
3494 2096 3777 2150 exteriora

264 2185 517 2240 subsidia
557 2185 742 2254 ipsam
772 2187 1123 2238 revocarent.
1162 2185 1403 2238 Mentem
1434 2186 1582 2250 hanc
1610 2185 1783 2239 fuisse
1817 2185 2198 2256 Hipponensis
2239 2183 2524 2251 Prtesulis,
2559 2183 2776 2253 liquido
2809 2183 2973 2237 docet
3000 2184 3156 2238 locus
3181 2184 3302 2255 ipse
3333 2200 3508 2256 quem
3541 2185 3776 2256 attingi-

271 2287 401 2325 mus
427 2289 438 2326 :
470 2272 671 2326 eodem
721 2272 998 2326 nimirum
1039 2273 1222 2343 capite
1257 2278 1434 2341 notat,
1465 2276 1748 2344 Nusquam
1778 2276 1910 2329 istos
1958 2277 2154 2343 gratiae
2185 2275 2432 2328 inimicos
2462 2273 2536 2326 ad
2577 2275 2815 2340 gratiam
2845 2273 3204 2327 vehementius
3233 2273 3656 2343 oppugnandam
3686 2289 3775 2327 oc-

263 2362 514 2415 cultiores
545 2362 728 2415 moliri
755 2361 1010 2428 insidias,
1040 2377 1204 2431 quam
1234 2363 1330 2416 ubi
1358 2365 1523 2432 legem
1557 2363 1806 2429 laudant,
1857 2403 1871 2416 .
1921 2403 1936 2419 .
1983 2404 1996 2418 .
2043 2404 2056 2417 .
2100 2404 2113 2417 .
2161 2405 2172 2417 .
2220 2403 2232 2416 .
2281 2403 2293 2418 .
2340 2404 2351 2416 .
2398 2401 2411 2414 .
2460 2401 2473 2414 .
2518 2404 2529 2415 .
2577 2401 2592 2415 .
2635 2401 2650 2416 .
2694 2401 2708 2416 .
2753 2401 2767 2415 .
2811 2401 2824 2414 .
2869 2401 2884 2414 .
2925 2362 3116 2428 Legem
3145 2363 3344 2430 quippe
3364 2361 3597 2415 diversis
3635 2361 3778 2414 locu-

269 2451 474 2503 tionum
500 2450 672 2504 modis
700 2455 750 2505 et
781 2454 1045 2505 varietate
1073 2452 1375 2519 verborum,
1420 2454 1477 2506 in
1507 2453 1751 2507 omnibus
1783 2451 2244 2522 disputationibus
2273 2451 2387 2503 suis
2437 2449 2568 2504 velle
2596 2449 2832 2518 intelligi
2861 2451 3121 2516 gratiam,
3162 2455 3222 2503 ut
3253 2451 3456 2504 scilicet
3485 2467 3518 2503 ιι
3552 2452 3776 2504 Domino

265 2541 370 2592 Deo
397 2538 738 2607 adjutorium
766 2542 1088 2606 cognitionis
1117 2541 1426 2595 habeamus.
1461 2543 1588 2596 Haec
1615 2541 1918 2596 retulimus
1946 2541 2116 2612 paulo
2145 2537 2440 2611 prolixius,
2476 2542 2539 2592 ut
2561 2537 2629 2592 de
2656 2541 2848 2592 mente
2877 2538 3054 2592 sancti
3076 2539 3331 2592 Doctoris
3357 2538 3610 2609 apertius
3643 2554 3777 2592 con-

265 2631 459 2695 staret,
490 2627 561 2681 ad
591 2643 833 2698 eamque
859 2630 1119 2699 regulam
1149 2629 1517 2700 exigerentur
1546 2633 1668 2685 loca
1699 2631 2010 2702 complura,
2045 2645 2173 2700 quae
2200 2629 2270 2682 ad
2304 2626 2620 2698 marginem
2649 2627 2924 2682 adnotare
2955 2628 3142 2682 visum
3171 2632 3258 2682 est
3284 2627 3620 2683 editoribus.

337 2733 515 2803 Igitur
540 2739 602 2788 ut
639 2738 754 2788 tota
783 2735 893 2789 ista
921 2750 1011 2789 res
1050 2735 1272 2789 facilius
1312 2736 1648 2807 explicetur,
1690 2737 1804 2792 duo
1839 2736 2088 2791 breviter
2124 2736 2574 2791 animadvertere
2611 2736 2811 2806 placet,
2846 2750 2975 2806 quae
3003 2735 3200 2806 magni
3233 2739 3366 2790 sunt
3393 2736 3673 2790 momenti
3702 2736 3775 2790 ad

264 2821 436 2876 ﬁdem
467 2828 723 2878 nostram
752 2824 823 2878 ab
852 2823 1010 2902 omni
1041 2825 1360 2895 suspicione
1391 2827 1813 2881 exsolvendam.

334 2927 592 2982 Primum
641 2933 745 2997 est,
796 2930 945 3002 quod
988 2931 1112 3001 jam
1156 2948 1226 2985 ex
1270 2933 1590 3003 Augustino
1638 2933 2092 3002 insinuabamus,
2137 2932 2326 3002 ipsum
2355 2930 2506 2985 inter
2532 2930 2643 2985 alia
2671 2928 2996 2984 christiauae
3026 2930 3252 3001 pietatis
3283 2930 3470 3000 capita
3497 2947 3625 3002 quae
3661 2932 3774 2986 sibi

265 3017 618 3073 defendenda
652 3020 917 3090 sumpsit,
947 3020 1043 3074 isti
1070 3021 1361 3090 probando
1394 3023 1692 3094 diligenter
1723 3022 2073 3089 incubuisse,
2102 3021 2346 3093 gratiam
2375 3036 2588 3087 veram,
2620 3020 2975 3085 interiorem,
3010 3018 3419 3090 propriamque
3449 3020 3776 3074 christiana?

264 3106 427 3177 legis,
473 3111 529 3161 et
584 3107 865 3162 diversam
920 3108 990 3162 ab
1040 3110 1186 3179 lege,
1237 3110 1514 3175 doctrina,
1567 3112 2008 3179 illuminatione,
2055 3128 2171 3182 quo
2215 3111 2336 3164 solo
2383 3125 2590 3180 genere
2631 3108 2833 3180 gratiae
2877 3112 3175 3162 contentos
3220 3124 3321 3161 nos
3360 3109 3584 3162 volebat
3611 3109 3774 3162 Pela-

267 3195 418 3266 gius,
447 3195 779 3250 Christianis
811 3197 1077 3251 omnibus
1103 3200 1548 3269 agnoscendam.
1589 3202 1651 3255 Id
1680 3217 1813 3254 vero
1846 3201 1956 3272 ipsi
1985 3199 2344 3272 propositum
2369 3197 2538 3251 fuisse
2569 3197 2629 3251 in
2654 3197 2927 3251 diuturna
2956 3201 3153 3251 contra
3185 3197 3518 3266 Pelagianos
3539 3212 3778 3250 concer-

267 3284 503 3347 tatione,
536 3283 667 3338 libri
697 3284 813 3339 fere
843 3285 1116 3351 universi,
1145 3291 1207 3340 ut
1231 3291 1361 3342 ante
1391 3293 1655 3342 notatum
1685 3294 1788 3355 est,
1824 3290 2091 3344 adversus
2131 3289 2285 3359 ipsos
2313 3285 2452 3340 editi
2481 3287 2820 3357 loquuntur;
2856 3285 2952 3339 sed
2983 3285 3040 3338 in
3077 3285 3286 3356 primis
3309 3285 3454 3338 liber
3480 3285 3546 3339 de
3578 3285 3770 3339 Gratia

269 3371 500 3440 Christi,
529 3375 654 3426 tum
683 3375 869 3426 textus
898 3389 1068 3444 supra
1100 3375 1310 3429 relatus
1349 3392 1415 3430 ex
1450 3377 1634 3446 capite
1667 3378 1866 3449 quinto
1892 3378 2025 3433 libri
2054 3375 2245 3449 quarti
2281 3379 2477 3429 contra
2499 3376 2646 3429 Duas
2677 3374 3114 3445 Pelagianorum
3147 3375 3440 3446 Epistolas.

340 3475 439 3528 Isti
481 3481 673 3530 autem
726 3477 929 3548 prima:
973 3479 1356 3534 observationi
1399 3483 1766 3554 adjungenda
1812 3489 1897 3538 est
1947 3483 2060 3538 alia
2091 3499 2103 3536 :
2138 3497 2344 3552 nempe
2375 3484 2634 3534 sanctum
2666 3480 2978 3534 Praesulem
3008 3480 3087 3534 sic
3113 3480 3334 3534 dedisse
3366 3496 3597 3550 operam
3631 3497 3769 3551 pro-

269 3563 476 3618 bandae
523 3565 720 3636 gratiae
771 3567 1031 3622 interiori
1071 3571 1386 3640 generatim
1412 3576 1677 3643 sumptae,
1724 3577 1786 3627 ut
1814 3577 2003 3628 tamen
2034 3571 2377 3626 creberrime
2406 3568 2744 3624 memorarit
2775 3568 3023 3640 speciem
3054 3569 3213 3623 illam
3240 3569 3459 3641 gratiae,
3494 3587 3606 3641 qua
3638 3586 3772 3640 per-

269 3652 470 3707 fectior
498 3655 867 3726 vegetiorque
899 3657 1160 3725 habetur,
1207 3664 1262 3713 et
1308 3677 1438 3731 quae
1467 3661 1539 3716 ab
1575 3661 1787 3733 potiori
1823 3661 2033 3716 virtute
2071 3665 2126 3715 et
2166 3661 2236 3714 ab
2263 3660 2490 3727 effectu,
2521 3674 2693 3730 quem
2728 3675 2794 3712 ex
2824 3662 3030 3712 natura
3060 3676 3162 3712 sua
3192 3665 3346 3713 certo
3377 3660 3773 3731 consequitur,

269 3742 471 3797 efficax
503 3745 848 3814 appellatur.
888 3746 951 3799 Id
978 3762 1111 3799 vero
1143 3763 1244 3800 cur
1268 3747 1478 3802 faceret
1506 3755 1734 3803 sanctus
1761 3749 2082 3804 divinorum
2109 3748 2452 3803 auxiliorum
2477 3763 2690 3818 praeco,
2722 3763 2919 3802 causas
2944 3747 3145 3802 habuit
3169 3765 3330 3801 veras
3361 3753 3417 3803 et
3443 3766 3660 3820 graves.

337 3849 548 3911 Primo,
582 3849 909 3921 disputabat
939 3853 1206 3908 adversus
1234 3854 1518 3921 homines,
1566 3856 1666 3926 qui
1711 3873 1842 3910 cum
1872 3855 2308 3927 possibilitatem
2337 3855 2516 3908 solam
2547 3853 2804 3924 adjuvari
2842 3871 2874 3908 a
2920 3855 3032 3908 Deo
3064 3854 3334 3918 dicerent,
3367 3857 3652 3925 negabant
3677 3873 3775 3910 vo-

267 3940 548 3993 luntatem
580 3943 636 3993 et
665 3939 951 3994 actionem
982 3941 1050 3995 ab
1078 3942 1202 4011 ipso
1233 3941 1471 4011 perinde
1496 3944 1707 4013 juvari.
1755 3945 1944 3998 Errori
1973 3949 2164 3998 autem
2197 3943 2290 3998 isti
2320 3942 2666 3997 confutando
2699 3943 2836 4014 quid
2869 3943 3053 4013 magis
3083 3949 3304 4014 aptum,
3351 3961 3522 4015 quam
3571 3946 3776 4000 afferre

269 4024 408 4078 illud
436 4022 631 4077 auxilii
663 4040 864 4094 genus,
897 4042 1007 4097 quo
1037 4027 1161 4097 ipsa
1199 4027 1447 4083 efﬁcitur
1479 4029 1662 4084 actio?
1701 4031 1987 4098 Secundo,
2023 4049 2153 4087 cum
2197 4032 2505 4103 disputatio
2533 4031 2898 4102 potissimum
2927 4032 3174 4086 ferveret
3201 4033 3270 4086 de
3299 4033 3620 4087 Christianae
3648 4033 3776 4104 pie-

268 4112 399 4166 tatis
432 4111 722 4183 operibus,
767 4112 949 4184 iisque
983 4116 1050 4169 ad
1077 4116 1321 4170 salutem
1353 4119 1711 4185 necessariis;
1741 4136 1932 4174 annon
1963 4137 2194 4192 aequum
2221 4121 2329 4175 fuit
2357 4120 2549 4174 afferri
2580 4120 2792 4190 gratias
2823 4120 2968 4186 illas,
3001 4121 3210 4191 quibus
3253 4121 3562 4176 christiana
3589 4123 3778 4192 pietas

269 4207 327 4255 et
350 4200 637 4255 bonorum
668 4218 906 4272 operum
938 4203 1154 4258 fructus
1176 4221 1244 4258 ex
1269 4205 1393 4276 ipsa
1419 4206 1822 4263 efflorescunt?
1851 4211 2115 4279 Demum,
2143 4210 2227 4263 uti
2250 4211 2373 4279 jam
2398 4208 2495 4263 diu
2524 4212 2787 4262 notatum
2819 4213 2902 4262 est
2921 4209 2990 4262 ab
3021 4209 3349 4263 doctissimo
3380 4210 3626 4276 Petavio,
3651 4211 3776 4266 viro

265 4288 699 4358 Augustinianm
751 4289 1021 4345 doctrinm
1072 4292 1255 4363 magis
1283 4294 1468 4364 perito
1499 4312 1673 4366 quam
1703 4301 1916 4362 tenace,
1949 4315 2064 4352 non
2095 4314 2225 4351 raro
2255 4301 2493 4363 veteres,
2527 4296 2625 4351 sed
2656 4313 2773 4367 prae
2803 4296 3021 4350 caeteris
3047 4296 3099 4349 S.
3134 4298 3507 4369 Augustinus,
3540 4315 3670 4353 cum
3701 4300 3773 4355 de

267 4377 450 4447 gratia
481 4377 648 4432 verba
681 4379 919 4448 faciunt,
953 4379 1022 4434 de
1056 4397 1122 4434 ea
1148 4381 1481 4452 loquuntur,
1513 4401 1632 4453 qua:
1655 4386 1813 4454 plena
1843 4391 1939 4454 est,
1971 4389 2232 4457 perfecta,
2265 4392 2314 4441 et
2343 4389 2400 4440 in
2431 4402 2525 4440 suo
2555 4401 2743 4454 genere
2766 4388 3170 4455 perfectissima
3194 4388 3400 4458 (Dogm.
3431 4389 3611 4442 Thcol.
3645 4395 3683 4442 t.
3725 4394 3773 4454 l,

262 4482 320 4535 p.
355 4466 476 4534 749)
507 4471 648 4532 etc.;
681 4468 832 4538 quod
865 4468 1106 4524 subinde
1136 4470 1221 4524 vir
1250 4472 1506 4525 eruditus
1535 4475 1886 4544 argumentis
1911 4477 2127 4546 aliquot
2155 4481 2210 4530 et
2237 4474 2762 4544 comparationibus
2795 4475 3094 4544 approbat.
3127 4475 3348 4540 Quanto
3379 4476 3560 4545 magis
3593 4476 3772 4547 igitur

266 4553 367 4626 qui
392 4555 461 4608 de
491 4554 698 4610 divina:
744 4557 942 4626 gratia:
971 4558 1237 4613 subsidiis
1266 4559 1397 4614 data
1426 4577 1598 4631 opera
1631 4561 1886 4632 disputat
1914 4568 2110 4619 contra
2139 4580 2236 4619 eos
2266 4563 2366 4635 qui
2394 4563 2664 4618 virtutem
2691 4563 2920 4617 illorum
2947 4565 3189 4631 elevant,
3215 4564 3422 4634 gratias
3455 4565 3645 4632 operis
3677 4568 3768 4621 sui

268 4643 522 4698 efﬁcaces
552 4643 613 4697 in
636 4644 892 4700 medium
922 4648 1238 4717 producere
1271 4649 1513 4703 debuit?

333 4751 416 4805 Ad
467 4751 586 4804 haec
633 4751 679 4804 si
708 4768 906 4822 aequus
941 4754 1117 4809 lector
1161 4755 1419 4814 intendat
1467 4755 1744 4826 animum,
1804 4760 1956 4815 haud
2001 4762 2304 4818 difﬁculter
2357 4763 2452 4818 ille
2493 4761 2755 4835 probabit
2802 4763 2974 4818 ﬁdem
3017 4767 3071 4818 et
3099 4761 3457 4817 sedulitatem
3487 4767 3770 4835 nostram,

265 4845 387 4894 tum
417 4838 475 4892 in
506 4839 780 4904 praedicto
811 4843 1122 4897 summario
1170 4845 1243 4899 ad
1287 4844 1495 4900 librum
1538 4852 1806 4917 quartum
1838 4853 2035 4904 contra
2065 4850 2342 4922 Epistolas
2383 4850 2523 4905 duas
2572 4850 3029 4920 Pelagianorum,
3064 4855 3186 4904 tum
3230 4850 3289 4903 in
3318 4850 3443 4903 aliis
3475 4849 3769 4922 plerisque

264 4928 679 5000 marginalibus
704 4929 868 4983 notis.
901 4931 962 4984 Et
992 4935 1055 4985 ut
1087 4933 1156 4986 de
1186 4934 1376 5004 priore
1407 4933 1625 5004 aliquid
1655 4935 1929 5003 dicamus,
1965 4939 2288 4994 notavimus
2317 4940 2388 4994 ab
2418 4939 2736 5010 Augustino
2771 4941 3014 5012 gratiam
3051 4938 3161 4994 dici
3190 4942 3605 5008 inspirationem
3632 4941 3769 4994 dile-

265 5021 484 5074 ctionis.
525 5017 660 5082 Quis
690 5034 822 5072 vero
850 5018 928 5072 ita
958 5035 1078 5073 esse
1110 5027 1302 5092 neget,
1337 5039 1467 5077 cum
1499 5024 1686 5080 omnis
1729 5026 1914 5096 gratia
1964 5029 2159 5082 tendat
2183 5028 2255 5082 ad
2284 5028 2693 5082 dilectionem?
2744 5029 2887 5084 Dein
2933 5028 3232 5100 inspiratio
3263 5019 3375 5083 alia
3405 5029 3625 5094 efﬁcax,
3658 5029 3771 5082 alia

263 5107 543 5162 inefﬁcax.
583 5107 716 5172 Nos,
751 5108 1070 5177 generatim
1098 5109 1221 5178 ipsa
1247 5113 1421 5166 verba
1461 5113 1638 5168 sancti
1668 5114 1922 5169 Doctoris
1962 5117 2308 5188 usurpando,
2337 5116 2586 5172 diximus
2616 5117 2859 5189 gratiam
2890 5135 3009 5172 esse
3054 5119 3487 5190 inspirationem
3518 5119 3774 5173 dilectio-

263 5197 373 5252 nis.
407 5197 510 5251 Ubi
540 5195 797 5251 crimen?
826 5196 924 5250 ubi
949 5199 1135 5252 malus
1165 5199 1432 5256 animus?
1452 5202 1510 5256 Si
1529 5203 1597 5257 de
1619 5203 1991 5276 inspiratione
2024 5207 2343 5277 generatim
2363 5211 2590 5278 sumpta
2618 5212 2811 5262 noster
2837 5213 3051 5274 auctor,
3086 5225 3191 5262 nos
3223 5209 3422 5264 itidem
3448 5209 3515 5262 de
3538 5207 3662 5278 ipsa
3689 5225 3700 5261 :
3724 5208 3772 5260 si

266 5286 335 5340 de
365 5286 610 5353 efﬁcace,
662 5285 814 5357 quod
854 5287 1034 5340 multo
1083 5289 1430 5356 credibilius,
1479 5291 1714 5361 perinde
1763 5310 1864 5348 nos
1893 5311 2118 5368 quoque
2148 5297 2216 5351 de
2249 5296 2373 5350 ista.
2406 5296 2899 5361 Quemadmodum
2950 5294 3126 5367 igitur
3167 5299 3410 5369 gratiam
3440 5296 3541 5350 Dei
3575 5298 3764 5367 legem

264 5374 449 5444 ipsam
479 5374 723 5445 intelligi
754 5392 786 5429 a
816 5375 1137 5445 Pelagianis
1160 5378 1507 5433 advertimus
1533 5381 1600 5435 ad
1633 5382 1770 5436 illud
1804 5383 1990 5454 ipsum
2024 5389 2212 5457 caput,
2248 5384 2324 5439 sic
2358 5389 2415 5439 et
2442 5386 2682 5456 gratiam:
2713 5386 2783 5438 ab
2812 5389 3007 5439 sancto
3039 5386 3163 5456 ejus
3195 5387 3492 5440 defensore
3522 5386 3770 5456 inspira-

263 5463 479 5518 tionem
505 5463 826 5519 dilectionis
859 5482 872 5518 :
902 5481 1016 5536 quo
1047 5466 1262 5522 scilicet
1291 5468 1530 5522 interius
1560 5472 1835 5526 auxilium
1863 5479 2252 5543 opponeretur
2283 5477 2532 5541 externo,
2567 5473 2720 5545 quod
2749 5488 2924 5527 unum
2956 5474 3247 5545 Pelagiani
3277 5475 3580 5528 admittere
3613 5474 3769 5528 vide-

263 5552 498 5606 bantur.
527 5553 708 5621 Atque
737 5553 843 5607 hac
872 5553 997 5623 ipsa
1045 5555 1114 5610 de
1143 5572 1310 5610 causa
1339 5557 1582 5629 gratiam
1611 5563 1828 5629 proprie
1857 5566 1954 5615 aut
1977 5566 2263 5632 propriam
2285 5567 2444 5617 vocat
2471 5561 2846 5633 Augustinus,
2878 5563 3155 5633 quoniam
3189 5579 3293 5616 nec
3324 5579 3476 5628 vera,
3506 5580 3610 5617 nec
3635 5579 3769 5634 pro-

266 5639 392 5712 pria
420 5644 540 5693 erat
566 5639 767 5693 Christi
797 5642 1002 5711 gratia,
1035 5661 1208 5716 quam
1238 5646 1362 5715 lege
1395 5647 1480 5701 vel
1507 5650 1788 5704 exteriore
1817 5651 2148 5720 adjumento
2173 5650 2588 5707 concludebant
2617 5650 2775 5704 liberi
2800 5651 3024 5705 arbitrii
3038 5653 3337 5719 inﬂatores,
3365 5657 3431 5705 ut
3456 5653 3767 5724 aliquando

266 5732 418 5800 ipsos
447 5731 607 5782 vocat
632 5727 830 5782 doetus
869 5731 1151 5801 Magister.
