4048 6194
208 334 273 386 21
1569 335 1806 391 ΡΒΑΞΡΑ

2137 337 2388 391 ΞΒΑΙᾸε.
3669 347 3735 398 22

282 454 570 509 Caeterum
598 457 665 509 ut
710 455 891 510 solam
932 456 1170 527 gratiam
1200 456 1490 513 victricem
1519 463 1575 514 et
1603 463 1893 515 actuosam
1922 460 2209 515 vocabulis
2235 461 2375 532 istis,
2405 478 2523 532 qum
2549 466 2770 533 proprie
2796 466 2984 531 gratia
3014 470 3113 530 est,
3147 466 3251 520 hoc
3289 466 3412 521 loco
3443 472 3500 523 et
3530 468 3736 523 simili-

202 541 319 596 bus
347 542 666 612 designarit
689 543 1066 613 Augustinus,
1098 545 1238 599 falso
1257 545 1386 617 quis
1414 546 1544 601 inde
1565 547 1857 618 colligeret
1881 550 2070 604 locum
2098 567 2213 604 non
2244 551 2493 622 relinqui
2517 552 2649 606 ullis
2674 552 2800 607 aliis
2830 553 3149 623 adjutoriis,
3172 555 3364 626 qualia
3384 560 3518 610 sunt
3541 557 3732 611 inefﬁ-

202 633 361 687 cacia
389 638 449 687 et
477 650 656 688 sensu
704 633 1132 689 Thomistarum
1159 634 1521 690 sufﬁcientia.
1566 638 1744 707 Hujus
1774 639 1999 709 generis
2042 638 2252 709 gratias
2299 640 2451 694 haud
2489 640 2659 695 dubie
2701 642 2957 713 agnoscit
2986 647 3213 697 sanctus
3245 645 3478 710 Prmsul,
3512 661 3729 718 nosque

201 738 337 777 cum
366 722 497 793 ipso
526 739 692 777 veras
721 727 778 778 et
802 723 1035 795 proprie
1065 723 1243 778 dictas
1268 727 1627 795 profitemur.
1661 727 1774 780 Nec
1798 726 1969 781 refert
1993 729 2147 798 quod
2177 727 2360 781 rarior
2384 727 2466 781 illi
2495 729 2564 783 de
2586 728 2707 783 istis
2730 731 3142 799 posterioribus
3172 732 3410 798 mentio,
3443 738 3542 787 aut
3570 735 3728 805 quod

198 812 544 867 nominibus
574 812 700 867 aliis
730 813 880 883 ipsas
908 814 1246 885 plerumque
1276 816 1544 885 appellet,
1576 815 1790 871 scilicet
1818 817 2162 888 quandoque
2191 817 2518 870 voluntatem
2554 832 2805 885 parvam,
2839 820 3186 891 quandoque
3220 837 3454 889 parvam
3483 823 3728 877 charita-

201 906 330 967 tem,
370 904 660 967 minorem,
705 902 1031 971 invalidam,
1072 902 1464 972 imperfectam.
1496 904 1780 959 Vocabula
1818 905 1963 959 nihil
1992 906 2061 961 de
2104 921 2164 958 re
2208 905 2328 976 ipsa
2358 906 2680 960 detrahunt.
2717 909 2879 963 Certe
2909 908 3243 964 charitatem
3273 927 3507 981 parvam
3539 916 3593 965 et
3622 912 3730 966 im-

203 990 521 1058 perfectam
555 989 618 1044 in
656 992 823 1045 Petro
862 992 932 1046 de
969 1007 1024 1046 se
1062 996 1443 1063 prmsumente
1479 993 1696 1047 donum
1728 994 1827 1049 Dei
1853 997 2180 1049 constanter
2208 998 2392 1061 vocat,
2425 994 2568 1047 libro
2597 994 2666 1048 de
2702 995 2892 1050 Gratia
2921 1001 2977 1051 et
3006 997 3208 1051 Libero
3237 998 3508 1066 Arbitrio,
3543 1000 3730 1070 capite

203 1077 434 1132 decimo
462 1079 729 1149 septimo.
762 1080 833 1134 Ut
858 1079 1117 1134 omittam
1150 1080 1402 1147 interim,
1435 1082 1583 1152 quod
1615 1082 1796 1137 omnis
1823 1083 1972 1138 bona
2001 1083 2259 1136 voluntas
2288 1086 2478 1135 sancto
2512 1083 2735 1137 Doctori
2764 1100 2879 1137 non
2906 1085 3086 1155 possit
3112 1102 3232 1140 esse
3261 1089 3477 1159 absque
3507 1090 3690 1158 gratia
3714 1106 3726 1142 :

203 1167 362 1238 quod
394 1171 455 1221 et
482 1167 556 1222 ad
584 1184 748 1222 oram
777 1168 1005 1236 codicis,
1034 1169 1132 1223 ubi
1162 1186 1220 1224 se
1251 1171 1386 1225 tulit
1416 1170 1657 1238 occasio,
1689 1177 1885 1227 notare
1913 1188 2031 1227 non
2059 1170 2560 1242 prmtermisimus.

274 1275 483 1344 Neque
534 1289 668 1329 vero
715 1274 953 1346 mquiori
982 1275 1049 1330 de
1079 1292 1248 1330 causa
1285 1276 1355 1330 lis
1384 1277 1683 1332 adversum
1727 1295 1828 1332 nos
1858 1281 2142 1342 movetur,
2178 1277 2336 1348 quod
2366 1279 2673 1332 universam
2703 1279 2903 1334 divinae
2929 1282 3122 1348 gratiae
3165 1286 3505 1338 meonomiam
3553 1286 3730 1340 oculis

201 1362 415 1431 subjici
442 1362 590 1416 libro
620 1362 691 1417 de
731 1363 1100 1434 Correptione
1130 1369 1187 1419 et
1216 1365 1406 1420 Gratia
1444 1366 1931 1421 admonuerimus.
1970 1366 2158 1420 Primo
2187 1366 2246 1420 id
2285 1365 2533 1421 mutuati
2573 1382 2770 1420 sumus
2798 1367 2867 1420 ab
2907 1367 3222 1422 clarissimo
3253 1374 3310 1423 et
3339 1371 3727 1425 eruditissimo

196 1451 648 1522 Augustinianm
689 1451 962 1506 doctrinm
1007 1452 1227 1507 vindice
1267 1457 1324 1507 et
1360 1453 1668 1526 interprete
1700 1454 1797 1526 (a),
1827 1454 1999 1529 cujus
2022 1454 2196 1507 verba
2233 1458 2290 1508 et
2334 1470 2563 1508 sensum
2604 1455 2978 1510 reddidimus.
3020 1456 3294 1524 Secundo,
3329 1460 3487 1513 nullo
3527 1460 3639 1514 alio
3670 1461 3731 1515 in

197 1555 381 1609 opere
417 1539 626 1611 majori
655 1556 786 1595 cum
814 1541 936 1595 luce
966 1541 1237 1610 explicuit
1268 1542 1648 1614 Hipponensis
1673 1543 1888 1597 Prmsul
1914 1542 2237 1597 discrimina
2266 1542 2517 1597 hominis
2548 1542 2748 1598 stantis
2778 1549 2835 1598 et
2856 1544 3198 1613 innocentis,
3231 1551 3287 1600 et
3312 1547 3565 1602 hominis
3584 1550 3729 1621 lapsi

197 1632 253 1681 et
301 1627 489 1682 noxii.
541 1630 750 1697 Tertio,
798 1645 993 1683 causas
1022 1631 1423 1701 perseverandi
1466 1632 1551 1685 vel
1603 1648 1723 1686 non
1750 1633 2153 1704 perseverandi
2192 1632 2253 1686 in
2294 1636 2537 1703 utroque
2568 1635 2714 1685 statu
2757 1649 3038 1704 nusquam
3071 1634 3404 1705 diligentius
3431 1638 3726 1707 expressit.

200 1716 470 1788 Denique
500 1718 1018 1789 prmdestinationis
1037 1725 1268 1774 mternm
1298 1720 1447 1775 circa
1475 1721 1684 1775 electos
1705 1721 2099 1776 inconcussam
2125 1720 2445 1775 doctrinam
2465 1720 2791 1775 admirabili
2816 1722 3157 1792 compendio
3184 1724 3476 1793 pertexuit
3497 1724 3556 1779 in
3577 1725 3728 1780 dicto

198 1800 374 1855 libro.
425 1803 540 1858 Cur
580 1804 759 1874 igitur
786 1805 923 1859 vitio
964 1807 1050 1860 vel
1092 1807 1317 1861 crimini
1358 1808 1525 1863 datur
1564 1808 1696 1875 dici,
1726 1809 1879 1863 hunc
1907 1809 2121 1864 librum
2158 1808 2484 1864 universam
2524 1809 2725 1880 gratim
2764 1810 3146 1866 oeconomiam
3175 1813 3508 1883 complecti?
3540 1814 3645 1868 Ubi
3671 1818 3731 1867 et

198 1891 398 1945 obiter
425 1890 565 1947 illud
598 1894 956 1963 proﬁtemur,
989 1895 1258 1966 Opusculi
1285 1897 1539 1967 ejusdem
1569 1898 1909 1967 analyticam
1948 1898 2242 1969 synopsim
2280 1897 2474 1951 insciis
2504 1898 2829 1968 Prmpositis
2858 1899 3066 1953 nostris
3094 1900 3443 1970 publicatam
3478 1919 3490 1956 :
3523 1902 3583 1955 in
3615 1918 3728 1973 quo
3772 1956 3791 1969 ,

200 1978 596 2051 flagitantium
627 1982 784 2037 illam
814 1985 1197 2054 quorumdam
1227 1986 1510 2041 voluntati
1537 2002 1758 2040 morem
1785 2002 1983 2057 gerere
2015 2004 2073 2041 se
2102 2002 2269 2057 posse
2296 1985 2601 2040 arbitratus
2630 1990 2712 2039 est
2738 2002 2885 2040 unus
2914 2002 2944 2040 e
2974 1987 3202 2053 nostris,
3234 2005 3366 2041 cum
3396 1994 3589 2043 tamen
3623 2006 3727 2044 nec

198 2068 280 2122 illi
307 2085 419 2123 nec
448 2070 615 2125 nobis
644 2071 948 2127 consilium
975 2072 1174 2128 fuisset
1202 2075 1540 2145 particulam
1568 2076 1735 2130 istam
1756 2076 2021 2131 universo
2053 2075 2213 2146 operi
2242 2074 2612 2145 praemittere,
2644 2092 2678 2129 a
2704 2075 2868 2145 cujus
2897 2076 3190 2146 proposito
3222 2076 3470 2131 alienam
3502 2093 3644 2144 esse,
3669 2083 3728 2132 et

200 2157 270 2212 ad
291 2158 354 2212 id
377 2158 535 2229 quod
551 2161 830 2231 agebatur
856 2161 1094 2217 minime
1113 2163 1497 2234 pertinentem
1526 2180 1646 2219 non
1666 2165 1826 2219 inviti
1851 2164 2232 2235 agnoscimus.
2257 2164 2451 2234 Neque
2472 2163 2630 2218 enim
2654 2163 3097 2218 commentarios
3122 2168 3221 2219 aut
3244 2165 3552 2236 analyticas
3576 2182 3726 2221 sum-

199 2264 328 2302 mas
356 2249 526 2306 edere
572 2250 798 2305 animus
825 2252 932 2307 fuit
958 2252 1019 2307 in
1046 2268 1220 2337 opera
1248 2254 1429 2308 sancti
1473 2254 1743 2309 Doctoris.
1794 2255 2074 2310 Caeterum
2106 2253 2175 2307 de
2212 2252 2501 2323 praedictae
2546 2253 2861 2323 analyseos,
2909 2268 3038 2324 qum
3067 2269 3195 2307 cum
3226 2254 3558 2309 auctoritate
3588 2255 3725 2309 olim

196 2334 520 2404 prodierat,
550 2336 820 2404 utilitate,
854 2339 1060 2408 pretio,
1089 2334 1219 2407 fide,
1248 2340 1322 2395 ad
1349 2357 1455 2395 nos
1484 2341 1671 2396 dicere
1703 2358 1821 2397 non
1848 2342 2081 2410 attinet;
2115 2357 2247 2398 cum
2275 2342 2548 2396 harumce
2578 2357 2773 2396 rerum
2803 2343 3114 2412 prmsulum
3143 2342 3446 2397 arbitrium
3477 2358 3597 2397 esse
3626 2344 3723 2398 de-

195 2422 351 2487 beat,
380 2439 504 2478 non
530 2423 909 2496 privatorum,
944 2428 1139 2499 quales
1170 2445 1385 2484 sumus.

266 2532 409 2585 Post
437 2548 508 2586 ea
532 2548 668 2587 vero
695 2550 824 2604 qum
850 2534 1121 2603 diximus,
1153 2535 1367 2591 morari
1396 2553 1745 2609 quemquam
1777 2554 1893 2592 non
1923 2534 2111 2605 debet,
2138 2535 2253 2590 sive
2283 2536 2436 2606 quod
2462 2535 2609 2590 libro
2631 2536 2700 2591 de
2731 2536 3098 2607 Correptione
3129 2540 3186 2591 et
3215 2537 3426 2607 Gratia,
3459 2538 3531 2592 ad
3562 2554 3718 2592 mar-

193 2620 395 2690 ginem
427 2621 635 2691 capitis
660 2623 913 2689 secundi,
945 2624 1144 2695 gratiae
1170 2624 1386 2679 efﬁcaci
1416 2642 1628 2680 nomen
1655 2629 1846 2695 gratim
1865 2627 2070 2684 Christi
2088 2624 2378 2694 prmcipua
2402 2624 2650 2695 quadam
2674 2624 2893 2679 ratione
2921 2624 3187 2679 tribuisse
3211 2625 3314 2679 visi
3343 2642 3539 2680 sumus
3563 2642 3576 2680 :
3601 2626 3715 2680 sive

193 2709 354 2780 quod
384 2709 448 2764 in
480 2710 628 2765 libro
656 2713 724 2766 de
755 2712 946 2767 Gratia
974 2713 1180 2767 Christi
1207 2713 1689 2770 insinuaverimus
1717 2732 1845 2770 eam
1870 2732 1990 2769 esse
2019 2714 2381 2783 deﬁnitionem
2405 2715 2600 2781 gratim
2628 2714 2855 2781 Christi,
2887 2729 3061 2783 quam
3091 2713 3207 2767 illic
3245 2713 3409 2768 affert
3436 2713 3490 2769 S.
3523 2716 3719 2785 Augu-

191 2798 402 2866 stinus,
435 2800 670 2868 scilicet,
711 2804 1139 2872 Inspirationem
1178 2805 1608 2860 luminosissimm
1646 2809 1696 2859 et
1739 2806 2134 2860 ardentissima:
2164 2804 2490 2857 charitatis:
2523 2801 2638 2856 sive
2681 2802 2915 2856 demum
2949 2801 3100 2873 quod
3130 2801 3203 2855 ad
3232 2806 3402 2873 caput
3433 2803 3722 2857 decimum

116 2874 119 2877 ’
188 2887 432 2943 tertium
463 2884 721 2960 ejusdem
747 2890 882 2945 libri
910 2895 1171 2947 notatum
1198 2892 1292 2962 sit,
1326 2893 1484 2958 Quod
1507 2895 1605 2963 qui
1630 2909 1728 2963 per
1752 2895 1995 2962 gratiam
2024 2891 2242 2956 didicit,
2273 2894 2406 2960 agat
2428 2893 2642 2945 omnino
2670 2890 2946 2960 quidquid
2967 2890 3235 2957 agendum
3260 2890 3487 2957 didicit;
3513 2895 3588 2958 et,
3613 2892 3723 2958 Qui

185 2991 287 3046 per
314 2980 568 3045 gratiam
595 2978 813 3046 didicit,
839 2982 1014 3044 venit;
1049 2982 1146 3049 qui
1170 2995 1278 3035 non
1305 2983 1466 3042 venit,
1495 2995 1600 3035 non
1627 2980 1842 3035 didicit.
1877 2980 2008 3034 Hmc
2034 2979 2188 3034 enim
2218 2983 2275 3034 et
2301 2979 2413 3033 alia
2439 2978 2790 3049 huiusmodi,
2822 2994 2952 3048 qum
2990 2977 3187 3049 gratiae
3232 2978 3447 3033 efﬁcaci
3476 2979 3720 3034 maxime

189 3065 564 3131 conveniunt,
596 3067 748 3121 dicta
776 3072 910 3122 sunt
937 3068 1153 3139 absque
1183 3067 1528 3123 detrimento
1553 3069 1787 3123 alterius
1814 3085 1964 3124 verm
2006 3071 2063 3124 et
2089 3067 2377 3123 interioris
2424 3065 2646 3137 gratim,
2679 3067 2776 3121 sed
2807 3066 3012 3122 effectu
3050 3083 3153 3122 suo
3182 3066 3449 3138 carentis,
3482 3068 3716 3139 qualem

187 3159 324 3223 post
352 3160 618 3210 sanctum
645 3157 1031 3227 Augustinum
1060 3158 1250 3212 schola
1270 3156 1690 3213 Thomistarum
1714 3162 2059 3228 propugnat.
2095 3156 2235 3211 llinc
2263 3155 2436 3210 solius
2463 3154 2663 3227 gratim
2691 3154 2934 3210 victricis
2965 3159 3024 3210 et
3050 3156 3316 3210 maximm
3335 3156 3590 3227 inopiam
3621 3162 3721 3211 aut

192 3242 676 3298 substractionem
706 3244 1024 3315 signiﬁcare
1051 3246 1337 3301 voluimus
1361 3247 1433 3301 ad
1463 3245 1675 3300 librum
1716 3246 2031 3300 secundum
2059 3245 2127 3300 de
2159 3246 2527 3299 Peccatorum
2567 3243 2777 3298 Meritis
2802 3248 2859 3298 et
2887 3243 3265 3309 Remissione,
3299 3244 3401 3298 ubi
3428 3260 3560 3299 cum
3590 3261 3716 3299 san-

192 3337 317 3387 ctus
349 3333 562 3388 Doctor
594 3334 859 3406 inquirit,
890 3351 987 3389 cur
1013 3338 1291 3391 victricem
1331 3336 1732 3390 delectationem
1773 3350 1891 3415 non
1921 3334 2188 3400 omnibus,
2226 3334 2309 3388 vel
2346 3349 2452 3388 non
2493 3349 2700 3402 semper
2744 3335 2946 3388 sanctis
2976 3333 3064 3387 det
3091 3336 3262 3400 Deus;
3291 3333 3540 3388 breviori
3570 3334 3715 3389 forte

192 3421 545 3491 compendio
574 3424 917 3478 sententiam
948 3425 1008 3478 in
1037 3424 1299 3496 margine
1329 3424 1407 3478 sic
1436 3423 1819 3495 expressimus
1847 3439 1860 3477 :
1891 3424 2087 3478 Gratia
2114 3438 2210 3476 cur
2237 3436 2344 3475 non
2369 3421 2636 3489 omnibus,
2666 3423 2749 3474 vel
2776 3437 2881 3475 non
2906 3436 3112 3490 semper
3155 3424 3358 3476 sanctis
3387 3422 3564 3476 detur.
3605 3423 3712 3477 Ubi

193 3508 392 3563 addita
424 3511 621 3565 vocula
639 3513 864 3579 victrim,
886 3513 1212 3568 offensionis
1244 3531 1442 3569 ansam
1472 3530 1703 3569 omnem
1734 3513 1980 3568 ablatam
2009 3525 2378 3581 cuperemus:
2406 3509 2541 3564 licet
2564 3499 2868 3580 Augustini
2899 3525 3090 3577 sensu,
3118 3525 3301 3580 eoque
3333 3509 3569 3565 minime
3594 3527 3715 3566 am-

192 3595 394 3668 biguo,
429 3614 643 3654 nomen
688 3602 885 3670 gratim
928 3602 1261 3674 simpliciter
1296 3620 1401 3674 pro
1449 3602 1665 3657 efﬁcaci
1705 3600 1888 3673 gratia
1916 3599 2354 3671 sumpserimus,
2383 3614 2513 3652 cum
2550 3601 2606 3652 et
2634 3597 2695 3651 in
2739 3597 2946 3650 sanctis
2984 3602 3041 3651 et
3076 3597 3137 3651 in
3165 3597 3556 3667 peccatoribus
3585 3615 3715 3654 cum

193 3690 388 3740 sancto
417 3687 686 3743 Antistite
715 3688 963 3744 minores
992 3690 1226 3762 gratias,
1259 3707 1467 3763 easque
1496 3689 1837 3746 Thomistico
1868 3704 2035 3743 sensu
2066 3686 2433 3753 sufﬁcientes,
2464 3685 2851 3740 admittamus.

263 3792 488 3847 Revera
514 3794 638 3865 ejus
687 3796 915 3867 generis
955 3800 1166 3867 gratias
1204 3797 1414 3868 passim
1462 3796 1835 3868 experiuntur
1881 3794 2057 3849 etiam
2100 3798 2445 3866 peccatores,
2478 3792 2723 3847 maxime
2770 3792 2829 3846 in
2861 3808 2961 3845 sua
3007 3792 3262 3862 ipsorum
3310 3793 3710 3848 conversione:

191 3882 381 3935 multo
410 3882 602 3936 minus
619 3884 789 3954 justis
818 3901 913 3939 eas
939 3886 1188 3956 denegat
1216 3887 1365 3941 Deus
1390 3906 1404 3952 ;
1433 3874 1649 3956 quippe
1689 3884 1789 3956 qui
1811 3884 1999 3954 justos
2025 3899 2131 3936 non
2160 3882 2377 3949 deserit,
2412 3883 2523 3936 nisi
2544 3884 2706 3951 prius
2735 3881 2803 3934 ab
2834 3883 2911 3934 eis
2942 3880 3239 3934 deseratur.
3276 3881 3390 3934 Hoc
3418 3881 3571 3935 enim
3602 3880 3714 3934 dis-

189 3969 415 4023 crimen
444 3973 801 4042 Augustinus
830 3973 981 4028 inter
1005 3976 1190 4028 Deum
1228 3974 1636 4045 justiﬁcantem
1666 3978 1723 4027 et
1751 3971 2043 4026 medicum
2068 3975 2366 4028 sanantem
2395 3970 2612 4036 statuit,
2650 3970 2796 4040 quod
2822 3970 3057 4026 medicus
3098 3971 3250 4024 homo
3293 3984 3414 4023 cum
3441 3970 3715 4024 sanaverit

189 4058 483 4126 hominem,
507 4060 630 4128 jam
653 4061 721 4115 de
748 4067 933 4117 cmtero
960 4063 1372 4118 sustentandum
1400 4064 1669 4117 elementis
1717 4065 1767 4115 et
1796 4062 2067 4115 alimentis
2106 4060 2497 4129 corporalibus,
2521 4063 2582 4112 ut
2611 4060 2795 4113 eadem
2831 4061 3043 4113 sanitas
3081 4063 3209 4128 apto
3237 4058 3480 4113 subsidio
3509 4072 3712 4111 conva—

190 4147 383 4212 lescat,
413 4150 519 4202 Deo
544 4148 790 4204 dimittit.
823 4153 898 4204 At
919 4150 1067 4205 Deus
1096 4156 1402 4222 postquam
1430 4150 1675 4221 impium
1698 4149 2111 4220 justiﬁcaverit,
2143 4164 2263 4203 eum
2289 4163 2396 4203 non
2424 4147 2622 4203 deserit
2657 4149 2709 4202 si
2735 4163 2841 4201 non
2866 4147 3166 4215 deseratur,
3194 4152 3257 4201 ut
3280 4148 3371 4216 pie
3394 4161 3600 4215 semper
3614 4146 3714 4212 ju-

189 4239 383 4302 steque
409 4238 649 4306 vivatur,
676 4237 866 4310 inquit
889 4244 1115 4294 sanctus
1147 4241 1353 4294 Doctor
1384 4240 1444 4293 in
1470 4239 1619 4294 libro
1650 4238 1719 4292 de
1751 4239 1962 4292 Natura
1988 4242 2046 4291 et
2073 4237 2283 4304 Gratia,
2309 4236 2493 4307 capite
2519 4235 2793 4307 vigesimo
2825 4240 2998 4290 sexto.

270 4339 420 4393 Cum
444 4339 530 4393 his
557 4341 751 4413 itaque
780 4342 1043 4397 subsidiis
1072 4343 1261 4414 justus
1286 4346 1694 4413 perseveraret,
1729 4341 1775 4395 si
1812 4340 1983 4397 vellet
2023 4359 2037 4397 :
2069 4342 2225 4414 quod
2264 4358 2399 4397 vero
2438 4341 2601 4408 nolit,
2633 4343 2757 4413 ejus
2794 4341 2963 4412 culpa
3000 4344 3101 4403 est,
3144 4339 3372 4395 tametsi
3419 4354 3712 4410 nunquam

190 4428 369 4499 plene
399 4434 457 4483 et
482 4430 789 4485 efﬁcaciter
811 4433 980 4498 volet,
1012 4431 1123 4485 nisi
1153 4431 1420 4502 ampliori
1449 4435 1507 4485 et
1533 4430 1756 4484 fortiori
1786 4430 1988 4500 gratim
2027 4431 2310 4500 adjutorio
2338 4430 2625 4485 fulciatur.

266 4537 343 4591 Ex
377 4537 467 4591 his
490 4537 653 4593 facile
684 4538 1047 4609 intelligitur,
1075 4539 1355 4593 sinceram
1394 4538 1456 4592 in
1486 4538 1601 4592 Deo
1631 4553 1752 4592 esse
1782 4551 1982 4591 omnes
2020 4536 2273 4590 salvandi
2320 4535 2583 4590 homines
2612 4535 2963 4589 voluntatem
2989 4551 3001 4588 :
3034 4548 3206 4605 quam
3232 4533 3583 4587 voluntatem
3610 4531 3715 4585 etsi

192 4625 507 4697 aliquando
533 4628 603 4681 ad
625 4628 855 4697 electos,
877 4632 976 4682 aut
993 4628 1062 4683 ad
1083 4645 1294 4700 genera
1314 4627 1674 4699 singulorum
1696 4625 2037 4696 restringere
2056 4623 2316 4679 videatur
2334 4624 2709 4695 Augustinus,
2736 4628 2797 4678 ut
2814 4622 3250 4695 Pelagianorum
3272 4620 3457 4692 pravis
3478 4620 3711 4691 quibus-

191 4716 327 4770 dam
356 4715 416 4768 in
448 4714 555 4769 hoc
585 4716 767 4787 capite
799 4716 1056 4770 sensibus
1078 4720 1370 4770 occurrat:
1396 4731 1515 4770 non
1539 4718 1732 4769 tamen
1761 4713 2048 4784 improbat
2077 4713 2188 4767 alio
2218 4713 2473 4784 quolibet
2498 4729 2669 4768 sensu
2688 4715 3038 4767 voluntatem
3067 4711 3234 4766 istam
3265 4710 3553 4780 explicari,
3581 4709 3713 4764 dum

192 4812 373 4859 tamen
399 4805 613 4859 credere
630 4822 735 4859 non
756 4821 1030 4873 cogamur,
1053 4805 1259 4876 inquit,
1287 4804 1504 4875 aliquid
1529 4806 1939 4873 omnipotentem
1966 4804 2132 4856 Deum
2149 4805 2271 4871 ﬁeri
2289 4803 2540 4869 voluisse,
2562 4802 2853 4855 voluntate
2880 4800 3158 4854 nimirum
3181 4801 3457 4864 absoluta,
3481 4801 3712 4865 factum-

192 4910 417 4965 quenon
440 4909 552 4949 esse
572 4894 762 4965 (Ench.
789 4911 834 4948 c.
872 4895 1011 4962 103).
1034 4893 1190 4948 Unde
1210 4894 1318 4948 alio
1344 4895 1467 4948 loco
1492 4893 1816 4964 generalem
1848 4890 2154 4962 quamdam
2176 4891 2275 4945 Dei
2303 4891 2373 4945 de
2394 4890 2653 4945 omnium
2680 4889 2983 4943 hominum
3015 4890 3196 4944 salute
3222 4889 3575 4942 voluntatem
3596 4904 3710 4941 non

192 4984 438 5037 obscure
467 4982 677 5048 innuit,
712 4998 840 5036 cum
872 4981 1057 5048 docet,
1085 4982 1175 5036 Sic
1202 4982 1333 5035 velle
1358 4984 1520 5037 Deum
1558 4996 1735 5035 omnes
1766 4982 2003 5034 homines
2032 4980 2208 5035 salvos
2235 4982 2357 5049 fieri
2383 4985 2434 5035 et
2475 4983 2536 5035 in
2574 4981 2905 5048 agnitionem
2943 4980 3188 5032 veritatis
3217 4980 3417 5044 venire,
3446 4980 3507 5031 ut
3535 4981 3711 5030 tamen

192 5088 293 5125 non
324 5071 545 5125 adimat
568 5073 644 5125 eis
676 5070 901 5126 liberum
926 5072 1238 5134 arbitrium,
1272 5087 1375 5138 quo
1400 5071 1526 5125 bene
1555 5072 1636 5125 vel
1662 5072 1803 5124 male
1827 5072 2030 5124 utentes
2062 5067 2368 5137 justissime
2403 5069 2752 5139 judiceutur:
2787 5068 2931 5137 quod
2967 5083 3086 5122 cum
3115 5070 3196 5137 ﬁt,
3227 5066 3465 5135 inﬁdeles
3495 5065 3710 5135 quidem

191 5166 382 5216 contra
410 5162 743 5215 roluntatcm
768 5162 866 5214 Dei
889 5162 1124 5227 faciunt,
1159 5174 1279 5215 cum
1307 5160 1422 5227 ejus
1452 5161 1745 5227 Evangelia
1768 5173 1872 5212 non
1902 5157 2158 5221 credunt;
2188 5174 2280 5212 nec
2309 5157 2429 5211 ideo
2459 5162 2637 5211 tamen
2666 5172 2783 5211 eam
2809 5159 3053 5222 vincunt,
3080 5171 3264 5210 verum
3293 5170 3348 5209 se
3372 5157 3517 5225 ipsos
3545 5156 3707 5221 frau-

190 5251 328 5306 dant
358 5264 554 5316 magno
583 5256 635 5305 et
663 5265 869 5304 summo
908 5250 1059 5315 bono,
1092 5250 1359 5316 malisque
1384 5250 1687 5317 poenalibus
1717 5250 2022 5318 implicant,
2055 5247 2335 5316 experturi
2362 5248 2423 5300 in
2451 5247 2739 5316 suppliciis
2762 5250 3084 5316 potestatem
3109 5245 3247 5313 ejus,
3277 5245 3428 5313 cujus
3457 5245 3518 5296 in
3548 5242 3708 5297 donis

192 5338 625 5393 misericordiam
665 5342 1108 5408 contempserunt.
1136 5337 1238 5407 (De
1260 5338 1408 5406 Spir.
1441 5342 1492 5390 et
1522 5339 1675 5400 Litt,
1710 5353 1829 5407 cap.
1864 5337 1974 5407 33).

263 5448 345 5501 De
377 5450 798 5517 prmceptorum
824 5444 1203 5516 possibilitate
1232 5447 1317 5499 tot
1345 5447 1403 5498 et
1430 5448 1548 5497 tam
1578 5448 1772 5513 aperta
1810 5449 1943 5498 sunt
1980 5444 2157 5498 sancti
2184 5442 2488 5513 Augustini
2516 5442 2865 5509 testimonia,
2895 5446 2960 5497 ut
2989 5457 3056 5494 ea
3083 5441 3192 5494 huc
3223 5438 3424 5493 aﬂ'erre
3457 5439 3706 5495 otiosum

196 5535 371 5591 fuerit
396 5552 408 5589 :
434 5540 607 5608 negat
634 5540 831 5590 tamen
860 5550 928 5588 ea
956 5532 1245 5604 possibilia
1266 5548 1387 5587 esse
1416 5531 1486 5586 ad
1518 5536 1770 5587 mentem
1795 5532 2252 5603 Pelagianorum,
2284 5530 2385 5604 qui
2412 5548 2479 5586 ea
2508 5533 2641 5587 solis
2665 5537 2887 5587 naturm
2909 5528 3142 5594 viribus,
3172 5527 3387 5598 absque
3414 5526 3707 5583 interioris

252 5767 327 5828 1Ὠ)
358 5764 828 5817 Eminentissimus
861 5761 1144 5813 cardinalis
1174 5762 1424 5823 Norisius,
1456 5762 1696 5812 Historiae
1722 5762 2017 5825 Pelagiaum
2050 5762 2185 5811 libro
2210 5767 2255 5821 l,
2288 5775 2405 5825 pag.
2441 5764 2548 5821 143,
2573 5760 2820 5810 editionis
2843 5758 3115 5807 Patavium
3147 5760 3272 5808 anni
3313 5764 3450 5810 1673.
