4048 6194
283 348 350 400 23
1634 333 1881 388 ΡΒΑΞΡΑ

2197 333 2446 389 ΞΒΑῙᾸΒ.
3728 331 3795 383 24

287 467 486 539 gratias
517 465 748 526 auxilio.
779 463 1071 534 possibilia
1101 479 1221 517 esse
1251 460 1691 516 contendebant.
1726 460 1866 514 Hinc
1897 459 2263 512 manifestum
2297 461 2382 512 est
2409 456 2584 512 cuivis
2608 457 2830 511 sincero
2852 460 2908 510 et
2934 471 3100 526 aequo
3127 455 3348 520 lectori,
3371 471 3486 526 quo
3513 471 3684 510 sensu
3706 455 3795 510 di—

281 556 534 610 xerimus
562 554 623 607 in
651 553 897 607 sectione
928 551 1166 623 septima
1197 548 1553 606 Praefationis
1582 549 1654 602 ad
1681 553 1904 601 tomum
1932 544 2261 613 septimum,
2297 546 2506 600 Bedam
2527 545 2588 598 in
2618 544 3053 600 Commentariis
3082 559 3252 614 super
3283 543 3510 598 Cantica
3541 543 3791 598 cantico-

283 661 413 699 rum
443 647 918 697 commonstrasse
950 640 1297 695 reconditum
1345 638 1498 692 virus
1535 637 1597 691 in
1634 636 1772 690 locis
1809 634 2126 704 Pelagianae
2157 636 2227 688 ad
2259 634 2681 689 Demetriadem
2725 633 2998 704 epistolae,
3033 649 3161 686 cum
3194 632 3251 684 in
3282 632 3427 694 aliis,
3461 636 3584 685 tum
3617 632 3676 685 in
3706 632 3794 686 his

284 737 405 804 ejus
431 732 634 796 verbis,
663 731 806 801 quod
833 733 969 784 Deus
999 745 1092 784 nec
1125 728 1454 798 impossibile
1481 725 1697 793 aliquid
1722 725 1902 793 potuit
1930 725 2216 792 imperare,
2235 727 2333 792 qui
2355 725 2537 794 justus
2569 727 2681 787 est;
2707 738 2800 776 nec
2829 723 3189 776 damnaturus
3219 726 3295 774 est
3327 722 3589 775 hominem
3617 737 3718 790 pro
3741 728 3798 785 eo

285 823 428 892 quod
456 825 632 886 vitare
663 836 769 875 non
795 825 986 888 potest,
1021 822 1118 887 qui
1146 821 1272 888 pius
1297 821 1395 870 est.
1427 815 1550 878 Quo
1578 813 1639 867 in
1668 815 1812 878 loco,
1845 813 2006 882 cujus
2032 828 2227 866 sensus
2250 812 2371 881 jam
2399 811 2629 866 aliunde
2659 811 2792 864 satis
2823 810 3146 880 exploratus
3177 816 3317 874 erat,
3346 809 3664 863 antidotum
3696 809 3799 863 ad-

281 911 478 966 hibere
511 909 893 964 necessarium
926 924 1036 960 non
1060 906 1349 968 duximus,
1382 903 1450 957 ad
1483 901 1916 972 praecavendum
1947 901 2189 955 abusum
2215 901 2365 954 illitis
2391 900 2562 967 eﬁ‘ati,
2597 899 2747 970 quod
2779 899 2900 952 sine
2931 897 3106 953 dubio
3132 915 3331 952 verum
3358 902 3416 952 et
3445 899 3794 952 catholicum

283 1007 368 1054 est
395 1006 518 1054 tum
548 999 699 1069 apud
731 998 961 1050 beatum
991 993 1394 1064 Augustinum,
1419 996 1542 1045 tum
1573 991 1723 1061 apud
1746 988 2040 1044 universos
2065 989 2197 1042 ﬁdei
2219 989 2506 1043 catholicae
2537 990 2800 1042 cultores.
2827 987 2972 1052 Quin
2999 987 3170 1057 etiam
3200 986 3259 1039 iu
3289 987 3614 1057 Appendice
3640 988 3794 1056 ejus-

283 1089 412 1143 dem
441 1087 581 1141 tomi
603 1087 890 1156 integrum
920 1084 1078 1138 Bedae
1105 1084 1292 1136 locum
1315 1080 1635 1149 retulimus,
1656 1078 1756 1149 qui
1782 1077 2065 1148 duplicem
2088 1078 2209 1148 ejus
2237 1078 2388 1133 effeti
2410 1094 2639 1132 sensum
2670 1077 2876 1132 diserte
2897 1076 3166 1146 exprimit
3189 1093 3200 1129 :
3237 1090 3566 1146 quanquam
3591 1079 3648 1128 et
3678 1076 3797 1129 vel-

282 1179 464 1230 lemus
495 1176 658 1229 illum
700 1179 1010 1244 utrumque
1058 1173 1117 1226 in
1162 1170 1495 1242 praefatione
1538 1169 1661 1239 ipsa
1701 1169 2193 1237 reprsesentatum,
2226 1172 2289 1220 ut
2338 1167 2421 1220 vel
2465 1166 2806 1221 levissimam
2854 1163 3182 1220 otfendiculi
3231 1163 3588 1218 occasionem
3635 1179 3794 1216 amo-

281 1279 560 1318 veremus.

355 1373 468 1427 Nos
516 1385 765 1442 quoque,
798 1372 862 1422 ut
910 1367 1225 1423 Catholicos
1273 1365 1453 1433 decet,
1481 1363 1728 1418 liberum
1784 1361 1844 1415 in
1872 1361 2104 1415 homine
2145 1360 2316 1415 etiam
2357 1361 2515 1430 lapso
2558 1360 2859 1415 arbitrium
2899 1360 3294 1413 incunctanter
3323 1358 3705 1428 agnoscimus,
3739 1363 3796 1410 et

281 1461 451 1531 hujus
493 1459 784 1514 catholicae
832 1457 1084 1511 veritatis
1114 1452 1449 1510 assertorem
1496 1451 1883 1523 Augustinum
1916 1450 2113 1514 secuti,
2142 1466 2271 1503 cum
2319 1449 2443 1520 ipso
2475 1456 2532 1504 et
2571 1450 2836 1504 omnibus
2877 1448 3176 1504 Catholicis
3205 1448 3501 1514 sentimus,
3536 1448 3793 1501 volunta-

283 1556 398 1603 tem
428 1547 681 1602 hominis
726 1547 989 1601 sufﬁcere
1019 1545 1126 1599 sibi
1171 1545 1237 1599 ad
1270 1545 1506 1609 malum,
1538 1558 1654 1596 non
1686 1556 1812 1594 vero
1843 1539 1914 1593 ad
1944 1539 2160 1594 bonum
2199 1538 2410 1609 absque
2458 1538 2642 1608 gratia
2673 1556 2686 1592 :
2719 1555 2849 1592 cum
2880 1556 2909 1592 e
2941 1536 3220 1591 contrario
3252 1537 3542 1607 Pelagiani
3575 1552 3795 1590 asserc-

284 1642 430 1704 rent,
464 1639 746 1707 integram
797 1653 897 1690 nec
942 1639 1173 1705 peccato
1223 1633 1394 1704 primi
1421 1630 1671 1686 hominis
1701 1629 1958 1684 vitiatam
1989 1627 2308 1702 libertatem
2351 1643 2514 1697 aequa
2543 1628 2701 1680 lance
2742 1625 2876 1680 ferri
2908 1627 3022 1679 sive
3052 1625 3123 1679 ad
3164 1627 3400 1691 bonum,
3433 1624 3548 1678 sive
3579 1625 3647 1679 ad
3682 1640 3798 1677 ma-

284 1727 422 1780 lum.
459 1725 598 1779 Hinc
626 1741 755 1779 cum
786 1729 978 1778 sancto
1004 1722 1269 1777 Antistite
1295 1726 1492 1776 notare
1523 1725 1580 1774 et
1607 1718 1839 1789 rejicere
1871 1717 2040 1771 libuit
2069 1716 2342 1770 libertatis
2369 1715 2730 1770 deﬁnitiones
2757 1733 2788 1769 a
2815 1715 3040 1770 Juliauo
3069 1715 3127 1768 in
3155 1714 3354 1784 gratim
3398 1712 3796 1784 praajudicium

286 1813 572 1878 adductas,
607 1812 812 1882 quibus
841 1809 1152 1882 tequilibris
1181 1809 1249 1863 ad
1295 1809 1512 1863 bonum
1543 1811 1600 1861 et
1629 1806 1843 1860 malum
1870 1804 2106 1858 facilitas
2146 1803 2431 1858 statuitur.
2468 1803 2574 1858 Ubi
2613 1810 2805 1858 tamen
2834 1803 3083 1873 ingenue
3130 1803 3489 1874 proﬁtemur,
3519 1802 3587 1856 de
3617 1801 3798 1856 libero

285 1902 516 1956 arbitrio
547 1900 860 1954 secundum
907 1916 966 1952 se
1005 1902 1253 1969 spectato
1293 1897 1438 1951 forte
1483 1911 1716 1967 parvam
1765 1897 1863 1948 aut
1910 1894 2125 1946 nullam
2168 1893 2318 1946 inter
2361 1892 2677 1947 Catholicos
2719 1897 2775 1946 et
2805 1892 3135 1962 Pelagianos
3180 1896 3435 1946 exortam
3479 1907 3598 1945 esse
3645 1903 3798 1961 qure'

286 1991 548 2044 stionem.

355 2097 478 2150 Non
509 2096 755 2150 absimili
785 2094 1042 2150 cautione
1069 2110 1198 2148 cum
1225 2095 1391 2148 beato
1424 2092 1693 2147 Antistite
1719 2088 2145 2161 repudiavimus
2165 2087 2452 2140 Julianeas
2470 2088 2686 2157 peccati
2715 2087 3096 2152 deﬁnitiones,
3126 2086 3399 2158 quoniam
3431 2088 3579 2141 mala
3604 2090 3796 2142 mente

285 2183 738 2256 proferebantur,
771 2181 983 2236 scilicet
1009 2182 1067 2235 in
1115 2181 1391 2237 damnum
1421 2183 1619 2252 gratia:
1663 2180 1732 2234 ad
1761 2178 1992 2232 vitanda
2037 2180 2266 2247 peccata
2311 2176 2667 2244 necessarias,
2700 2181 2756 2231 et
2792 2177 2853 2230 in
2895 2176 3315 2231 incrementum
3358 2176 3519 2232 liberi
3552 2176 3794 2230 arbitrii.

283 2272 541 2326 Julianus
591 2286 797 2341 nempe
828 2275 1120 2340 peccatum
1165 2270 1370 2335 aiebat,
1403 2287 1437 2323 α
1467 2285 1572 2339 quo
1602 2269 1868 2322 abstinere
1902 2266 2128 2320 liberum
2173 2270 2270 2329 est,
2303 2281 2368 2318 ea
2415 2264 2676 2318 videlicet
2717 2265 2996 2333 libertate,
3036 2265 3126 2318 cui
3175 2265 3320 2319 nihil
3351 2282 3418 2318 ex
3465 2282 3523 2318 se
3555 2264 3700 2319 desit
3728 2265 3802 2318 ad

283 2359 578 2414 vitandum
610 2363 920 2428 peccatum.
956 2357 1091 2422 Quae
1122 2362 1316 2411 tamen
1343 2356 1602 2411 deﬁnitio
1649 2355 1697 2408 si
1742 2355 1812 2409 ab
1843 2352 1953 2408 alio
1984 2354 2356 2423 proferretur,
2400 2369 2572 2424 quam
2603 2353 2672 2408 ab
2722 2353 2918 2408 doloso
2965 2354 3367 2423 haeresiarcha,
3395 2371 3513 2408 non
3551 2357 3698 2408 esset
3729 2353 3797 2406 de

285 2449 408 2521 ipsa
436 2452 731 2518 tantopere
757 2447 1119 2518 litigandum.

357 2556 466 2611 Sed
501 2559 808 2626 utcumque
837 2553 1140 2624 disputarit
1171 2553 1550 2624 Hipponensis
1579 2553 1825 2607 Antistes
1851 2565 1980 2605 cum
2009 2548 2230 2604 Juliano
2260 2548 2328 2603 de
2359 2549 2638 2603 libertatis
2667 2554 2722 2604 et
2750 2550 2967 2621 peccati
2998 2549 3448 2615 deﬁnitionibus,
3469 2549 3609 2603 illud
3634 2547 3798 2602 nobis

287 2645 522 2699 omnino
543 2649 783 2709 certum,
802 2642 1246 2697 inditferentiam
1265 2641 1526 2710 activam,
1543 2640 1659 2694 sive
1684 2641 2025 2707 libertatem,
2043 2642 2333 2703 utvocant,
2355 2639 2816 2693 contradictionis
2838 2640 2908 2694 ad
2929 2640 3215 2711 agendum
3233 2641 3318 2692 vel
3347 2655 3460 2692 non
3483 2637 3794 2709 agendum,

287 2732 402 2786 sive
416 2731 586 2785 etiam
604 2731 671 2784 ad
690 2730 1025 2784 merendum
1052 2734 1108 2783 et
1123 2729 1533 2784 demerendum
1551 2727 1611 2782 in
1633 2727 1866 2782 homine
1887 2728 2065 2798 lapso,
2091 2731 2413 2780 constanter
2433 2727 2687 2797 agnitam
2708 2733 2763 2782 et
2783 2729 3077 2799 probatam
3102 2745 3134 2782 a
3155 2732 3347 2782 sancto
3369 2726 3633 2780 Antistite
3652 2742 3666 2791 ;
3683 2725 3799 2778 sive

286 2821 345 2874 in
375 2820 594 2874 bonum
614 2836 681 2874 ex
703 2819 886 2890 gratia
911 2818 1125 2873 victrici
1146 2819 1403 2872 voluntas
1424 2817 1660 2885 feratur,
1682 2815 1796 2870 sive
1825 2816 1896 2870 ad
1921 2818 2134 2870 malum
2163 2833 2227 2870 ex
2260 2833 2316 2871 se
2343 2817 2462 2888 ipsa
2485 2822 2540 2870 et
2561 2817 2790 2889 proprio
2815 2819 3054 2873 defectu.
3080 2821 3262 2888 Atque
3285 2817 3431 2871 istud
3450 2815 3584 2870 ﬁdei
3608 2815 3800 2868 catho-

288 2910 410 2964 licae
441 2909 652 2980 dogma
680 2913 801 2962 tum
834 2913 985 2968 ante,
1008 2913 1130 2963 tum
1163 2911 1291 2979 post
1320 2910 1574 2961 exortam
1597 2906 1813 2977 Pelagii
1839 2906 2102 2960 heresim
2128 2921 2192 2959 ex
2223 2921 2386 2976 aequo
2417 2907 2702 2976 professus
2722 2911 2805 2960 est
2833 2907 3018 2961 clarus
3049 2907 3246 2977 gratiae
3273 2905 3566 2959 defensor:
3593 2905 3657 2958 Et
3676 2902 3801 2973 qui-

287 2999 418 3052 dem
449 2998 517 3052 de
546 3002 776 3068 peccato
807 3013 1004 3068 agens,
1033 2997 1177 3050 libro
1207 2995 1374 3050 tertio
1401 2995 1469 3050 de
1502 2994 1702 3048 Libero
1740 2993 2011 3064 Arbitrio,
2043 2995 2226 3066 capite
2266 2995 2484 3050 decimo
2510 3000 2704 3050 octavo
2729 3014 2740 3050 :
2777 2997 3131 3066 Quacumque
3160 2998 3267 3050 ista
3307 3011 3470 3050 causa
3499 2999 3576 3048 est
3610 2994 3798 3048 volun-

289 3088 440 3154 tatis,
472 3085 676 3156 inquit,
714 3085 926 3138 scilicet
955 3086 1139 3150 malae,
1171 3087 1221 3138 si
1246 3100 1352 3138 non
1379 3088 1552 3153 potest
1581 3084 1631 3136 ei
1657 3084 1859 3147 resisti,
1892 3085 2008 3136 sine
2033 3089 2247 3152 peccato
2276 3086 2326 3138 ei
2347 3085 2554 3138 ceditur
2583 3103 2598 3138 :
2629 3087 2680 3138 si
2703 3093 2880 3139 autem
2914 3090 3108 3154 potest,
3143 3101 3249 3139 non
3279 3087 3329 3138 ei
3351 3085 3593 3147 cedatur,
3616 3087 3666 3136 et
3693 3097 3799 3136 non

283 3173 612 3245 peccabitur.
641 3174 731 3226 An
758 3174 902 3238 forte
927 3173 1077 3239 fallit
1105 3174 1420 3226 incautum?
1451 3173 1592 3237 Ergo
1619 3175 1806 3224 caveat
1831 3186 1896 3223 ne
1935 3173 2188 3237 fallatur.
2222 3173 2313 3226 An
2344 3178 2496 3226 tanta
2525 3174 2753 3240 fallacia
2778 3178 2877 3240 est,
2906 3179 2967 3227 ut
2997 3175 3176 3227 caveri
3197 3175 3416 3228 omnino
3445 3187 3549 3226 non
3577 3173 3750 3240 possit
3774 3174 3803 3225 ?

287 3263 347 3317 Si
384 3263 465 3315 ita
493 3265 590 3326 est,
625 3262 778 3314 nulla
802 3265 1023 3329 peccata
1052 3266 1196 3314 sunt.
1242 3261 1376 3325 Quis
1423 3262 1563 3314 enim
1606 3265 1790 3328 peccat
1821 3261 1877 3312 in
1921 3275 1978 3312 eo
2029 3260 2174 3329 quod
2220 3261 2366 3314 nullo
2413 3261 2565 3314 modo
2596 3264 2778 3316 caveri
2814 3267 3031 3330 potest?
3061 3262 3280 3317 Scimus
3312 3261 3541 3332 quidem
3573 3259 3794 3313 librum

285 3351 438 3404 hunc
467 3366 500 3402 a
530 3353 719 3402 sancto
749 3350 983 3403 Doctore
1010 3348 1283 3417 scriptum
1314 3347 1485 3401 fuisse
1514 3351 1644 3401 ante
1682 3347 2010 3400 ventilatam
2040 3347 2110 3401 de
2135 3347 2321 3425 gratia
2351 3348 2791 3402 controversiam
2821 3353 3020 3402 contra
3045 3348 3400 3420 Pelagianos.
3425 3349 3634 3400 Verum
3665 3362 3800 3400 cum

285 3437 378 3491 hic
409 3438 563 3490 locus
593 3453 625 3489 a
655 3436 881 3506 Pelagio
924 3435 1034 3506 ipsi
1080 3435 1333 3505 objectus
1378 3434 1596 3500 fuisset,
1630 3434 1884 3504 agnoscit
1910 3434 2082 3488 verba
2111 3451 2232 3501 sua,
2262 3451 2363 3489 nec
2402 3452 2467 3489 ea
2499 3435 2803 3506 improbat,
2837 3437 3008 3491 modo
3040 3437 3396 3509 intelligatur
3419 3454 3584 3508 posse
3614 3437 3796 3490 caveri

285 3529 580 3597 peccatum
608 3541 735 3578 cum
767 3524 946 3595 gratia
983 3523 1110 3590 Dei;
1137 3540 1235 3578 nec
1264 3539 1494 3594 prorsus
1524 3522 1724 3576 eadem
1752 3523 2075 3577 conditione
2105 3528 2444 3578 censeantur
2471 3541 2598 3595 quae
2628 3525 2709 3578 ita
2733 3530 2964 3594 peccata
2995 3531 3150 3594 sunt,
3177 3531 3241 3580 ut
3269 3525 3384 3579 sint
3412 3524 3585 3579 etiam
3615 3540 3799 3595 poenae

286 3612 501 3685 peccati
529 3615 620 3684 (De
643 3615 768 3668 Nat.
801 3617 850 3666 et
877 3613 1054 3677 Grat.,
1086 3628 1140 3666 n.
1175 3613 1285 3682 80).
1321 3612 1448 3666 Haec
1477 3611 1632 3665 enim
1661 3627 1990 3682 quanquam
2022 3611 2198 3666 libere
2225 3613 2676 3680 committantur,
2719 3618 2968 3668 attamen
2998 3631 3112 3668 non
3144 3630 3210 3668 ea
3239 3614 3503 3668 libertate
3533 3629 3646 3684 qua
3697 3628 3802 3666 cm-

287 3708 429 3769 tera,
463 3717 590 3772 qua!
635 3705 764 3755 ante
809 3717 978 3754 omne
1007 3705 1300 3770 peccatum
1351 3698 1632 3754 committi
1673 3704 2000 3770 potuerunt.
2049 3703 2162 3756 Hac
2193 3702 2366 3772 igitur
2404 3703 2658 3757 adhibita
2688 3704 2955 3758 cautione
2994 3704 3245 3758 admittit
3271 3703 3326 3758 S.
3360 3702 3710 3772 Augustinus
3740 3702 3800 3755 in

287 3791 411 3860 ipso
442 3793 570 3843 actu
598 3789 810 3860 peccati
837 3805 1026 3842 veram
1059 3789 1126 3842 ad
1158 3804 1273 3842 non
1304 3789 1655 3858 peccandum
1684 3790 2023 3858 potentiam,
2056 3791 2113 3845 id
2145 3795 2228 3845 est
2267 3791 2506 3846 activam
2544 3791 3008 3858 indifferentiam,
3042 3792 3272 3862 qualem
3300 3791 3361 3846 in
3388 3791 3553 3846 bonis
3582 3790 3801 3845 actibus

288 3894 351 3932 ex
383 3877 565 3946 gratia
591 3876 754 3931 factis
782 3876 1030 3953 admisit.

361 3985 483 4038 Non
530 3983 761 4038 recessit
807 3983 878 4036 ab
928 3982 1036 4036 ista
1087 3981 1342 4036 doctrina
1385 3987 1609 4036 sanctus
1652 3983 1979 4054 Episcopus,
2021 3985 2136 4038 sive
2165 3986 2390 4056 primis,
2425 3986 2538 4040 sive
2578 3986 2880 4058 postremis
2919 3991 3116 4041 contra
3150 3987 3482 4058 Pelagianos
3513 3986 3804 4062 operibus,

290 4088 461 4145 quam
493 4087 622 4126 cum
651 4070 878 4142 Pelagio
927 4074 984 4125 et
1021 4070 1246 4125 Juliano
1286 4071 1580 4125 decertans
1620 4071 1976 4140 apertissime
2008 4079 2352 4144 propugnat.
2387 4075 2578 4145 Neque
2610 4092 2741 4129 vero
2774 4091 2999 4129 necesse
3031 4080 3114 4130 est
3161 4092 3334 4147 super
3359 4092 3427 4130 ea
3455 4092 3514 4129 re
3543 4076 3802 4130 locorum

290 4160 536 4216 indicem
562 4165 880 4225 contexere,
917 4159 1015 4230 qui
1040 4159 1159 4230 jam
1191 4159 1262 4213 ab
1292 4159 1418 4212 aliis
1448 4163 1534 4213 est
1556 4159 1868 4216 confectus.
1912 4161 1972 4215 Id
2000 4162 2185 4217 solum
2213 4164 2658 4231 observabimus,
2692 4164 2934 4219 liberum
2967 4181 3379 4235 nonnunquam
3410 4165 3597 4219 latiori
3619 4170 3674 4219 et
3703 4181 3806 4235 ge-

287 4249 556 4304 neraliori
599 4249 922 4321 signiﬁcatu
960 4249 1031 4302 ab
1067 4248 1385 4318 Augustino
1431 4248 1692 4319 usurpari
1732 4267 1837 4320 pro
1875 4252 2195 4306 voluntario
2235 4253 2406 4306 etiam
2448 4253 2798 4307 necessario:
2829 4270 2940 4325 quo
2976 4271 3142 4307 sensu
3175 4270 3429 4308 amorem
3461 4254 3700 4325 justitia!
3740 4253 3802 4308 in

290 4340 427 4405 Deo,
475 4343 530 4392 et
576 4339 836 4392 innatum
890 4337 951 4391 in
996 4337 1230 4392 homine
1274 4337 1643 4391 beatitudinis
1681 4340 2000 4408 generatim
2047 4346 2287 4412 sumptze
2316 4342 2683 4408 desiderium,
2716 4343 2960 4396 liberum
2999 4359 3119 4396 esse
3150 4342 3308 4408 dixit,
3341 4343 3398 4397 id
3429 4348 3515 4397 est
3542 4343 3803 4396 volunta-

285 4429 459 4484 rium.
493 4428 852 4498 Quapropter
899 4427 957 4481 in
1006 4427 1148 4480 libro
1191 4427 1258 4480 de
1300 4427 1512 4480 Natura
1541 4429 1596 4479 et
1638 4427 1845 4492 Gratia,
1878 4429 2046 4482 allato
2087 4429 2300 4500 Pelagii
2341 4429 2449 4483 hoc
2489 4429 2661 4494 dicto,
2699 4432 3007 4485 Voluntatis
3057 4431 3289 4485 arbitrio
3318 4447 3380 4485 ac
3418 4431 3802 4484 deliberatione

286 4513 504 4584 privari
518 4515 791 4585 quidquid
815 4516 1060 4570 naturali
1078 4515 1387 4568 necessitate
1405 4515 1817 4579 constringitur,
1842 4515 1899 4568 id
1930 4532 2043 4572 non
2066 4518 2300 4572 omnino
2337 4519 2543 4588 probat
2575 4520 2627 4573 S.
2655 4519 3035 4590 Augustinus,
3057 4519 3194 4573 dum
3219 4519 3431 4584 subdit,
3460 4522 3529 4573 Et
3553 4520 3638 4573 hic
3662 4535 3799 4573 non-

289 4605 439 4657 nulla
469 4605 690 4673 quwstio
719 4609 813 4658 est.
849 4605 969 4668 Quo
1001 4605 1121 4658 loco
1155 4602 1436 4673 signiﬁcat
1475 4601 1643 4655 nimis
1679 4602 1880 4657 ditfuse
1917 4609 1972 4658 et
1999 4605 2347 4674 indistincte,
2379 4605 2494 4659 imo
2534 4606 2706 4659 etiam
2738 4607 3170 4675 inconsiderate,
3203 4607 3454 4660 locutum
3484 4622 3604 4659 esse
3630 4608 3798 4662 Pela-

289 4691 468 4760 gium,
502 4697 671 4763 atque
701 4691 762 4744 in
791 4695 914 4760 ejus
943 4693 1092 4747 dicto
1119 4690 1381 4746 nonnihil
1412 4690 1596 4744 adhuc
1624 4707 1917 4762 superesse
1948 4692 2298 4764 quaestionis,
2332 4709 2398 4747 eo
2439 4693 2588 4764 quod
2623 4709 2740 4746 non
2769 4694 2823 4746 id
2857 4711 3026 4748 omne
3052 4694 3205 4766 quod
3234 4694 3538 4747 voluntatis
3561 4694 3800 4752 arbitrio

290 4798 353 4836 ac
381 4779 789 4835 deliberatione
818 4780 1094 4850 privatur,
1127 4779 1373 4834 naturali
1403 4779 1723 4832 necessitati
1753 4781 2062 4834 obnoxium
2095 4781 2200 4836 sit:
2248 4782 2461 4853 quippe
2501 4783 2556 4836 id
2586 4781 2920 4850 absurdum,
2952 4799 3056 4837 nec
3094 4783 3226 4836 satis
3251 4788 3507 4836 accurate
3539 4788 3633 4837 aut
3663 4801 3802 4855 pro-

289 4870 413 4924 vide
456 4869 668 4924 dictum
713 4885 853 4936 esse,
884 4869 1086 4939 probat
1128 4869 1386 4939 exemplo
1419 4867 1600 4921 innati
1630 4867 1688 4921 in
1727 4869 1894 4923 nobis
1932 4869 2301 4926 beatitudinis
2331 4871 2639 4940 appetitus,
2675 4876 2729 4924 et
2757 4871 3065 4925 voluntatis
3089 4871 3326 4942 justitirc
3356 4871 3416 4925 in
3450 4873 3564 4926 Deo
3593 4889 3606 4937 ;
3643 4875 3796 4943 quod

290 4965 598 5029 utrumque
630 4959 1010 5012 necessarium
1041 4963 1140 5023 est,
1177 4958 1255 5012 sic
1284 4963 1477 5012 tamen
1507 4961 1568 5010 ut
1596 4973 1696 5010 suo
1722 4958 1975 5028 quodam
2005 4959 2173 5013 modo
2204 4959 2274 5012 ad
2307 4959 2613 5012 voluntatis
2639 4959 2959 5026 arbitrium,
2991 4961 3188 5013 saltem
3221 4960 3409 5031 quoad
3439 4960 3612 5030 hujus
3639 4977 3798 5015 exer-

288 5048 452 5104 cendi
484 5047 740 5112 modum,
782 5048 1068 5118 pertinere
1099 5063 1262 5116 posse
1305 5047 1588 5102 videatur.
1639 5046 1797 5100 Unde
1836 5047 2022 5100 verbis
2052 5047 2230 5117 ipsius
2257 5053 2550 5102 contextus
2579 5048 2956 5114 adbrerentes,
2989 5065 3054 5101 eo
3085 5048 3205 5102 loco
3238 5049 3307 5102 ad
3338 5049 3658 5118 marginem
3690 5066 3797 5120 ap-

287 5137 581 5207 posuimus
618 5136 724 5190 hoc
752 5136 1162 5190 summarium:
1194 5137 1492 5191 Necessitas
1529 5150 1634 5189 non
1674 5140 1886 5204 pugnat
1913 5151 2031 5190 cum
2062 5137 2287 5190 arbitrio
2334 5138 2648 5192 voluntatis.
2684 5139 2890 5192 Durius
2920 5137 3152 5208 quidem
3182 5137 3236 5192 id
3266 5139 3554 5210 aliquibus
3583 5138 3796 5192 dictum

287 5227 465 5281 videri
489 5230 704 5297 posset,
735 5225 843 5278 nisi
874 5241 937 5278 ex
971 5225 1095 5295 ipso
1136 5228 1401 5278 contextu
1430 5224 1566 5278 satis
1595 5223 2029 5294 intelligeretur,
2062 5224 2178 5279 illic
2223 5224 2535 5279 voluntatis
2581 5226 2905 5295 arbitrium,
2938 5225 2984 5278 si
3027 5226 3096 5280 ad
3142 5243 3264 5280 rem
3297 5226 3481 5296 ipsam
3514 5227 3793 5292 attendas,

288 5315 437 5368 sumi
468 5332 569 5386 pro
597 5315 722 5386 ipsa
747 5314 1062 5381 voluntate,
1091 5312 1206 5366 sive
1235 5327 1341 5382 pro
1376 5312 1711 5366 voluntario.
1744 5312 2083 5383 Quanquam
2113 5319 2170 5367 et
2198 5315 2308 5368 dici
2337 5322 2549 5384 posset,
2577 5332 2705 5370 cum
2737 5315 2828 5370 hic
2857 5316 3209 5386 Augustinus
3237 5316 3379 5370 nolit
3407 5320 3631 5369 tantum
3663 5332 3799 5386 qua-

287 5401 371 5454 vis
412 5403 744 5456 necessitate
784 5400 991 5473 perimi
1018 5399 1076 5453 in
1108 5399 1341 5454 homine
1373 5399 1617 5454 liberum
1657 5402 1979 5466 arbitrium,
2011 5405 2208 5454 contra
2235 5402 2385 5472 quod
2427 5403 2647 5457 volebat
2676 5403 2974 5473 Pelagius;
3008 5405 3228 5458 cautius
3271 5405 3509 5458 fortasse
3537 5404 3797 5458 futurum

286 5489 459 5546 fuisse
491 5491 866 5546 summarium
900 5487 1216 5560 adjectione
1245 5489 1416 5542 unius
1445 5488 1616 5558 vocis,
1646 5490 1706 5544 in
1737 5490 1886 5544 hunc
1917 5490 2173 5558 modum,
2203 5491 2322 5546 Non
2353 5496 2554 5559 quaevis
2585 5495 2868 5546 necessitas
2890 5499 3103 5562 pugnat
3141 5509 3260 5547 cum
3288 5493 3520 5548 arbitrio
3546 5494 3800 5548 volunta-

290 5583 378 5634 tis.
413 5579 628 5634 Revera
670 5581 824 5634 enim
872 5579 1173 5634 necessitas
1216 5578 1635 5632 infallibilitatis
1665 5596 1781 5633 non
1809 5579 2141 5633 adversatur
2178 5595 2323 5633 verm
2357 5579 2626 5646 libertati,
2663 5584 2724 5633 ut
2758 5581 3047 5652 plerisque
3089 5582 3149 5635 in
3179 5580 3317 5634 locis
3347 5581 3401 5636 S.
3444 5583 3797 5652 Augustinus

291 5665 580 5738 explicuit,
613 5667 710 5736 qui
743 5669 1153 5722 etvocabulum
1178 5666 1522 5721 necessitatis
1544 5683 1658 5720 non
1688 5683 1814 5721 raro
1845 5667 2140 5737 usurpavit
2175 5683 2278 5737 pro
2307 5667 2628 5722 vehementi
2657 5668 2901 5737 quadam
2933 5669 3314 5740 propensione
3337 5685 3400 5722 ex
3426 5674 3643 5723 naturae
3661 5669 3795 5724 vitio
