4048 6194
259 293 335 342 '23
1227 296 1235 312 ι
1617 257 1980 352 PREFATIO
2021 297 2426 354 cenemus.
3710 307 3778 359 26

253 417 389 465 orta
418 427 431 466 :
465 427 578 482 quo
608 427 777 465 sensu
812 412 872 466 in
905 413 1136 470 homine
1167 419 1295 485 post
1327 416 1554 488 lapsum
1581 433 1697 472 non
1719 423 1946 473 veretur
1975 435 2279 490 agnoscere
2310 421 2506 475 duram
2523 421 2788 491 peccandi
2806 424 3205 485 necessitatem;
3231 421 3326 476 sed
3355 438 3483 494 quas
3513 422 3587 477 sit
3612 439 3783 494 gene-

251 502 395 554 ralis
417 501 690 554 duntaxat
719 517 731 554 :
754 501 1028 572 quoniam
1048 503 1104 556 in
1136 504 1406 574 praesenti
1428 505 1752 560 conditione
1780 508 1973 561 omnia
1999 512 2055 561 et
2073 509 2318 579 singula,
2347 509 2515 562 etiam
2541 510 2702 575 levia,
2729 515 2958 580 peccata
2980 509 3157 563 vitare
3178 509 3348 563 homo
3371 527 3482 563 non
3497 515 3682 581 potest
3706 510 3776 563 ob

250 596 480 644 natura;
511 591 940 658 inﬁrmitatem;
974 593 1058 646 vel
1090 610 1217 664 qua)
1250 593 1320 648 sit
1348 595 1575 649 moralis
1606 601 1848 662 tantum,
1882 603 1939 651 et
1968 597 2083 651 fere
2115 598 2313 652 similis
2345 597 2434 652 isti
2465 598 2805 663 necessitati,
2835 615 3008 670 quam
3035 598 3197 651 affert
3225 615 3398 669 prava
3427 598 3776 652 consuetudo

249 680 475 733 crebris
505 680 723 734 actibus
743 681 1062 750 progenita.
1103 683 1176 735 Ea
1207 699 1337 736 vero
1367 685 1776 739 consuetudine
1810 686 2127 757 simplicem
2159 693 2215 742 et
2244 688 2560 742 absolutam
2587 688 2785 742 inferri
2818 688 3204 742 necessitatem
3237 704 3351 742 non
3385 687 3778 754 existimarunt

247 769 307 822 S.
344 768 706 839 Augustinus
736 774 833 822 aut
864 769 1141 831 Julianus,
1177 771 1329 840 quod
1355 788 1423 825 ex
1465 772 1760 845 utriusque
1791 773 2279 846 disputationibus
2309 777 2636 844 promptum
2670 772 2813 826 foret
2843 773 3162 826 ostendere.

325 876 638 930 Occasione
667 881 860 931 autem
885 876 992 930 loci
1025 877 1286 948 superius
1315 878 1564 947 adducti,
1604 896 1720 934 non
1746 877 1818 934 ab
1848 897 1909 934 re
1953 881 2128 936 fuerit
2159 880 2476 946 observare,
2519 880 2812 950 vulgatum
2852 879 3155 949 Augustini
3193 895 3259 934 ex
3299 879 3444 933 libro
3475 879 3542 933 de
3571 880 3767 934 Corre-

249 965 456 1035 ptione
486 971 545 1019 et
570 965 784 1034 Gratia,
806 966 989 1036 capite
1011 966 1336 1032 undecimo,
1372 968 1602 1022 etfatum
1633 969 1703 1023 ad
1733 970 2147 1040 manuscriptos
2177 968 2396 1022 codices
2418 985 2450 1021 a
2479 967 2643 1021 nobis
2671 967 3036 1020 emendatum
3062 967 3231 1020 fuisse
3252 967 3310 1020 in
3331 967 3478 1021 hunc
3503 967 3733 1021 modum
3759 983 3771 1020 :

252 1050 511 1105 Liberum
541 1054 835 1107 arbitrium
863 1054 938 1106 ad
964 1053 1168 1108 malum
1199 1055 1438 1124 sufﬁcit,
1467 1055 1541 1109 ad
1565 1056 1758 1111 bonum
1787 1063 1965 1112 autem
1989 1075 2184 1128 parum
2212 1062 2308 1122 est,
2341 1059 2453 1111 nisi
2473 1057 2766 1124 adjuvetur
2795 1057 2861 1109 ab
2891 1059 3241 1125 omnipotenti
3270 1059 3440 1111 Bono:
3474 1055 3572 1110 ubi
3602 1072 3773 1125 supe-

251 1139 442 1193 riores
473 1142 645 1195 etiam
680 1142 1115 1196 Lovauiensium
1149 1143 1426 1198 editiones
1448 1145 1815 1200 habentnihit
1839 1153 1933 1201 est.
1967 1149 2125 1212 Quod
2156 1147 2259 1200 etsi
2284 1146 2630 1217 Augustinus
2658 1146 2828 1199 habet
2855 1146 2915 1198 in
2946 1146 3188 1215 Epistola
3215 1145 3524 1199 centesima
3554 1149 3779 1214 octoge-

251 1230 403 1283 sima
429 1236 610 1298 sexta,
644 1233 713 1286 ad
747 1233 1072 1300 Paulinum,
1103 1250 1343 1288 numero
1375 1235 1668 1306 trigesimo
1697 1243 1923 1308 quarto,
1952 1236 2050 1291 ubi
2079 1235 2176 1299 ait,
2205 1236 2321 1289 sine
2349 1237 2533 1301 gratia
2566 1235 2640 1287 ad
2667 1250 2771 1287 non
2790 1234 3123 1302 peccandum
3147 1235 3288 1288 nihil
3315 1235 3607 1287 voluntatis
3633 1233 3779 1286 arbi-

251 1321 427 1372 trium
462 1321 675 1384 valere;
707 1321 886 1391 priori
913 1326 1102 1375 tamen
1135 1324 1277 1388 loco,
1309 1323 1410 1394 qui
1449 1341 1515 1378 ex
1547 1325 1690 1379 libro
1720 1326 1788 1380 de
1822 1325 2188 1396 Correptione
2218 1328 2274 1378 et
2303 1323 2490 1376 Gratia
2515 1322 2852 1386 desumitur,
2885 1321 3085 1375 melius
3115 1322 3355 1391 quadrat
3380 1337 3575 1390 parum
3602 1337 3775 1392 quam

248 1407 402 1460 nihil
443 1424 461 1460 :
496 1407 778 1479 siquidem
807 1407 924 1462 illic
954 1410 1144 1479 agitur
1175 1411 1244 1464 de
1271 1411 1459 1480 primo
1489 1412 1720 1466 homine
1751 1413 2071 1477 innocente,
2115 1429 2285 1483 quem
2319 1413 2465 1465 Deus
2497 1411 2679 1464 noluit
2710 1427 2829 1464 esse
2859 1410 2978 1463 sine
3010 1410 3213 1480 gratia,
3248 1426 3416 1480 quam
3448 1409 3628 1464 libero
3653 1410 3776 1480 ejus

247 1495 528 1564 permisit
559 1497 828 1564 arbitrio;
866 1498 1140 1569 quoniam
1171 1500 1400 1553 liberum
1436 1501 1749 1566 arbitrium,
1793 1501 1870 1555 ait
1911 1505 2136 1555 sanctus
2170 1501 2393 1565 Doctor,
2438 1499 2512 1552 ad
2550 1500 2750 1553 malum
2790 1501 3016 1568 sufficit,
3049 1498 3122 1551 ad
3152 1499 3343 1551 bonum
3376 1502 3552 1552 autem
3577 1513 3777 1567 parum

245 1588 348 1643 est,
378 1586 499 1638 nisi
532 1585 825 1654 adjuvetur
848 1587 916 1640 ab
943 1590 1294 1657 omnipotenti
1322 1591 1484 1643 Bono.
1521 1589 1680 1643 Certe
1712 1593 1773 1643 ut
1802 1589 1912 1643 dici
1941 1587 2121 1660 possit
2150 1588 2218 1642 de
2249 1587 2497 1641 hominis
2528 1588 2669 1657 lapsi
2697 1588 2874 1641 libero
2901 1586 3155 1651 arbitrio,
3190 1587 3342 1657 quod
3373 1602 3438 1639 ex
3468 1603 3525 1640 se
3556 1587 3771 1656 absque

248 1672 447 1740 gratia
477 1674 625 1727 nihil
665 1674 738 1728 sit
774 1676 847 1729 ad
875 1676 1095 1730 bonum
1127 1677 1478 1747 operandum
1503 1698 1518 1744 ;
1549 1677 1739 1731 minus
1765 1693 2014 1749 congrue
2044 1676 2154 1732 dici
2184 1693 2351 1748 posse
2380 1676 2604 1730 videtur
2631 1676 2698 1730 de
2730 1675 2959 1730 homine
2988 1676 3314 1740 innocente,
3342 1674 3502 1745 cujus
3534 1675 3773 1730 liberum

249 1762 593 1830 arbitrium,
626 1768 824 1835 utpote
850 1781 1074 1832 sanum,
1102 1766 1171 1820 ad
1204 1767 1418 1821 bonum
1447 1767 1566 1821 sine
1598 1769 1712 1822 ullo
1735 1768 1896 1822 obice
1927 1767 2062 1822 ferri
2092 1771 2334 1838 poterat.

326 1870 467 1923 Hzec
493 1869 806 1925 minutiora
832 1872 1111 1942 persecuti
1127 1889 1345 1939 sumus,
1366 1879 1426 1928 ut
1445 1875 1727 1929 verborum
1742 1877 2130 1930 controversias
2151 1876 2465 1940 auferamus
2488 1874 2513 1942 ί
2514 1875 2584 1926 De
2604 1873 2740 1926 dono
2755 1874 2962 1926 Persev.
2983 1889 3035 1926 η.
3060 1877 3079 1926 1
3102 1874 3166 1939 l).
3189 1872 3525 1942 Quanquam
3547 1887 3767 1938 eorum,

257 1957 364 2028 qui
397 1963 655 2013 veterum
691 1961 924 2013 Patrum
952 1978 1125 2031 opera
1167 1979 1462 2017 recensere
1501 1965 1747 2030 student,
1780 1963 1989 2018 misera
2017 1968 2166 2017 esset
2193 1962 2464 2028 conditio,
2497 1961 2542 2014 si
2572 1961 2629 2014 in
2671 1960 2820 2031 ipsas
2849 1960 3022 2014 etiam
3061 1965 3225 2014 notas
3261 1976 3460 2014 eorum
3491 1960 3778 2030 margina-

255 2047 364 2112 les,
396 2051 464 2100 ut
504 2051 705 2102 contra
743 2064 848 2102 nos
887 2049 946 2103 in
977 2049 1080 2103 hac
1109 2050 1359 2105 editione
1389 2056 1578 2106 actum
1609 2058 1713 2112 est.
1746 2053 1982 2123 impune
2019 2051 2488 2116 animadvertere,
2529 2055 2581 2104 et
2621 2049 2874 2120 singulas
2915 2065 3114 2102 earum
3146 2048 3388 2118 syllabas
3419 2049 3488 2102 ad
3519 2065 3772 2102 severam

250 2135 502 2189 immitis
533 2152 790 2190 censuras
821 2139 1098 2192 trutinam
1136 2139 1416 2194 discutere
1449 2141 1739 2212 quibusvis
1768 2141 1983 2213 iniquis
2022 2141 2348 2194 censoribus
2384 2139 2592 2193 liceret.
2629 2139 2842 2204 Quotus
2871 2137 3026 2191 enim
3070 2137 3311 2208 quisque
3351 2142 3453 2202 est,
3495 2136 3593 2207 qui
3624 2136 3680 2190 in
3715 2153 3774 2190 re

254 2228 378 2276 tam
409 2224 627 2278 lubrica
668 2230 723 2279 et
766 2226 987 2280 difﬁcili
1023 2244 1140 2282 non
1189 2229 1499 2299 aliquando
1538 2231 1622 2283 vel
1664 2230 1863 2284 leviter
1899 2231 2176 2302 cespitet;
2232 2231 2331 2303 qui
2361 2230 2703 2284 sententiam
2744 2229 2989 2283 auctoris
3028 2244 3254 2299 semper
3283 2228 3355 2282 ad
3386 2227 3604 2298 apicem
3631 2243 3777 2280 assc-

253 2317 492 2382 quatur,
522 2318 620 2366 aut
646 2315 897 2382 perfecte
927 2315 1169 2384 reddat;
1210 2317 1310 2388 qui
1349 2317 1596 2390 denique
1629 2323 1746 2373 tam
1791 2319 1950 2373 brevi
1981 2320 2284 2374 verborum
2324 2319 2666 2390 compendio
2697 2319 2980 2390 pagellam
3013 2317 3362 2388 quandoque
3394 2316 3672 2388 integram
3704 2317 3773 2370 ad

249 2401 537 2455 amussim
569 2402 850 2473 explicare
881 2403 1102 2474 possit?

327 2509 545 2562 Verum
577 2510 946 2580 quantumvis
972 2511 1182 2581 injuste
1205 2511 1398 2566 futura
1413 2513 1486 2567 sit
1513 2514 1896 2585 quorumdam
1922 2515 1980 2568 in
2003 2532 2108 2569 nos
2132 2515 2432 2570 hominum
2460 2530 2714 2578 censura,
2743 2513 3068 2568 institutum
3092 2512 3468 2567 nihilominus
3492 2516 3774 2579 nostrum,

249 2599 374 2651 Deo
407 2597 652 2664 favente,
686 2603 1016 2653 constanter
1042 2617 1458 2672 persequemur
1491 2619 1503 2656 :
1535 2608 1592 2656 et
1621 2603 1667 2656 si
1698 2603 1933 2674 quidem
1979 2604 2146 2657 nobis
2177 2621 2296 2659 esse
2326 2604 2552 2658 molesti
2579 2607 2839 2674 pergent,
2872 2604 3010 2657 illud
3043 2603 3209 2656 nobis
3239 2601 3438 2655 solatio
3464 2600 3591 2668 erit,
3624 2601 3777 2671 quod

246 2687 464 2740 eadem
497 2703 614 2740 sors
643 2688 778 2742 olim
825 2689 1129 2759 contigerit
1157 2691 1302 2743 veris
1331 2691 1635 2761 Augustini
1674 2692 1988 2764 discipulis,
2030 2693 2090 2746 in
2130 2692 2334 2762 primis
2365 2691 2608 2747 Caesario
2639 2691 2960 2745 Arelatensi
2999 2691 3286 2762 episcopo,
3319 2691 3478 2762 cujus
3522 2689 3660 2744 ﬁdes
3704 2689 3774 2742 ob

246 2775 628 2846 praedicatam
659 2777 1001 2831 sanctissimi
1026 2778 1142 2832 Viri
1173 2779 1492 2834 doctrinam
1521 2797 1554 2834 a
1582 2781 1922 2852 quibusdam
1956 2781 2434 2834 obtrectatoribus
2474 2780 2749 2834 infamata
2779 2785 2882 2835 est.

321 2883 473 2937 Hinc
494 2884 729 2938 collecta
759 2885 1029 2940 Valentia:
1057 2886 1307 2958 synodus
1338 2887 1760 2959 episcOporum,
1793 2889 2002 2961 quibus
2041 2888 2314 2942 Caesarius
2354 2889 2528 2942 ﬁdem
2571 2903 2732 2941 suam
2782 2887 3135 2958 approbavit.
3169 2885 3314 2950 Quia
3343 2885 3516 2939 etiam
3543 2884 3774 2938 Bonifa-

247 2970 381 3023 cius
410 2971 675 3026 Pontifex
704 2973 1016 3041 Romanus,
1049 2976 1258 3030 calcata
1278 2977 1627 3045 jurgantium
1657 2979 1919 3033 malevola
1948 2980 2259 3044 intentione,
2289 2979 2710 3046 prosecutionem
2747 2977 2924 3029 sancti
2955 2975 3178 3030 Censorii
3214 2974 3510 3043 apostolica
3537 2974 3774 3028 auctori-

253 3064 374 3113 tate
400 3062 664 3127 ﬁrmavit,
697 3066 762 3115 ut
798 3062 1114 3134 Cyprianus
1141 3066 1476 3120 Tolonensis
1514 3067 1749 3122 antistes
1778 3066 1837 3121 in
1865 3066 1987 3137 ejus
2018 3067 2144 3119 Vita
2183 3065 2374 3120 tradit.

326 3165 668 3236 Quanquam
695 3168 902 3222 melius
932 3168 1166 3224 fortasse
1199 3171 1360 3225 nobis
1399 3171 1467 3225 de
1499 3172 1798 3226 hominum
1828 3170 2097 3242 tequitate
2127 3171 2472 3244 sperandum
2503 3171 2590 3225 sit.
2625 3173 2789 3226 Forte
2821 3171 2998 3238 enim,
3022 3173 3084 3224 ut
3113 3168 3299 3223 verbis
3321 3165 3626 3236 Augustini
3648 3168 3771 3219 uta-

247 3269 409 3319 mur,
443 3253 490 3306 si
522 3253 624 3325 qui
651 3255 818 3310 aliter
843 3259 1142 3326 senserint,
1177 3260 1395 3329 quando
1423 3277 1597 3315 secum
1626 3263 1736 3330 ipsi
1757 3261 2044 3330 paululum
2067 3261 2183 3313 sine
2208 3256 2452 3312 certandi
2479 3257 2658 3310 studio
2686 3258 3062 3325 cogitaverint,
3087 3270 3249 3324 quam
3270 3251 3656 3307 sitabsurdum
3682 3265 3776 3303 nec

245 3343 485 3410 dignum
518 3344 886 3412 disputatione
913 3348 1058 3415 quod
1086 3348 1293 3413 dicunt,
1325 3351 1576 3403 continuo
1604 3351 1923 3404 sententiam
1950 3347 2367 3404 commutabant.
2389 3345 2541 3416 Quod
2567 3347 2618 3399 si
2641 3347 2929 3411 noluerint,
2961 3360 3065 3398 non
3086 3359 3253 3412 usque
3272 3342 3404 3395 adeo
3425 3341 3490 3394 de
3520 3338 3770 3392 humanis

253 3432 506 3485 sensibus
547 3431 942 3501 desperandum
971 3441 1070 3505 est,
1101 3442 1160 3490 ut
1189 3442 1486 3492 metuamus
1513 3454 1579 3492 ne
1609 3439 1702 3493 hoc
1733 3440 1970 3508 cuipiam
1992 3435 2358 3508 persuadeant
2389 3435 2486 3504 (De
2515 3437 2856 3488 Peccatorum
2887 3435 3092 3487 Meritis
3129 3432 3224 3486 lib.
3266 3435 3312 3496 l,
3345 3447 3399 3483 n.
3435 3428 3548 3498 22).

329 3537 476 3601 Quid
503 3538 626 3608 jam
651 3539 815 3594 nobis
847 3541 998 3595 aliud
1032 3547 1201 3596 restat
1229 3548 1357 3614 post
1387 3543 1646 3598 diuturni
1676 3561 1739 3598 ac
1769 3543 2040 3598 laboriosi
2069 3542 2256 3613 operis
2286 3545 2549 3610 optatum
2578 3539 2772 3604 ﬁnem,
2809 3555 2984 3610 quam
3015 3543 3078 3591 ut
3099 3537 3335 3592 tutelam
3357 3552 3422 3590 ac
3449 3531 3778 3605 praesidium

261 3626 793 3683 illustrissimorum
823 3630 1015 3684 Gallia;
1055 3631 1372 3686 antistitum
1404 3634 1672 3697 demisso,
1705 3634 1803 3688 sed
1833 3633 2004 3687 alacri
2030 3637 2243 3696 tamen,
2275 3629 2467 3682 animo
2498 3629 2912 3698 deposcamus?

325 3731 554 3788 Scilicet
582 3751 712 3788 cum
753 3735 1077 3791 admirabili
1128 3737 1337 3792 divina:
1372 3739 1748 3793 Providentia:
1792 3739 2026 3794 consilio
2057 3738 2268 3791 factum
2300 3735 2392 3802 sit,
2428 3739 2490 3788 ut
2527 3733 2878 3788 .sanctissimi
2913 3732 3168 3788 Ecclesiae
3197 3730 3443 3787 doctoris
3469 3726 3774 3799 Augustini

245 3839 415 3877 novae
447 3841 691 3896 operum
722 3826 959 3880 editioni
983 3843 1249 3897 suprema
1271 3833 1394 3883 tum
1416 3846 1446 3882 a
1472 3829 1633 3885 nobis
1663 3829 2058 3900 imponeretur
2095 3842 2320 3885 manus,
2351 3840 2484 3878 cum
2508 3824 2577 3878 ad
2604 3823 2895 3894 generalia
2927 3822 3172 3877 Comitia
3194 3839 3261 3875 ex
3295 3819 3564 3874 omnibus
3588 3819 3775 3887 Regni

247 3911 513 3981 partibus
542 3928 660 3966 una
687 3914 1057 3968 convenirent
1087 3916 1157 3969 ad
1183 3917 1379 3970 fanum
1409 3917 1586 3970 sancti
1613 3917 1878 3972 Germani
1908 3934 1920 3971 :
1955 3914 2100 3970 nihil
2131 3913 2294 3968 nobis
2325 3912 2729 3983 opportunius,
2762 3911 3174 3966 fortunatiusve
3205 3909 3541 3979 contingere
3566 3906 3776 3981 potuit,

245 4016 429 4070 quam
461 4005 522 4054 ut
553 4017 648 4055 eos
679 4003 1095 4073 appellaremus
1126 4005 1556 4076 qualiscumque
1587 4006 1798 4060 laboris
1827 4005 2007 4063 nostri
2028 4003 2252 4074 judices
2281 4006 2338 4056 et
2373 4000 2637 4063 arbitros,
2669 4000 2768 4072 qui
2798 4005 2854 4054 et
2885 4000 3159 4070 dignitate
3199 4015 3300 4054 sua
3329 3996 3599 4052 constitui
3628 4002 3765 4050 sunt

247 4105 284 4142 a
321 4089 434 4142 Deo
463 4094 722 4160 pastores
751 4091 822 4144 ad
851 4092 1161 4162 regendam
1186 4094 1508 4160 Ecclesiam,
1541 4099 1596 4148 et
1620 4095 1690 4149 ad
1717 4095 2006 4150 catholicae
2027 4091 2297 4148 doctrinas
2336 4095 2756 4145 sacrosanctum
2797 4090 3122 4160 depositum
3151 4088 3309 4159 vigili
3352 4103 3489 4141 cura
3537 4088 3766 4157 aposto-

261 4176 488 4248 licaque
527 4179 859 4233 auctoritate
886 4181 1214 4235 tutandum.

333 4287 514 4353 Atque
560 4284 668 4338 hoc
709 4284 999 4355 praecipue
1045 4285 1305 4354 nomine,
1359 4287 1731 4341 Illustrissimi
1764 4288 2024 4344 Ecclesiae
2081 4288 2393 4360 Principes,
2439 4288 2823 4360 Augustinum
2869 4288 3202 4342 adducimus
3231 4285 3304 4340 ad
3342 4302 3461 4353 vos,
3487 4282 3588 4355 qui
3618 4286 3777 4337 totus

255 4375 509 4440 quantus
551 4377 656 4434 est,
711 4373 814 4426 sub
844 4374 1014 4428 unius
1044 4375 1217 4429 veluti
1247 4375 1470 4429 tabellae
1513 4380 1816 4447 conspectu
1859 4377 2039 4431 oculis
2083 4378 2281 4432 vestris
2323 4377 2799 4449 contemplandus
2841 4375 3125 4445 objicitur.
3153 4376 3346 4446 Neque
3377 4388 3507 4426 vero
3537 4387 3769 4442 conspe-

254 4461 416 4511 ctum
444 4465 692 4514 vestrum
741 4462 1111 4516 reformidare
1140 4467 1326 4533 potest
1363 4467 1569 4517 veteris
1601 4469 1656 4518 et
1686 4465 1848 4518 avitae
1891 4465 2024 4520 ﬁdei
2049 4472 2446 4539 propugnator
2476 4466 2804 4532 acerrimus,
2851 4466 2951 4537 qui
2989 4480 3217 4518 causam
3245 4461 3504 4517 Ecclesiae
3531 4460 3699 4515 toties
3737 4477 3771 4514 a

249 4563 312 4600 se
344 4547 662 4618 defensam,
702 4550 988 4620 majorum
1019 4569 1246 4624 quoque
1275 4557 1592 4608 vestrorum
1623 4554 1905 4624 praesidiis
1930 4556 2101 4609 toties
2131 4556 2424 4610 suffultam
2451 4555 2605 4609 haud
2645 4555 2888 4625 ignorat,
2932 4569 3106 4623 quam
3137 4556 3191 4606 et
3221 4568 3254 4605 a
3281 4550 3461 4617 vobis,
3493 4549 3594 4621 qui
3623 4549 3777 4621 ip50‘

249 4653 383 4690 rum
406 4637 663 4708 vestigiis
701 4639 965 4694 lubenter
991 4640 1267 4708 insistitis,
1301 4658 1414 4697 non
1443 4643 1705 4697 dissimili
1733 4644 1927 4698 animo
1960 4650 2129 4716 atque
2155 4644 2344 4700 studio
2377 4647 2568 4715 sperat
2595 4642 2764 4697 hodie
2795 4641 3295 4714 propugnandam.

322 4743 465 4796 Hinc
497 4743 556 4797 in
585 4744 752 4799 nobis
783 4745 968 4799 oritur
1006 4763 1120 4800 non
1153 4747 1326 4801 dubia
1349 4765 1496 4818 spes,
1539 4765 1633 4802 vos
1665 4765 1848 4819 nuper
1878 4751 2180 4805 elaboratae
2210 4750 2762 4822 Augustinianorum
2783 4765 3024 4820 operum
3045 4747 3284 4803 editioni
3311 4746 3593 4818 propitios
3613 4744 3766 4823 fore;

249 4849 440 4905 neque
459 4839 708 4889 vestrum
730 4835 882 4889 illius
906 4837 1011 4890 viri
1033 4836 1521 4892 lucubrationibus
1548 4838 1878 4894 defuturum
1901 4841 2305 4911 patrocinium,
2337 4857 2509 4912 quem
2527 4841 2810 4910 specialem
2835 4838 2964 4908 ﬁdei
2979 4841 3273 4907 patronum
3292 4837 3365 4908 (S.
3396 4839 3581 4906 Prosp.
3606 4837 3766 4905 epist.

247 4922 342 4976 ad.
389 4925 626 4990 August.
659 4941 713 4980 η.
751 4927 803 4994 t)
841 4942 936 4978 vos
963 4925 1210 4979 universi
1240 4942 1369 4980 cum
1399 4927 1565 4980 beato
1587 4929 1866 4998 Prospero
1896 4927 2293 4985 incunctanter
2321 4929 2648 5001 agnoscitis.

321 5029 475 5083 Nihil
509 5030 601 5084 hic
631 5047 859 5085 necesse
892 5036 975 5086 est
1005 5049 1036 5085 a
1065 5031 1227 5085 nobis
1254 5033 1710 5100 commemorari,
1743 5040 1957 5105 quanta
1987 5036 2156 5092 fuerit
2185 5039 2323 5092 olim
2353 5038 2775 5095 Gallicanorum
2806 5052 2936 5090 cum
2972 5033 3240 5090 Romanis
3274 5033 3615 5105 praesulibus
3643 5047 3752 5084 con

248 5117 441 5172 sensio
468 5118 531 5172 in
561 5120 736 5174 sancti
763 5121 880 5174 Viri
909 5120 1378 5175 commendandis
1407 5122 1693 5192 operibus.
1728 5124 1957 5178 Exstant
1993 5130 2117 5179 tum
2164 5125 2324 5179 Sedis
2354 5124 2679 5196 apostolica:
2718 5123 3061 5178 Pontiﬁcum
3093 5121 3433 5188 Innocentii,
3467 5118 3754 5174 Caelestini

246 5211 304 5260 et
330 5207 618 5274 aliorum;
669 5215 733 5263 tu
774 5209 1188 5264 Gallicanarum
1227 5211 1576 5280 synodorum
1616 5213 1993 5279 Arausicanze,
2040 5214 2354 5268 Valentiam
2398 5217 2455 5267 et
2483 5212 2726 5267 aliarum
2767 5213 3101 5282 consignata
3127 5210 3329 5264 litteris
3359 5212 3749 5274 monumenta,

245 5296 461 5366 quibus
494 5297 875 5368 Hipponensis
901 5299 1150 5353 Antistes
1179 5303 1236 5353 et
1263 5298 1414 5352 inter
1443 5301 1690 5372 optimos
1723 5303 1980 5357 Ecclesia:
2013 5303 2312 5375 magistros
2342 5306 2773 5369 annumeratur,
2807 5306 2864 5356 et
2887 5306 3162 5373 tanquam
3189 5299 3440 5369 antiquae
3487 5297 3619 5352 ﬁdei
3659 5314 3757 5352 cu-

245 5390 364 5439 stos
392 5385 800 5457 integerrimus
825 5403 891 5442 ex
920 5388 1178 5442 omnium
1211 5389 1506 5443 communi
1537 5406 1670 5444 voce
1701 5394 1757 5445 et
1786 5407 1953 5446 sensu
1987 5392 2326 5446 declaratur.

318 5473 528 5528 Isthzec
556 5475 885 5548 aequissima
917 5477 1121 5531 veteris
1152 5476 1409 5531 Ecclesiae
1432 5477 1648 5548 judicia
1675 5479 1745 5533 de
1783 5481 1963 5535 sancti
1998 5480 2263 5536 Prtesulis
2293 5480 2552 5534 doctrina
2581 5483 2640 5534 et
2678 5478 2791 5533 ﬁde
2833 5481 2896 5532 ut
2926 5478 3146 5532 animos
3181 5474 3447 5529 addidere
3489 5474 3654 5530 nobis
3681 5474 3752 5529 ad

245 5561 520 5616 immensi
559 5563 773 5617 laboris
803 5581 948 5618 onus
990 5564 1376 5634 subeundum,
1417 5565 1496 5620 ita
1525 5566 1761 5622 eﬁ'ecere
1793 5573 1856 5624 ut
1885 5587 1950 5624 ea
1996 5586 2109 5641 qua
2154 5585 2259 5641 par
2297 5573 2421 5623 erat
2459 5568 2734 5639 religione
2764 5564 3074 5621 doctissimi
3118 5562 3400 5618 Antistitis
3443 5563 3651 5634 scripta
3677 5567 3762 5617 at-

245 5651 643 5721 ﬁngeremus;
676 5652 772 5724 pia
791 5652 1067 5708 nimirum
1093 5653 1388 5708 sedulitate
1413 5653 1796 5726 religiosaque
1826 5657 2092 5712 cautione
2123 5673 2267 5727 opus
2297 5672 2417 5711 esse
2446 5655 2576 5722 rati,
2611 5659 2674 5708 ut
2701 5669 2815 5724 qua
2845 5656 3056 5715 mente,
3085 5667 3200 5721 quo
3230 5650 3488 5718 consilio,
3508 5667 3620 5722 qua
3649 5651 3760 5704 ﬁde

247 5739 502 5812 primum
534 5743 791 5812 profecta
817 5747 1006 5797 essent
1033 5759 1102 5798 ex
1127 5743 1466 5798 sanctissimi
1499 5745 1755 5799 Doctoris
1784 5761 1882 5799 ore
1913 5751 1970 5799 et
1999 5762 2172 5800 manu
2203 5745 2503 5799 utilissima
2534 5759 2726 5812 opera,
2759 5755 2984 5794 rursum
3016 5739 3323 5795 ederentur
3371 5757 3402 5794 a
3433 5739 3595 5794 nobis
3637 5740 3759 5807 pari
