4048 6194
241 304 307 357 27
1655 306 1901 364 BREVIS
1938 307 2329 365 PREFATIO.
3680 311 3754 364 ‘28

239 427 373 494 fide,
402 426 597 482 animo
628 430 797 500 atque
824 429 1142 501 proposito,
1174 431 1234 485 in
1263 430 1599 486 universalis
1629 431 1886 487 Ecclesiae
1909 432 2103 501 decus,
2134 431 2457 499 commoda,
2494 434 2665 503 atque
2695 429 3051 502 praesidium.

313 516 449 580 Quis
478 520 787 571 conatuum
834 522 1162 572 nostrorum
1207 518 1269 573 in
1313 524 1430 573 tam
1462 520 1638 574 arduo
1686 519 1934 590 incoepta
1977 518 2149 573 fuerit
2180 535 2490 585 successus,
2530 519 2721 590 palam
2756 519 2975 574 edicere
3016 534 3148 573 cum
3189 522 3342 573 vetat
3369 519 3577 590 pudor,
3621 523 3750 573 tum

241 620 387 676 pene
417 605 816 660 universorum
846 605 906 660 in
938 607 1179 661 Ecclesia
1207 607 1497 676 ordinum,
1528 607 1587 660 in
1612 606 1813 677 primis
1844 612 2093 661 vestrum
2121 608 2380 663 omnium
2425 608 2836 679 benignissima
2867 608 2937 662 de
2976 608 3074 662 illo
3112 607 3345 679 judicia.
3382 607 3475 662 His
3507 607 3752 679 amplis-

243 693 454 748 simum
498 694 679 748 labori
723 701 917 750 nostro
967 697 1292 768 praemium,
1333 702 1481 751 certe
1513 697 1931 767 exspectatione
1963 700 2158 752 nostra
2184 702 2242 751 et
2284 696 2487 752 merito
2516 701 2711 751 nostro
2759 697 2930 767 longe
2960 696 3168 768 majus,
3200 713 3317 752 non
3345 695 3469 751 sine
3502 695 3654 768 grati
3687 713 3756 750 ac

243 781 476 837 demissi
500 783 676 837 animi
704 784 876 838 tacita
903 784 1317 856 signiﬁcatione
1355 785 1571 856 experti
1593 802 1810 842 sumus.

313 870 438 924 Istis
464 875 657 925 autem
686 871 967 926 bonarum
992 876 1305 926 vestrarum
1336 873 1694 927 voluntatum
1718 873 2211 929 testificationibus
2251 873 2381 929 freti
2409 878 2579 946 atque
2607 873 2828 940 confisi,
2863 872 3251 946 querimonias
3307 873 3759 928 obtrectantium

246 960 661 1014 nonnullorum
692 960 855 1014 facile
895 961 1130 1030 insuper
1166 959 1499 1017 habuimus.
1540 962 1601 1016 Id
1631 946 1787 1015 enim
1825 960 1991 1017 nobis
2021 967 2173 1016 certo
2204 979 2540 1034 persuasum
2568 962 2698 1030 fuit,
2730 968 2993 1017 navatam
3024 979 3057 1017 a
3086 963 3297 1017 nostris
3333 963 3393 1018 in
3422 963 3750 1033 Augustino

242 1046 583 1102 illustrando
615 1063 846 1117 operam
879 1048 1108 1101 calculis
1136 1048 1535 1103 universorum
1565 1049 2068 1119 comprobandam,
2091 1067 2221 1106 cum
2245 1052 2316 1106 iis
2340 1052 2637 1123 placuerit,
2666 1069 2839 1124 penes
2859 1069 3001 1125 quos
3030 1052 3271 1107 istarum
3300 1068 3493 1108 rerum
3521 1058 3578 1107 et
3600 1052 3759 1123 judi-

246 1135 399 1189 cium
430 1138 487 1189 et
514 1135 813 1189 arbitrium
846 1152 966 1190 esse
996 1136 1247 1191 universi
1285 1138 1658 1192 confitentur.

319 1225 513 1294 Neque
540 1240 674 1278 vero
706 1225 1047 1296 exspectatio
1075 1226 1185 1281 ista
1228 1243 1331 1281 nos
1356 1227 1572 1281 fefellit.
1624 1229 1841 1282 Novum
1876 1244 2003 1284 ecce
2034 1234 2089 1283 et
2117 1229 2319 1301 ingens
2364 1229 2525 1302 operi
2568 1235 2762 1286 nostro
2803 1231 3135 1302 praesidium
3171 1230 3384 1286 accedit
3431 1246 3499 1284 ex
3527 1246 3755 1301 nupera

244 1328 347 1381 per
376 1312 739 1384 apostolicam
769 1314 973 1369 Sedem
1003 1315 1370 1370 damnatione
1394 1316 1721 1370 libellorum
1752 1316 1961 1387 quibus
1986 1317 2200 1373 invidia
2227 1302 2598 1391 gravare‘nos
2627 1320 3009 1375 moliebantur
3037 1320 3190 1375 haud
3220 1320 3371 1397 aequi
3392 1319 3657 1374 laborum
3689 1335 3755 1373 ac

247 1400 381 1456 fidei
411 1405 621 1456 nostrae
653 1403 1048 1460 aestimatores.
1090 1404 1438 1459 Palmarium
1465 1405 1736 1460 adversus
1764 1404 1899 1459 istos
1928 1405 2271 1461 defensionis
2300 1412 2508 1461 nostrae
2540 1407 2954 1462 incrementum
2983 1407 3181 1462 afferet
3205 1406 3598 1477 augustissimi
3630 1407 3755 1462 Coe-

253 1496 344 1545 tus
369 1491 542 1545 vestri
581 1491 885 1546 auctoritas
915 1496 973 1546 et
1002 1492 1335 1563 suffragium
1371 1511 1383 1548 :
1432 1498 1602 1564 atque
1636 1494 1782 1548 hanc
1818 1494 2139 1550 communis
2188 1500 2387 1550 vestra:
2418 1496 2711 1550 sententiae
2743 1500 2912 1567 atque
2935 1495 3135 1566 judicii
3163 1495 3639 1566 signiﬁcationem
3681 1511 3753 1548 eo

247 1580 562 1651 impensius
588 1581 936 1652 liberiusque
967 1581 1346 1653 deposcimus,
1387 1598 1501 1653 quo
1527 1587 1714 1636 totum
1743 1583 1850 1637 hoc
1879 1583 2207 1654 vigiliarum
2248 1589 2572 1639 nostrarum
2619 1601 2761 1656 opus
2791 1585 2895 1638 sub
2934 1584 3200 1638 Ludovici
3231 1584 3416 1654 Magni
3458 1582 3754 1654 auspiciis,

249 1666 525 1738 regioque
554 1667 892 1738 insignitum
922 1669 1159 1723 nomine
1188 1669 1477 1740 publicam
1501 1669 1559 1723 in
1587 1670 1775 1725 lucem
1805 1670 2119 1726 emisimus.

314 1756 472 1821 Quod
506 1757 552 1810 si
582 1756 995 1828 religiosissimi
1025 1758 1303 1829 Principis
1331 1759 1391 1813 in
1419 1759 1876 1830 recognoscendo
1900 1759 2007 1815 isto
2037 1776 2273 1815 munere
2296 1759 2643 1832 benignitati
2671 1765 2727 1815 et
2750 1760 3097 1815 humanitati
3120 1759 3450 1815 addideritis
3467 1776 3762 1815 commen-

245 1844 489 1899 dationis
517 1850 718 1900 vestrae
748 1846 995 1917 pondus,
1027 1848 1137 1901 erit
1168 1848 1325 1901 omni
1356 1848 1614 1919 praesidii
1642 1864 1852 1919 genere
1883 1846 2154 1902 vallatum
2182 1864 2348 1919 opus,
2388 1849 2543 1921 quod
2574 1865 2679 1903 nec
2706 1849 2822 1903 ulla
2850 1848 3064 1903 delebit
3094 1854 3252 1915 retas,
3288 1849 3447 1903 nulla
3476 1848 3759 1903 lacessere

243 1932 305 1986 in
342 1940 637 2003 posterum
664 1934 900 1989 audebit
929 1950 1132 1989 manus
1155 1941 1325 2008 atque
1349 1937 1630 2007 protervia
1665 1954 1678 1991 :
1705 1953 1808 2008 pro
1834 1953 1947 2009 quo
1976 1935 2189 2007 insigni
2218 1938 2407 1992 favore
2436 1943 2605 2010 atque
2635 1938 2954 2005 benefacta,
2998 1938 3310 1992 Clarissimi
3349 1942 3556 1992 sancta:
3598 1933 3759 1993 Reli-

242 2021 431 2093 gionis
471 2022 794 2089 Antistites,
841 2028 899 2079 et
944 2024 1103 2078 vobis
1141 2024 1383 2096 singulis
1410 2067 1423 2084 .
1469 2030 1527 2079 et
1572 2026 1838 2081 universo
1890 2025 2255 2081 Sacrosancto
2305 2026 2505 2083 Ordini
2547 2031 2737 2082 vestro
2766 2027 2969 2082 acturi
3030 2031 3200 2098 atque
3256 2026 3510 2082 habituri
3554 2043 3758 2082 sumus

242 2110 596 2166 immortales
626 2112 856 2182 gratias.
2924 2106 2932 2116 ’

631 2476 806 2601 IN
884 2473 1928 2601 APPENDICES
2038 2414 3402 2598 AUGUSTINIANAS
3491 2436 3497 2441 ’

1212 2718 1312 2777 ΕΤ
1355 2718 1541 2778 ALIA
1585 2717 1738 2777 HOC
1791 2713 1870 2775 IN
1914 2714 2326 2777 VOLUMINE
2370 2714 2792 2774 CONTENTA

1524 2921 1889 3001 BREVIS
1949 2919 2475 3000 PREFATIO

314 3242 787 3314 Quandoquidem
837 3258 1092 3297 seorsum
1123 3247 1179 3296 et
1208 3242 1266 3296 in
1302 3242 1579 3311 angulum
1623 3241 1826 3311 rejecta
1856 3244 1989 3295 sunt
2025 3239 2218 3311 spuria
2246 3239 2344 3293 illa
2374 3239 2675 3311 Opuscula,
2711 3253 2841 3308 quae
2871 3235 3042 3291 variis
3067 3235 3424 3307 temporibus
3448 3234 3504 3290 S.
3532 3237 3741 3307 Augu-

245 3333 395 3387 stino
420 3332 716 3403 supposita
745 3331 941 3396 fuere;
987 3331 1250 3385 eumdem
1283 3347 1515 3401 quoque
1545 3330 1782 3384 modum
1820 3334 1876 3384 et
1914 3329 2174 3384 ordinem
2216 3329 2324 3382 hoc
2369 3328 2493 3381 loco
2535 3331 2731 3380 tenere
2763 3324 2950 3378 visum
2979 3328 3084 3391 est,
3114 3323 3372 3396 adeoque
3400 3324 3753 3395 peculiarem

243 3420 524 3491 ejusmodi
548 3420 771 3491 scriptis
800 3420 1204 3475 Praefationem
1243 3419 1531 3490 assignare
1561 3435 1595 3472 a
1621 3417 1876 3488 generali
1903 3418 2239 3489 sejunctam,
2269 3432 2398 3488 qum
2429 3431 2620 3486 operae
2651 3414 2712 3468 in
2731 3415 2838 3469 hac
2858 3413 3033 3468 etiam
3050 3419 3261 3484 partea
3292 3412 3455 3468 nobis
3476 3413 3753 3484 impensae

242 3509 525 3564 rationem
554 3509 841 3564 contineat
867 3526 879 3564 :
914 3514 1038 3564 tum
1067 3514 1131 3563 ut
1161 3525 1234 3563 ne
1261 3509 1389 3580 quis
1418 3525 1483 3562 ea
1514 3525 1546 3561 a
1575 3507 1741 3561 nobis
1770 3508 2026 3578 neglecta
2053 3506 2223 3561 fuisse
2247 3506 2392 3560 forte
2422 3504 2769 3576 suspicetur;
2792 3507 2916 3558 tum
2940 3509 3008 3558 ut
3037 3505 3212 3559 lector
3236 3503 3303 3558 ad
3334 3519 3537 3558 eorum
3560 3504 3754 3559 lectio-

241 3617 376 3655 nem
404 3601 764 3668 informetur,
798 3604 1215 3671 moneaturque
1248 3599 1316 3653 de
1349 3598 1474 3652 aliis
1512 3598 1703 3661 rebus,
1737 3613 1865 3668 qum
1897 3597 1953 3651 in
1984 3596 2093 3650 hoc
2119 3599 2407 3665 postremo
2432 3593 2725 3648 volumine
2756 3592 3143 3647 continentur.

314 3692 385 3745 Ut
411 3690 481 3745 ad
526 3706 649 3745 rem
676 3691 994 3756 veniamus,
1044 3688 1286 3759 singula:
1334 3686 1573 3756 singulis
1608 3685 1916 3757 Augustini
1942 3686 2116 3740 tomis
2154 3683 2540 3755 subjiciuntur
2576 3682 2956 3754 Appendices,
3001 3699 3096 3737 eas
3132 3684 3575 3754 complectentes
3605 3683 3750 3738 scri-

240 3780 586 3850 ptiunculas,
614 3796 756 3851 quas
784 3780 869 3833 vel
903 3778 1313 3848 stili-quasdam
1340 3776 1604 3842 imitatio,
1647 3778 1734 3830 vel
1773 3775 2101 3845 argumenti
2129 3773 2398 3840 afﬁnitas,
2429 3774 2519 3827 vel
2562 3789 2745 3842 casus,
2775 3773 2863 3827 vel
2892 3777 3223 3843 temporum
3263 3772 3609 3843 ignorantia,
3663 3774 3754 3828 vel

243 3868 491 3938 denique
519 3868 676 3922 fraus
702 3872 1001 3922 auctorum
1028 3866 1541 3936 bibliopolar-imve
1566 3864 1885 3936 Augustino
1920 3864 2162 3919 affinxit.
2198 3866 2273 3918 Ex
2296 3864 2411 3919 stili
2443 3864 2723 3918 nonnulla
2760 3862 3080 3917 imitatione
3110 3862 3324 3917 factum
3350 3866 3640 3933 putamus,
3691 3867 3760 3917 ut

244 3955 475 4011 Caesarii
502 3956 851 4010 Arelatensis
876 3954 1128 4026 episcopi
1150 3954 1387 4025 plurimi
1414 3970 1706 4008 sermones
1732 3953 2160 4025 Augustinianis
2183 3956 2639 4008 accenserentur.
2663 3952 2823 4017 Quod
2847 3968 2975 4006 vero
2997 3950 3212 4022 Pelagii
3229 3952 3300 4006 ad
3332 3952 3754 4006 Demetriadem

247 4044 509 4115 epistola,
547 4047 602 4099 et
648 4043 880 4100 Fastidii
916 4043 988 4098 ad
1022 4044 1271 4097 Fatalem
1299 4042 1528 4097 viduam
1567 4042 1637 4097 de
1665 4041 1847 4097 Vidua
1883 4042 2192 4097 christiana
2219 4041 2367 4096 liber
2395 4046 2587 4095 sancto
2620 4040 2848 4095 Doctori
2879 4040 3198 4110 adscriptas
3228 4039 3321 4108 sit,
3349 4039 3507 4094 haud
3535 4039 3651 4093 scio
3681 4056 3757 4094 an

246 4132 571 4205 argumenti
596 4132 895 4197 affinitate,
937 4148 1009 4185 an
1042 4131 1171 4185 dolo
1196 4130 1497 4200 contigerit
1525 4134 1844 4197 auctorum,
1877 4131 1974 4201 qui
2004 4131 2092 4184 vel
2123 4134 2184 4182 ut
2212 4130 2511 4200 scriptioni
2540 4146 2656 4183 suae
2693 4129 3091 4184 auctoritatem
3138 4128 3460 4199 pretiumve
3499 4143 3757 4182 accerse-

244 4225 389 4292 rent,
420 4223 505 4276 vel
538 4222 692 4293 quod
720 4220 945 4276 nomini
974 4220 1300 4275 diffiderent
1328 4235 1449 4285 suo,
1481 4216 1624 4272 tanti
1654 4217 1905 4272 nominis
1933 4218 2167 4272 titulum
2197 4218 2621 4289 supposuerint.
2656 4220 2784 4273 Non
2821 4218 2978 4272 aliud
3007 4222 3159 4271 certe
3202 4216 3262 4271 in
3293 4233 3462 4271 causa
3491 4216 3620 4283 fuit,
3655 4233 3759 4272 cur

242 4312 487 4367 editores
516 4316 571 4365 et
597 4310 927 4381 bibliopolae
952 4307 1262 4362 subdititiis
1292 4306 1404 4361 illis
1434 4304 1658 4377 scriptis
1686 4305 1840 4360 idem
1868 4321 2082 4361 nomen
2112 4306 2483 4378 praefixerint,
2506 4306 2780 4360 nimirum
2812 4311 2875 4360 ut
2907 4305 3137 4376 majoris
3162 4304 3334 4376 pretii
3379 4305 3757 4372 haberentur,

244 4403 303 4454 et
326 4398 510 4453 carius
538 4398 798 4452 venirent
826 4396 1034 4469 spuria:
1059 4394 1174 4449 illae
1204 4410 1440 4448 merces.
1469 4395 1542 4447 At
1562 4392 1857 4446 fatendum
1888 4396 1973 4445 est
1996 4409 2131 4450 casu
2161 4397 2247 4450 vel
2276 4398 2598 4451 temeritate
2628 4394 3070 4450 amanuensium
3101 4399 3156 4448 et
3184 4395 3473 4449 editorum
3503 4394 3757 4465 plerum-

241 4503 353 4558 que
406 4487 619 4541 factum
669 4485 840 4540 fuisse
871 4527 888 4553 ,
949 4488 1013 4539 ut
1070 4484 1178 4537 hoc
1221 4482 1479 4553 specioso
1537 4481 1702 4535 titulo
1763 4482 2045 4552 ejusmodi
2101 4482 2421 4538 adulterina
2482 4484 2755 4552 opuscula
2825 4483 3288 4537 honestarentur.
3352 4483 3495 4536 Nam
3545 4482 3757 4553 saepius

239 4574 524 4646 contigit,
567 4578 632 4628 ut
686 4589 816 4627 cum
863 4572 1081 4627 librarii
1122 4570 1341 4642 aliquos
1385 4569 1696 4642 Augustini
1744 4570 1920 4624 libros
1964 4570 2432 4641 exscripsissent,
2468 4588 2574 4626 nec
2626 4570 2707 4624 eis
2763 4586 2827 4625 ex
2887 4576 3081 4626 sancto
3140 4572 3374 4625 Doctore
3431 4574 3764 4640 suppeteret

239 4663 392 4718 unde
437 4678 669 4733 (equum
717 4661 985 4715 volumen
1014 4660 1393 4724 conficerent;
1437 4674 1506 4711 ex
1538 4658 1739 4728 quovis
1790 4674 2075 4729 anonymo
2108 4675 2304 4730 opere,
2344 4660 2501 4731 quod
2544 4659 2781 4713 fortuito
2827 4663 2974 4713 esset
3014 4659 3085 4714 ad
3117 4675 3373 4727 manum,
3423 4659 3760 4729 supplerent

246 4750 401 4824 quod
426 4751 581 4821 justo
617 4749 898 4804 volumini
945 4749 1184 4804 deesset.
1237 4747 1414 4818 quue
1453 4747 1694 4801 subinde
1742 4762 1937 4801 ansam
1970 4749 2218 4819 prmbuit
2246 4754 2371 4803 tum
2402 4748 2866 4819 exscriptoribus,
2897 4754 3018 4803 tum
3052 4749 3297 4803 incautis
3324 4748 3661 4809 editoribus,
3695 4755 3762 4803 ut

242 4839 563 4913 posteriora
591 4840 711 4894 haec
742 4854 915 4909 opera
962 4838 1147 4893 cidem
1194 4836 1412 4892 auctori
1440 4836 1846 4904 adscriberent,
1878 4838 2039 4909 cujus
2080 4855 2291 4892 nomen
2332 4837 2529 4909 priora
2565 4837 2967 4908 praeferebant.
3005 4838 3144 4903 Quae
3186 4853 3276 4890 res
3315 4853 3383 4890 eo
3412 4852 3592 4908 usque
3620 4853 3760 4907 prn-

247 4944 444 5000 gressa
475 4933 580 4993 est,
628 4931 692 4982 ut
734 4928 959 4981 nullum
1000 4926 1119 4980 fere
1164 4927 1433 4981 saeculum
1466 4924 1555 4991 sit,
1602 4941 1669 4979 ex
1709 4943 1823 4997 quo
1851 4926 2187 4981 adulterinas
2218 4925 2503 4997 ejusmodi
2541 4926 2746 4997 aliqum
2777 4926 3115 4998 scriptiones
3147 4925 3417 4995 genuinis
3447 4925 3756 4996 Augustini

248 5018 521 5091 operibus
551 5033 669 5072 non
691 5016 1049 5072 accesserint.

314 5108 456 5161 Hinc
486 5111 685 5162 natum
716 5109 800 5159 est
828 5106 1034 5177 triplex
1065 5105 1492 5160 incommodum
1525 5122 1539 5159 :
1580 5120 1761 5159 unum
1792 5105 1947 5175 quod
1978 5104 2365 5176 genuinorum
2395 5104 2518 5174 ejus
2548 5120 2790 5175 operum
2819 5103 3067 5174 dignitas
3097 5106 3153 5156 et
3182 5102 3439 5157 lectionis
3473 5102 3658 5173 gratia
3690 5118 3762 5157 ex

243 5196 348 5250 hac
376 5196 665 5270 farragine
696 5194 959 5248 nonnihil
989 5195 1381 5272 minueretur;
1407 5198 1668 5258 alterum,
1710 5194 1862 5264 quod
1893 5193 2027 5248 inde
2052 5193 2376 5248 traditionis
2404 5194 2614 5248 veritas
2651 5192 3074 5265 quodammodo
3126 5192 3297 5246 etiam
3330 5192 3762 5257 obscuraretur,

247 5285 386 5338 dum
415 5285 797 5355 posteriorum
831 5287 1158 5354 temporum
1186 5283 1395 5354 scripta
1437 5284 1507 5337 ad
1538 5283 1892 5354 superiorem
1921 5286 2147 5337 aetatem
2177 5280 2463 5352 pertinere
2493 5287 2801 5352 putantur;
2844 5280 3086 5336 tertium
3134 5281 3405 5352 denique,
3438 5279 3597 5351 quod
3620 5296 3758 5351 sup-

248 5372 420 5445 positi
446 5373 531 5427 illi
560 5374 710 5429 fetus
740 5374 1000 5427 incautos
1031 5372 1267 5427 lectores
1294 5371 1568 5426 inducant
1596 5372 1665 5425 ad
1696 5372 1989 5426 sectandas
2019 5364 2279 5425 sinistras
2306 5370 2627 5441 opiniones,
2672 5386 2813 5441 quas
2858 5370 3160 5440 splendido
3192 5369 3495 5441 Augustini
3526 5368 3763 5424 nomine

250 5460 500 5515 obtectas
530 5460 1029 5532 deprehenderint.
1065 5460 1422 5531 Quapropter
1453 5463 1514 5513 ut
1541 5459 1629 5513 his
1656 5460 2035 5514 incommodis
2063 5464 2475 5526 occurreretur,
2504 5458 2786 5531 ejusmodi
2817 5460 3040 5529 spurias
3064 5459 3407 5529 scriptiones
3435 5475 3469 5512 a
3497 5458 3764 5529 genuinis

251 5555 309 5604 et
329 5548 566 5603 sinceris
597 5550 901 5620 Augustini
927 5548 1205 5620 Operibus
1235 5563 1556 5619 segregare,
1590 5552 1645 5601 et
1674 5548 1732 5602 in
1775 5549 2052 5619 angulum
2084 5549 2389 5619 quemdam
2420 5548 2651 5620 rejicere
2681 5548 2994 5618 plurimum
3026 5549 3321 5603 intererat.

326 5638 443 5692 Hoc
472 5636 765 5707 negotium
796 5639 866 5691 ab
895 5637 1131 5693 eruditis
1162 5638 1453 5693 nonnullis
1479 5636 1731 5707 primum
1758 5636 2111 5704 inchoatum,
2140 5652 2174 5689 a
2203 5634 2643 5691 Lovaniensibus
2669 5633 2898 5705 deinde,
2930 5639 3055 5690 tum
3083 5651 3116 5688 a
3138 5635 3358 5689 Joanne
3382 5633 3611 5687 Verlino
3643 5638 3700 5687 et
3729 5650 3763 5688 a

258 5725 547 5782 Bernardo
576 5723 876 5793 Vindingo,
908 5725 1360 5796 Augustinianis,
1402 5726 1652 5780 multum
1669 5728 2020 5795 promotum,
2054 5729 2112 5779 et
2135 5740 2343 5795 magna
2372 5740 2440 5778 ex
2466 5726 2630 5793 parte
2658 5722 2993 5787 confectum,
3030 5723 3274 5778 necdum
3302 5727 3498 5777 tamen
3527 5720 3760 5792 penitus
