4048 6194
213 344 279 396 29
1635 350 1880 407 BREVIS
1929 353 2309 411 PREFATIO.
3663 356 3729 409 30

211 467 555 533 absolutum,
590 483 829 540 operam
861 471 1034 526 etiam
1060 488 1211 527 nunc
1237 474 1488 546 aliquam
1512 475 1736 545 exigere
1765 475 2081 533 videbatur.
2107 478 2254 532 Nihil
2285 494 2416 533 vero
2443 495 2476 531 a
2504 477 2668 531 nobis
2697 476 3171 546 praetermissum,
3202 479 3262 529 ut
3288 476 3338 529 ei
3360 476 3523 531 fieret
3554 474 3689 529 satis
3707 517 3719 528 .

211 557 333 626 Ejus
360 557 444 609 rei
476 573 651 611 causa
679 563 899 612 veteres
931 562 1347 632 manuscriptos
1388 564 1625 626 codices,
1669 564 1723 616 in
1755 565 1962 634 quibus
1992 582 2092 619 sua
2121 568 2325 638 cuique
2355 570 2569 621 auctori
2603 566 3021 630 adscribuntur,
3053 582 3225 635 quam
3256 565 3535 634 plurimos
3565 564 3724 618 adhi-

209 645 471 699 buimus:
503 644 660 699 viros
686 647 904 714 doctos,
939 649 1037 720 qui
1068 667 1130 704 ex
1162 651 1431 705 familiari
1475 652 1653 705 sancti
1682 653 1932 705 Doctoris
1963 654 2197 708 lectione
2230 663 2285 709 et
2315 655 2597 726 frequenti
2630 672 2729 708 usu
2762 655 2955 708 stilum
2988 655 3109 724 ejus
3139 671 3201 707 ac
3231 654 3463 723 genium
3497 668 3726 724 persen-

204 734 307 787 tire
338 735 646 789 assuefacti
689 742 841 801 sunt,
879 740 1293 805 consuluimus;
1327 757 1543 810 nosque
1580 742 1683 811 ipsi
1715 758 1844 795 cum
1875 742 2208 797 indubitatis
2236 745 2537 814 Augustini
2570 743 2849 815 Operibus
2895 760 2961 796 ea
3005 758 3132 813 quae
3182 742 3354 795 dubia
3387 748 3443 795 et
3482 758 3596 795 non
3646 742 3725 795 ita

202 827 353 877 certa
414 829 603 889 erant,
668 824 976 897 diligenter
1027 829 1401 895 contulimus;
1449 834 1503 882 et
1534 829 1684 895 stilo,
1740 830 2052 895 sententiis,
2096 831 2371 900 doctrina,
2421 833 2841 902 Scripturarum
2900 831 3261 885 citationibus
3292 835 3347 884 et
3404 830 3723 901 explicandi

206 914 436 968 ratione
486 914 733 968 invicem
781 919 1144 988 comparatis,
1189 936 1308 973 rem
1349 937 1415 973 eo
1468 938 1499 974 a
1546 920 1713 974 nobis
1757 921 2085 991 perductam
2134 920 2543 985 existimamus,
2593 926 2656 973 ut
2700 922 2942 986 nullum,
2995 926 3093 973 aut
3130 920 3245 973 fere
3290 920 3515 973 nullum
3568 918 3724 972 inter

205 1003 465 1071 genuina
508 1004 817 1073 Augustini
850 1022 1024 1075 opera
1078 1008 1452 1077 rejiciendum
1485 1008 1749 1078 supersit,
1801 1010 1951 1080 quod
1983 1026 2095 1062 non
2144 1012 2416 1079 rejectum
2448 1010 2543 1076 sit;
2586 1009 2829 1074 nullum,
2885 1014 2983 1062 aut
3021 1009 3137 1062 fere
3169 1010 3390 1063 nullum
3421 1008 3720 1079 rejectum,

211 1093 362 1163 quod
394 1108 515 1146 non
547 1093 728 1164 aequis
758 1095 1085 1150 censoribus
1123 1097 1500 1167 rejiciendum
1529 1098 1806 1152 videatur.

272 1200 491 1253 Verum
533 1201 670 1271 quia
696 1202 873 1254 notha
920 1204 1041 1257 haec
1070 1220 1243 1274 opera
1268 1205 1585 1259 discernere
1628 1206 1780 1259 haud
1820 1205 2158 1271 sufticiebat,
2193 1205 2301 1258 nisi
2334 1207 2502 1258 etiam
2536 1206 2651 1259 veri
2699 1221 2895 1258 eorum
2928 1208 3187 1258 auctores
3216 1204 3632 1267 iudicarentur;
3670 1202 3721 1255 id

203 1305 464 1359 quoque,
508 1294 792 1360 quantum
825 1292 988 1345 nobis
1018 1293 1196 1360 licuit,
1231 1301 1498 1364 praestare
1530 1295 1712 1349 conati
1747 1312 1961 1361 sumus,
2018 1295 2123 1347 rati
2153 1294 2363 1348 nullius
2394 1295 2510 1347 fere
2542 1295 2701 1363 pensi
2730 1311 2760 1347 a
2805 1294 3109 1347 lectoribus
3139 1293 3336 1346 haberi
3383 1308 3448 1344 ea
3492 1290 3720 1362 scripta,

204 1394 461 1448 quorum
485 1378 792 1448 scriptores
814 1380 1173 1449 ignorantur.
1200 1384 1391 1454 Neque
1409 1390 1559 1438 certe
1585 1401 1687 1437 nos
1708 1401 1895 1455 operm
1919 1388 2125 1436 nostrm
2150 1383 2437 1453 paenituit.
2468 1384 2669 1435 Datum
2694 1381 2905 1452 quippe
2924 1387 3009 1435 est
3035 1382 3299 1452 detegere
3322 1381 3467 1435 bene
3488 1381 3721 1449 multos,

199 1482 454 1535 quorum
486 1466 691 1519 seriem
718 1465 952 1520 inferius
994 1469 1301 1523 exhibituri
1333 1487 1554 1525 sumus.
1590 1474 1652 1524 In
1681 1472 1805 1524 aliis
1832 1470 1981 1523 haud
2014 1472 2378 1541 paucioribus
2407 1476 2700 1524 auctorum
2734 1471 3088 1541 superiorum
3122 1471 3441 1540 fragmenta
3467 1470 3724 1522 observa-

196 1555 411 1613 vimus,
450 1570 583 1624 qua)
621 1554 701 1607 vel
735 1556 1035 1623 asteriscis,
1066 1559 1150 1610 vel
1184 1558 1353 1612 etiam
1384 1559 1669 1612 uncinulis
1716 1560 2093 1623 distinximus,
2130 1560 2338 1613 notatis
2383 1561 2533 1621 locis,
2572 1576 2637 1612 ex
2679 1559 2886 1629 quibus
2934 1559 3054 1612 haec
3088 1559 3354 1612 translata
3395 1561 3449 1610 et
3492 1561 3719 1628 accepta

197 1650 384 1698 erant.
426 1644 582 1698 Unde
616 1645 678 1698 fit
702 1649 766 1698 ut
803 1645 956 1699 facili
987 1648 1216 1718 negotio
1248 1649 1705 1718 deprehendatur
1734 1654 1961 1719 tempus
1991 1666 2103 1718 quo
2138 1664 2495 1717 unaquaeque
2526 1648 2647 1701 haec
2671 1664 2843 1717 opera
2874 1648 3193 1717 conscripta
3223 1647 3352 1701 sint.
3390 1646 3526 1700 Hinc
3548 1644 3722 1698 tradi-

196 1732 375 1786 tionis
407 1733 805 1787 ecclesiasticae
835 1735 1091 1788 curiosus
1121 1736 1422 1806 indagator
1452 1738 1770 1808 perspiciet,
1808 1739 2011 1791 swculo
2042 1738 2376 1792 duodecimo
2410 1737 2731 1806 superiores
2764 1754 2876 1790 non
2910 1754 3043 1794 esse.
3084 1737 3293 1789 nedum
3323 1736 3391 1789 ad
3422 1732 3725 1803 Augustini

198 1827 433 1892 tempus
476 1824 844 1886 revocandos,
888 1824 1060 1878 libros
1098 1825 1164 1879 de
1196 1826 1407 1897 Spiritu
1441 1832 1493 1880 et
1524 1828 1749 1893 Anima,
1794 1830 1862 1881 de
1904 1826 2203 1897 Diligendo
2238 1828 2371 1894 Deo,
2414 1827 2688 1892 Manuale,
2723 1826 2822 1879 ubi
2864 1826 2922 1878 in
2956 1826 3035 1879 eis
3066 1825 3373 1879 adverterit
3407 1825 3727 1891 fragmenta

199 1929 269 1966 ex
305 1915 607 1977 Anselmo,
660 1914 973 1979 Bcrnardo,
1022 1919 1078 1968 et
1130 1917 1362 1985 Ilugone
1403 1916 1709 1971 Victorino.
1764 1918 2045 1972 Caeterum
2082 1932 2153 1968 ne
2205 1914 2483 1983 ejusmodi
2532 1913 2738 1984 spuriis
2788 1914 3074 1983 opusculis
3114 1912 3418 1983 Augustini
3466 1910 3724 1965 doctrina

198 2002 634 2073 quodammodo
673 2003 1175 2071 contaminaretur,
1212 2004 1258 2057 si
1298 2021 1388 2059 res
1427 2006 1496 2059 de
1528 2006 1733 2076 quibus
1774 2006 1833 2059 in
1873 2005 1953 2058 eis
1982 2005 2193 2075 agitur,
2226 2003 2285 2056 in
2330 2002 2597 2055 eumdem
2630 2002 2874 2055 indicem
2915 2002 3242 2072 permixtim
3279 2000 3723 2070 conjiceremus;

200 2091 554 2161 peculiarem
584 2092 1008 2162 Appendicibus
1034 2093 1273 2147 indicem
1308 2096 1633 2165 generalem
1665 2094 1967 2164 rejecimus
1994 2095 2053 2149 in
2092 2091 2363 2145 ultimum
2390 2091 2608 2145 huncce
2638 2095 2883 2158 tomum,
2917 2091 2984 2144 de
3025 2106 3137 2160 quo
3166 2090 3224 2143 in
3252 2105 3502 2161 praesens
3547 2102 3721 2157 agen-

200 2180 340 2232 dum
366 2184 477 2233 est.

278 2285 339 2337 In
381 2288 670 2353 postremo
716 2286 889 2339 hocce
919 2290 1072 2340 tomo
1112 2291 1239 2357 post
1284 2289 1430 2341 hanc
1471 2288 1867 2341 Prmfationem
1898 2285 2155 2355 sequitur
2193 2286 2313 2338 Vita
2343 2285 2521 2339 sancti
2561 2287 2884 2357 Augustini,
2918 2304 2983 2341 ex
3022 2286 3200 2356 ipsius
3239 2284 3462 2355 scriptis
3492 2300 3524 2336 a
3562 2281 3724 2337 nobis

202 2372 576 2428 concinnata:
614 2390 727 2443 qua
756 2373 814 2427 in
843 2390 904 2427 re
927 2390 1135 2444 magno
1168 2375 1331 2429 nobis
1361 2373 1489 2427 usui
1520 2374 1676 2427 fuere
1716 2373 2107 2427 commentarii
2132 2373 2243 2445 pia:
2272 2374 2563 2429 memoriae
2588 2376 2904 2430 Sebastiani
2937 2378 3007 2431 Le
3042 2375 3186 2431 Naiu
3216 2371 3583 2435 Tillemontii,
3623 2370 3724 2441 qui

202 2460 504 2514 nobiscum
536 2478 667 2515 suos
707 2462 768 2515 in
815 2463 958 2516 hanc
990 2463 1171 2516 Vitam
1214 2462 1653 2517 commentarios
1697 2461 2007 2515 liberaliter
2053 2463 2514 2527 communicavit,
2554 2464 2711 2517 nullo
2749 2464 2859 2518 alio
2907 2466 3122 2529 animo,
3156 2479 3328 2534 quam
3357 2467 3422 2516 ut
3462 2460 3721 2542 Ecclesia;

206 2548 303 2602 Dei
354 2549 705 2613 consuleret,
754 2550 845 2604 cui
893 2551 1185 2604 universos
1234 2552 1457 2604 labores
1496 2567 1649 2618 suos,
1683 2549 1964 2603 maximos
2012 2568 2146 2605 sane
2192 2558 2247 2606 et
2273 2553 2630 2621 utilissimos,
2663 2554 2826 2608 unice
2865 2554 3233 2620 consecravit,
3278 2553 3347 2606 ab
3392 2550 3549 2604 inani
3593 2549 3723 2603 van1

205 2637 456 2690 nominis
508 2638 751 2706 gloriola
778 2656 949 2709 supra
979 2656 1344 2694 communem
1376 2640 1609 2693 modum
1651 2639 1885 2691 alienus.
1921 2640 2047 2692 Haec
2078 2642 2201 2694 Vita
2248 2642 2357 2695 erit
2394 2643 2570 2705 instar
2616 2643 3186 2713 Augustinianorum,
3238 2642 3354 2694 imo
3388 2638 3722 2693 ecclesiasti-

208 2743 402 2780 corum
436 2726 564 2796 ejus
586 2728 881 2797 temporis,
904 2730 1210 2783 Annalium
1239 2745 1486 2801 quorum
1519 2727 1903 2782 sanctissimus
1933 2729 2142 2783 Doctor
2161 2746 2290 2800 pars
2322 2747 2528 2801 magna
2560 2730 2698 2797 fuit;
2728 2731 3085 2803 singulisque
3107 2730 3270 2784 annis
3301 2729 3371 2783 ad
3402 2727 3721 2797 marginem

204 2815 509 2880 adnotatis,
553 2831 657 2868 sua
696 2816 857 2881 facta,
893 2823 1169 2887 quantum
1202 2822 1459 2871 veterum
1490 2833 1683 2869 rerum
1730 2815 2120 2886 longinquitas
2146 2818 2380 2889 patitur,
2417 2819 2877 2889 assignabuntur.
2925 2820 3111 2873 Aliam
3140 2817 3457 2873 breviorem
3486 2815 3660 2869 vitam
3689 2832 3722 2867 a

205 2904 465 2959 Possidio
498 2904 878 2975 compositam
909 2906 1083 2959 habes
1108 2906 1169 2959 in
1199 2908 1311 2959 ne
1333 2906 1479 2960 tomi
1508 2906 1733 2961 decimi.

272 3010 578 3064 Prolixiori
602 3010 688 3064 illi
719 3010 858 3064 Vitas
887 3011 1189 3065 succedent
1218 3016 1332 3066 tres
1362 3011 1579 3065 indices
1609 3013 1861 3082 Operum
1893 3011 1949 3065 S.
1973 3010 2304 3080 Augustini.
2348 3011 2407 3063 In
2437 3010 2624 3079 primo
2655 3009 2953 3063 exhibetur
2980 3008 3153 3063 series
3186 3012 3241 3062 et
3269 3006 3409 3061 ordo
3440 3005 3717 3075 cujusque

206 3100 351 3153 tomi
380 3100 655 3170 Operum,
689 3116 819 3155 cum
850 3100 1204 3167 Lovaniensi,
1237 3101 1328 3155 cui
1371 3101 1734 3155 Erasmianus
1775 3102 1891 3154 fere
1922 3099 2241 3163 concordat,
2276 3102 2675 3168 comparatus:
2706 3099 2765 3152 in
2815 3098 3086 3163 secundo,
3119 3097 3259 3151 ordo
3292 3095 3562 3165 antiquus
3590 3108 3720 3147 cum

212 3204 356 3241 novo
385 3189 626 3242 collatus
653 3205 665 3241 :
702 3188 761 3241 in
791 3189 959 3242 tertio
987 3190 1253 3260 denique,
1286 3190 1513 3260 singula
1537 3190 1817 3260 Opuscula
1848 3188 2048 3243 ordine
2079 3188 2436 3259 alphabetico
2459 3188 2811 3242 referuntur.
2852 3190 3067 3241 Horum
3098 3187 3357 3241 Indicum
3388 3184 3601 3239 auxilio
3620 3183 3718 3254 qui

215 3277 464 3348 antiquis
484 3276 835 3331 editionibus
874 3277 1170 3331 assuefacti
1200 3283 1352 3346 sunt,
1384 3278 1535 3331 facili
1567 3278 1796 3348 negotio
1824 3278 2275 3348 unumquodque
2306 3277 2654 3347 Opusculum
2685 3277 2970 3347 reperturi
3001 3281 3133 3330 sunt
3160 3277 3255 3346 ().

272 3382 585 3453 Triplicem
624 3383 777 3436 hunc
806 3382 1054 3437 Iudicem
1082 3383 1323 3453 excipiet
1352 3384 1524 3437 Index
1554 3384 1909 3449 universalis,
1940 3389 1996 3437 et
2025 3384 2259 3455 quidem
2285 3385 2711 3456 copiosissimus
2740 3386 3001 3439 omnium
3028 3402 3240 3450 rerum,
3274 3401 3403 3454 qua:
3431 3382 3489 3436 in
3521 3382 3717 3436 decem

206 3472 509 3542 Augustini
541 3472 792 3541 Operam
824 3473 991 3525 tomis
1021 3472 1415 3539 continentur;
1451 3477 1572 3526 tum
1604 3474 1778 3527 Index
1812 3472 2007 3527 itidem
2039 3476 2324 3544 generalis
2350 3476 2609 3529 omnium
2637 3474 2945 3545 Scriptura:
2974 3491 3145 3527 sacrm
3177 3476 3453 3534 locorum,
3502 3486 3630 3542 quae.
3660 3470 3719 3523 in

210 3558 312 3613 illis
341 3560 619 3631 operibus
653 3560 895 3629 sparsim
926 3560 1305 3630 explicantur.
1346 3563 1411 3614 In
1440 3561 1619 3632 priori
1642 3561 1739 3613 illo
1772 3561 1960 3614 Indice
1982 3563 2378 3617 conciunando
2410 3580 2525 3616 non
2556 3566 2779 3615 tantum
2812 3562 3172 3631 singulorum
3192 3568 3479 3615 tomorum
3502 3559 3719 3612 Indices

208 3662 237 3699 a
263 3648 428 3701 nobis
460 3648 707 3701 consulti
749 3653 899 3712 sunt,
933 3649 1032 3703 sed
1063 3666 1208 3703 nova
1237 3649 1470 3720 insuper
1510 3650 1805 3719 diligentia
1848 3650 2100 3705 adhibita
2129 3652 2197 3705 ad
2242 3651 2559 3721 supplenda
2590 3667 2675 3716 ea,
2709 3666 2837 3720 qua:
2880 3650 3021 3703 forte
3069 3650 3129 3703 in
3176 3648 3559 3719 peculiaribus
3607 3646 3719 3699 illis

210 3735 497 3790 Iudicibus
538 3735 1022 3791 desiderabantur.
1067 3739 1173 3792 Diu
1204 3755 1411 3809 anceps
1461 3739 1564 3792 fuit
1594 3739 1839 3803 animus,
1889 3754 2197 3809 quamnam
2246 3740 2577 3793 methodum
2626 3738 2687 3792 in
2722 3739 3051 3792 adornando
3083 3738 3188 3792 hoc
3228 3736 3481 3807 generali
3527 3735 3717 3788 Indice

204 3840 595 3896 sequeremur.
630 3826 918 3896 Principio
950 3832 1179 3880 venerat
1205 3829 1264 3880 in
1295 3832 1567 3892 mentem,
1603 3828 1909 3897 quamdam
1937 3828 2365 3898 Augustinianaa
2391 3828 2663 3881 doctrina:
2689 3827 3006 3891 Summam,
3031 3826 3147 3880 sive
3174 3826 3462 3897 quoddam
3483 3824 3718 3878 Theolo-

204 3916 395 3985 gicum
430 3932 638 3985 corpus
667 3917 738 3970 ad
779 3920 1029 3970 mentem
1061 3918 1239 3970 sancti
1272 3917 1524 3971 Doctoris
1556 3933 1621 3969 ex
1654 3916 1874 3970 selectis
1904 3916 2329 3987 fusioribusque
2356 3917 2477 3986 ejus
2502 3916 2796 3969 sententiis
2824 3921 3123 3969 contexere
3153 3915 3468 3969 secundum
3498 3914 3720 3966 metho-

202 4006 334 4059 dum
369 4004 553 4058 sancti
583 4006 819 4058 Thomaz
847 4006 933 4060 vel
958 4006 1206 4077 Magistri
1238 4006 1677 4059 sententiarum.
1718 4007 1925 4058 Verum
1957 4006 2268 4060 consultius
2302 4006 2536 4059 demum
2562 4005 2748 4058 visum
2779 4010 2863 4059 est
2892 4006 3216 4075 generalem
3250 4019 3441 4057 rerum
3468 4002 3716 4055 Iudicem

200 4094 402 4146 ordine
428 4093 789 4164 alphabetico
817 4095 884 4147 de
916 4112 1073 4148 more
1105 4094 1839 4175 adornare,~ex.quoghaud
1872 4110 2178 4163 operosum
2209 4096 2383 4155 fuerit
2403 4096 2736 4165 praedictam
2765 4096 3043 4149 conficere
3070 4095 3385 4159 Summam,
3419 4109 3548 4163 qua:
3580 4091 3716 4144 alias

198 4183 241 4236 si
271 4200 300 4235 e
333 4199 394 4236 re
428 4183 659 4252 publica
688 4200 809 4237 esse
831 4184 1132 4249 videbitur,
1168 4166 1555 4271 ei'ipptiriii,
1587 4173 1910 4267 ct'fecfrsiim
1943 4184 1999 4237 in
2028 4186 2211 4239 lucem
2231 4180 2449 4238 iemritu'.

267 4290 599 4343 Extremum
630 4290 875 4361 denique
903 4291 1093 4344 locum
1124 4291 1341 4345 tenebit
1370 4277 1729 4344 Index'alius
1745 4269 2024 4362 generalis
2056 4293 2315 4346 omnium
2352 4292 2680 4361 spuriorum
2712 4292 3147 4362 Opusculorum,
3184 4306 3311 4359 quae
3348 4288 3407 4341 in
3426 4287 3716 4357 Appendi-

194 4377 360 4430 cibus
390 4378 592 4449 cuique
624 4383 781 4432 tomo
814 4380 1126 4450 subjunctis
1155 4380 1535 4460 continentur.
1577 4382 1689 4460 ,Hir
1719 4382 2160 4460 Index_cmvrino
2192 4382 2541 4435 necessarius
2576 4381 2727 4434 visus
2756 4386 2840 4434 est
2868 4382 2937 4435 ad
2990 4378 3294 4433 levandum
3325 4378 3602 4430 lectorum
3632 4375 3715 4429 la-

192 4467 417 4529 borem,
450 4467 549 4537 qui
579 4467 885 4537 Augustini
933 4468 1156 4543 scriptis
1201 4451 1797 4548 lectitandisassiieti,
1827 4458 1924 4539 vix;
1959 4488 2019 4524 ac
2053 4464 2518 4543 nevixquiem:
2544 4469 2742 4523 alienis
2774 4468 3055 4539 ejusmodi
3098 4465 3536 4536 scriptiunculis,
3573 4482 3715 4535 quas

195 4556 345 4608 inter
375 4557 570 4609 multa:
591 4557 915 4627 quisquilia!
949 4562 1106 4623 sunt,
1131 4544 1358 4628 tempus
1386 4564 1441 4612 et
1472 4544 1867 4611 otium'terere
1899 4559 2265 4614 sustinerent.
2304 4559 2547 4613 Tametsi
2573 4575 2691 4612 non
2714 4575 2894 4629 pauca
2914 4558 2972 4610 in
2994 4556 3083 4610 his
3110 4555 3479 4626 reperiuntur
3508 4554 3716 4624 scripta

194 4650 455 4697 veterum
486 4646 865 4714 quorumdam
890 4646 1200 4717 insignium
1227 4653 1545 4713 auctorum,
1574 4649 1849 4702 lectorum
1882 4648 2067 4702 studio
2092 4649 2538 4719 haudquaquam
2557 4648 2794 4718 indigna
2822 4664 2834 4701 :
2865 4645 3055 4717 qualia
3077 4650 3205 4698 sunt
3232 4644 3466 4699 Joannis
3480 4644 3715 4713 Chryso-

196 4733 386 4798 stomi,
421 4733 729 4799 Ambrosii,
782 4734 1010 4788 Maximi
1055 4736 1440 4797 Taurinensis,
1488 4738 1771 4808 Fulgentii
1814 4736 2143 4808 Ruspensis,
2194 4742 2249 4790 et
2298 4737 2545 4791 aliorum
2576 4735 2857 4806 ejusmodi
2888 4734 3179 4805 opuscula,
3219 4732 3302 4786 uti
3334 4738 3389 4787 et
3422 4748 3718 4786 sermones

194 4822 427 4875 Carsarii
458 4823 708 4893 episcopi
738 4825 1111 4891 Arelatensis;
1147 4826 1241 4878 sed
1272 4843 1400 4896 qua:
1434 4828 1520 4879 vel
1554 4828 1671 4879 solo
1702 4831 1999 4879 auctorum
2030 4826 2263 4879 nomine
2288 4827 2562 4879 lectorem
2594 4825 3090 4879 alliciant.Horum
3121 4822 3380 4876 omnium
3411 4826 3712 4875 auctorum

193 4915 248 4963 et
276 4911 550 4972 aliorum,
595 4913 958 4981 quantumvis
988 4913 1329 4982 ignobilium
1360 4915 1446 4967 vel
1480 4914 1831 4985 ignotorum,
1868 4915 2112 4969 Iudicem
2134 4915 2487 4985 generalem,
2518 4916 2588 4968 ab
2618 4912 3031 4984 Augustiniano
3065 4913 3405 4981 sejunctum,
3434 4910 3711 4965 conficere

193 5000 492 5070 quoddam
522 5017 709 5070 opera:
741 5004 990 5071 pretium
1024 5002 1327 5057 duximus:
1362 5010 1425 5057 ut
1455 5004 1558 5058 hoc
1590 5004 1950 5074 compendio,
1984 5004 2195 5074 absque
2228 5021 2435 5074 magno
2488 5003 2786 5073 dispendio
2820 5001 3114 5073 temporis,
3150 5002 3384 5054 lectores
3433 4999 3709 5070 dispicere

195 5090 434 5158 possint,
470 5090 749 5160 quidquid
782 5090 839 5144 in
869 5092 977 5145 illis
1009 5093 1299 5162 opusculis
1334 5094 1475 5146 lectu
1509 5099 1607 5148 aut
1637 5096 1781 5148 scitu
1815 5095 2052 5165 dignum
2083 5094 2417 5163 reperiatur.
2452 5094 2515 5146 In
2544 5096 2699 5145 tanta
2729 5108 2879 5156 vero,
2912 5096 3142 5161 tamque
3168 5090 3323 5143 varia
3353 5089 3708 5143 diversorum

194 5184 493 5231 auctorum
526 5184 583 5231 et
607 5181 1012 5250 opusculorum
1042 5181 1307 5248 congerie
1340 5182 1462 5234 eri
1494 5200 1607 5236 non
1638 5183 1846 5253 potuit,
1880 5183 2020 5253 quin
2049 5182 2282 5236 diversae
2312 5181 2549 5235 subinde
2574 5185 3011 5251 pugnantesque
3043 5180 3112 5233 de
3143 5196 3254 5232 una
3292 5178 3608 5245 eademque
3649 5191 3710 5227 re

192 5272 497 5320 occurrant
538 5268 861 5335 sententiae,
893 5270 1008 5323 imo
1039 5270 1212 5323 etiam
1247 5277 1538 5325 erroreset
1578 5273 1808 5326 exotica:
1858 5272 2176 5341 opiniones.
2211 5270 2373 5333 Quod
2426 5270 2524 5339 qui
2583 5270 2640 5323 in
2681 5272 2892 5323 malam
2947 5268 3133 5338 rapiat
3164 5273 3408 5337 partem,
3469 5280 3559 5317 nte
3616 5263 3711 5317 ille

191 5362 391 5409 contra
416 5361 586 5409 rectm
618 5357 860 5411 rationis
891 5359 1042 5427 leges
1071 5360 1427 5429 pugnaverit.
1463 5362 1635 5414 Paulo
1685 5362 1877 5414 minus
1907 5361 1977 5414 ab
2016 5360 2284 5430 (equitate
2327 5358 2691 5423 aberraverit,
2725 5358 2824 5428 qui
2870 5374 2971 5410 nos
2999 5354 3405 5423 marginaliuni
3449 5358 3714 5404 notarum

194 5445 388 5499 fecerit
417 5447 831 5516 approbatores
861 5453 959 5499 aut
988 5448 1371 5517 tidejussores.
1420 5450 1481 5501 In
1512 5449 1599 5502 his
1629 5450 1781 5503 enim
1814 5449 1993 5502 nostri
2026 5453 2245 5501 tantum
2289 5447 2541 5500 muneris
2569 5452 2673 5515 est,
2698 5464 2813 5500 non
2863 5451 3077 5510 nostra,
3108 5444 3203 5496 sed
3242 5442 3429 5495 aliena
3464 5440 3714 5495 indicare

194 5539 244 5587 et
272 5536 563 5605 proferre;
610 5552 798 5606 neque
848 5540 1173 5589 contextum
1204 5538 1273 5592 ad
1306 5537 1577 5591 amussim
1604 5543 2033 5608 repraesentare,
2078 5536 2175 5590 sed
2224 5541 2384 5590 notas
2430 5537 2704 5607 quasdam
2748 5540 2802 5589 et
2852 5535 3016 5603 signa
3047 5536 3207 5584 extra
3247 5530 3428 5583 lineas
3472 5546 3713 5600 ponere,

248 5746 321 5801 fa)
342 5742 620 5790 Translata
655 5739 761 5787 huc
792 5744 1010 5800 utraque
1042 5739 1231 5788 Bened.
1255 5740 1579 5803 prrefatione,
1609 5742 1712 5789 tres
1744 5743 1920 5788 tamen
1946 5740 2163 5797 indices,
2196 5740 2261 5788 de
2292 5741 2485 5802 quibus
2516 5740 2706 5801 agitur,
2740 5740 2792 5785 in
2826 5738 3011 5786 ultimo
3036 5743 3180 5787 tomo
3210 5739 3389 5787 videre
3419 5742 3513 5787 est.
3613 5739 3681 5786 M.
