4048 6194
297 322 353 374 31

3733 323 3801 375 32

297 457 427 512 quae
460 442 726 496 lectorem
757 446 1182 512 properantem,
1207 446 1263 496 et
1291 443 1382 496 cui
1408 459 1511 514 per
1531 443 1709 497 otium
1739 443 1959 513 integra
1988 443 2084 496 illa
2105 441 2387 512 Opuscula
2415 439 2711 511 perlegere
2749 454 2869 493 non
2897 441 3074 504 vacet,
3095 438 3440 494 admoneant
3458 444 3803 511 argumenta

294 529 362 583 de
394 546 506 600 quo
537 528 749 600 agitur,
781 529 1139 601 invitentque
1163 531 1230 585 ad
1265 547 1330 584 ea
1358 531 1607 602 penitius
1638 531 1994 586 discutienda
2020 545 2148 600 quin
2181 545 2209 582 e
2249 545 2310 582 re
2341 545 2442 581 sua
2473 544 2593 581 esse
2623 526 2990 581 intellexerit.

367 618 462 671 His
494 617 788 686 absolutis,
820 618 928 672 tria
963 618 1239 672 duntaxat
1287 635 1316 671 a
1348 617 1512 671 nobis
1543 618 1780 687 insuper
1805 616 2112 670 desiderari
2156 635 2318 688 posse
2351 619 2647 678 videntur;
2706 634 2914 688 nempe
2965 615 3234 670 iudicatio
3283 616 3570 672 variarum
3621 617 3802 671 sancti

292 706 594 776 Augustini
625 707 966 775 editionum,
1000 724 1127 778 quae
1175 709 1244 762 ab
1292 707 1521 761 inventa
1553 712 1670 759 arte
1709 705 2125 776 .typographica
2154 709 2314 761 factae
2359 711 2527 760 sunt:
2563 707 2765 761 deinde
2806 705 3274 759 commemoratio
3305 705 3555 759 virorum
3605 706 3796 760 omnis

293 795 508 849 ordinis
539 795 1003 864 clarissimorum,
1033 797 1133 867 qui
1155 797 1318 850 nobis
1349 801 1602 848 veterum
1634 794 1894 848 codicum
1925 795 2214 865 suppetias
2245 795 2605 848 contulerunt
2635 796 2703 849 ad
2736 795 2884 848 hanc
2900 793 3211 848 editionem
3241 793 3631 848 adornandam
3659 811 3671 848 :
3709 795 3806 848 de-

295 884 470 955 nique
499 884 756 938 collectio
787 885 1246 938 testimoniorum
1269 901 1335 938 ex
1356 883 1588 936 vetustis
1613 883 1812 937 saltem
1845 884 2191 950 auctoribus,
2220 883 2318 954 qui
2341 883 2762 938 sanctissimum
2799 885 3092 937 Doctorem
3117 883 3353 954 ejusque
3376 884 3583 954 scripta
3604 882 3804 955 elogiis

290 976 652 1026 exornarunt.

358 1061 442 1114 Ad
475 1061 725 1130 primum
759 1061 908 1130 quod
939 1059 1166 1126 attinet,
1197 1075 1286 1113 res
1315 1061 1732 1131 propemodum
1779 1061 2001 1115 inlinita
2033 1067 2178 1115 esset
2208 1079 2405 1116 omnes
2436 1078 2889 1116 commemorare
2930 1061 3481 1132 Augustinianorum
3512 1062 3790 1132 Operum,

293 1150 406 1204 sive
428 1150 706 1214 omnium,
744 1150 859 1203 sive
890 1149 1269 1220 singulorum,
1304 1150 1602 1204 editiones.
1639 1153 1767 1204 Post
1797 1151 1973 1206 libros
2002 1152 2069 1206 de
2092 1152 2326 1206 Civitate
2361 1152 2478 1217 Dei,
2513 1151 2612 1223 qui
2641 1167 2802 1205 nova:
2822 1151 3248 1223 typographicze
3270 1150 3406 1204 artis
3436 1151 3654 1220 primos
3675 1151 3796 1204 fere

290 1239 534 1292 honores
567 1239 863 1310 lucemque
897 1242 1250 1300 meruerunt,
1285 1238 1396 1292 alia
1421 1239 1759 1292 sanctissimi
1794 1240 2050 1292 Doctoris
2091 1241 2274 1312 Opera
2303 1241 2541 1295 subinde
2575 1241 2823 1312 vulgavit
2849 1243 3094 1296 Joannes
3141 1240 3577 1309 Amorbacllius,
3609 1255 3795 1310 eaque

290 1327 484 1380 omnia
515 1327 574 1380 in
604 1344 784 1380 unum
811 1328 1039 1381 tandem
1061 1344 1267 1398 corpus
1295 1327 1556 1398 redigere
1577 1328 1747 1399 coapit
1785 1345 1933 1382 anno
1981 1332 2132 1394 lSO-i,
2175 1331 2324 1401 quod
2355 1329 2622 1384 undecim
2651 1329 2709 1382 in
2739 1335 2928 1400 partes
2953 1328 3285 1384 distinctum
3315 1328 3465 1382 intra
3494 1327 3796 1381 biennium

289 1417 560 1472 absolvit:
594 1419 730 1472 dum
761 1418 990 1472 interim
1022 1418 1267 1472 Jodocus
1299 1418 1504 1472 Badius
1547 1418 1848 1472 Ascensius
1874 1421 2136 1490 quietiam
2167 1419 2347 1473 sancti
2390 1418 2644 1473 Doctoris
2674 1419 2955 1489 Opuscula
2984 1417 3156 1470 variis
3185 1417 3349 1470 annis
3379 1421 3501 1470 tum
3535 1415 3788 1480 Parisiis,

289 1511 411 1560 tum
453 1507 734 1576 Lugduni,
776 1507 925 1576 typis
955 1505 1210 1577 imprimi
1240 1506 1474 1560 curavit.
1497 1507 1766 1576 Majorem
1794 1509 2180 1562 collectionem
2214 1509 2408 1562 decem
2438 1506 2627 1573 tomis,
2661 1523 2810 1560 anno
2842 1510 2996 1573 l529,
3041 1505 3270 1559 Basileai
3298 1506 3355 1558 in
3388 1506 3566 1558 lucem
3605 1503 3798 1558 emisit

293 1593 615 1647 Desiderius
675 1596 972 1648 Erasmus:
1007 1595 1170 1664 cujus
1209 1595 1522 1648 editionem
1572 1596 1767 1648 multa:
1827 1596 1950 1650 alios
1980 1598 2153 1650 variis
2187 1597 2248 1650 in
2303 1596 2438 1650 locis
2493 1595 2809 1650 subsecuta:
2864 1599 2996 1648 sunt
3026 1610 3205 1665 usque
3261 1593 3332 1648 ad
3381 1608 3595 1645 annum
3635 1595 3794 1660 1577,

290 1698 402 1753 quo
438 1683 704 1736 Doctores
737 1683 1111 1737 Lovanienses
1141 1683 1453 1736 auctiorem
1488 1689 1546 1736 et
1575 1684 1745 1754 longe
1777 1686 2183 1739 accuratiorem
2215 1683 2552 1755 Antwerpim
2584 1683 2797 1754 publici
2818 1683 2967 1754 juris
2998 1683 3273 1736 fecerunt.

359 1772 481 1824 Jam
511 1787 642 1824 vero
675 1772 898 1842 quoties
926 1772 1046 1826 haec
1097 1772 1460 1826 Lovaniensis
1498 1772 1672 1827 editio
1712 1790 1908 1828 recusa
1940 1775 2031 1841 sit,
2082 1774 2127 1828 si
2175 1773 2302 1844 quis
2332 1789 2664 1844 percensere
2695 1772 2883 1839 vellet,
2935 1787 3022 1825 res
3053 1771 3236 1825 abiret
3264 1771 3322 1823 in
3382 1771 3642 1841 longum,
3693 1785 3799 1823 nec

289 1859 433 1913 forte
464 1859 607 1912 tanti
634 1866 799 1915 esset.
834 1859 968 1924 Quis
996 1877 1168 1930 porro
1190 1860 1549 1930 singulorum
1577 1861 1991 1932 Opusculorum
2021 1863 2274 1932 singulas
2305 1861 2581 1916 editiones
2606 1863 2942 1914 enunieret?
2962 1861 3026 1914 In
3047 1859 3135 1913 his
3162 1861 3405 1913 Joannes
3432 1857 3800 1913 Ulimmerius

287 1962 499 2000 novum
578 1948 862 2009 volumen,
941 1947 1031 2000 cui
1107 1948 1340 2002 titulum
1415 1949 1704 2020 inscripsit
1777 1951 1842 2004 de
1894 1953 2151 2014 Diversis,
2211 1955 2474 2003 constans
2548 1949 2918 2004 Scrmonibus
2973 1953 3203 2002 centum
3259 1948 3495 2018 triginta
3548 1948 3797 2016 duobus,

287 2034 498 2104 partim
530 2039 696 2088 antea
735 2035 983 2103 ineditis,
1032 2036 1242 2106 partim
1274 2037 1343 2090 ab
1399 2037 1523 2107 ipso
1555 2036 1862 2107 castigatis,
1911 2053 2063 2090 anno
2101 2041 2257 2103 1564,
2293 2055 2421 2091 cum
2463 2037 2589 2092 Vita
2635 2036 2940 2108 Augustini
2977 2053 3009 2090 a
3051 2036 3304 2090 Possidio
3352 2035 3557 2106 scripta
3590 2040 3644 2089 et
3674 2035 3798 2104 ejus

288 2124 540 2194 Operam
573 2124 823 2178 lnciiculo
851 2124 911 2178 in
942 2126 1145 2194 vulgus
1176 2125 1384 2179 emisit.
1418 2125 1570 2178 Alios
1601 2141 1894 2178 sermones
1924 2129 2119 2180 nostro
2159 2132 2417 2196 tempore
2449 2143 2477 2178 e
2505 2125 2753 2180 tenebris
2783 2130 3058 2179 ernerunt
3084 2124 3326 2178 Jacobus
3350 2123 3708 2191 Sirmondus,
3741 2127 3802 2177 et

292 2213 667 2283 Hieronymus
698 2212 1017 2282 Vignerius,
1050 2230 1295 2284 quorum
1321 2213 1605 2283 posterior
1634 2214 1788 2284 Opus
1818 2213 2215 2283 imperfectum
2248 2221 2442 2268 contra
2471 2215 2765 2269 Julianum
2794 2215 3016 2284 primus
3046 2213 3318 2284 vulgavit.

361 2301 550 2356 Hasin
589 2301 791 2372 primis
821 2302 1111 2373 suppetias
1140 2302 1450 2356 habuimus
1481 2302 1548 2356 ad
1582 2309 1837 2356 nostram
1868 2303 2175 2358 editionem
2206 2303 2619 2358 conﬁciendam
2647 2321 2659 2357 :
2693 2304 2906 2374 quibus
2936 2319 3219 2357 accessere
3248 2301 3459 2357 inﬁniti
3487 2318 3797 2372 propemo-

291 2390 430 2444 dum
458 2395 676 2444 veteres
705 2391 945 2457 codices,
979 2407 1009 2444 e
1046 2390 1313 2459 plurimis
1345 2391 1668 2462 deprompli
1707 2391 2082 2457 bibliothecis,
2117 2409 2258 2462 quas
2300 2392 2882 2448 commemoravimus
2933 2392 3047 2445 suis
3086 2391 3246 2458 locis,
3296 2391 3395 2445 ubi
3439 2391 3799 2461 singulorum

293 2481 541 2551 Operum
575 2481 903 2535 collationes
933 2481 1004 2535 ad
1035 2485 1248 2535 veteres
1279 2482 1506 2536 codices
1542 2483 1715 2536 factas
1746 2483 2088 2538 notavimus.
2112 2482 2482 2553 Singulorum
2524 2482 2779 2535 virorum
2811 2481 3066 2544 nomina,
3102 2481 3201 2552 qui
3231 2480 3513 2550 ejusmodi
3545 2479 3801 2534 subsidia

303 2568 466 2624 nobis
494 2569 877 2636 contulerunt,
923 2585 1216 2624 recensere
1246 2586 1618 2640 cuperemus:
1649 2586 1845 2624 verum
1877 2571 1946 2624 ab
1975 2571 2080 2624 hac
2111 2569 2543 2624 enumeratione
2572 2569 2681 2624 hoc
2713 2570 2834 2623 loco
2864 2568 3144 2623 abstinere
3177 2569 3360 2621 visum
3391 2573 3494 2634 est,
3529 2583 3599 2621 ne
3626 2583 3797 2638 quem

303 2662 401 2711 aut
444 2657 778 2711 illaudatum
829 2658 1277 2728 prazteriremus,
1306 2663 1406 2712 aut
1435 2674 1536 2711 suo
1567 2674 1682 2711 non
1715 2674 2229 2712 commemoramus
2270 2659 2492 2723 ordine,
2537 2663 2636 2713 aut
2669 2658 2860 2712 debito
2882 2657 3129 2728 denique
3153 2657 3338 2728 elogio
3372 2657 3793 2711 fraudaremus.

295 2746 571 2801 Omnibus
597 2750 654 2799 et
683 2746 924 2815 singulis
953 2746 1200 2816 gratiam
1251 2746 1566 2815 habebunt,
1598 2749 1660 2798 ut
1688 2761 2002 2816 speramus,
2059 2747 2295 2802 lectores
2353 2747 2636 2816 benevoli,
2691 2764 2820 2802 cum
2853 2763 3053 2802 eorum
3105 2745 3475 2801 bibliothecas
3507 2745 3622 2800 suis
3651 2745 3790 2798 locis

291 2840 762 2889 commemoratas
791 2835 1058 2890 viderint.

362 2925 433 2976 At
461 2922 583 2978 sine
614 2922 826 2994 ingrati
867 2923 1041 2977 animi
1071 2921 1207 2976 vitio
1236 2923 1401 2976 silere
1441 2939 1551 2976 non
1591 2938 1914 2994 possumus,
1957 2930 2232 2996 quantam
2264 2926 2574 2981 habeamus
2604 2925 2848 2998 gratiam
2899 2929 3024 2980 tum
3055 2923 3508 2978 eminentissimo
3541 2923 3800 2978 Ecclesia:

293 3010 538 3082 principi
577 3012 827 3066 Antonio
859 3012 1138 3067 Ludovico
1177 3013 1245 3067 de
1278 3012 1522 3067 Noailles
1560 3013 1985 3085 archiepiscopo
2015 3014 2341 3084 Parisiensi,
2375 3031 2550 3087 quem
2582 3014 2975 3069 sanctissimus
3018 3013 3278 3067 Pontifex
3313 3013 3680 3066 Innocentius
3707 3014 3802 3066 XII

294 3099 366 3152 ob
412 3099 684 3168 pietatem
715 3105 773 3154 et
802 3100 1117 3154 doctrinam
1147 3101 1253 3155 sibi
1307 3107 1500 3156 notam
1531 3107 1588 3155 et
1622 3103 1941 3172 probatam,
1987 3119 2144 3156 sacra
2184 3119 2462 3174 purpura,
2517 3104 2656 3158 dum
2687 3103 2809 3157 hinc
2841 3102 3278 3167 absolveremus,
3310 3101 3555 3172 gratanti
3585 3101 3801 3167 animo,

295 3186 572 3241 universis
613 3189 1095 3258 applaudentibus
1118 3189 1431 3255 decoravit;
1459 3195 1580 3243 tum
1613 3190 1995 3244 illustrissimo
2027 3193 2230 3246 Carolo
2263 3192 2523 3247 Mauritio
2553 3193 2604 3246 le
2632 3192 2843 3247 Tellier
2870 3190 3294 3261 archiepiscopo
3337 3190 3466 3243 duci
3492 3188 3761 3243 Remensi
3787 3207 3799 3243 :

295 3276 394 3346 qui
417 3276 604 3342 ambo,
640 3293 740 3347 pro
772 3277 982 3331 eximio
1027 3295 1130 3332 suo
1169 3277 1228 3331 in
1257 3279 1638 3349 Augustinum
1670 3279 1877 3341 studio,
1910 3295 2115 3333 novam
2147 3281 2294 3335 hanc
2323 3281 2629 3335 editionem
2668 3297 2770 3334 suo
2802 3279 3121 3350 patrocinio
3150 3278 3370 3350 dignati
3398 3282 3547 3342 sunt,
3581 3293 3802 3348 suaque

294 3365 627 3420 auctoritate
670 3366 1051 3422 roborarunt:
1085 3367 1294 3437 quibus
1322 3367 1743 3421 illustrissimus
1771 3368 2082 3423 Meldarum
2115 3369 2368 3436 antistes,
2399 3369 2641 3423 Jacobus
2674 3369 2964 3439 Benignus
2995 3369 3248 3435 Bossuet,
3280 3383 3398 3421 non
3437 3365 3628 3420 minus
3667 3382 3802 3438 pro-

294 3470 472 3525 penso
505 3453 565 3507 in
595 3459 856 3509 sanctum
887 3456 1183 3509 Doctorem
1214 3456 1404 3510 animo
1432 3456 1582 3509 ultro
1611 3457 1859 3514 accessit.

367 3545 658 3598 Postremo
702 3549 957 3599 veterum
989 3545 1060 3599 de
1096 3546 1417 3616 Augustino
1463 3545 1794 3600 testimonia
1821 3563 2129 3617 congerere
2169 3546 2323 3600 haud
2366 3542 2559 3614 opera:
2598 3545 2848 3616 pretium
2881 3545 3092 3600 fuerit:
3143 3560 3271 3598 cum
3311 3541 3625 3597 illustriora
3677 3542 3803 3612 ejus

297 3633 481 3703 elogia
520 3633 695 3687 cuivis
741 3633 962 3688 erudito
1001 3635 1201 3688 lectori
1249 3634 1478 3689 aliunde
1523 3635 1687 3689 obvia
1734 3635 1880 3702 sint;
1926 3653 2029 3690 nec
2071 3635 2182 3690 alia
2221 3634 2535 3689 necessaria
2584 3633 2882 3688 videantur
2913 3633 2983 3688 ad
3023 3637 3250 3687 tantum
3280 3632 3468 3684 virum
3510 3645 3801 3684 commen-

294 3721 566 3784 dandum,
611 3738 783 3793 quem
835 3723 897 3776 in
927 3722 1278 3794 exponendis
1309 3723 1445 3777 tidei
1493 3723 1870 3794 dogmatibus,
1901 3728 1957 3778 et
1992 3723 2200 3778 morali
2250 3723 2507 3778 doctrina
2534 3722 2841 3777 christiana
2873 3721 3229 3792 explicanda,
3274 3721 3572 3774 Doctorem
3621 3719 3804 3774 maxi-

299 3827 478 3878 mum,
502 3810 963 3881 integerrimum,
997 3815 1055 3865 et
1086 3811 1309 3883 puriori
1340 3811 1546 3866 Christi
1575 3811 1848 3866 doctrinm
1878 3811 2125 3866 maxime
2149 3811 2527 3866 inhzerentem
2559 3810 2822 3865 universa
2851 3808 3104 3880 agnoscit
3133 3807 3397 3864 Ecclesia.

370 4767 684 4834 Possidius,
717 4766 875 4821 urbis
903 4767 1249 4822 Calamensis
1274 4766 1334 4821 in
1368 4767 1633 4822 Numidia
1662 4767 1960 4838 episcopus
1991 4769 2200 4822 electus
2248 4785 2396 4822 anno
2428 4772 2550 4834 397,
2592 4766 2903 4838 discipulus
2948 4767 3058 4821 fuit
3105 4767 3168 4823 D.
3201 4764 3524 4836 Augustini,
3555 4780 3805 4834 quocum

305 4856 683 4928 quadraginta
712 4872 889 4927 prope
920 4857 1102 4923 annis,
1127 4863 1190 4912 ut
1218 4857 1335 4928 ipse
1366 4862 1576 4922 narrat,
1611 4857 1749 4911 vixit
1779 4857 2152 4913 familiariter.
2188 4858 2438 4928 Magistri
2467 4857 2554 4911 sui
2585 4862 2904 4912 extremum
2932 4857 3154 4927 excepit
3183 4855 3468 4926 spiritum,
3503 4853 3808 4923 Vitamque

301 4946 526 5016 scripsit
555 4962 728 5017 quam
758 4945 905 5000 infra
936 4946 1255 5014 referimus,
1279 4964 1394 5001 non
1425 4946 1537 5000 stili
1558 4947 1790 5017 quidem
1822 4947 2141 5017 splendore,
2171 4949 2267 5002 sed
2295 4948 2452 5001 suavi
2473 4947 2722 5018 quadam
2751 4947 3113 5016 simplicitate
3144 4960 3367 4998 necnon
3398 4943 3677 4996 factorum
3710 4957 3805 4994 ve-

302 5034 467 5088 ritate
497 5035 823 5104 pretiosam.
859 5035 960 5089 Cui
989 5036 1584 5108 Indiculumadjunxit
1608 5036 2270 5103 librorum,tractatuum
2299 5042 2355 5090 et
2371 5034 2840 5107 epistolarum.D.
2868 5033 3172 5105 Augustini
3193 5034 3284 5102 (1).
3303 5034 3457 5086 Inter
3473 5030 3658 5085 varias
3677 5046 3811 5100 quae

301 5122 640 5193 prodierunt
667 5123 840 5194 hujus
867 5123 1008 5178 Vitae
1023 5124 1322 5192 editiones,
1340 5126 1592 5195 primum
1609 5125 1796 5179 locum
1819 5125 1982 5179 facile
2003 5129 2218 5191 tenent,
2245 5130 2477 5196 propter
2497 5124 2934 5180 annotationum
2959 5122 3373 5189 excellentiam,
3397 5121 3508 5175 duo
3527 5136 3670 5190 quas
3689 5120 3811 5172 vul-

301 5227 504 5280 gavere
538 5213 642 5266 PP.
681 5212 1033 5266 Benedictini
1059 5213 1118 5267 in
1132 5213 1462 5268 collectione
1476 5230 1717 5284 operum
1747 5214 1926 5267 sancti
1957 5214 2220 5280 doctoris,
2245 5219 2301 5268 et
2317 5214 2550 5267 seorsim
2570 5217 2815 5268 Joannes
2840 5212 3056 5266 Salinas
3075 5212 3502 5283 Neapolitanus,
3524 5208 3811 5280 regularis

301 5301 609 5357 canonicus
641 5301 1053 5357 Lateranensis.
1100 5303 1288 5356 Haecce
1328 5303 1612 5373 posterior
1650 5302 1823 5358 editio
1857 5304 2049 5357 Romae
2074 5305 2206 5359 data
2234 5306 2315 5357 est
2345 5319 2493 5357 anno
2528 5307 2682 5358 1731.
2717 5304 3024 5374 Utramque
3056 5301 3473 5356 consuluimus.
3661 5298 3733 5352 M.

363 5480 428 5541 (ι)
466 5481 734 5531 lntlieulus
766 5482 828 5531 de
855 5497 958 5546 quo
989 5481 1178 5545 agitur,
1209 5482 1258 5529 in
1291 5485 1433 5530 tomo
1459 5482 1644 5531 ultimo
1667 5486 1963 5545 opportune
1995 5480 2184 5530 veniet.
