4048 6194
211 372 276 422 33
1111 367 1270 421 VITA
1307 367 1359 421 S.
1400 367 1774 422 AUGUSTINI
1817 368 2122 423 EPISCOPI
2163 370 2486 424 AL'C'I‘OHE
2526 370 2859 424 POSSIDIO.
3667 373 3734 424 34

975 544 1315 553 _____—_.——

1319 546 1590 556 m—

1597 548 2459 557 ῌη--ι-ω--ι--σ--ορσ-
2466 550 2470 554 -
2477 549 2566 556 _——..
2581 547 2784 555 h—+-
2791 549 2808 553 -.
2815 549 2874 553 _.._
2887 549 2932 553 __
2945 549 2976 553 —.
2983 547 3356 554 ..η-μβ.-

3359 546 3733 554 ———_—-

1764 726 2218 828 VITA

600 983 1288 1112 SANCTI
1407 981 2190 1109 AURELII
2271 980 3369 1135 AUGUSTINI,

1427 1251 2032 1312 HIPPONENSIS
2115 1251 2554 1325 EPISCOPI,

1074 1448 1456 1503 AUCTORE
1504 1448 1885 1504 POSSIDIO
1935 1445 2410 1502 CALAMENSI
2471 1447 2889 1502 EPISCOPO.

291 1631 490 1683 Variis
524 1626 840 1681 lectionibus
871 1639 1006 1693 quas
1033 1625 1134 1678 PP.
1168 1625 1410 1678 Mam-ini
1462 1629 1571 1678 tum
1602 1641 1628 1678 e
1672 1643 1766 1678 sea:
1809 1624 2098 1689 codicibus,
2131 1625 2335 1678 scilicet
2374 1623 2578 1677 duobus
2633 1623 3077 1688 Floriacensibus,
3131 1623 3497 1690 Germanensi,
3557 1623 3741 1678 VBdll-

213 1721 380 1782 stino,
432 1716 746 1771 Fossatensi
785 1718 836 1768 et
883 1715 1242 1778 Cisterciensi,
1279 1717 1390 1765 tum
1439 1729 1504 1765 ea:
1547 1713 1872 1767 editionibus
1903 1715 2148 1783 antiquis
2186 1730 2385 1778 eruere,
2437 1715 2731 1782 complures
2779 1715 2922 1766 alias
2969 1713 3267 1781 adjeccmus
3298 1713 3644 1783 depromptas
3675 1729 3742 1767 ea:

213 1810 425 1862 Joanne
457 1807 705 1868 Salinas,
735 1804 800 1857 de
838 1819 942 1872 quo
971 1818 1141 1872 supra
1171 1805 1228 1856 in
1267 1804 1393 1856 Vita
1420 1801 1676 1855 Possidii.
1709 1803 1968 1856 Eruditus
2000 1804 2089 1857 ille
2110 1804 2224 1868 vir,
2269 1805 2356 1855 cui
2386 1803 2655 1856 nonnulla
2685 1801 2950 1856 debentur
2977 1802 3217 1870 ejusdem
3247 1805 3458 1868 generis
3491 1804 3740 1856 lucubra-

215 1899 386 1950 tiones
413 1900 465 1949 et
498 1893 770 1963 imprimis
798 1892 1203 1948 Commonitorii
1233 1891 1532 1943 Lirinensis
1563 1893 1992 1959 exquisitissimo
2020 1892 2206 1956 editio,
2241 1896 2299 1944 ut
2329 1892 2453 1944 bene
2485 1896 2747 1944 noverunt
2779 1893 2954 1945 nostri
2984 1889 3307 1960 Theologize
3337 1892 3550 1946 Cursus
3579 1892 3740 1945 Com-

216 1985 359 2056 pleti
388 1986 632 2050 lectores,
672 1983 856 2036 Vitam
886 1985 946 2034 D.
985 1981 1286 2048 Augustini
1331 1984 1547 2033 auctore
1595 1981 1835 2035 Possidio
1884 1984 2061 2036 Romae
2105 1981 2372 2048 vulgavit,
2407 1995 2546 2033 anno
2586 1982 2738 2033 l73t.
2777 1981 2848 2033 Hi
2903 1984 3031 2032 sunt
3068 1982 3242 2045 fontes
3283 1979 3425 2032 unde
3466 1980 3740 2032 variantes

216 2077 321 2129 sibi
343 2075 610 2143 proprias
641 2073 828 2126 hausit
860 2086 873 2123 :
911 2073 1023 2123 Duo
1049 2069 1251 2124 codices
1291 2070 1348 2122 in
1380 2069 1706 2122 Bibliotheca
1738 2071 2034 2124 Succorum
2053 2071 2268 2136 Reginae
2295 2071 2549 2138 inscripti
2578 2071 2823 2123 numeris
2854 2070 2949 2123 5-H
3005 2072 3056 2122 et
3091 2071 3246 2135 1025,
3279 2074 3490 2137 tresque
3521 2070 3621 2122 alii
3657 2084 3741 2122 co-

223 2164 367 2217 dices
396 2162 744 2216 Bibliothecae
783 2161 1079 2224 Vaticanae,
1127 2160 1281 2224 1188,
1319 2160 1454 2212 1190
1484 2162 1533 2210 et
1568 2161 1692 2211 1191
1731 2160 2025 2212 numerati.
3333 2158 3403 2212 M.

1222 2341 1292 2383 PR
1303 2341 1411 2383 .ECI
1422 2340 1662 2384 PUARUM
1712 2341 2260 2386 ABBREVIATIONUM
2311 2343 2390 2386 EX
2400 2343 2492 2385 PLI
2503 2342 2685 2385 CATIO
2696 2371 2708 2384 .

865 2478 953 2526 Cd.
987 2478 1180 2527 Codex.

858 2559 986 2607 Cdd.
1020 2558 1252 2606 Codices.

861 2639 955 2687 Ms.
987 2637 1394 2701 Manuscriptus.

2710 2481 2833 2528 Mss.
2869 2481 3226 2544 Manuscripti.

2706 2559 2835 2608 Edd.
2868 2559 3006 2608 Editi

2710 2639 2874 2688 \"atic.
2905 2639 3188 2688 Vaticanus
3219 2639 3404 2688 codex.
3507 2640 3570 2687 Μ.

1678 2901 2304 2986 PB/EFATIO.

311 3099 631 3170 lnspirante
679 3114 876 3153 rerum
923 3097 1180 3152 omnium
1211 3097 1422 3150 factore
1463 3100 1518 3151 et
1553 3097 1937 3168 gubernatore

243 3188 380 3251 Deo,
428 3185 542 3240 mei
586 3201 810 3240 memor
855 3184 1156 3256 propositi,
1220 3201 1333 3255 quo
1381 3200 1486 3254 per
1531 3183 1776 3253 gratiam
1819 3184 1938 3237 Sal-

235 3275 444 3330 vatoris
475 3275 854 3346 omnipotenti
885 3290 947 3327 ac
971 3273 1176 3327 divina:
1207 3289 1310 3343 per
1339 3273 1513 3327 tidem
1542 3271 1804 3326 Trinitati
1831 3287 1943 3324 ser-

235 3364 351 3417 vire
413 3363 663 3429 decrevi,
716 3369 774 3416 et
817 3367 986 3417 antea
1040 3362 1098 3415 in
1150 3361 1267 3415 vita
1325 3361 1621 3426 laicorum,
1682 3365 1737 3414 et
1790 3377 1943 3414 nunc

236 3453 294 3506 in
351 3453 547 3506 officio
611 3451 1031 3522 episcoporum,
1087 3451 1322 3504 studens
1398 3466 1464 3503 ex
1537 3449 1940 3520 qualicumque

239 3548 470 3612 accepto
516 3539 755 3610 ingenio
808 3543 863 3592 et
912 3554 1174 3593 sermone
1219 3537 1582 3592 aediticationi
1623 3540 1637 3574 ³
1677 3538 1944 3607 prodesse

240 3634 444 3683 sancta:
477 3645 542 3682 ac
571 3645 721 3682 verse
748 3627 955 3682 Christi
987 3627 1214 3681 Domini
1243 3626 1530 3680 catholicae
1566 3627 1840 3691 Ecclesiae,
1874 3627 1943 3680 de

241 3719 349 3772 vita
380 3724 438 3771 et
471 3717 728 3771 moribus
757 3715 1166 3786 praidestinati,
1195 3720 1250 3769 et
1277 3731 1380 3768 suo
1407 3720 1666 3785 tempore
1694 3731 1944 3784 przesen-

238 3807 338 3859 tati
371 3804 397 3839 ²
431 3804 747 3858 sacerdotis
783 3803 987 3874 optimi
1016 3803 1343 3873 Augustini,
1377 3819 1505 3874 quae
1539 3802 1596 3856 in
1627 3803 1827 3857 eodem
1861 3803 1945 3856 vi-

238 3896 314 3963 di,
349 3897 424 3950 ab
458 3911 643 3966 eoque
680 3894 893 3960 audivi,
931 3893 1166 3947 minime
1201 3892 1436 3947 reticere
1467 3893 1664 3948 debeo.
1696 3893 1755 3946 Id
1793 3893 1946 3946 enim

239 3986 412 4040 etiam
449 3989 580 4038 ante
611 4000 714 4037 nos
739 3982 1054 4036 factitatum
1087 3981 1259 4036 fuisse
1293 3997 1325 4034 a
1355 3979 1796 4052 religiosissimis
1817 3997 1944 4034 san-

238 4079 340 4128 cta:
371 4074 575 4127 matris
606 4071 865 4126 Ecclesia:
898 4071 1189 4125 catholicae
1231 4069 1368 4123 viris
1416 4069 1660 4140 legimus
1691 4074 1746 4124 et
1792 4087 1946 4123 com-

241 4163 524 4234 perimus,
572 4161 673 4233 qui
705 4160 896 4215 divino
928 4159 1104 4213 afﬂati
1147 4158 1384 4229 Spiritu,
1425 4175 1686 4212 sermone
1717 4158 1947 4230 proprio

241 4259 414 4324 atque
462 4251 613 4316 stilo,
650 4255 706 4303 et
739 4249 972 4303 auribus
999 4253 1055 4302 et
1099 4247 1279 4302 oculis
1327 4247 1469 4302 scire
1503 4247 1834 4312 volentium,
1869 4247 1948 4302 di-

243 4341 427 4395 cendo
456 4345 512 4394 et
535 4338 834 4393 scribendo
869 4337 1078 4390 similia
1115 4337 1502 4390 studiosorum
1532 4337 1751 4390 notitim
1793 4337 1946 4390 intu-

241 4431 438 4484 lerunt
466 4429 662 4500 quales
693 4426 1006 4498 quantique
1029 4426 1133 4479 viri
1160 4442 1225 4479 ex
1255 4425 1548 4478 communi
1581 4425 1808 4478 Domini
1829 4441 1951 4496 gra-

240 4521 323 4573 tia
356 4517 379 4552 δ
412 4519 471 4572 in
505 4519 675 4571 rebus
705 4515 994 4581 humanis,
1041 4519 1097 4568 et
1127 4515 1334 4582 vivere,
1376 4519 1433 4568 et
1463 4529 1640 4584 usque
1670 4513 1728 4566 in
1775 4513 1950 4566 ﬁnem

241 4609 435 4663 obitus
455 4621 822 4677 perseverare
852 4607 1200 4657 meruerunt.
1226 4603 1436 4657 Idcirco
1454 4601 1574 4672 ipse
1587 4618 1815 4673 quoque
1837 4603 1952 4656 dis-

241 4701 618 4770 pensatorum
645 4694 908 4748 omnium
936 4692 1224 4757 minimus,
1250 4693 1360 4746 ﬁde
1387 4708 1502 4745 non
1533 4691 1683 4757 ﬁcta,
1708 4709 1818 4762 qua
1849 4694 1949 4746 Do-

242 4793 406 4847 mino
440 4788 863 4845 dominantium
897 4786 1281 4858 omnibusque
1311 4785 1474 4841 bonis
1506 4784 1866 4838 serviendum
1898 4789 1954 4838 et

241 4880 593 4953 placendum
624 4883 708 4932 est
750 4877 1036 4942 ﬁdelibus,
1077 4876 1145 4929 de
1185 4873 1444 4946 praedicti
1475 4873 1815 4927 venerabilis
1845 4873 1952 4926 viri

240 4976 295 5025 et
316 4974 545 5034 exortu,
574 4973 630 5022 et
657 4982 956 5038 procursu,
1008 4968 1063 5018 et
1095 4964 1284 5018 debito
1305 4963 1418 5017 ﬁne
1447 4963 1492 5029 ⁴,
1528 4979 1654 5033 quae
1689 4977 1790 5032 per
1821 4977 1951 5015 eum

240 5059 436 5122 didici,
472 5061 530 5110 et
560 5061 824 5126 expertus
859 5071 1005 5120 sum,
1031 5069 1204 5124 quam
1232 5051 1498 5122 plurimis
1532 5051 1698 5104 anuis
1723 5052 1846 5122 ejus
1871 5051 1955 5104 in-

243 5148 473 5202 haerens
500 5144 787 5212 charitati,
811 5148 872 5197 ut
899 5142 1176 5197 Dominus
1207 5140 1520 5202 donaverit,
1552 5129 1952 5211 dkplicandum

243 5237 489 5308 suscepi.
524 5237 734 5290 Verum
757 5248 1042 5286 summam
1063 5247 1259 5303 quasso
1284 5229 1657 5300 majestatem,
1683 5246 1796 5300 quo
1828 5245 1953 5282 mu-

305 5360 322 5392 ¹
365 5359 580 5408 Veteres
620 5355 749 5406 Cdd.
783 5355 1171 5414 Germanensis,
1204 5351 1530 5403 Fossatensis
1559 5355 1611 5400 et
1653 5350 1958 5400 Cistercien-

249 5424 320 5472 sis
345 5422 547 5470 habent
574 5419 960 5482 a'di/icatiqnis.

305 5490 325 5521 ³
357 5484 586 5537 Salinas,
617 5475 683 5531 εἰ
713 5481 806 5529 Cd.
835 5480 1047 5542 Reginae
1073 5476 1698 5542 StiecoriImLpi'.releeli._
1795 5475 1860 5542 lli.

304 5551 325 5583 3
359 5545 682 5596 Vedastinus
702 5543 794 5591 Cd.
817 5547 870 5590 et
899 5537 1038 5590 unus
1058 5555 1120 5589 ex
1139 5541 1346 5589 duobus
1370 5537 1784 5586 Floriacensibus
1802 5538 1922 5585 Mss.
1943 5551 1953 5584 :

247 5612 347 5659 Per
369 5610 673 5658 communis
698 5605 906 5656 Domini
932 5605 1175 5665 gratiam.
1200 5627 1260 5665 -τ-
1290 5601 1497 5651 Salinas
1519 5614 1582 5649 ex
1610 5600 1702 5648 Cd.
1721 5599 1954 5663 Reginae:

248 5675 327 5722 Ex
361 5673 632 5720 communi
673 5664 953 5718 Βοηηηίτὰ
976 5667 1166 5728 gratia.
1201 5664 1266 5728 Μ.

307 5739 327 5769 δ
359 5732 743 5784 L'limmeriana
773 5728 952 5786 editio,
976 5722 1031 5776 ξι
1062 5729 1173 5776 vitae
1198 5723 1618 5789 ﬁne,_corri_lpt_.e._
1642 5722 1844 5772 Alludit
1872 5722 1957 5789 hic

251 5797 516 5847 Possidius
543 5794 610 5844 ad
635 5790 921 5854 Augustini
941 5785 1119 5849 verba,
1142 5785 1206 5838 de
1237 5785 1453 5837 Civitate
1471 5785 1584 5848 Dei,
1608 5785 1642 5834 ι.
1666 5789 1740 5846 11,
1763 5799 1876 5849 cap.
1912 5788 1954 5833 1.

2054 3139 2162 3176 nus
2190 3121 2518 3192 hujusmodi
2547 3138 2580 3176 a
2609 3137 2701 3176 me
2727 3124 3020 3193 arreptum
3050 3123 3129 3177 ita
3149 3139 3343 3194 geram
3377 3127 3434 3178 et
3453 3139 3745 3195 peragam.

2054 3214 2117 3263 ut
2147 3225 2247 3264 nec
2281 3209 2460 3265 Patris
2493 3210 2775 3264 luminum
2798 3211 3084 3266 olfendam
3107 3212 3426 3279 veritatem,
3447 3229 3548 3267 nec
3572 3214 3748 3267 bono-

2053 3315 2183 3353 rum
2214 3298 2469 3353 Ecclesize
2512 3299 2763 3354 ﬁliorum
2795 3301 2910 3354 ulla
2951 3317 3016 3354 ex
3047 3305 3206 3372 parte
3248 3301 3510 3355 fraudare
3559 3301 3751 3356 videar

2055 3389 2409 3442 charitatem.
2459 3389 2570 3443 Nec
2625 3389 2906 3460 attingam
2937 3406 3002 3443 ea
3033 3389 3227 3444 omnia
3260 3389 3573 3456 insinuare,
3620 3407 3749 3460 quae

2055 3478 2206 3532 idem
2251 3477 2608 3532 beatissimus
2655 3479 3009 3549 Augustinus
3061 3479 3124 3532 in
3156 3478 3271 3532 suis
3317 3478 3747 3533 Confessionum

2053 3567 2214 3620 libris
2247 3567 2316 3620 de
2367 3567 2693 3636 semetipso,
2744 3567 2927 3637 qualis
2958 3571 3087 3620 ante
3130 3571 3454 3636 perceptam
3510 3566 3751 3635 gratiam

2053 3656 2246 3720 fuerit,
2279 3655 2577 3725 qualisque
2593 3654 2712 3724 jam
2747 3659 2976 3723 sumpta
3004 3653 3234 3719 viveret,
3267 3654 3603 3723 designavit.
3639 3655 3752 3708 Hoc

2055 3744 2208 3797 enim
2227 3743 2409 3796 facere
2432 3741 2631 3808 voluit,
2652 3750 2717 3796 ut
2734 3742 2812 3795 ait
2829 3742 3152 3811 Apostolus,
3182 3757 3252 3794 ne
3278 3741 3346 3795 de
3366 3758 3422 3794 se
3447 3741 3752 3812 quisquam

2056 3831 2356 3886 hominum
2389 3847 2560 3900 supra
2586 3846 2757 3902 quam
2789 3847 2848 3884 se
2879 3834 3024 3883 esset
3055 3834 3308 3894 noverat,
3345 3835 3441 3882 aut
3473 3829 3541 3883 de
3573 3846 3630 3882 se
3651 3846 3752 3883 au-

2055 3920 2238 3974 ditum
2282 3919 2499 3988 fuisset,
2545 3919 2800 3973 crederet
2849 3919 2935 3972 vel
2985 3922 3213 3989 putaret
3247 3919 3312 3985 (ll
3359 3920 3478 3974 Cor.
3523 3935 3621 3985 xu,
3675 3918 3751 3982 6,)

2055 4009 2396 4063 humilitatis
2446 4014 2654 4062 sanctae
2689 4024 2848 4062 more
2881 4012 3068 4070 utens,
3121 4011 3175 4060 et
3211 4007 3333 4078 jam
3393 4007 3616 4060 nullum
3651 4007 3751 4060 fal-

2057 4099 2178 4152 lens
2211 4097 2253 4164 ί,
2290 4097 2388 4153 sed
2421 4097 2647 4150 laudem
2704 4113 2819 4149 non
2871 4111 3054 4162 suam,
3101 4096 3194 4150 sed
3249 4095 3335 4149 sui
3389 4095 3635 4164 Domini,
3683 4096 3754 4150 de

2054 4186 2289 4257 propria
2319 4184 2652 4240 liberatione
2683 4202 2747 4238 ac
2779 4201 3012 4238 munere
3044 4201 3326 4254 quaerens,
3362 4201 3424 4237 ex
3459 4184 3525 4238 iis
3556 4185 3755 4239 videli-

2056 4280 2144 4328 cet
2163 4292 2292 4344 quaa
2329 4279 2448 4344 jam
2487 4279 2853 4344 perceperat;
2885 4279 2941 4326 et
2968 4273 3243 4326 fraternas
3273 4288 3470 4342 preces
3496 4289 3753 4342 poscens,

2057 4363 2127 4417 de
2149 4363 2218 4416 iis
2239 4380 2368 4435 quin
2387 4363 2640 4434 accipere
2660 4361 2942 4432 cupiebat.
2967 4363 3370 4416 Sacramentum
3394 4360 3571 4430 igitur
3585 4365 3750 4428 regis,

2056 4457 2122 4507 ut
2144 4452 2400 4523 angelica
2429 4451 2761 4505 auctoritate
2784 4451 3064 4521 prolatum
3087 4453 3190 4515 est,
3217 4449 3410 4502 bonum
3431 4455 3507 4503 est
3527 4451 3753 4505 abscon-

2057 4542 2182 4596 dere
2209 4559 2225 4594 :
2255 4557 2418 4610 Opera
2445 4547 2622 4595 autem
2653 4543 2869 4595 Domini
2892 4541 3126 4593 revelare
3154 4543 3202 4592 et
3236 4538 3501 4608 conﬁteri,
3533 4541 3748 4602 honori-

2056 4631 2220 4702 ﬁcum
2245 4635 2323 4685 est
2348 4631 2558 4699 (Tobiae
2587 4647 2683 4694 xu,
2714 4630 2791 4699 7).

2060 4729 2282 4783 CAPUT
2323 4728 2616 4782 PRIMUM.
2667 4757 2736 4766 ——
2789 4727 3092 4793 Augustini
3142 4730 3312 4791 ortus,
3372 4728 3642 4781 conversio
3704 4731 3752 4780 et

2130 4819 2448 4887 baptismus.
2483 4817 2759 4870 Ambrosii
2787 4814 3035 4868 doctrina
3056 4820 3336 4869 revocatur
3352 4815 3419 4868 ab
3437 4831 3614 4869 errore
3635 4817 3754 4868 Ma-

2129 4908 2479 4961 nichaeorum.
2510 4907 2833 4974 Baptizatur
2861 4903 2926 4956 ab
2957 4903 3158 4958 eodem.

2132 5006 2204 5058 Ex
2257 5002 2552 5075 provincia
2619 5017 2754 5071 ergo
2832 5001 3096 5054 Africana
3168 5003 3214 5068 ³,
3284 5001 3508 5056 civitate
3583 5002 3757 5070 Taga-

2123 5104 2136 5136 ¹
2174 5101 2298 5148 Tres
2329 5100 2448 5147 Mss.
2483 5114 2494 5147 :
2527 5099 2856 5148 [Inmiti/aiis
2886 5099 3079 5147 sancta:
3100 5110 3243 5160 more
3264 5101 3443 5160 utique
3468 5094 3634 5144 nihilo
3654 5093 3757 5156 ful-

2060 5162 2188 5212 lens.
2214 5188 2274 5197 —
2304 5162 2505 5210 Salinas
2526 5174 2588 5222 ex
2614 5161 2705 5222 Cd.
2725 5160 2975 5222 Reginae:
3003 5159 3328 5222 Humili/alis
3349 5159 3544 5222 sancta:
3566 5169 3758 5222 mentog

2059 5225 2499 5337 piaquensﬁtque
2511 5221 2644 5272 nihil
2662 5216 2879 5286 fallens.
2902 5220 3146 5271 Alteer.
3169 5221 3381 5284 Reginis
3401 5235 3412 5267 :
3433 5221 3608 5281 Utique
3625 5216 3759 5268 nihil

2089 5301 2119 5337 a
2172 5299 2283 5336 ens.
2375 5321 2386 5332 .

2089 5299 2283 5337 auens.
2320 5299 2386 5333 Μ.

2061 5286 2386 5397 [ﬂagitari
2412 5361 2422 5394 :
2458 5346 2723 5395 Libentius
2743 5346 2972 5408 legerem
2996 5360 3006 5394 :
3031 5346 3109 5396 Ea:
3125 5344 3396 5407 provincia
3408 5354 3524 5403 ergo
3543 5342 3755 5408 Africa;

2062 5415 2122 5460 ut.
2141 5410 2484 5471 nianuscripti
2510 5413 2611 5457 tres
2627 5404 2832 5458 codices
2847 5409 3084 5471 Vaticani
3108 5404 3306 5471 ferunt;
3335 5404 3620 5467 praesertim
3635 5405 3760 5471 quia

2063 5488 2184 5537 cum
2195 5467 2448 5537 absolute
2470 5470 3002 5537 Africanaprovincia
3028 5469 3349 5537 nominatur,
3369 5467 3759 5537 proconsularis

2063 5534 2389 5598 intelligitur,
2425 5533 2566 5598 utin
2585 5528 2818 5598 concilio
2833 5529 3251 5598 Carthaginiensi,
3282 5529 3344 5576 de
3376 5528 3759 5598 iterationehba-

2063 5590 2262 5666 ptisnii:
2291 5597 2388 5644 sub
2417 5595 2676 5666 Cypriane
2701 5595 2908 5666 habito:
2937 5611 2980 5666 «_
2997 5590 3192 5663 Cumin
3217 5604 3402 5662 unum,
3425 5590 3616 5666 inquit;
3635 5591 3760 5666 Car-

2064 5652 2265 5722 thagini
2287 5652 2663 5722 convenissent
2681 5655 2912 5722 episcopi
2935 5653 3144 5715 plurimi
3166 5652 3712 5722 ex_provi‘ncia_Afriea
3732 5670 3757 5697 ι)

2062 5713 2186 5832 ﬁet;
2195 5720 2454 5777 Africana,
2471 5719 2534 5766 ad
2557 5713 3427 5779 designandumproconsularem),
3443 5731 3469 5760 ‹‹
3495 5713 3756 5770 Numidia,

2116 5781 2391 5832 auritania.
2411 5797 2436 5825 ι)
2451 5779 2618 5832 Unde,
2636 5791 2754 5826 cum
2773 5777 3096 5832 Augustinus
3118 5790 3226 5826 non
3244 5777 3378 5826 sitin
3398 5774 3756 5832 proconsulari

2116 5781 2391 5832 auritania.
2411 5774 2618 5837 n'L’nde,
2636 5774 2754 5826 cum
2773 5774 3096 5839 Augustinus
3118 5790 3226 5826 non
3244 5777 3378 5826 sitin
3393 5774 3758 5839 proconsulari
