4048 6194
304 347 370 399 35
1507 329 1670 384 VITA
1725 328 1787 381 s.
1840 323 2214 381 AUGUSTINI
2273 324 2603 382 EPlSCOPI.
3746 332 3815 386 se

305 464 500 529 stensi,
534 463 604 517 de
646 474 889 515 numero
920 456 1225 512 curialium
1271 452 1605 526 parentibus
1648 447 1904 505 honestis
1949 448 2008 499 et

304 551 626 609 christianis
679 546 1015 620 progenitus
1071 550 1222 611 erat;
1286 543 1574 612 alitusque
1632 554 1696 593 ac
1755 535 2003 591 nutritus

305 658 504 698 eorum
524 655 677 702 cura,
703 642 760 692 et
778 634 1076 706 diligentia
1095 632 1504 704 impensisque,
1536 625 1887 683 secularibus
1906 622 2002 676 lit-

304 731 444 788 teris
473 729 733 785 eruditus
763 724 1046 798 apprime,
1076 722 1344 778 omnibus
1387 718 1649 773 videlicet
1689 710 2003 784 disciplinis

309 821 588 886 imbutus,
618 833 760 890 quas
789 814 1053 870 liberales
1081 815 1285 866 vocant
1315 811 1355 862 ί.
1397 808 1539 861 Nam
1569 808 1624 859 et
1663 798 2001 873 grammati-

308 926 433 965 cam
466 908 625 980 prius
653 906 713 961 in
742 922 845 959 sua
863 902 1105 966 civitate,
1140 903 1197 953 et
1222 894 1563 951 rhetoricam
1596 892 1654 945 in
1684 890 1888 945 Africae.
1919 904 2005 941 ca-

308 998 425 1071 pite
458 979 798 1064 Carthagine
828 995 1022 1063 postea
1040 986 1251 1043 docuit.
1274 982 1654 1055 Consequenti
1673 979 1846 1034 etiam
1864 983 2004 1032 tem-

309 1068 449 1159 pore
478 1091 636 1140 trans
666 1097 821 1136 mare
850 1080 909 1133 in
939 1078 1079 1132 urbe
1107 1077 1306 1140 Roma,
1331 1077 1386 1127 et
1414 1070 1565 1142 apud
1598 1068 2003 1135 Mediolanum,

308 1176 409 1231 ubi
437 1180 572 1229 tunc
617 1167 980 1240 imperatoris
1012 1161 1395 1220 Valentiniani
1426 1158 1661 1227 minoris
1701 1156 2003 1211 comitatus

306 1265 490 1319 fuerat
519 1258 881 1314 constitutus.
914 1256 980 1309 ln
1009 1270 1122 1325 qua
1150 1251 1292 1306 urbe
1318 1255 1456 1304 tunc
1484 1248 1873 1319 episcOpatum
1904 1243 2002 1298 ad-

308 1349 669 1407 ministrabat
686 1343 1110 1415 acceptissimus
1129 1342 1265 1406 Deo,
1288 1344 1344 1393 et
1371 1338 1431 1392 in
1446 1335 1681 1407 optimis
1702 1333 1836 1388 viris
1855 1348 2002 1404 pra:-

306 1437 652 1496 clarissimus
681 1432 942 1488 sacerdos
984 1428 1335 1485 Ambrosius.
1373 1426 1551 1496 Hujus
1586 1423 1804 1478 interea
1846 1418 2005 1476 verbi

311 1527 412 1583 Dei
438 1521 826 1598 praedicatoris
870 1516 1347 1590 frequentissimis
1389 1514 1448 1567 in
1481 1511 1716 1567 ecclesia
1747 1510 2003 1580 disputa-

306 1615 558 1671 tionibus
586 1617 776 1667 astans
803 1610 862 1664 in
890 1608 1118 1680 populo,
1149 1604 1480 1660 intendebat
1498 1616 1804 1673 suspensus
1831 1603 2003 1669 atque

307 1704 533 1759 afﬁxus.
564 1704 773 1756 Verum
795 1696 1104 1769 aliquando
1126 1693 1563 1752 Manichaeorum
1592 1688 1746 1760 apud
1775 1687 2009 1748 Cartha-

307 1792 499 1863 ginem
524 1790 847 1844 adolescens
873 1787 1058 1840 fuerat
1074 1798 1263 1838 errore
1284 1782 1546 1836 seductus
1569 1795 1583 1833 :
1607 1783 1663 1833 et
1682 1778 1810 1833 ideo
1839 1780 2006 1830 caste-

307 1880 386 1934 ris
416 1877 744 1950 suspensior
761 1876 979 1937 aderat,
1011 1890 1083 1927 ne
1105 1871 1244 1944 quid
1272 1871 1359 1925 vel
1384 1886 1486 1941 pro
1514 1868 1658 1938 ipsa,
1693 1867 1781 1921 vel
1810 1868 2005 1920 contra

304 1969 490 2040 ipsam
520 1965 785 2022 haeresim
816 1964 1126 2019 diceretur.
1167 1962 1231 2015 Et
1249 1957 1534 2031 praevenit
1557 1960 1578 1993 ²
1610 1955 1709 2011 Dei
1734 1955 2003 2009 liberato-

305 2058 383 2113 ris
418 2055 719 2112 clementia
747 2053 836 2108 sui
863 2049 1169 2107 sacerdotis
1200 2065 1297 2103 cor
1325 2044 1740 2120 pertractantis,
1775 2047 1840 2097 ut
1866 2057 2004 2096 con-

304 2152 391 2202 tra
407 2146 572 2200 illum
589 2159 841 2199 errorem
863 2140 1175 2196 incidentes
1199 2136 1339 2208 legis
1363 2136 1722 2203 solverentur
1742 2129 2005 2204 quaestio-

306 2252 406 2290 nes
440 2252 453 2289 :
489 2240 661 2300 atque
690 2232 771 2287 ita
793 2232 1042 2293 edoctus,
1078 2225 1293 2282 sensim
1326 2229 1497 2296 atque
1529 2221 1805 2294 paulatim
1828 2220 2006 2275 hatre-

306 2324 381 2379 sis
419 2323 519 2377 illa
562 2320 927 2376 miseratione
958 2316 1149 2373 divina
1179 2315 1302 2386 ejus
1351 2329 1420 2368 ex
1466 2311 1658 2366 animo
1689 2310 1852 2382 pulsa
1880 2314 2001 2375 est;

305 2411 683 2485 protinusque
711 2409 832 2480 ipse
867 2408 928 2462 in
957 2406 1069 2461 ﬁde
1100 2403 1375 2459 catholica
1406 2401 1794 2463 conﬁrmatus,
1827 2395 2001 2468 proﬁ-

305 2500 493 2556 ciendi
522 2500 581 2553 in
619 2497 898 2568 religione
927 2494 1110 2549 eidem
1164 2491 1373 2546 amoris
1406 2490 1575 2545 ardor
1614 2488 1844 2542 innatus
1897 2489 2001 2553 est,

306 2606 421 2660 quo
468 2583 993 2660 propinquantibus
1034 2582 1234 2637 diebus
1283 2578 1489 2634 sanctis
1535 2577 1762 2632 Paschae
1805 2573 2003 2629 salutis

306 2693 512 2749 aquam
536 2674 876 2746 perciperet.
910 2674 975 2727 Et
995 2672 1208 2725 factum
1231 2674 1316 2722 est
1341 2666 1530 2722 divina
1546 2669 1853 2737 praestante
1877 2662 2004 2733 opi-

304 2765 600 2829 tulatione,
633 2768 696 2817 ut
722 2778 827 2832 per
876 2761 1043 2819 illum
1098 2759 1271 2813 talem
1303 2773 1367 2810 ac
1411 2759 1639 2809 tantum
1692 2752 2002 2807 antistitem

305 2852 690 2918 Ambrosium,
723 2855 780 2905 et
808 2849 1123 2906 doctrinam
1157 2847 1464 2901 salutarem
1515 2840 1772 2897 Ecclesiae
1806 2836 2002 2895 catho-

304 2944 448 3005 licas,
481 2947 537 2996 et
562 2940 754 2996 divina
782 2938 1104 3011 perciperet
1123 2937 1492 2991 Sacramenta
1519 2930 1560 2987 ⁵.

306 3040 532 3095 CAPUT
581 3039 648 3092 II.
700 3067 769 3077 —
826 3037 1043 3091 Relictis
1091 3033 1335 3088 omnibus
1388 3032 1618 3099 suscipit
1664 3027 2005 3098 propositum

538 3125 807 3180 serviendi
835 3126 956 3190 Deo,
985 3122 1107 3191 jam
1131 3122 1290 3175 annis
1321 3120 1495 3189 major
1522 3119 1773 3185 triginta.

378 3225 621 3294 Moxque
652 3237 720 3274 ex
777 3217 995 3272 intimis
1043 3216 1227 3271 cordis
1274 3213 1539 3269 medullis
1579 3228 1738 3284 spem
1773 3226 2003 3266 omnem

307 3328 480 3384 quam
511 3308 759 3365 habebat
809 3308 869 3361 in
918 3306 1147 3372 saeculo,
1178 3302 1487 3374 dereliquit
1515 3319 1529 3369 ;
1571 3303 1690 3373 jam
1716 3317 1834 3355 non
1863 3317 2005 3354 uxo-

307 3417 449 3464 rem,
472 3416 590 3453 non
610 3397 760 3453 ﬁlios
779 3395 984 3463 carnis,
1010 3410 1125 3449 non
1143 3391 1388 3459 divitias,
1412 3407 1528 3445 non
1546 3391 1791 3444 honores
1811 3386 2004 3442 saeculi

307 3508 592 3565 quaerens;
612 3490 710 3545 sed
730 3490 846 3544 Deo
866 3486 887 3522 ⁸
902 3504 1032 3543 cum
1056 3485 1171 3540 suis
1184 3484 1393 3539 servire
1412 3483 1632 3548 statuit,
1649 3486 1706 3536 et
1726 3482 1787 3536 in
1806 3481 1927 3544 illo,
1950 3484 2007 3534 et

306 3599 372 3637 ex
393 3582 492 3636 illo
521 3579 732 3652 pusillo
762 3594 936 3650 grege
959 3592 1081 3631 esse
1102 3575 1356 3638 studens,
1380 3589 1551 3644 quem
1575 3570 1850 3626 Dominus
1869 3570 2006 3624 allo-

305 3659 519 3742 quitur,
553 3668 745 3724 dicens
778 3683 791 3721 :
824 3668 1003 3724 Nolite
1032 3667 1236 3731 timere,
1264 3663 1505 3732 pusillus
1551 3676 1706 3730 grex,
1750 3661 2003 3728 quoniam

304 3758 625 3830 compta-cuit
648 3758 805 3811 Patri
827 3760 1002 3809 vestro
1031 3753 1162 3807 dare
1189 3752 1339 3807 vobis
1369 3766 1611 3817 regnum.
1645 3748 1866 3804 Vendite
1886 3763 2005 3817 quae

298 3847 610 3919 possidetis,
642 3851 691 3898 et
722 3845 847 3899 date
871 3844 1293 3909 eteemosynam:
1354 3841 1525 3907 facite
1560 3838 1709 3892 vobis
1768 3837 2003 3891 sacculos

302 3952 408 3990 non
444 3937 846 4000 veterascentes,
899 3932 1212 3986 thesaurum
1250 3944 1359 3983 non
1403 3927 1734 3999 deﬁcientem
1762 3928 1821 3979 in
1860 3928 2002 3980 castis

303 4028 450 4095 (Luc.
479 4040 574 4084 xu,
608 4024 716 4092 32),
766 4025 822 4075 et
863 4008 1084 4075 cmtéra.
1144 4020 1210 4073 Et
1264 4016 1409 4072 illud
1438 4016 1594 4088 quod
1625 4015 1759 4070 dicit
1791 4014 2002 4069 iterum

303 4135 769 4201 provinciaortus,
787 4133 952 4201 sedin
968 4132 1231 4201 Numidia,
1247 4129 1726 4201 cujiis_0pulent11m
1751 4143 1809 4177 ac
1827 4128 2002 4177 nobile

303 4192 415 4249 erat
432 4198 693 4262 roppidum
713 4192 949 4259 Tagaste,
981 4198 1257 4262 propterea
1280 4192 1767 4262 rectiusdiceretur
1796 4205 2003 4262 exupro-

301 4253 676 4311 vincia'A'fricte
698 4253 879 4308 natus:
897 4253 1108 4320 accepta
1123 4255 1375 4320 nimirum
1387 4254 1576 4320 Africa,
1592 4258 1649 4320 ut
1664 4254 1790 4320 olim
1811 4267 1841 4300 ει
1857 4253 2003 4301 Poni-

302 4324 463 4395 ponio
474 4322 626 4395 Mela,
646 4321 953 4381 Ptolomteo,
972 4315 1369 4390 antiquitusque
1385 4330 1449 4365 ex
1466 4315 1819 4364 ecclesiastico
1835 4328 1998 4373 more,

303 4400 356 4434 ιιι
378 4390 483 4435 tres
503 4384 840 4433 dividebatur
854 4385 1046 4435 partes,
1062 4380 1313 4429 nimirum
1344 4379 1398 4427 in
1419 4378 1807 4435 Mauritaniam,
1826 4377 1998 4425 Νιιιιιί⁴

303 4391 356 4434 ιιι
378 4391 483 4435 tres
503 4391 840 4433 dividebatur
854 4391 1046 4445 partes,
1062 4394 1313 4429 nimirum
1344 4393 1398 4427 1n
1419 4391 1807 4436 mauritamam,
1826 4391 2001 4425 Minu-

302 4447 447 4520 diam
469 4461 536 4518 ac_
556 4444 991 4520 Afri‘cam‘stric'te
1012 4446 1300 4520 sumptam,
1318 4454 1437 4504 quas
1467 4444 1580 4520 erat
1608 4439 2000 4520 precpn'sularis

301 4509 590 4572 provincia.
616 4510 692 4572 At
708 4506 894 4556 lsidori
915 4501 1235 4572 Hispalensis
1250 4501 1547 4572 reverentia
1569 4501 1840 4572 prohibuit
1860 4515 1924 4550 ne
1946 4502 2000 4572 in

299 4564 505 4634 textum
549 4570 951 4634 immitteremus
978 4564 1336 4634 conjecturam
1365 4568 1620 4634 nostram,
1651 4564 1774 4634 quia
1808 4564 1915 4634 ipse
1945 4564 1997 4611 in

301 4633 435 4683 libro
457 4633 521 4682 de
542 4632 899 4695 Scriptoribus
918 4625 1304 4695 ecclesiasticis,
1318 4628 1510 4695 (ιδεμ-ξ.
1533 4631 1685 4695 vocat
1705 4625 1999 4695 Possidium

299 4695 567 4767 Africanas.
578 4687 869 4767 provincim
880 4693 1203 4767 episcopum,
1225 4690 1345 4739 licet
1366 4687 1422 4738 in
1442 4688 1688 4737 Numidia
1708 4688 1831 4737 urbs
1853 4687 1999 4736 Cala-

300 4758 499 4806 mensis
528 4755 624 4805 situ
655 4759 808 4805 esset.
934 4755 1001 4802 M.

375 4821 391 4852 ί
426 4818 648 4876 Salinas,
663 4816 872 4888 capud.
886 4815 1092 4888 duobus
1109 4815 1273 4888 Vatia.
1291 4830 1301 4863 :
1316 4812 1590 4888 Alitusque
1601 4813 1762 4888 atque
1777 4813 2002 4888 nutritus

298 4894 488 4931 eorum
502 4874 698 4930 curae!
711 4878 762 4928 di
772 4879 1003 4939 tegentia,
1020 4879 1308 4940 impensius
1317 4874 1656 4940 swculdribus
1671 4874 1865 4940 litteris
1882 4885 2002 4940 eru-

301 4944 467 5003 ditus,
497 4945 738 5005 apprime
764 4936 1003 4991 omnibus
1021 4936 1310 5005 disciplinis
1330 4939 1588 5005 imbutus,
1608 4948 1743 5005 quas
1755 4936 2000 5005 liberates

301 4999 674 5076 pacarit._'Nam
703 5005 801 5076 etsi
826 4999 1219 5076 parentesneum
1250 5000 1514 5076 impensis
1532 4999 1724 5076 quibus
1747 5002 2003 5076 poterant

294 5067 551 5132 juverint,
572 5080 637 5116 ex
658 5066 770 5129 ipso
781 5060 962 5132 tamen
973 5064 1035 5132 _S_.
1066 5063 1306 5132 Do_ctore,
1324 5060 1464 5132 libro
1483 5060 1715 5132 .‘Zcontra
1728 5060 2002 5132 ‘A’cademi-

301 5123 410 5191 cos,
431 5144 486 5180 ιι.
519 5123 566 5188 3,
590 5123 796 5191 constat
812 5126 1108 5191 sumptibus
1125 5125 1458 5191 Romaniuni,
1482 5124 1535 5172 in
1548 5136 1643 5191 sua
1662 5123 1793 5171 urbe
1808 5123 2000 5185 prima-

301 5187 712 5257 tis,'profeciss_e
762 5190 819 5238 in
847 5187 1059 5257 litteris;
1091 5187 1275 5257 hisque
1308 5187 1481 5236 verbis
1536 5190 1743 5257 gratum
1782 5187 2002 5257 testatur

301 5246 535 5303 animum
566 5268 578 5302 :
611 5270 639 5299 «
663 5253 739 5301 Tu
773 5264 857 5300 me
891 5246 1340 5312 adolescentulum
1373 5246 1675 5312 pauperem,
1706 5246 1896 5309 inquit,
1934 5246 1997 5312 ad

301 5317 578 5379 peregrina
605 5314 781 5365 studia
805 5317 1128 5379 pergentem,
1156 5316 1208 5361 et
1230 5308 1389 5379 domo
1419 5314 1472 5360 et
1485 5308 1732 5373 sumptu,
1762 5308 1831 5368 et,
1858 5308 2000 5371 quod

300 5373 543 5445 plagast,
573 5378 751 5445 animo
775 5373 1042 5445 excepisti.
1065 5392 1112 5445 ιξ-
1246 5373 1316 5422 Μ.

362 5442 383 5475 2
414 5436 593 5488 Plur'es
618 5441 761 5497 Mss,
795 5442 841 5489 et
868 5436 1129 5497 provenit.

362 5500 634 5611 ξηῗὲξξιιιιιε,
649 5495 855 5611 ex
869 5495 999 5564 lteg.
1022 5501 1140 5549 1025
1157 5512 1168 5546 :
1185 5496 1501 5548 Etdivinum
1513 5495 1808 5558 perciperet
1821 5498 2001 5544 Sacra-

303 5575 551 5612 mentum.
713 5575 781 5611 Μ.

362 5624 837 5697 ιιβάάηήδοζέῆοεο.
871 5625 1036 5697 Abest
1059 5622 1207 5697 satia
1229 5622 1347 5670 Mss.
1382 5618 1693 5697 18911993,
1701 5618 2000 5697 capique

301 5686 468 5736 Vatic.
503 5700 514 5733 :
551 5680 654 5734 Sed
678 5689 781 5736 Deo
807 5692 1005 5736 servire
1023 5685 1356 5734 constituam.
1379 5680 1523 5731 Alter
1550 5680 1639 5729 Cd.
1672 5680 1837 5730 Yatic.
1860 5694 1871 5728 :
1899 5681 2002 5732 Sed

303 5752 487 5808 Deum,
509 5747 595 5798 cui
623 5759 804 5799 servus
819 5759 927 5798 esse.
946 5747 1240 5797 constituit.
1402 5743 1470 5792 M.

2117 449 2411 517 Dominus;
2444 449 2599 504 idem
2627 449 2714 504 vir
2741 453 2966 505 sanctus
2995 451 3181 505 facere
3200 449 3434 521 cupiens
3466 467 3480 504 :
3510 451 3572 506 Si
3598 452 3679 505 tis
3707 463 3822 506 esse

2108 542 2402 607 perfectus,
2431 540 2599 594 vende
2623 542 2803 595 omnia
2833 555 2952 610 quae
2972 539 3153 602 habes,
3187 544 3237 593 et
3288 540 3363 594 da
3384 539 3746 608 pauperibus,
3770 545 3821 594 et

2112 626 2329 680 habebis
2358 627 2670 682 thesaurum
2697 630 2756 682 in
2790 629 2961 697 caelis;
2986 632 3037 683 et
3064 630 3203 692 veni,
3239 643 3456 696 sequere
3480 642 3562 681 me
3591 627 3818 697 (Matth.

2113 731 2224 776 xxx,
2252 715 2360 786 2t).
2399 717 2463 770 Et
2491 732 2663 787 super
2690 717 2825 772 ﬁdei
2869 717 3314 772 fundamentum
3344 716 3626 771 aediﬁcare
3660 715 3814 770 desi-

2115 805 2320 859 derans
2351 807 2390 873 ί,
2426 822 2543 861 non
2564 808 2739 878 ligna,
2770 807 2989 870 fenum,
3026 811 3083 861 et
3111 807 3378 877 stipulam
3405 823 3419 872 ;
3455 805 3552 859 sed
3582 821 3817 872 aurum,

2116 899 2440 964 argentum,
2482 900 2540 950 et
2584 896 2804 966 lapides
2849 896 3153 967 pretiosos.
3196 897 3264 949 Et
3301 899 3425 949 erat
3471 898 3607 948 tunc
3653 892 3825 948 annis

2115 983 2300 1054 major
2326 984 2585 1056 triginta,
2607 987 2727 1040 sola
2758 986 3059 1057 superstite
3081 989 3262 1040 matre
3300 983 3341 1053 ³,
3371 983 3593 1055 sibique
3622 982 3823 1038 adhic-

2114 1077 2295 1140 rente,
2345 1078 2403 1127 et
2453 1075 2523 1128 de
2560 1078 2819 1144 suscepto
2862 1075 2984 1145 ejus
3031 1074 3324 1145 proposito
3355 1072 3637 1127 serviendi
3693 1074 3811 1127 Deo

2115 1161 2362 1231 amplius
2402 1178 2575 1233 quam
2608 1162 2677 1217 de
2723 1163 2907 1217 carnis
2947 1163 3253 1234 nepotibus
3299 1163 3634 1216 exsultante.
3670 1161 3815 1216 Nam

2117 1250 2240 1320 ejus
2268 1255 2431 1320 pater
2486 1257 2655 1307 antea
2694 1252 2995 1308 defunctus
3041 1257 3182 1308 erat.
3222 1249 3594 1308 Renuntiavit
3639 1250 3814 1304 etiam

2116 1338 2486 1406 schblasticis,
2520 1356 2662 1411 quos
2689 1341 3038 1396 rhetoricam
3073 1341 3330 1405 docebat,
3379 1344 3447 1394 ut
3484 1338 3591 1393 sibi
3627 1338 3815 1410 magi-

2118 1432 2301 1482 strum
2329 1427 2508 1483 alium
2554 1430 2940 1501 providerent,
2991 1447 3058 1485 eo
3110 1429 3267 1502 quod
3306 1428 3518 1483 servire
3549 1429 3664 1482 Deo
3691 1427 3815 1498 ipse

2116 1516 2479 1571 decrevisset.

2257 1633 2484 1688 CAPUT
2523 1634 2627 1691 IIl.
2654 1665 2724 1674 —
2749 1635 2991 1715 Secessus
3013 1634 3335 1701 Augustini.
3367 1631 3601 1698 Quidam
3628 1630 3698 1684 ab

2645 1725 2951 1791 Augustino
2982 1737 3280 1778 conversus.

2186 1838 2263 1891 Ac
2291 1835 2505 1907 placuit
2552 1833 2605 1889 ei
2648 1836 2918 1904 percepta
2965 1829 3150 1899 gratia
3194 1832 3214 1864 ³
3243 1843 3374 1882 cum
3421 1824 3547 1880 aliis
3598 1822 3816 1878 civibus

2117 1930 2176 1981 et
2235 1924 2430 1979 amicis
2487 1923 2605 1978 suis
2664 1923 2777 1976 Deo
2830 1919 3045 1992 pariter
3102 1915 3480 1972 servientibus
3532 1913 3603 1968 ad
3664 1912 3816 1967 Afri-

2117 2031 2239 2070 cam
2271 2020 2327 2069 et
2354 2013 2651 2085 propriam
2682 2013 2918 2065 domum
2942 2023 3227 2079 agrosque
3255 2019 3531 2060 remeare.
3554 2002 3634 2057 Ad
3667 2017 3814 2073 quos

2116 2105 2370 2171 veniens,
2395 2109 2449 2158 et
2478 2103 2541 2157 in
2570 2102 2779 2174 quibus
2807 2098 3169 2164 constitutus,
3201 2096 3380 2150 ferme
3404 2091 3673 2157 triennio,
3699 2095 3756 2144 et
3779 2106 3815 2143 a

2116 2210 2175 2248 se
2189 2194 2310 2264 jam
2331 2191 2593 2246 alienatis
2613 2190 2765 2245 curis
2793 2185 3214 2252 saecularibus“,
3245 2200 3377 2239 cum
3403 2182 3475 2237 iis
3504 2180 3604 2253 qui
3623 2179 3813 2235 eidem

2117 2282 2502 2347 adhaerebant,
2535 2282 2649 2334 Deo
2679 2278 2918 2343 vivebat,
2934 2274 3189 2347 jejuniis,
3223 2270 3596 2337 orationibus,
3624 2267 3815 2325 bonis-

2117 2389 2226 2441 que
2258 2370 2546 2441 operibus,
2579 2368 2638 2422 in
2663 2368 2791 2437 lege
2830 2364 3053 2420 Domini
3083 2361 3365 2416 meditans
3398 2359 3489 2415 die
3518 2375 3584 2413 ac
3620 2361 3811 2412 nocte.

2118 2462 2184 2514 Et
2210 2460 2279 2514 de
2305 2459 2375 2513 iis
2407 2475 2534 2530 quas
2564 2455 2671 2513 sibi
2700 2457 2848 2510 Deus
2876 2451 3152 2525 cogitanti
3181 2455 3353 2520 atque
3383 2447 3568 2502 oranti
3595 2446 3815 2500 intelle-

2115 2555 2204 2604 cta
2232 2549 2556 2612 revelabat;
2587 2550 2644 2600 et
2698 2548 3009 2615 praesentes
3059 2545 3115 2595 et
3145 2540 3403 2594 absentes
3452 2535 3815 2591 sermonibus

2115 2656 2180 2693 ac
2208 2637 2369 2692 libris
2420 2624 2682 2691 docebat.
2741 2631 2991 2701 Contigit
3026 2630 3171 2683 forte
3200 2627 3401 2681 eodem
3435 2630 3716 2696 tempore,
3753 2627 3815 2676 ut

2116 2727 2348 2799 quidam
2398 2741 2465 2779 ex
2518 2723 2588 2777 iis
2626 2738 2769 2793 quos
2815 2720 3015 2775 dicunt
3041 2720 3288 2788 Agentes
3329 2714 3389 2768 in
3420 2714 3611 2780 rebus,
3660 2711 3813 2782 apud

2116 2811 2712 2887 Hipponem-Regium
2775 2807 3140 2867 constitutus,
3214 2805 3359 2858 bene
3445 2799 3810 2865 christianus,

2117 2904 2413 2974 Deumque
2437 2900 2667 2965 timens,
2698 2899 2988 2968 comperta
3016 2895 3139 2965 ejus
3168 2893 3320 2947 bona
3340 2891 3492 2944 fama
3518 2894 3689 2961 atque
3706 2888 3812 2942 do-

2115 2992 2319 3061 ctrina,
2353 2990 2697 3047 desideraret
2726 2992 2897 3058 atque
2927 2987 3153 3055 optaret
3179 2998 3313 3036 eum
3333 2980 3544 3045 videre,
3576 2977 3812 3050 promit-

2115 3086 2242 3137 tens
2273 3097 2331 3136 se
2360 3096 2524 3152 posse
2555 3075 2757 3132 mundi
2786 3074 2955 3141 hujus
2980 3088 3179 3127 omnes
3198 3074 3561 3124 contemnere
3588 3067 3813 3139 cupidi-

2115 3175 2259 3227 tates
2289 3174 2458 3240 atque
2483 3167 2799 3233 illecebras,
2858 3163 2905 3218 si
2937 3160 3268 3234 aliquando,
3300 3175 3364 3213 ex
3407 3159 3530 3229 ejus
3577 3173 3677 3211 ore
3711 3155 3813 3211 Dei

2115 3261 2353 3316 verbum
2384 3257 2582 3313 audire
2607 3254 2927 3311 meruisset.
2962 3251 3125 3316 Quod
3153 3265 3285 3304 cum
3314 3248 3383 3303 ad
3412 3263 3470 3301 se
3498 3245 3655 3301 ﬁdeli
3673 3245 3815 3299 fuis-

2115 3355 2200 3405 set
2223 3348 2497 3404 relatione
2546 3346 2818 3409 delatum,
2852 3343 3093 3396 liberare
3123 3337 3145 3374 ⁵
3175 3338 3429 3393 animam
3473 3334 3710 3405 cupiens
3739 3335 3813 3389 ab

2115 3440 2287 3511 hujus
2310 3437 2441 3491 vitae
2465 3434 2735 3507 periculis
2763 3436 3063 3501 morteque
3079 3434 3314 3493 aeterna,
3341 3426 3412 3481 ad
3435 3428 3812 3479 memoratam

2115 3530 2267 3583 ultro
2309 3530 2479 3597 atque
2517 3521 2817 3578 confestim
2848 3520 3016 3579 venit.
3050 3516 3360 3582 civitatem,
3408 3519 3466 3569 et
3514 3510 3810 3567 hominem

2117 3619 2301 3672 visum
2352 3616 2630 3670 allocutus
2691 3608 3048 3682 frequentius
3100 3612 3271 3678 atque
3324 3605 3659 3660 exhortatus
3703 3607 3808 3668 est,

2116 3711 2396 3779 quantum
2428 3706 2576 3759 Deus
2607 3700 2875 3765 donabat,
2907 3702 2970 3753 ut
3008 3696 3162 3768 quod
3193 3697 3310 3750 Deo
3357 3696 3587 3748 voverat
3615 3690 3807 3746 reddi-

2114 3797 2305 3853 disset.
2333 3798 2409 3848 Ac
2436 3792 2460 3827 δ
2493 3809 2551 3846 se
2580 3791 2676 3846 ille
2707 3790 2777 3845 de
2816 3787 2906 3843 die
2932 3787 2993 3841 in
3018 3785 3168 3840 diem
3200 3784 3483 3839 facturum
3505 3780 3811 3853 polliceba-

2114 3893 2227 3953 tur,
2269 3900 2372 3939 nec
2398 3888 2594 3938 tamen
2622 3880 2683 3933 in
2714 3879 2835 3949 ejus
2863 3882 3000 3931 tunc
3028 3876 3134 3929 hoc
3164 3871 3425 3944 implevit
3454 3868 3763 3941 praesentia
3793 3883 3809 3922 :

2114 3974 2211 4029 sed
2240 3988 2435 4027 vacare
2471 3969 2667 4040 utique
2713 3966 2734 4001 ⁷
2766 3971 2823 4020 et
2873 3964 3041 4019 inane
3073 3978 3194 4018 esse
3242 3977 3360 4016 non
3390 3959 3599 4030 potuit,
3657 3956 3813 4027 quod

2112 4080 2216 4135 per
2245 4063 2357 4117 tale
2402 4077 2495 4115 vas
2525 4056 2809 4114 mundum
2838 4059 2897 4109 et
2924 4054 2983 4107 in
3009 4052 3247 4117 honore,
3282 4048 3421 4103 utile
3461 4045 3727 4113 Domino,
3759 4049 3817 4099 et

2115 4133 2184 4207 ad
2215 4167 2384 4206 omne
2413 4165 2558 4220 opus
2589 4148 2804 4201 bonum
2834 4146 3127 4214 ’paratum
3172 4139 3239 4204 (ll
3273 4140 3414 4192 Tim.
3476 4153 3537 4205 ιι,
3584 4139 3695 4201 2t),
3755 4133 3815 4188 in

2113 4241 2271 4296 omni
2299 4242 2420 4294 loco
2454 4236 2645 4293 divina
2676 4233 2911 4304 gerebat
2938 4227 3319 4300 providentia.

2234 4354 2458 4411 CAPUT
2498 4352 2589 4406 IV.
2623 4381 2689 4388 —
2720 4345 2949 4417 Capitur
2985 4344 3058 4397 ad
3086 4341 3410 4413 presbyterii
3432 4338 3687 4406 gradum.

2187 4462 2397 4517 Eodem
2455 4458 2647 4528 itaque
2702 4458 2959 4523 tempore
3020 4449 3081 4503 in
3157 4445 3399 4502 Ecclesia
3459 4440 3816 4514 Hipponensi

2114 4548 2391 4605 catholica
2422 4543 2678 4598 Valerius
2727 4543 2954 4594 sanctus
2983 4537 3378 4607 episcopatum
3410 4532 3664 4603 gerebat.
3705 4529 3817 4595 Qui

2112 4656 2263 4704 cum,
2308 4635 2596 4708 flagitante
2640 4627 3015 4685 ecclesiastica
3046 4625 3377 4681 necessitate
3407 4621 3451 4685 ⁸,
3507 4621 3577 4675 de
3623 4620 3815 4692 provi-

2177 4748 2191 4780 ι
2230 4743 2452 4797 Salinas,
2471 4753 2532 4788 ex
2552 4736 2648 4787 Cd.
2672 4735 2886 4797 Reginus
2914 4748 2923 4781 :
2947 4724 3817 4797 Etsuper/ideiﬁundamentagedi-

2109 4788 2622 4871 ηςαιῖἀῖεζιίᾳιςαηε.
2655 4788 2797 4871 Alter
2950 4788 3626 4871 βθεξὶιωτἈιξεεὶἀεςαρ-αεζζ-
3658 4788 3731 4871 βξ..

2173 4850 2211 4905 ἶ
2217 4850 2325 4918 ".111;
2328 4850 2381 4914 ta
2396 4864 2619 4917 Salinas,
2632 4860 2847 4923 quidam
2863 4858 2990 4907 Cdd.
3012 4850 3217 4906 addunt
3231 4850 3649 4923 n_omen_matris,
3668 4851 3819 4923 Mqu-

2111 4912 2530 4991 nlcdetﬁpaulo
2554 4912 2673 4988 post
2700 4922 2866 4991 patris
2891 4917 3278 4991 no_1nen,__quod
3307 4913 3708 4991 estiPatrtfius.
3741 4912 3813 4982 ΜΞ

2173 4973 2357 5041 fidit.
2375 4973 2678 5049 ῗ-Ιδειὼρια
2700 4973 2967 5049 Ὲαρωδηιί
2989 4973 3171 5044 gratia
3184 4996 3202 5036 ,-
3232 4978 3327 5028 sed
3352 4989 3533 5026 vocem
3560 4973 3815 5038 Baptismi

2113 5069 2220 5105 non
2251 5054 2448 5102 habent
2475 5050 2596 5099 Mss.

2173 5098 2421 5166 70155.5;
2432 5098 2557 5163 iss.
2576 5110 2829 5160 omittunt
2851 5109 2993 5156 curis
3007 5101 3375 5166 swcularibus,
3397 5106 3451 5150 et
3474 5113 3538 5166 εξ
3566 5098 3650 5166 his
3672 5111 3817 5147 unus

2112 5161 2575 5237 Florizmensis'pro
2601 5170 2855 5224 alienatis
2884 5168 3098 5237 praefert
3114 5165 3413 5237 alienatus.
3430 5161 3731 5237 —Salipas,
3745 5173 3809 5209 ex

2112 5222 2651 5295 duobusve—odiem“,
2668 5237 2840 5283 servat
2867 5222 3400 5295 e‘urispswrularibus
3416 5239 3435 5284 ;
3465 5223 3654 5295 exﬁd:
3682 5222 3815 5285 Reg.

2113 5285 2407 5355 [dis—Fifth
2423 5285 2485 5351 se
2485 5301 2601 5361 jam
2617 5285 3122 5361 alienatispristinis
3133 5290 3303 5361 uitiis,-
3325 5302 3388 5361 εις
3408 5300 3513 5361 uno
3535 5285 3815 5361 thicano,

2112 5348 2598 5430 quivomittit'curts
2622 5348 2990 5411 sa’cutaribus,
3023 5354 3150 5417 legit
3180 5352 3478 5401 alienatus.
3547 5348 3615 5397 M.

2175 5432 2195 5465 δ
2226 5428 2447 5477 Salinas.
2479 5438 2543 5473 ex
2572 5422 2699 5470 Cdd.
2735 5419 2941 5468 duobus
2967 5417 3152 5476 Vatia,
3190 5414 3423 5463 liberari.
3519 5410 3589 5459 M.

2263 5437 2447 5481 atinas,
2479 5438 2543 5473 ex
2572 5437 2699 5470 uua.
2735 5437 2941 5481 uuonus
2978 5437 3152 5481 vatiq,
3190 5437 3423 5463 ιιυτιυη.
3519 5437 3589 5459 ινι.

2176 5492 2195 5520 ⁴
2229 5488 2400 5539 Editio
2432 5478 2969 5549 Ltigdunensis,qha:c.

2173 5556 2192 5588 7
2218 5531 2395 5601 iiii?
2419 5531 2757 5600 S—ednbauum
2780 5531 2986 5606 utique.
3004 5567 3069 5579 —
3091 5540 3235 5590 Idem
3256 5536 3465 5586 Salinas
3494 5549 3561 5585 ex
3583 5546 3695 5583 uno
3716 5531 3814 5582 Cd.

2111 5613 2443 5735 Βθεδὲαιιιιῗὲ,
2455 5687 2521 5723 ex
2532 5670 2622 5721 Cd.
2635 5670 2761 5733 Reg.
2778 5669 2863 5718 541
2880 5681 2892 5715 :
2906 5665 3204 5728 ﬂagitante
3225 5656 3813 5769 Ecclesixnccessgitate.
