4048 6194
239 316 303 365 ΞΠ
1663 310 1945 366 AUCTOR

2131 308 2361 367 ssuuo.
3699 338 3765 388 38

239 437 433 491 dendo
467 441 527 490 et
555 435 884 490 ordinando
914 435 1248 506 presbytero
1276 435 1488 489 civitati
1519 437 1560 502 ί,
1604 436 1829 507 plebem
1861 431 1962 486 Dei

241 527 662 596 alloqueretur,
712 529 769 577 et
821 523 1250 588 exhortaretur;
1277 523 1398 593 jam
1429 523 1670 578 scientes
1698 519 1962 578 catholici

239 614 426 668 sancti
450 612 764 683 Augustini
809 611 1170 683 propositum
1200 615 1256 665 et
1296 612 1632 679 doctrinam,
1663 628 1838 686 manu
1868 611 1956 665 in-

231 705 390 774 jecta
439 702 746 773 (quoniam
793 705 847 755 et
874 701 1030 755 idem
1059 701 1120 754 in
1150 701 1361 772 populo
1392 718 1620 755 securus
1647 707 1700 755 et
1726 702 1958 771 ignarus

239 792 382 863 quid
417 790 683 845 futurum
713 794 863 845 esset
904 789 1122 854 astabat
1156 805 1169 843 :
1203 790 1420 844 solebat
1448 794 1639 844 autem
1667 790 1862 856 laicus,
1893 793 1959 844 ut

238 879 414 934 nobis
446 879 692 944 dicebat,
733 879 804 934 ab
836 879 916 933 eis
945 883 1167 933 tantum
1199 879 1449 933 ecclesiis
1479 896 1607 951 qua:
1639 895 1754 933 non
1784 879 1956 933 habe-

238 974 373 1023 rent
404 969 728 1040 episcopos,
751 985 915 1022 suam
941 967 1226 1023 abstinere
1253 968 1644 1040 praesentiam)
1663 985 1796 1023 eum
1823 983 1957 1038 ergo

237 1063 580 1124 tenuerunt,
614 1062 690 1127 et,
721 1062 787 1112 ut
815 1057 875 1111 in
905 1057 1110 1112 talibus
1139 1064 1479 1113 consuetum
1506 1063 1592 1112 est
1621 1057 1659 1123 ³,
1695 1057 1957 1129 episcopo

241 1147 632 1202 ordinandum
679 1146 1018 1214 intulerunt,
1051 1145 1319 1200 omnibus
1357 1147 1417 1201 id
1447 1163 1562 1200 uno
1594 1161 1873 1199 consensu
1902 1148 1960 1198 et

240 1235 536 1290 desiderio
564 1235 690 1288 fieri
720 1233 1030 1305 perﬁcique
1050 1234 1395 1304 petentibus,
1419 1250 1745 1305 magnoque
1771 1233 1958 1288 studio

239 1329 297 1378 et
323 1326 581 1378 clamore
612 1323 1022 1393 ﬂagitantibus,
1048 1322 1292 1376 ubertim
1323 1340 1390 1376 eo
1422 1325 1595 1377 flente
1624 1340 1636 1377 :
1668 1321 1959 1376 nonnullis

239 1413 487 1485 quidem
519 1413 800 1484 lacrymas
833 1413 977 1482 ejus,
1007 1416 1072 1466 ut
1099 1412 1261 1467 nobis
1296 1413 1416 1483 ipse
1447 1411 1661 1476 retulit,
1693 1415 1827 1465 tunc
1857 1427 1957 1464 su-

239 1503 422 1573 perbe
445 1499 981 1571 interpretantibus,
1004 1505 1060 1554 et
1081 1505 1359 1572 tanquam
1384 1517 1517 1554 eum
1537 1500 1958 1555 consolantibus

241 1608 312 1644 ac
361 1590 702 1655 dicentibus,
754 1589 892 1661 quia
936 1594 993 1644 et
1047 1590 1205 1644 locus
1248 1589 1607 1661 presbyterii,
1657 1589 1789 1645 licet
1836 1589 1957 1659 ipse

244 1681 464 1750 majore
496 1679 707 1750 dignus
739 1683 906 1746 esset,
937 1678 1425 1750 appropinquaret
1451 1683 1642 1733 tamen
1665 1678 1956 1750 episcopa-

241 1769 348 1834 tui,
384 1785 518 1822 cum
558 1768 653 1822 ille
683 1767 860 1822 homo
903 1768 1021 1834 Dei,
1055 1772 1119 1821 ut
1147 1767 1310 1822 nobis
1340 1768 1556 1832 retulit,
1587 1767 1794 1839 majori
1819 1784 1956 1820 con-

241 1857 591 1912 sideratione
613 1856 961 1928 intelligeret
980 1861 1035 1910 et
1051 1861 1326 1927 gemeret,
1355 1873 1528 1927 quam
1557 1857 1739 1911 multa
1762 1860 1816 1910 et
1842 1872 1957 1909 ma-

239 1963 355 2016 gna
399 1963 518 1999 suze.
559 1945 690 1999 vitaz
732 1945 990 2016 pericula
1035 1946 1103 2000 de
1142 1945 1426 2017 regimine
1457 1949 1516 2000 et
1542 1944 1956 2017 gubernatione

244 2034 508 2089 Ecclesia:
547 2033 884 2103 impendere
908 2034 1031 2105 jam
1061 2050 1124 2086 ac
1153 2033 1455 2104 provenire
1487 2038 1764 2104 spectaret
1795 2039 1835 2098 ³,
1868 2037 1955 2086 at-

241 2139 353 2192 que
393 2122 524 2176 ideo
574 2123 753 2176 ﬁeret.
806 2122 872 2176 Et
910 2137 1130 2186 eorum,
1164 2124 1226 2175 ut
1254 2121 1574 2189 voluerunt,
1609 2121 1956 2192 completum

254 2216 343 2263 est
370 2208 738 2263 desiderium.

265 2345 482 2398 CAPUT
509 2344 571 2397 ν.
608 2373 678 2384 -
706 2333 1087 2398 Monasterium
1116 2345 1372 2397 instituit.
1400 2343 1650 2399 Valerius
1677 2344 1954 2411 episcopus

313 2434 628 2499 Augustino
659 2431 970 2500 presbytero
1001 2431 1098 2485 dat
1134 2436 1451 2502 potestatem
1473 2447 1651 2487 coram
1673 2447 1728 2486 se
1752 2431 1953 2501 prwdi-

311 2522 480 2575 eundi
521 2520 737 2575 verbum
770 2522 890 2574 Dei.

315 2638 518 2690 Factus
576 2652 712 2706 ergo
779 2635 1074 2706 presbyter
1119 2635 1530 2690 monasterium
1577 2633 1726 2687 intra
1777 2631 1953 2686 eccle-

239 2735 386 2788 siam
435 2751 574 2788 mox
621 2732 903 2800 instituit;
954 2738 1010 2788 et
1055 2749 1186 2786 cum
1228 2732 1330 2786 Dei
1369 2731 1541 2786 servis
1568 2730 1753 2784 vivere
1784 2729 1956 2800 coepit

238 2824 563 2878 secundum
602 2822 842 2876 modum
883 2826 940 2876 et
984 2823 1243 2892 regulam
1274 2821 1376 2876 sub
1421 2819 1626 2874 sanctis
1665 2817 1953 2889 Apostolis

238 2912 616 2966 constitutam
650 2910 672 2945 °
703 2911 850 2981 (Act.
903 2927 977 2969 IV.
1030 2910 1117 2980 32)
1153 2927 1165 2964 :
1200 2910 1448 2963 maxime
1491 2913 1557 2963 ut
1584 2923 1754 2962 nemo
1787 2906 1952 2978 quid-

239 3017 426 3072 quam
483 3000 778 3071 proprium
845 2998 907 3053 in
952 2999 1049 3052 illa
1098 2998 1362 3052 societate
1405 2998 1659 3063 haberet,
1717 2995 1817 3049 sed
1873 2995 1954 3049 eis

245 3093 448 3142 essent
491 3089 673 3141 omnia
711 3087 1062 3154 communia,
1095 3091 1149 3142 et
1178 3087 1616 3141 distribueretur
1646 3084 1953 3154 unicuique

239 3178 398 3232 sicut
439 3193 580 3246 opus
615 3182 759 3244 erat;
806 3176 958 3248 quod
989 3177 1108 3248 jam
1153 3177 1275 3246 ipse
1313 3175 1472 3246 prior
1498 3175 1712 3229 fecerat
1740 3171 1782 3236 ⁵,
1815 3171 1952 3226 dum

244 3269 316 3322 de
355 3266 753 3321 transmarinis
784 3267 852 3320 ad
886 3282 988 3320 sua
1030 3269 1360 3319 remeasset.
1401 3264 1638 3318 Sanctus
1683 3278 1817 3316 vero
1847 3263 1952 3315 Va-

241 3355 418 3410 lerius
446 3355 750 3409 ordinator
779 3355 917 3424 ejus,
940 3359 1003 3409 ut
1022 3358 1142 3408 erat
1169 3353 1254 3407 vir
1283 3353 1411 3424 pius
1434 3357 1492 3407 et
1518 3353 1699 3406 Deum
1721 3351 1948 3418 timens,

241 3443 587 3502 exsultabat,
635 3447 694 3496 et
735 3443 846 3496 Deo
885 3442 1094 3511 gratias
1132 3442 1358 3514 agebat,
1410 3458 1540 3496 suas
1589 3440 1881 3494 exauditas
1921 3457 1952 3492 a

249 3533 490 3587 Domino
538 3531 717 3584 fuisse
748 3547 957 3600 preces,
991 3547 1131 3601 quas
1157 3547 1215 3585 se
1245 3529 1710 3602 frequentissime
1741 3528 1952 3583 fudisse

245 3623 532 3688 narrabat,
589 3625 650 3674 ut
691 3620 800 3673 sibi
850 3620 1120 3674 divinitus
1159 3621 1331 3674 homo
1364 3620 1770 3673 concederetur
1800 3617 1948 3682 talis,

245 3710 345 3781 qui
389 3714 587 3780 posset
633 3709 802 3762 verbo
846 3708 946 3763 Dei
992 3714 1049 3762 et
1090 3708 1346 3762 doctrina
1384 3707 1599 3761 salubri
1647 3705 1950 3760 Ecclesiam

247 3799 472 3854 Domini
515 3798 802 3853 aedificare
850 3814 863 3851 :
906 3798 996 3852 cui
1026 3797 1111 3851 rei
1141 3813 1199 3851 se
1227 3797 1400 3850 homo
1449 3801 1653 3850 natura
1703 3797 1949 3860 Grazcus,

245 3888 554 3959 minusque
603 3887 782 3941 latina
830 3886 1026 3957 lingua
1073 3890 1130 3940 et
1168 3886 1369 3940 litteris
1398 3884 1730 3950 instructus,
1761 3883 1952 3937 minus

243 3977 446 4032 utilem
493 3975 842 4047 pervidebat.
893 3977 958 4029 Et
999 3975 1186 4029 eidem
1235 3974 1566 4045 presbytero
1605 3975 1951 4043 potestatem

244 4067 402 4121 dedit
450 4082 640 4120 coram
681 4082 739 4119 se
776 4064 839 4118 in
882 4063 1117 4118 ecclesia
1160 4063 1527 4134 Evangelium
1574 4060 1948 4132 praedicandi,

242 4173 309 4210 ac
340 4154 800 4226 frequentissime
841 4152 1158 4219 tractandi;
1201 4157 1399 4206 contra
1439 4167 1604 4205 usum
1633 4149 1866 4221 quidem
1897 4154 1954 4203 et

243 4243 718 4299 consuetudinem
741 4242 1132 4297 Africanarum
1159 4240 1529 4296 Ecclesiarum
1561 4256 1574 4293 ε
1604 4239 1754 4293 unde
1779 4239 1951 4292 etiam

249 4333 306 4386 ei
337 4333 597 4386 nonnulli
627 4331 880 4402 episcopi
907 4330 1304 4385 detrahebant.
1338 4329 1445 4382 Sed
1476 4327 1570 4381 ille
1600 4327 1687 4380 vir
1715 4343 1951 4380 venera-

250 4420 385 4474 bilis
427 4436 488 4473 ac
511 4420 783 4491 providus
814 4421 874 4474 in
902 4418 1282 4473 Orientalibus
1315 4415 1572 4470 Ecclesiis
1608 4415 1666 4468 id
1697 4431 1764 4468 ex
1794 4431 1952 4468 more

241 4509 372 4564 ﬁeri
425 4510 604 4563 sciens
655 4513 712 4564 et
757 4512 945 4563 certus
982 4507 1027 4573 θ,
1079 4512 1132 4561 et
1177 4505 1409 4560 utilitati
1440 4504 1700 4558 Ecclesiae
1745 4520 1951 4558 consu-

241 4599 389 4668 lens,
437 4598 882 4654 obtrectantium
929 4613 1044 4651 non
1095 4596 1330 4650 curabat
1359 4594 1606 4665 linguas,
1640 4593 1952 4647 dummodo

240 4688 598 4743 factitaretur
641 4704 672 4740 a
715 4686 1072 4758 presbytero,
1123 4684 1273 4755 quod
1330 4701 1360 4737 a
1414 4699 1473 4736 se
1524 4682 1792 4753 episcopo
1846 4680 1954 4734 im-

236 4776 385 4847 pleri
417 4775 657 4830 minime
703 4790 864 4845 posse
897 4774 1186 4828 cernebat.
1221 4772 1378 4826 Unde
1409 4787 1642 4825 accensa
1670 4775 1724 4824 et
1749 4771 1954 4824 ardens

237 4867 457 4919 elevata
505 4880 677 4935 super
714 4864 1121 4918 candelabrum
1171 4863 1424 4930 lucerna,
1458 4859 1725 4915 omnibus
1763 4859 1863 4930 qui
1894 4860 1954 4914 in

234 4955 413 5009 domo
451 4957 619 5007 erant
667 4952 892 5007 lucebat
942 4953 1159 5022 (Matth.
1213 4967 1266 5016 ν,
1304 4952 1408 5020 l5).
1459 4951 1524 5004 Et
1575 4953 1773 5020 postea
1820 4965 1950 5002 cur-

237 5050 398 5098 rente
446 5049 505 5097 et
548 5042 773 5098 volante
816 5040 1150 5113 hnjusmodi
1192 5039 1366 5107 fama,
1414 5039 1565 5092 bono
1594 5037 1952 5109 praecedente

237 5131 532 5202 exemplo,
579 5135 807 5201 accepta
849 5130 918 5184 ab
967 5126 1248 5201 episcopis
1297 5130 1601 5198 potestate,
1634 5124 1951 5197 presbyteri

301 5259 314 5289 ¹
346 5254 489 5318 Edit.
524 5255 713 5318 Lugd.,
743 5252 987 5318 ciuitatis.
1055 5253 1123 5318 M.

293 5321 318 5426 ῗ
349 5317 581 5426 Sa‘liinas,
604 5307 674 5366 ἔκ
691 5307 786 5365 Cd.
808 5316 974 5365 Vatic.
999 5317 1116 5364 1190
1138 5329 1148 5362 :
1173 5314 1236 5362 Et
1257 5315 1320 5362 ut
1342 5314 1395 5360 in
1418 5311 1608 5361 talibus
1629 5307 1952 5360 consuetudo

237 5392 288 5429 es
321 5416 331 5425 .
404 5416 420 5426 .
460 5417 472 5427 .

296 5446 316 5476 ³
339 5441 472 5490 Cdd.
507 5441 653 5499 Mss,
675 5442 948 5502 speraret.

297 5508 317 5538 ι
340 5504 570 5562 Salinas,
608 5494 671 5552 ex
701 5494 795 5551 Cd.
820 5501 983 5551 Vatie.
1024 5501 1142 5549 1188
1175 5501 1297 5549 »Εἰ
1318 5495 1648 5559 φἐθαιαπιάὺ
1681 5494 1949 5558 Apostolis

234 5571 605 5616 consumtum.
680 5565 744 5613 M.

296 5632 317 5662 ⁵
346 5629 577 5688 Salinas,
601 5641 668 5677 ex
695 5627 787 5676 Cd.
820 5626 984 5675 Vatic.
1020 5625 1140 5674 1190
1160 5639 1171 5672 :
1192 5622 1340 5684 Quod
1352 5622 1472 5684 jam
1492 5619 1604 5685 ipse
1627 5622 1784 5684 prius
1811 5619 1946 5683 fece-

235 5692 674 5803 ταέᾌέἐῖόὶηιυθ
704 5764 769 5800 ex
804 5751 949 5806 Mes,
986 5752 1038 5800 et
1063 5751 1235 5799 certus

2072 453 2331 593 noq’nulli
2379 471 2570 512 coram
2602 459 2882 532 episcopis
2929 465 3157 535 populis
3187 469 3427 523 tractare
3475 478 3771 542 cmperunt

2072 554 2168 592 ver
2212 557 2306 593 um
2340 544 2457 593 Dei.

2070 544 2306 595 verbum
2340 544 2457 600 Dei.

2070 675 2220 734 CAP.
2243 681 2330 736 Vl.
2350 712 2421 724 —-
2442 685 2726 755 Conﬂictus
2744 690 2980 757 August.
3000 707 3117 746 cum
3135 695 3429 750 Fortunato
3448 698 3764 752 Manichaeo.

2140 803 2283 859 Sane
2335 806 2394 861 in
2448 809 2549 864 illa
2615 816 2750 867 tunc
2813 813 3169 885 Hipponensi
3223 817 3364 872 urbe
3431 820 3768 876 Manichaeo-

2068 909 2196 947 rum
2227 897 2552 964 pestilentia
2591 918 2763 971 quam
2793 905 3072 973 plurimos
3100 907 3188 961 vel
3220 906 3367 960 cives
3396 909 3478 962 vel
3513 913 3768 980 peregri-

2067 998 2173 1036 nos
2203 989 2255 1037 et
2286 985 2557 1042 infecerat
2590 990 2608 1026 ¹
2637 994 2694 1044 et
2729 997 3145 1062 penetraverat,
3198 997 3502 1051 seducente
3535 1003 3590 1051 et
3620 997 3770 1052 deci-

2065 1070 2262 1140 piente
2309 1075 2563 1144 ejusdem
2618 1079 2852 1134 haeresis
2899 1083 3145 1152 quodam
3195 1086 3526 1155 presbytero
3587 1088 3765 1143 nomi-

2067 1178 2138 1216 ne
2191 1165 2519 1229 Fortunato,
2561 1167 2775 1224 ibidem
2825 1178 3192 1228 conversante
3245 1179 3414 1246 atque
3473 1183 3765 1234 manente.

2068 1253 2285 1307 Interea
2333 1255 2725 1326 Hipponenses
2777 1259 2924 1314 cives
2974 1266 3030 1315 et
3075 1260 3414 1332 'peregrini
3460 1266 3767 1322 Christiani

2066 1345 2185 1395 tam
2214 1343 2477 1398 catholici
2524 1362 2696 1416 quam
2727 1348 2897 1402 etiam
2948 1349 3254 1404 Donatista:
3293 1352 3504 1408 adeunt
3533 1356 3765 1427 presby-

2066 1433 2254 1484 terum
2282 1436 2321 1498 ³,
2355 1450 2418 1487 ac
2455 1434 2782 1505 deposcunt,
2825 1442 2891 1491 ut
2919 1437 3084 1491 illum
3111 1439 3409 1494 hominem
3436 1442 3761 1497 Manichaeo-

2067 1534 2196 1573 rum
2244 1522 2660 1592 presbyterum,
2689 1542 2861 1596 quem
2910 1526 3141 1580 doctum
3171 1528 3496 1597 credebant,
3528 1529 3762 1596 videret,

2068 1612 2126 1661 et
2174 1626 2302 1663 cum
2359 1612 2562 1666 eodem
2618 1614 2688 1668 de
2745 1615 2888 1686 Lege
2939 1620 3223 1670 tractaret.
3271 1617 3429 1680 Quod
3479 1618 3654 1686 idem,
3703 1625 3768 1674 ut

2067 1698 2340 1768 scriptum
2373 1706 2472 1770 est,
2497 1706 2730 1771 paratus
2760 1705 2827 1757 ad
2857 1705 3292 1774 responsionem
3323 1706 3481 1759 omni
3511 1707 3767 1778 poscenti

2068 1803 2125 1840 se
2153 1787 2432 1842 rationem
2466 1790 2534 1844 de
2568 1791 2680 1846 ﬁde
2733 1797 2788 1846 et
2828 1809 2928 1862 spe
2975 1810 3103 1864 qua:
3133 1794 3192 1846 in
3233 1796 3412 1848 Deum
3441 1801 3525 1849 est
3550 1796 3590 1867 (Ι
3621 1799 3764 1850 Pet-r.

2067 1893 2147 1941 Ill,
2185 1879 2287 1945 l5),
2317 1883 2636 1949 potensque
2668 1881 2955 1935 exhortari
2984 1881 3044 1935 in
3073 1883 3331 1936 doctrina
3361 1901 3516 1949 sana,
3549 1888 3605 1938 et
3634 1902 3765 1939 con-

2066 1965 2405 2021 tradicentes
2454 1968 2799 2038 redarguere
2850 1970 2978 2038 (Tit.
3043 1987 3081 2036 1,
3140 1972 3210 2037 9).
3271 1972 3509 2026 minime
3552 1974 3764 2028 renuit.

2066 2053 2175 2107 Sed
2207 2057 2401 2108 utrum
2445 2055 2621 2110 etiam
2668 2057 2764 2110 ille
2811 2057 2916 2111 hoc
2946 2058 3069 2111 ﬁeri
3098 2061 3286 2126 vellet,
3319 2061 3631 2114 sciscitatus
3661 2067 3763 2116 est.

2065 2144 2134 2196 At
2159 2142 2242 2196 illi
2272 2143 2571 2199 confestim
2600 2146 2670 2200 ad
2701 2146 2890 2216 ipsum
2922 2149 3298 2203 Fortunatum
3329 2149 3386 2202 id
3418 2150 3762 2218 detulerunt,

2066 2234 2324 2298 petentes
2372 2236 2428 2285 et
2457 2232 2815 2287 exhortantes
2844 2250 2908 2287 ac
2957 2235 3298 2306 flagitantes,
3336 2237 3488 2307 quod
3511 2237 3563 2291 id
3595 2239 3765 2292 mini-

2066 2334 2157 2371 me
2211 2323 2514 2374 recusaret.
2557 2321 2703 2375 Sane
2749 2322 3024 2392 quoniam
3071 2323 3224 2378 idem
3273 2327 3611 2381 Fortunatus
3645 2329 3765 2398 jam

2067 2408 2218 2478 apud
2241 2409 2646 2480 Carthaginem
2660 2416 2917 2465 sanctum
2930 2418 3165 2466 noverat
3176 2414 3496 2484 Augustinu
3507 2431 3561 2468 m
3584 2417 3767 2470 adhuc

2065 2495 2127 2548 in
2183 2496 2385 2550 eodem
2430 2515 2623 2551 secum
2678 2515 2868 2552 errore
2915 2501 3319 2569 constitutum;
3379 2519 3509 2557 cum
3563 2505 3765 2559 eodem

2065 2585 2334 2654 congredi
2389 2585 2703 2656 pavitabat.
2768 2589 3169 2644 Verumtamen
3225 2607 3459 2644 suorum
3518 2595 3763 2648 maxime

2065 2671 2337 2728 instantia
2378 2681 2603 2728 coactus
2634 2692 2695 2728 ac
2743 2678 3176 2746 verecundatus,
3207 2679 3469 2748 promisit
3496 2680 3554 2733 in
3586 2682 3763 2735 comi-

2065 2778 2172 2816 nus
2223 2779 2281 2817 se
2329 2779 2449 2817 esse
2481 2769 2803 2832 venturum,
2837 2771 3242 2837 certamenque
3273 2767 3599 2838 disputandi
3632 2771 3764 2823 sub-

2064 2851 2301 2906 iturum.
2349 2852 2504 2906 Unde
2560 2853 2818 2907 condicto
2867 2855 2957 2908 die
2997 2860 3054 2910 et
3100 2856 3222 2909 loco
3270 2863 3661 2912 convenerunt
3709 2858 3767 2912 in

2064 2954 2267 3007 unum,
2306 2941 2778 2995 concurrentibus
2819 2959 2989 3012 quam
3031 2943 3294 3012 plurimis
3333 2945 3599 3000 studiosis
3639 2951 3762 3000 tur-

2063 3026 2264 3098 bisque
2288 3028 2546 3092 curiosis,
2579 3033 2638 3082 et
2667 3030 2877 3099 apertis
2901 3031 3252 3085 notariorum
3273 3032 3480 3086 tabulis
3502 3037 3544 3102 ⁴,
3574 3034 3768 3104 dispu-

2063 3115 2202 3168 tatio
2247 3121 2430 3185 coepta
2459 3116 2667 3187 primo,
2712 3123 2769 3170 et
2814 3119 3061 3172 secundo
3092 3119 3256 3173 ﬁnita
3293 3125 3377 3174 est
3413 3121 3522 3175 die.
3561 3123 3623 3175 In
3655 3139 3767 3192 qua

2063 3203 2158 3257 ille
2188 3204 2530 3259 Manichaaus
2549 3210 2888 3276 prmceptor,
2923 3211 2984 3260 ut
3008 3212 3296 3277 gestorum
3317 3209 3576 3264 continet
3601 3211 3760 3276 fides,

2065 3309 2166 3346 nec
2209 3292 2545 3346 catholicam
2591 3294 2962 3348 assertionem
3010 3296 3196 3365 potuit
3222 3313 3483 3365 vacuare,
3516 3315 3620 3353 nec
3651 3300 3762 3353 Ma-

2066 3381 2416 3436 nichazorum
2448 3387 2658 3436 sectam
2690 3383 2923 3436 veritate
2955 3383 3253 3438 subnixam
3286 3386 3462 3440 valuit
3498 3404 3760 3458 compro-

2063 3468 2197 3523 bare
2235 3486 2248 3524 :
2296 3470 2394 3524 sed
2426 3470 2795 3540 responsione
2825 3470 3092 3525 deficiens
3123 3471 3163 3538 ⁵,
3195 3473 3397 3527 ultimo
3423 3475 3760 3530 collaturum

2063 3574 2122 3610 se
2151 3564 2279 3612 Cum
2313 3558 2430 3611 suis
2477 3559 2790 3628 majoribus
2821 3575 2906 3624 ea,
2951 3577 3080 3630 qua:
3123 3561 3380 3615 refellere
3410 3579 3523 3616 non
3554 3565 3761 3633 potuit,

2062 3651 2397 3716 prosecutus
2447 3652 2560 3714 est;
2597 3653 2654 3701 et
2704 3647 2751 3699 si
2798 3647 2904 3700 sibi
2957 3648 3103 3702 forte
3136 3648 3205 3703 de
3234 3650 3324 3704 his
3357 3653 3494 3704 satis
3524 3653 3762 3706 minimc

2059 3734 2341 3800 fecissent,
2403 3751 2520 3788 sua:
2577 3733 2787 3788 anima:
2845 3737 3240 3790 consulturum
3293 3754 3305 3792 :
3366 3743 3537 3810 atque
3584 3741 3663 3794 ita
3695 3742 3765 3795 ab

2063 3824 2331 3878 omnibus
2355 3823 2503 3894 apud
2537 3841 2681 3895 quos
2710 3840 2954 3894 magnus
2979 3828 3035 3878 et
3057 3825 3252 3880 doctus
3272 3827 3586 3897 videbatur,
3621 3831 3764 3885 nihil

2062 3913 2304 3967 valuisse
2355 3912 2415 3966 in
2463 3929 2580 3966 suae
2630 3917 2796 3966 sectae
2844 3913 3151 3968 assertione
3193 3915 3482 3985 judicatus
3512 3924 3612 3973 est.
3647 3920 3767 3984 Qua

2063 4001 2158 4056 illa
2186 4001 2518 4056 confusione
2561 4002 2818 4068 affectus,
2868 4007 2926 4056 et
2955 4004 3215 4074 sequenti
3243 4010 3500 4076 tempore
3531 4008 3600 4062 de
3633 4009 3766 4080 llip-

2061 4089 2305 4160 ponensi
2349 4088 2575 4143 civitate
2622 4089 2931 4160 profectus,
2964 4090 3033 4144 ad
3075 4106 3202 4143 eam
3247 4093 3492 4162 amplius
3531 4111 3646 4148 non
3675 4112 3763 4149 re-

2062 4177 2270 4231 meavit
2300 4195 2311 4231 :
2337 4194 2400 4231 ac
2419 4177 2497 4232 sic
2520 4195 2625 4248 per
2639 4183 3025 4233 memoratum
3056 4179 3156 4232 Dci
3181 4179 3476 4234 hominem
3507 4183 3763 4238 omnium

2063 4267 2345 4330 cordibus,
2381 4267 2468 4319 vel
2501 4266 2600 4337 qui
2641 4266 2899 4334 aderant,
2948 4267 3037 4321 vel
3075 4267 3175 4337 qui
3205 4268 3466 4321 absentes
3497 4267 3594 4321 illa
3637 4283 3766 4338 qua:

2063 4359 2219 4427 gesta
2251 4360 2385 4408 sunt
2433 4361 2839 4425 cognoverant,
2890 4372 3048 4409 error
3076 4356 3170 4409 ille
3211 4356 3450 4422 ablatus,
3485 4356 3764 4411 catholica

2064 4449 2149 4498 est
2174 4443 2440 4499 intimata
2475 4460 2535 4497 ac
2564 4450 2786 4498 retenta
2815 4445 3033 4498 sincera
3063 4443 3285 4514 religio.

2063 4553 2286 4607 CAPUT
2313 4553 2430 4606 VII.
2462 4582 2533 4592 —-
2561 4553 2717 4606 Libri
2745 4558 2793 4607 et
2821 4557 3084 4607 tractatus
3109 4552 3414 4618 Augustini
3431 4557 3618 4607 contra
3637 4553 3766 4622 ﬁdei

2134 4646 2305 4698 hostes
2333 4643 2399 4696 ab
2429 4645 2562 4712 ipsis
2591 4645 2753 4697 etiam
2784 4643 3046 4696 haereticis
3067 4644 3276 4707 ingenti
3303 4642 3500 4696 ardore
3529 4645 3759 4712 excepti.

2139 4751 2200 4804 Et
2268 4749 2507 4803 docebat
2552 4765 2616 4802 ac
2673 4747 3015 4819 praedicabat
3065 4748 3160 4801 ille
3208 4748 3480 4818 privatim
3537 4753 3595 4804 et
3647 4766 3756 4820 pu-

2130 4875 2140 4907 ι
2175 4871 2270 4936 Sic_
2294 4871 2414 4919 Mss.
2448 4870 2586 4919 Editi
2612 4882 2736 4919 vero
2774 4883 2786 4916 :
2814 4869 2982 4928 Quam
3011 4868 3274 4930 plurimos
3293 4873 3432 4920 cives
3461 4875 3506 4921 et
3528 4876 3762 4936 peregri-

2063 4948 2162 4984 nos
2181 4932 2466 4997 infecerat.
2502 4995 2514 4997 _
2546 4993 2559 4997 Δ
2582 4994 2596 4997 _
2640 4994 2660 4997 _r

2124 4999 2144 5031 ‘-’
2176 4991 2380 5044 Salinas
2409 5009 2474 5043 ex
2491 4993 2616 5057 Cdd.
2640 4993 2828 5051 Vatie.,
2849 4991 2952 5042 vel.
2984 4993 3264 5057 Adoptavit
3285 4999 3461 5044 tamen
3490 5009 3664 5045 vocem
3695 5000 3761 5055 et,

2063 5058 2214 5120 cujus
2239 5058 2313 5106 rei
2341 5056 2717 5120 (latrrationem
2744 5059 3046 5120 sequentem
3072 5071 3082 5103 :
3105 5056 3139 5101 “‹‹
3166 5057 3303 5105 Nihil
3326 5058 3380 5106 in
3401 5062 3548 5106 textu
3580 5059 3765 5106 immu-

2064 5117 2308 5177 tavimus,
2341 5117 2686 5182 Parisiensem
2719 5117 2880 5182 secuti
2917 5117 3220 5182 editionem,
3253 5121 3491 5182 quamvis
3523 5133 3626 5166 non
3670 5120 3761 5168 ab-

2062 5188 2219 5232 surde
2257 5181 2358 5244 legi
2401 5180 2584 5242 possit,
2631 5183 2689 5228 ut
2732 5178 2786 5226 hi
2817 5179 2921 5227 duo
2952 5181 3158 5229 codices
3187 5178 3380 5240 ferunt,
3411 5181 3615 5229 favente
3645 5181 3761 5231 loco

2062 5244 2221 5292 nanlo
2243 5248 2383 5292 ante.
2414 5263 2438 5284 »
2509 5242 2580 5289 M.

2098 5248 2221 5293 aulo
2243 5248 2383 5292 ante.
2414 5263 2438 5284 »
2509 5248 2580 5289 M.

2061 5260 2586 5415 f_a:iliii1iii;:..1iaezi:i
2604 5305 2951 5364 Augustinum
2969 5305 3359 5368 presbyterum.
3387 5304 3545 5352 Abest
3565 5310 3766 5367 Augus-

2085 5382 2241 5415 mum
2265 5382 2295 5415 a
2353 5387 2356 5390 λ
2379 5381 2446 5415 ss.

2062 5373 2241 5418 tinum
2265 5382 2295 5416 a
2325 5373 2446 5416 Mss.

2122 5435 2142 5468 4
2172 5430 2297 5479 Cdd.
2337 5430 2456 5477 Mss.
2493 5443 2504 5476 :
2543 5431 2602 5478 Et
2624 5431 2828 5493 apertis
2849 5428 3047 5493 notarii
3075 5427 3280 5493 tabulis.

2123 5497 2142 5528 ⁵
2169 5493 2372 5542 Salinas
2406 5506 2416 5539 :
2456 5493 2553 5540 Sed
2581 5487 2917 5554 responsione
2941 5487 3762 5554 deficiensultima,_collalurum

2056 5569 2124 5612 se,
2150 5559 2257 5620 etc.
2283 5549 3014 5620 Hancsubjieit'notationem
3039 5566 3048 5599 :
3078 5552 3166 5620 Ita
3180 5549 3362 5620 legunt
3383 5552 3513 5620 M_ss._
3536 5560 3764 5617 quatuor

2057 5619 2206 5673 Cdd..
2236 5621 2288 5666 et
2320 5612 2726 5680 Aquidem'recte.
2757 5614 3037 5680 Alitevero
3068 5612 3326 5680 editiones
3367 5615 3514 5680 :_S¢_'ed
3552 5612 3765 5680 respon-

2058 5683 2208 5744 sione
2238 5675 2492 5744 deﬁciens.
2530 5678 2722 5728 ultimo
2750 5675 3074 5744 collaturum
3107 5688 3174 5731 se,
3219 5678 3318 5725 etc.
3367 5676 3542 5726 Codex
3572 5675 3712 5730 unus
3751 5694 3762 5728 :

2064 5743 2250 5794 Ultime
2270 5737 2608 5793 collaturum
2627 5752 2697 5794 se.
2719 5740 2818 5786 etc.
2885 5737 2952 5786 M.
