4048 6194
360 367 427 418 39
860 432 865 437 ⁸
1574 358 1737 411 VITA
1784 359 1841 412 S.
1890 358 2267 413 AUGUS'I‘INI
2319 359 2648 414 EPISCOI'I.
3803 369 3870 422 40

358 484 526 550 blice,
573 481 635 536 in
681 480 853 535 domo
894 485 953 535 et
994 479 1052 533 in
1095 478 1349 546 ecclesia,
1398 479 1597 534 salutis
1643 479 1881 535 verbum
1930 496 2060 535 cum

361 572 519 629 omni
567 568 779 625 ﬁducia
822 568 1095 639 adversus
1129 567 1419 622 Africanas
1465 567 1731 638 hazreses,
1783 569 2057 623 maxime-

357 676 470 733 que
518 660 719 713 contra
759 654 1099 720 Donatistas,
1141 654 1481 709 Manichaeos
1524 661 1576 709 et
1622 656 1881 726 Paganos
1912 656 1951 721 ί,
1994 655 2057 709 li-

357 749 477 805 bris
523 745 810 813 confectis,
866 748 924 799 et
959 742 1275 814 repentinis
1315 743 1339 774 ¹
1391 743 1770 810 sermonibus,
1802 743 2059 797 ineffabi-

359 839 491 894 liter
538 833 953 891 admirantibus
999 831 1333 888 Christianis
1376 836 1433 885 et
1469 831 1886 886 collaetantibus
1917 836 1957 899 ³,
2000 836 2057 886 et

358 930 466 985 hoc
513 926 702 998 ipsum
746 922 846 978 ubi
888 925 1153 992 poterant
1196 936 1315 974 non
1362 919 1700 988 tacentibus,
1746 921 1845 975 sed
1893 921 2053 975 ditl'a-
2102 960 2109 965 .

356 1014 674 1071 mentibus.
729 1013 957 1081 Sicque,
1024 1009 1326 1078 adjuvante
1376 1007 1621 1062 Domino
1662 1013 1702 1076 ι,
1754 1009 1941 1063 levare
1993 1009 2054 1064 in

355 1105 543 1159 Africa
607 1099 848 1156 Ecclesia
898 1095 1174 1151 catholica
1228 1112 1426 1151 exorsa
1474 1101 1559 1151 est
1606 1101 1777 1168 caput
1820 1095 1864 1161 ⁵,
1925 1115 2054 1169 qua:

356 1192 538 1247 multo
560 1195 817 1259 tempore
838 1184 955 1240 illic
987 1185 1011 1219 ⁶
1040 1184 1567 1239 convalescentibus
1586 1184 1887 1253 haereticis,
1912 1203 2054 1257 pI‘ZE-

350 1281 634 1352 cipueque
678 1274 1070 1346 rebaptizaute
1108 1273 1318 1328 Donati
1348 1279 1509 1345 parte
1541 1275 1822 1344 majorem
1853 1275 2052 1329 multi-

353 1368 613 1424 tudinem
661 1366 953 1431 Afrorum,
988 1363 1220 1417 seducta
1259 1366 1314 1416 et
1343 1378 1615 1434 oppressa
1649 1363 1877 1434 jacebat
1912 1362 1956 1419 7.
1992 1366 2055 1419 Et

353 1460 458 1514 bos
487 1457 611 1529 ejus
637 1455 816 1509 libros
850 1452 966 1507 sive
996 1456 1267 1507 tractatus
1295 1450 1547 1505 mirabili
1576 1452 1678 1506 Dei
1707 1451 1890 1523 gratia
1920 1469 2051 1524 pro-

356 1546 618 1601 cedentes
665 1559 727 1597 ac
769 1542 1139 1613 profluentes,
1206 1540 1513 1594 instructos
1567 1540 1803 1595 rationis
1869 1541 2051 1611 copia,

355 1640 526 1706 atque
571 1631 904 1687 auctoritate
938 1634 1260 1684 sanctarum
1297 1628 1738 1700 Scripturarum,
1768 1630 1879 1700 ipsi
1911 1647 2052 1702 quo-

355 1738 468 1795 que
515 1717 770 1775 haeretici
818 1721 1222 1771 concurrentes
1280 1732 1411 1770 cum
1464 1715 1767 1771 Catholicis
1833 1715 2054 1787 ingenti

356 1811 557 1867 ardore
596 1807 902 1863 audiebant
950 1822 962 1860 :
1015 1810 1071 1859 et
1110 1804 1392 1876 quisquis,
1427 1809 1490 1860 ut
1516 1805 1712 1872 voluit,
1747 1809 1802 1859 et
1841 1806 2051 1877 potuit,

356 1899 607 1956 notarios
656 1895 950 1959 adhibens,
985 1893 1156 1947 etiam
1186 1909 1252 1947 ea
1298 1910 1425 1964 quae
1458 1892 1792 1948 dicebantur
1819 1899 2054 1965 excepta

356 1985 673 2058 descripsit.
709 1986 773 2040 Et
796 1983 928 2037 inde
945 1981 1069 2053 jam
1099 1998 1204 2053 per
1232 1986 1419 2035 totum
1442 1979 1644 2035 Africae
1674 1998 1877 2053 corpus
1906 1999 2052 2053 prte-

354 2069 507 2123 clara
554 2063 812 2120 doctrina
859 2061 1116 2133 odorque
1165 2060 1534 2115 suavissimus
1582 2060 1788 2116 Christi
1816 2062 2053 2116 diffusus

355 2161 413 2211 et
457 2153 852 2210 manifestatus
899 2153 1004 2216 est,
1055 2149 1451 2221 congaudente
1489 2165 1740 2221 quoque,
1782 2166 1848 2204 eo
1896 2167 2052 2204 com-

353 2250 539 2318 perto,
571 2242 814 2299 Ecclesia
864 2240 965 2295 Dei
993 2239 1398 2294 transmarina.
1429 2239 1713 2303 Quoniam
1741 2239 1885 2294 sicut
1914 2241 2053 2295 dum

352 2335 571 2408 patitur
599 2347 778 2387 unum
806 2329 1153 2398 membrum,
1186 2327 1619 2399 compatiuntur
1646 2328 1839 2383 omnia
1868 2344 2050 2384 mem-

352 2425 488 2490 bra;
543 2422 624 2476 ita
675 2419 848 2474 etiam
892 2433 1025 2471 cum
1067 2415 1422 2489 gloriﬁcatur
1474 2432 1654 2471 unum
1705 2418 2050 2488 membrum,

351 2508 710 2582 congaudent
738 2505 932 2561 omnia
962 2505 1221 2559 membra
1248 2503 1273 2537 ⁸
1302 2505 1347 2572 (I
1378 2506 1498 2561 Cor.
1531 2521 1627 2571 xn,
1656 2505 1765 2575 26).

353 2598 581 2657 CAPUT
620 2596 761 2650 VIII.
799 2624 869 2635 —
897 2597 1225 2662 Designatur
1254 2595 1552 2663 cpiscopus,
1584 2596 1704 2647 vivo
1740 2594 1974 2660 Valerio,
2002 2598 2052 2648 et

758 2700 793 2738 a
819 2684 1051 2752 Megalia
1074 2684 1312 2751 primate
1341 2681 1649 2736 ordinatur.

425 2773 524 2828 Ille
572 2789 714 2848 vero
767 2772 968 2827 beatus
1019 2787 1192 2825 senex
1244 2770 1500 2825 Valerius
1556 2769 1775 2825 caateris
1834 2786 1901 2824 ex
1951 2770 2052 2824 hoc

352 2862 598 2935 amplius
644 2862 952 2930 exsultans,
1000 2865 1059 2915 et
1090 2861 1204 2916 Deo
1237 2859 1453 2931 gratias
1482 2874 1657 2930 agens
1686 2858 1756 2913 de
1786 2874 2049 2913 concesso

350 2950 460 3007 sibi
517 2951 750 3024 speciali
809 2950 1111 3018 beneficio,
1159 2954 1416 3004 metuere
1459 2948 1650 3020 cmpit,
1702 2952 1767 3003 ut
1822 2952 1906 3003 est
1944 2948 2050 3003 hu-

349 3056 556 3094 manus
624 3039 867 3106 animus,
919 3055 991 3093 ne
1039 3038 1108 3092 ab
1143 3037 1256 3091 alia
1303 3036 1547 3091 Ecclesia
1593 3036 1880 3091 sacerdote
1932 3035 2049 3107 pri-

350 3134 500 3196 vata,
559 3128 629 3183 ad
686 3127 1079 3198 episcopatum
1118 3130 1491 3198 qumreretur,
1527 3129 1585 3180 et
1640 3125 1750 3179 sibi
1802 3125 2051 3180 auferre-

348 3221 445 3272 tur
493 3233 508 3271 :
556 3232 692 3271 nam
736 3220 792 3271 et
836 3214 895 3269 id
940 3215 1315 3286 provenisset,
1367 3213 1478 3267 nisi
1519 3214 1712 3268 ethoc
1749 3214 1897 3269 idem
1929 3214 2050 3285 epi-

350 3321 557 3376 scopus
602 3303 853 3376 cognito,
886 3304 959 3358 ad
987 3303 1180 3357 locum
1210 3292 1491 3356 secretum
1523 3318 1654 3357 eum
1683 3301 1924 3356 transire
1958 3318 2052 3356 cu—

348 3398 529 3450 rasset
547 3391 591 3459 9,
621 3384 792 3465 atque
814 3391 1157 3447 occultatum
1200 3407 1231 3444 a
1260 3389 1654 3461 quaerentibus
1684 3389 1920 3444 minime
1953 3390 2042 3443 in-

348 3482 532 3539 veniri
562 3482 801 3537 fecisset.
837 3480 994 3535 Unde
1026 3479 1271 3550 amplius
1292 3478 1607 3534 formidans
1635 3478 1791 3533 idem
1820 3495 2051 3533 venera—

350 3571 481 3627 bilis
512 3587 702 3637 scncx,
736 3574 791 3625 et
822 3568 1003 3624 sciens
1048 3585 1107 3623 se
1154 3584 1394 3640 corpore
1425 3572 1482 3621 et
1530 3571 1695 3621 aetate
1725 3566 2047 3621 inﬁrmissi-

348 3676 527 3726 mum,
545 3659 664 3731 egit
681 3659 909 3714 secretis
931 3656 1135 3713 litteris
1153 3657 1301 3729 apud
1327 3656 1629 3727 primatem
1648 3655 2047 3727 episcoporum

348 3746 955 3819 Carthaginensem“,
998 3747 1254 3817 allegans
1302 3745 1752 3800 imbecillitatem
1795 3744 2048 3816 corporis

347 3836 435 3892 sui
467 3836 763 3907 aetatisque
794 3834 1150 3906 gravitatem,
1183 3838 1236 3888 et
1268 3834 1572 3888 obsecrans
1600 3838 1665 3888 ut
1694 3833 2048 3904 Hipponensi

349 3924 610 3980 Ecclesiae
667 3923 1029 3979 ordinaretur
1078 3921 1397 3993 episcopus,
1432 3938 1547 3993 quo
1596 3938 1714 3975 sua:
1765 3921 2048 3976 cathedrae

348 4029 467 4068 non
504 4016 624 4067 tam
675 4012 1020 4079 succederet,
1070 4010 1166 4064 sed
1213 4010 1586 4064 consacerdos
1614 4009 1904 4064 accederet
1939 4012 2048 4065 Au-

348 4101 629 4174 gustinus.
681 4101 750 4155 Et
796 4116 926 4172 quas
983 4098 1201 4171 optavit
1249 4102 1306 4152 et
1361 4096 1578 4168 rogavit
1621 4102 1904 4168 satagens,
1959 4114 2048 4152 re-

346 4190 556 4262 scripto
586 4188 938 4261 impetravit.
969 4189 1035 4242 Et
1065 4191 1263 4259 postea
1299 4186 1484 4258 petito
1518 4186 1588 4240 ad
1615 4186 1965 4241 visitandum
1994 4192 2050 4241 et

347 4279 683 4335 adveniente
736 4279 778 4316 ¹¹
829 4278 901 4332 ad
950 4275 1255 4332 Ecclesiam
1310 4275 1732 4346 llipponensem
1771 4280 1905 4330 tunc
1934 4275 2048 4346 pri-

409 4371 421 4403 ¹
450 4367 607 4430 Editi,
626 4371 677 4417 et
700 4365 1048 4430 Pelagianos;
1070 4363 1450 4430 reluctantibus
1466 4362 1856 4430 manuscriptis,
1870 4367 1928 4430 Aet
1945 4379 2049 4413 me-

460 4424 700 4501 quidem;
722 4424 1016 4493 Augustino
1035 4427 1176 4477 enim
1198 4427 1503 4490 presbytero
1522 4424 1760 4475 nondum
1781 4424 1882 4476 orti
1898 4431 2049 4476 erant

387 4505 414 4541 e
439 4504 633 4541 amem.

346 4493 435 4542 Pet
508 4493 633 4539 iani.

350 4620 360 4624 _
407 4504 612 4611 ²Ἠίιῄ
645 4553 696 4624 et
724 4554 971 4615 repetitis.
1002 4551 1068 4601 At
1094 4552 1199 4600 Mss
1227 4565 1239 4600 :
1278 4553 1345 4602 Et
1375 4549 1703 4613 repentinis;
1746 4549 1797 4599 id
1827 4553 1923 4607 est,
1956 4564 2048 4600 ex-

348 4620 715 4665 temnoraneis.

408 4680 429 4713 3
456 4675 514 4726 In
545 4676 690 4735 Mss.,
718 4675 1165 4727 collaudantibus.

406 4742 427 4775 ι
456 4738 672 4788 Codices
698 4737 842 4798 Mss,
873 4737 1304 4804 diffamantibus.
1334 4740 1508 4802 Atque
1542 4736 1640 4788 Dei
1665 4735 1816 4795 dono,
1848 4736 2045 4797 levare,

345 4806 682 4936 efﬁgisminae‘,
714 4874 779 4936 ex
800 4860 925 4935 Cod.
961 4862 1087 4936 Reg.
1121 4865 1205 4936 ait
1244 4875 1257 4911 :
1296 4864 1480 4936 Sicque
1511 4860 1665 4936 domo
1691 4864 1806 4936 pei‘
1838 4873 1953 4921 pax
1991 4864 2043 4909 in

341 4926 595 4989 Africana
632 4924 871 4975 Ecclesia
905 4924 1162 4983 orta'est,
1201 4924 1346 4987 apud
1385 4924 1548 4989 quam
1584 4924 1765 4974 multo
1789 4926 2044 4988 leinpore,

342 4994 442 5039 etc.
510 4988 578 5037 M.
1392 4988 1395 4989 '
1472 5046 1476 5051 η

404 5055 426 5087 δ
447 5050 665 5101 Codices
692 5048 836 5103 Mss,
865 5047 993 5098 illis.

402 5116 423 5149 7
454 5113 679 5171 Salinas,
709 5110 897 5174 exCd.
925 5110 1090 5159 Yatic.
1124 5112 1244 5174 1188
1276 5124 1287 5157 :
1320 5111 1382 5159 Et
1408 5108 1908 5174 oppressalacebat.
1953 5110 2041 5174 _M.

402 5178 424 5211 ⁸
445 5179 500 5226 In
523 5174 677 5225 editis
700 5172 912 5221 additur
934 5187 947 5236 ξ
968 5176 1069 5224 Per
1084 5172 1225 5221 idem
1245 5172 1451 5236 tempus
1465 5186 1643 5236 eorum
1665 5174 1924 5236 episcopis
1943 5172 2044 5221 hoc

340 5236 757 5300 illijubenlibus,
781 5235 1210 5300 guiﬁptenarimn
1228 5232 1390 5300 (otiis
1408 5232 1601 5300 ᾼῙηοίιτ
1619 5232 1904 5300 concilium
1928 5236 2045 5300 Ilip-

337 5294 735 5363 poneagebant,
758 5294 827 5363 ας(
849 5294 951 5363 ﬁde
982 5301 1033 5347 et
1057 5294 1573 5363 sggnboIOpresQ'g/ler
1592 5294 1771 5363 adhuc
1794 5294 2041 5358 Augusti-

338 5358 440 5425 nus
456 5358 752 5425 disputauit.
785 5359 1047 5425 Verba_ex
1077 5359 1209 5407 libro
1235 5358 1405 5425 primo
1431 5358 1898 5425 Retractationum,
1926 5371 2040 5422 cap.

340 5418 635 5496 nuteniere
670 5422 775 5472 huc
816 5420 1097 5480 translata;
1138 5418 1261 5469 nam
1299 5420 1495 5470 absunt
1530 5418 1753 5470 omnino
1788 5434 1819 5468 a
1852 5418 2040 5469 manu-

340 5489 678 5604 scglgglinas,
699 5560 765 5596 ex
779 5560 888 5596 uno
913 5545 1092 5596 codice
1119 5560 1130 5593 :
1152 5547 1285 5594 Eum
1307 5545 1668 5595 transmittere
1687 5544 1945 5593 curasset.
1968 5544 2037 5593 M.

402 5609 444 5643 ιο
476 5608 605 5673 Duo
632 5609 977 5673 manuscripti
1008 5623 1019 5657 :
1051 5607 1205 5672 Apud
1230 5610 1527 5671 primatem
1569 5606 1873 5670 episcopum
1906 5608 2036 5655 Car-

339 5669 885 5804 ίξξφῇῃῖῗέίβᾶίιὶ
913 5744 1037 5783 vero
1062 5747 1075 5780 :
1100 5734 1381 5795 Postquam
1399 5727 1705 5794 petitionem
1732 5726 1804 5781 ad
1826 5730 2039 5780 visitan-

334 5791 466 5844 dum
493 5791 815 5845 adueniente.

2169 502 2321 554 mate
2362 500 2648 555 Numidite
2699 501 2934 572 Megalia
2964 502 3284 557 Calamensi
3313 503 3601 576 episcopo,
3630 511 3685 561 et
3709 510 3869 564 Vale-

2167 587 2286 642 rius
2331 589 2565 645 antistes
2603 590 2884 661 episcopis
2914 590 3014 662 qui
3042 592 3188 646 forte
3220 596 3356 647 tunc
3385 593 3642 661 aderant,
3674 601 3733 650 et
3760 599 3870 653 cle-

2168 675 2298 730 ricis
2340 678 2606 732 omnibus
2654 678 3137 751 Hipponensibus,
3184 685 3240 735 et
3276 681 3554 736 universae
3586 684 3739 754 plebi
3777 686 3866 741 in—

2169 764 2457 835 opinatam
2506 768 2722 822 cunctis
2768 784 2931 822 suam
2970 768 3221 823 insinuat
3265 775 3402 823 tunc
3449 771 3802 828 voluntatem
3849 792 3862 829 :

2167 854 2548 927 omnibusque
2576 856 2942 911 audientibus
2978 858 3421 929 gratulantibus,
3458 864 3630 931 atque
3652 860 3709 916 id
3743 862 3865 917 ﬁeri

2165 943 2478 1015 perﬁcique
2503 944 2725 1017 ingenti
2742 945 3023 1000 desiderio
3052 947 3451 1013 clamantibus,
3475 949 3859 1021 episcopatum

2166 1032 2450 1104 suscipere
2478 1039 2674 1089 contra
2695 1050 2912 1089 morem
2941 1034 3200 1089 Ecclesia:
3226 1052 3328 1090 suo
3347 1035 3570 1092 vivente
3596 1038 3861 1110 episcopo

2165 1122 2464 1193 presbyter
2505 1125 2804 1177 recusabat
2853 1124 2890 1177 ³.
2933 1124 3195 1194 Dumque
3244 1124 3326 1179 illi
3367 1125 3493 1179 fieri
3540 1127 3740 1191 solere,
3792 1130 3864 1183 ab

2165 1212 2432 1266 omnibus
2462 1213 2817 1282 suaderetur,
2847 1218 3018 1285 atque
3057 1214 3115 1269 id
3142 1213 3351 1286 ignaro
3380 1217 3780 1272 transmarinis
3809 1225 3864 1274 ct

2164 1300 2445 1355 Africanis
2495 1302 2752 1357 Ecclesia:
2797 1303 3072 1374 exemplis
3122 1304 3480 1375 probaretur,
3537 1307 3863 1377 compulsus

2166 1393 2337 1460 atque
2374 1395 2601 1444 coactus
2647 1390 2964 1460 succubuit,
3015 1396 3069 1446 et
3125 1392 3485 1464 episcopatus
3523 1410 3717 1449 curam
3757 1399 3779 1432 ²
3809 1401 3865 1450 et

2166 1477 2398 1548 majoris
2427 1478 2539 1533 loci
2567 1478 2987 1535 ordinationem
3015 1480 3284 1552 suscepit.
3311 1481 3471 1546 Quod
3491 1482 3549 1536 in
3580 1500 3638 1537 se
3669 1489 3866 1555 postea

2166 1565 2291 1619 ﬁeri
2319 1583 2435 1621 non
2472 1567 2752 1637 debuisse,
2801 1571 2863 1622 ut
2892 1569 3014 1622 vivo
3046 1586 3149 1623 suo
3189 1568 3453 1641 episcopo
3483 1571 3864 1640 ordinaretur,

2166 1659 2222 1710 et
2249 1655 2411 1725 dixit,
2454 1660 2512 1711 et
2556 1656 2783 1727 scripsit
2831 1658 3026 1729 (Epist.
3062 1661 3187 1724 213,
3218 1674 3275 1713 n.
3308 1659 3385 1729 4),
3418 1665 3654 1730 propter
3675 1660 3864 1716 conci-

2164 1743 2229 1797 lii
2280 1743 2615 1799 universalis
2649 1745 2887 1800 vetitum
2919 1744 3016 1815 (a),
3062 1746 3216 1817 quod
3236 1746 3357 1817 jam
3389 1747 3690 1803 ordinatus
3721 1749 3863 1805 didi-

2164 1833 2236 1887 cit
2270 1849 2283 1887 :
2317 1849 2420 1888 nec
2449 1835 2601 1904 quod
2630 1834 2738 1889 sibi
2757 1836 2968 1890 factum
2993 1852 3112 1889 esse
3138 1835 3340 1904 doluit,
3368 1836 3493 1891 aliis
3514 1837 3639 1892 ﬁeri
3664 1839 3861 1895 voluit.

2169 1922 2325 1977 Unde
2374 1922 2545 1977 etiam
2603 1924 2807 1995 sategit
2869 1924 2962 1993 (b),
3016 1928 3080 1978 ut
3125 1924 3375 1979 conciliis
3423 1926 3866 1982 constitueretur

2165 2010 2583 2081 episcoporum,
2611 2013 2682 2066 ab
2711 2012 3131 2068 ordinatoribus
3174 2013 3372 2069 deberi
3401 2014 3736 2070 ordinandis
3774 2017 3859 2071 vel

2165 2099 2442 2154 ordinatis
2498 2101 2759 2155 omnium
2822 2105 3032 2156 statuta
3083 2102 3443 2157 sacerdotum
3491 2102 3552 2157 in
3596 2092 3855 2158 notitiam

2164 2205 2284 2243 esse
2315 2189 2639 2245 deferenda.

2414 2296 2638 2350 CAPUT
2670 2296 2760 2351 IX.
2801 2326 2866 2334 —
2892 2298 3106 2366 Pugnat
3135 2313 3254 2352 cum
3291 2301 3608 2354 Donatistis.

2232 2392 2420 2463 Atque
2468 2392 2548 2447 ita
2586 2393 2799 2448 factum
2845 2397 2948 2460 est,
2989 2398 3053 2449 ut
3081 2394 3382 2466 episcopus
3425 2397 3607 2450 multo
3651 2395 3865 2451 instan-

2163 2479 2277 2534 tius
2325 2498 2389 2535 ac
2430 2481 2759 2550 ferventius,
2818 2483 3037 2554 majore
3094 2485 3448 2551 auctoritate,
3506 2500 3623 2540 non
3679 2486 3866 2541 adhuc

2162 2566 2224 2622 in
2251 2585 2368 2623 una
2396 2574 2620 2626 tantum
2652 2572 2908 2643 regione,
2952 2573 3048 2627 sed
3102 2573 3449 2645 ubicumque
3491 2577 3733 2645 rogatus
3782 2590 3866 2628 ve-

2162 2654 2357 2724 nisset,
2404 2660 2640 2715 verbum
2680 2661 2879 2715 salutis
2926 2665 3157 2716 aeternae
3206 2662 3468 2717 alacriter
3514 2678 3578 2717 ac
3607 2663 3866 2734 gnaviter

2162 2746 2479 2815 pullulante
2525 2753 2547 2785 ³
2586 2754 2756 2821 atque
2803 2755 3091 2805 crescente
3121 2750 3353 2819 Domini
3384 2750 3627 2806 Ecclesia
3652 2751 3864 2821 praedi-

2162 2839 2333 2902 caret,
2375 2841 2604 2907 paratus
2648 2856 2875 2911 semper
2911 2839 3273 2909 poscentibus
3312 2838 3551 2895 reddere
3584 2840 3862 2895 rationem

2161 2923 2230 2978 de
2260 2924 2371 2980 lide
2401 2930 2458 2980 et
2484 2943 2603 2999 spe,
2640 2943 2769 2999 qua:
2799 2928 2860 2982 in
2890 2929 3071 2983 Deum
3101 2931 3203 2983 est.
3253 2930 3319 2982 Et
3365 2929 3488 3001 ejus
3516 2928 3663 2983 dicta
3691 2934 3864 3000 atque

2163 3018 2412 3084 excepta,
2463 3015 2711 3070 maxime
2753 3016 3065 3071 Donatista:
3108 3018 3167 3071 in
3220 3016 3420 3071 eadem
3462 3017 3816 3089 Hipponensi
3845 3022 3865 3052 ⁸

2160 3103 2249 3157 vel
2294 3102 2482 3157 vicina
2512 3108 2807 3158 manentes
2852 3104 3094 3174 civitate,
3125 3105 3194 3159 ad
3223 3122 3352 3160 suos
3380 3106 3678 3177 episcopos
3707 3108 3861 3163 defe-

2161 3192 2379 3246 rebant.
2427 3191 2563 3256 Qua:
2610 3210 2739 3247 cum
2785 3192 3096 3259 audissent,
3145 3198 3201 3248 et
3240 3199 3433 3247 contra
3464 3194 3612 3248 forte
3636 3195 3859 3268 aliquid

2163 3279 2435 3347 dicerent,
2465 3285 2566 3335 aut
2594 3298 2624 3334 a
2648 3280 2763 3335 suis
2792 3281 3217 3347 refellebantur,
3240 3287 3335 3336 aut
3364 3280 3563 3336 eadem
3580 3298 3861 3353 responsa

2166 3368 2235 3422 ad
2281 3373 2541 3422 sanctum
2570 3369 2955 3440 Augustinum
3004 3370 3425 3433 deferebantur,
3467 3369 3663 3440 eisque
3706 3387 3863 3426 com-

2159 3457 2356 3527 pertis,
2387 3458 2672 3529 patienter
2700 3474 2763 3511 ac
2804 3457 3032 3523 leniter,
3074 3463 3151 3524 et,
3197 3462 3262 3512 ut
3289 3456 3565 3528 scriptum
3593 3461 3696 3525 est,
3734 3473 3862 3512 cum

2159 3543 2366 3597 timore
2420 3548 2475 3597 et
2531 3549 2781 3599 tremore
2833 3547 3076 3600 salutem
3129 3545 3387 3599 omnium
3435 3543 3458 3578 ⁵
3516 3545 3864 3615 operabatur

2161 3634 2420 3703 (Philipp.
2462 3648 2525 3703 ll,
2574 3638 2655 3703 12)
2707 3650 2722 3687 :
2769 3636 3094 3703 ostendens,
3152 3649 3326 3706 quam
3379 3634 3522 3688 nihil
3568 3633 3651 3687 illi
3689 3634 3862 3687 refel-

2159 3720 2275 3774 lere
2321 3721 2605 3777 voluerint
2651 3739 2715 3777 ac
2750 3722 3053 3790 valuerint,
3086 3738 3375 3794 quamque
3402 3737 3598 3776 verum
3628 3720 3862 3775 manife-

2160 3813 2426 3881 stumque
2478 3810 2550 3864 sit
2592 3811 2745 3883 quod
2798 3811 3057 3867 Ecclesia:
3089 3810 3190 3865 Dei
3233 3811 3373 3866 tides
3402 3815 3559 3866 tenet
3587 3826 3650 3863 ac
3677 3808 3857 3864 docet.

2159 3898 2225 3952 Et
2252 3899 2374 3953 hmo
2419 3898 2618 3954 diebus
2647 3916 2711 3954 ac
2748 3901 3007 3955 noctibus
3044 3900 3115 3954 ab
3145 3899 3348 3954 eodem
3371 3898 3588 3969 jugiter
3616 3897 3863 3968 ageban-

2157 3991 2273 4044 tur.
2326 3988 2467 4042 Nam
2518 3992 2575 4042 et
2614 3986 2883 4060 epistolas
2922 3990 3170 4059 privatas
3203 3988 3274 4043 ad
3304 4003 3567 4059 quosque
3607 3987 3860 4057 ejusdem

2159 4076 2367 4131 erroris
2395 4077 2710 4150 episcopos,
2747 4083 2811 4133 et
2839 4078 3158 4133 eminentes
3188 4077 3402 4132 scilicet
3426 4077 3600 4131 laicos
3631 4076 3791 4131 dedit
3817 4075 3859 4141 δ,

2158 4166 2378 4220 ratione
2434 4167 2661 4221 reddita
2686 4168 3002 4222 admonens
3028 4172 3199 4239 atque
3231 4167 3554 4235 exhortans,
3586 4169 3649 4219 ut
3674 4166 3763 4219 vel
3795 4164 3861 4218 ab

2155 4254 2252 4308 illa
2283 4271 2341 4309 se
2362 4255 2634 4326 pravitate
2650 4256 3022 4327 corrigerent,
3046 4256 3132 4310 vel
3153 4260 3302 4309 certe
3319 4254 3391 4308 ad
3413 4252 3861 4325 disputationem

2155 4342 2435 4398 venirent.
2463 4346 2535 4398 At
2561 4343 2642 4397 illi
2666 4359 2849 4399 causa:
2870 4343 3192 4399 difﬁdentia
3209 4345 3231 4379 τ
3254 4359 3325 4397 ne
3347 4340 3581 4414 quidem
3604 4356 3860 4412 unquam

2221 4485 2235 4518 ί
2269 4482 2489 4543 Salinas,
2522 4496 2588 4533 ex
2618 4482 2706 4532 Cd.
2739 4482 2868 4545 Reg.
2899 4485 2986 4532 541
3038 4498 3051 4531 :

2156 4545 2481 4680 “gregi-Iis
2509 4606 2725 4680 codices
2740 4609 3075 4680 praetereunt,
3102 4608 3158 4680 et
3189 4608 3513 4680 episeopatus
3539 4615 3753 4680 σεξτςιηι.

2216 4672 2237 4704 ³
2264 4669 2429 4740 Edam...
2444 4682 2508 4718 ac
2547 4665 2787 4740 suaviter
2831 4669 3171 4740 pullulante...
3192 4665 3251 4704 —'-
3282 4665 3554 4740 Ita_etiam
3583 4665 3696 4740 ϐἀ..
3716 4678 3857 4714 unus

2155 4731 2292 4795 apud
2326 4731 2559 4790 Salinas;
2590 4731 2722 4779 alter
2745 4728 2957 4788 omittit,
2989 4732 3239 4795 gnaviter
3263 4730 3584 4794 pullulante.
3652 4728 3721 4776 Μ.

2216 4796 2237 4856 ξ
2274 4792 2501 4856 Salinas,
2527 4806 2593 4841 ex
2612 4805 2721 4841 uno
2751 4793 2877 4844 Cd.:
2914 4796 2979 4843 In
3013 4795 3201 4844 eadem
3233 4790 3560 4856 Hipponensi
3599 4789 3841 4840 Ecclesia

2485 4828 2497 4846 ο
2527 4824 2593 4841 οι
2616 4824 2721 4841 uuu
2751 4824 2845 4844 υυο
2865 4830 2877 4842 ο
2914 4824 2979 4843 ,ην
3013 4824 3201 4844 auuol"
3233 4824 3560 4846 υινμυηυησσ
3599 4824 3859 4846 υνννιυ-υη

2154 4855 2256 4906 vel.
2286 4859 2385 4905 etc.
2452 4854 2525 4902 M.

2216 4892 2414 4967 S’iiﬁiis
2438 4892 2783 4967 Eldriacensis
2812 4918 2926 4978 Cd.,
2951 4916 3245 4967 hominum.
3282 4942 3342 4953 —
3370 4915 3514 4965 Idem
3539 4926 3679 4963 unus
3703 4927 3731 4962 e
3763 4913 3860 4961 Va-

2155 4980 2242 5046 tic.
2272 4980 2410 5046 epuli
2442 4979 2664 5028 Salinas.
2732 4980 2800 5028 M.
2866 5042 2911 5046 __
3080 5043 3117 5046 __
3283 5042 3291 5046 _
3400 5043 3407 5046 _
3453 5043 3462 5046 _
3508 5039 3521 5046 ,
3693 5035 3704 5046 .

2216 5044 2238 5076 ⁶
2266 5036 2490 5101 Salinas,
2521 5055 2586 5090 ex
2615 5045 2842 5103 quatuor
2865 5042 2987 5091 Mss.
3023 5056 3035 5089 :
3068 5043 3205 5091 Nam
3243 5042 3292 5089 et
3323 5039 3585 5101 epistolas
3610 5036 3860 5103 priuatas

2154 5102 2245 5168 ad
2263 5098 2508 5168 quosque
2530 5098 2771 5168 ejuédem
2809 5108 3006 5154 erroris
3036 5103 3304 5167 episcopos
3339 5098 3634 5152 eminentes
3662 5098 3858 5149 scilicet

2155 5165 2566 5230 ellu'icos'dedil.
2631 5167 2701 5230 Μ,
2962 5227 2985 5230 _
3208 5165 3266 5230 λ
3368 5225 3433 5230 ,Α
3500 5224 3512 5230 ,
3585 5224 3616 5230 __
3794 5221 3827 5230 ..

2215 5230 2234 5263 7
2264 5229 2360 5278 Hic
2383 5228 2654 5291 sequimur
2672 5228 2929 5278 Joannem
2956 5227 3162 5276 Salinas
3177 5226 3289 5290 qui,
3311 5225 3484 5291 relata
3500 5222 3854 5291 laetioneedi-

2151 5291 2312 5340 tionis
2343 5284 2671 5350 Parisiensis,
2691 5291 2891 5340 scilicet
2916 5304 2927 5336 :
2950 5293 3016 5338 At
3034 5291 3119 5338 illi
3146 5284 3312 5340 causa
3326 5285 3656 5351 difﬁdentia,
3673 5284 3820 5351 addit
3840 5295 3852 5351 ς

2153 5353 2337 5402 Verior
2348 5357 2523 5402 tamen
2551 5345 2735 5415 nostra
2756 5355 2970 5415 apparet
2998 5352 3173 5410 lectio,
3195 5364 3313 5401 cum
3332 5345 3489 5415 paulo
3520 5352 3639 5412 post
3665 5345 3857 5396 subdat

2154 5415 2440 5479 Possidius,
2456 5415 2611 5478 juxta
2627 5413 2969 5463 Parisiensem
2986 5414 3270 5479 editionem
3292 5427 3303 5461 :
3319 5413 3383 5462 Et
3397 5415 3458 5479 ut
3472 5418 3854 5479 eorujncaugv

2153 5467 2475 5540 difﬁdentia
2500 5481 2707 5528 canalis
2733 5479 3076 5540 innotescere!
3096 5475 3405 5540 elaboravit
3429 5489 3443 5531 ;
3471 5473 3561 5540 ubi
3598 5473 3777 5540 Patres
3798 5467 3850 5517 S.

2151 5536 2319 5588 Miiuri
2347 5538 3018 5589 emendantLovauiensem
3045 5538 3329 5588 editionem
3369 5536 3651 5589 legentem:
3683 5536 3853 5582 Causa

2149 5597 2482 5713 ῗξςξάίἲίίίτο
2511 5600 2874 5665 Λάθυρυιδῑιιι*
2902 5603 3098 5650 nostra:
3130 5598 3345 5649 lectioni
3362 5595 3529 5647 codex
3568 5595 3851 5646 Vaticanus

2218 5729 2288 5789 (αν)
2317 5724 2772 5789 Conciliil‘licaani.

2216 5778 2284 5852 ibi
2314 5788 2377 5837 In
2405 5786 2629 5839 concilio
2653 5784 3049 5850 Carthaginensi
3076 5783 3249 5847 tertio,
3282 5796 3424 5834 anno
3455 5784 3565 5843 397,
3594 5793 3710 5831 can.
3741 5778 3788 5826 3.

3099 4481 3388 4546 Religiosus
3405 4480 3677 4544 presbyter
3710 4492 3861 4530 reca-
