4048 6194
345 289 414 343 43
1555 281 1724 336 VlTA
1764 279 1817 334 S.
1861 277 2243 335 AUGUSTINI
2298 277 2646 344 EPISCOPI,
3796 281 3864 333 1,1,

342 408 559 462 dictum
602 409 707 472 est,
740 421 870 460 cum
900 405 988 459 his
1017 405 1116 476 qui
1155 405 1395 459 oderant
1431 420 1650 474 pacem,
1685 406 1848 458 erant
1876 401 2040 472 paci-

338 496 464 563 fici;
495 500 551 551 et
590 511 720 550 cum
750 495 1137 566 loquerentur,
1188 493 1620 549 debellabantur
1649 492 1826 563 gratis
1855 492 1926 545 ab
1961 489 2042 544 eis

336 587 509 656 (Psal.
543 602 686 651 cxrx,
717 584 797 655 '7).

338 711 562 765 CAPUT
599 710 711 765 Xll.
742 739 810 750 —-
834 709 1176 777 Augustinus
1200 712 1432 777 paratas
1462 707 1570 760 sibi
1597 704 1830 759 insidias
1861 719 2040 757 em'orc

435 799 674 854 ductoris
707 798 928 852 devitat.
963 797 1136 851 Multa
1160 797 1389 850 auraria
1419 794 1682 848 hareticis
1712 791 1941 846 indicta.

409 923 727 994 Aliquoties
774 937 905 976 vero
956 919 1128 974 etiam
1177 919 1294 972 vias
1341 916 1547 971 armati
1577 915 1755 970 iidem
1785 914 2044 970 Circum-

340 1012 610 1066 celliones
648 1014 844 1064 contra
895 1008 1176 1061 famulum
1232 1006 1330 1060 Dei
1380 1005 1764 1075 Augustinum
1808 1003 2045 1058 obsede-

339 1104 493 1165 runt,
566 1099 702 1151 dum
760 1096 903 1149 forte
975 1095 1080 1148 iret
1133 1099 1364 1165 rogatus
1427 1094 1495 1148 ad
1549 1091 2044 1155 visitandas,.in-

340 1186 637 1241 struendas
665 1189 721 1239 et
750 1183 1127 1238 exhoi'tandas
1153 1183 1459 1237 catholicas
1485 1181 1708 1253 plebes;
1738 1181 1889 1252 quod
1924 1181 2044 1250 ipse

338 1274 794 1346 frequentissime
825 1272 1082 1326 faciebat.
1129 1273 1194 1326 Et
1233 1270 1538 1341 aliquando
1571 1269 1831 1341 contigit,
1863 1273 1926 1323 ut
1959 1266 2042 1320 illi

341 1363 744 1419 succenturiati
792 1363 1062 1416 hactenus
1108 1360 1409 1430 perderent
1449 1359 1771 1430 captionem
1809 1374 1821 1412 :
1857 1351 2047 1412 evenit

341 1453 495 1509 enim
528 1453 627 1507 Dei
667 1451 900 1522 quidem
940 1450 1314 1521 providentia,
1357 1449 1456 1504 sed
1498 1447 1784 1503 ducatoris
1815 1447 1834 1480 ⁸
1867 1446 2047 1500 homi-

340 1544 429 1598 nis
475 1558 686 1607 errore,
736 1547 799 1594 ut
827 1556 930 1610 per
960 1540 1128 1593 aliam
1167 1539 1315 1593 viam
1347 1555 1477 1592 cum
1518 1537 1633 1591 suis
1665 1536 1968 1591 comitibus
1998 1533 2040 1600 ²,

341 1631 598 1686 sacerdos
628 1646 740 1700 quo
773 1629 1038 1684 tendebat
1065 1628 1330 1696 venisset,
1363 1633 1533 1698 atque
1566 1643 1667 1698 per
1694 1627 1846 1680 hunc
1873 1641 2045 1696 quem

340 1725 536 1790 postea
571 1719 839 1790 cognovit
869 1733 1144 1784 errorem,
1175 1733 1380 1770 manus
1425 1716 1630 1786 impias
1661 1715 1941 1768 evasisset.
1983 1715 2047 1768 Et

349 1825 479 1863 cum
524 1808 583 1861 in
618 1807 884 1861 omnibus
928 1805 1220 1860 liberatori
1270 1807 1382 1859 Deo
1426 1806 1637 1874 gratias
1669 1803 1892 1872 egisset,
1922 1819 2045 1856 om-

351 1897 487 1952 nino
519 1914 620 1950 suo
652 1912 808 1950 more
838 1894 922 1948 illi
945 1900 964 1930 ³
991 1910 1093 1949 nec
1116 1893 1389 1948 laicisnec
1409 1893 1624 1948 clericis
1646 1897 2041 1965 pepercerunt,

353 1987 496 2040 sicut
524 1985 749 2057 publica
777 1988 1170 2038 contestantur
1199 1988 1354 2054 gesta
1387 1988 1425 2037 ‘.

413 2077 566 2129 Inter
615 2091 682 2127 ea
728 2073 1012 2127 silendum
1055 2088 1170 2125 non
1215 2078 1316 2138 est,
1359 2071 1511 2143 quod
1557 2071 1627 2126 ad
1672 2071 1903 2125 laudem
1947 2071 2044 2125 Dei

340 2180 443 2235 per
473 2163 624 2217 illius
657 2168 768 2216 tam
803 2160 1020 2232 egregii
1043 2161 1101 2213 in
1135 2159 1376 2214 Ecclesia
1404 2159 1507 2212 viri
1537 2159 1786 2213 studium
1820 2160 2048 2213 domus-

342 2268 454 2323 que
489 2250 589 2306 Dei
615 2251 799 2321 zelum
831 2251 1100 2304 adversus
1131 2248 1427 2319 praedictos
1457 2249 1902 2318 rebaptizatores
1937 2250 2046 2302 Do-

347 2340 580 2394 natistas
622 2345 843 2410 gestum
889 2342 945 2393 et
973 2337 1286 2408 perfectum
1319 2343 1422 2390 est.
1455 2337 1594 2391 Cum
1626 2337 1770 2390 forte
1804 2353 1949 2390 unus
1980 2353 2046 2390 ex

346 2430 416 2483 iis
447 2446 591 2500 quos
620 2429 688 2482 de
720 2445 821 2482 suo
868 2426 1212 2481 monasterio
1255 2431 1308 2479 et
1338 2426 1486 2479 clero
1517 2425 1814 2496 episcopos
1863 2426 2045 2480 Eccle-

349 2518 445 2572 sia
476 2521 909 2588 propagaverat,
939 2516 1007 2570 ad
1049 2531 1209 2569 suam
1251 2531 1443 2568 curam
1476 2515 1858 2585 pertinentem
1890 2515 2047 2568 Cala-

349 2609 559 2662 mensis
605 2606 859 2660 Ecclesia
887 2605 1177 2659 dioecesim
1217 2603 1488 2672 visitaret,
1534 2609 1590 2657 et
1619 2619 1748 2675 qua
1777 2603 2052 2657 didicerat

350 2713 455 2768 pro
495 2712 632 2768 pace
681 2694 937 2749 Ecclesia
968 2698 1164 2747 contra
1206 2692 1362 2746 illam
1396 2692 1660 2747 haeresim
1692 2691 2046 2762 praedicaret,

351 2787 562 2841 factum
610 2790 693 2839 est
737 2789 801 2838 ut
831 2783 1019 2837 medio
1047 2783 1250 2836 itinere
1281 2799 1478 2836 eorum
1509 2782 1743 2836 insidias
1774 2783 2050 2838 incurris-

351 2879 456 2941 set,
489 2881 544 2928 et
573 2887 873 2943 pervasum
904 2887 1034 2924 cum
1073 2869 1340 2924 omnibus
1384 2870 1468 2923 illi
1498 2870 1922 2935 comitantibus,
1958 2889 2051 2926 su-

349 2963 518 3019 blatis
562 2961 907 3016 animalibus
937 2964 993 3013 et
1022 2959 1209 3026 rebus,
1242 2958 1468 3029 injuriis
1491 2964 1548 3013 et
1574 2959 1726 3012 cade
1758 2976 1891 3013 eum
1921 2976 2054 3030 gra-

350 3051 580 3105 vissima
627 3049 963 3104 affecissent.
997 3049 1074 3101 De
1105 3064 1218 3118 qua
1248 3064 1328 3113 re,
1362 3063 1432 3100 ne
1465 3047 1617 3118 pacis
1646 3048 1903 3102 Ecclesia
1934 3065 2055 3102 am-

351 3140 499 3212 plius
547 3139 921 3209 impediretur
969 3137 1276 3206 profectus,
1327 3135 1590 3189 defensor
1621 3136 1876 3190 Ecclesia
1909 3137 2056 3192 inter

349 3231 507 3300 leges
537 3244 655 3282 non
685 3227 862 3281 siluit.
904 3226 970 3279 Et
1010 3230 1329 3295 praceptus
1359 3230 1443 3278 est
1474 3225 1784 3295 Crispinus,
1817 3225 1917 3296 qui
1945 3226 2054 3280 eis-

355 3319 485 3373 dem
539 3314 846 3371 Donatistis
876 3314 936 3368 in
967 3313 1284 3368 Calamensi
1317 3312 1544 3367 civitate
1587 3319 1645 3367 et
1675 3314 1906 3384 regione
1938 3316 2058 3386 epi-

356 3423 557 3476 scopus
588 3405 716 3471 fuit,
749 3403 1091 3475 pradicatus
1122 3403 1334 3456 scilicet
1363 3407 1419 3456 et.
1451 3402 1645 3456 multis
1676 3403 1972 3473 temporis,
2003 3409 2059 3458 et

356 3496 556 3549 doctus
585 3494 654 3548 ad
687 3493 958 3547 mulctam
1001 3491 1183 3546 teneri
1225 3491 1508 3545 aurariam
1557 3491 1798 3561 publicis
1840 3493 2059 3564 legibus

356 3588 555 3639 contra
595 3582 893 3637 hareticos
941 3580 1325 3634 constitutam.
1368 3579 1474 3643 Qui
1519 3582 1797 3634 resultans
1838 3582 2058 3652 legibus

355 3677 728 3743 prasentatus
759 3687 888 3725 cum
919 3671 1070 3741 apud
1093 3670 1502 3725 Proconsulem
1533 3685 1591 3724 se
1614 3675 1850 3741 negaret
1878 3672 2058 3725 hare-

355 3761 554 3822 ticum,
589 3762 792 3814 oborta
841 3765 926 3814 est
970 3759 1291 3825 necessitas,
1343 3762 1402 3813 ut
1435 3758 1516 3812 illi
1546 3759 1844 3814 recedente
1874 3762 2060 3814 Eccle-

359 3850 459 3905 sia
506 3850 824 3915 defensore,
873 3866 907 3902 a
952 3849 1226 3902 catholico
1273 3849 1537 3919 episcopo
1576 3848 1935 3904 resisteretur
1966 3851 2057 3921 (α),

361 3944 416 3993 et
445 3937 877 3993 convinceretur
904 3953 1036 3992 eum
1067 3953 1208 4002 esse,
1243 3936 1394 4008 quod
1424 3953 1482 3991 se
1511 3937 1682 3992 fuisse
1714 3945 2018 4009 negaverat
2049 3957 2061 3992 :

364 4027 634 4100 quoniam
663 4026 709 4080 si
742 4027 811 4080 ab
842 4026 1042 4080 eodem
1071 4025 1548 4096 dissimularetur,
1581 4025 1725 4082 forte
1756 4029 2064 4083 catholicus

363 4115 660 4188 episcopus
724 4115 794 4170 ab
854 4115 1248 4186 ignorantibus
1304 4115 1606 4170 haereticus
1645 4114 1667 4149 ⁸
1715 4119 2060 4186 crederetur,

361 4206 461 4260 illo
493 4222 550 4259 se
577 4205 729 4275 quod
760 4208 881 4258 erat
901 4210 1167 4274 negante,
1201 4209 1371 4276 atque
1398 4205 1476 4259 ita
1497 4222 1563 4259 ex
1595 4207 1698 4260 hac
1730 4206 1944 4262 desidia
1970 4208 2061 4261 in-

363 4293 545 4348 firmis
595 4293 922 4347 scandalum
973 4299 1318 4347 nasceretur.
1372 4294 1439 4347 Et
1483 4295 1840 4350 memorabili
1867 4299 2062 4368 Augu-

367 4383 512 4437 stino
556 4381 808 4436 antistite
844 4381 1195 4436 omnimodis
1225 4381 1495 4450 instante,
1521 4383 1593 4438 ad
1622 4386 2065 4441 controversiam

370 4471 536 4525 ambo
563 4470 645 4524 illi
677 4470 1032 4525 Calamenses
1057 4471 1305 4542 episcopi
1326 4477 1621 4541 venerunt,
1653 4480 1710 4529 et
1737 4475 1805 4530 de
1837 4476 1959 4547 ipsa
1978 4477 2064 4531 di-

368 4577 528 4616 versa
575 4560 977 4614 communione
1008 4560 1174 4614 tertio
1215 4562 1542 4616 conflictum
1582 4579 1773 4618 secum
1803 4571 2064 4636 egerunt,

370 4666 580 4722 magna
616 4649 962 4720 populorum
1001 4650 1441 4706 Christianorum
1472 4652 1842 4709 multitudine
1882 4672 2066 4710 causa

371 4741 606 4807 exitum,
659 4745 716 4794 et
757 4739 910 4810 apud
941 4740 1365 4811 Carthaginem,
1398 4746 1453 4795 et
1475 4758 1582 4813 per
1609 4745 1790 4797 totam
1821 4744 2066 4801 Africam

434 4851 448 4882 ι
489 4846 572 4896 Sic
615 4846 768 4902 Mss;
798 4845 923 4894 editi
960 4859 1085 4895 vero
1119 4861 1130 4895 :
1164 4849 1429 4898 Ductoris.
1466 4875 1524 4882 —
1557 4848 1901 4898 Posteriorem
1921 4847 2068 4902 hanc

370 4909 707 4973 vocemrlegit
731 4908 951 4973 Salinas
965 4923 1045 4973 ex_
1065 4909 1208 4958 Cdd.’
1227 4911 1351 4973 Reg.
1389 4913 1473 4958 511
1505 4914 1558 4958 et
1591 4910 1756 4973 Vatic.
1791 4915 1928 4961 1188.
1997 4916 2065 4964 Μ.

431 4972 452 5006 ⁵
473 4970 696 5030 Salinas,
721 4985 787 5020 ex
817 4970 906 5019 Cd.
935 4971 1098 5021 Vatic.
1132 4973 1250 5021 1188
1287 4970 1463 5023 {Cum
1489 4972 1601 5022 suis
1633 4971 1954 5026 ductoribus
1984 4977 2069 5026 vel

371 5035 666 5086 comitibus.
733 5033 801 5081 M.

430 5101 450 5133 ³
481 5097 686 5160 Salinas
719 5095 881 5153 addit,
911 5096 1159 5153 furentes,
1186 5095 1504 5160 subjicitque
1537 5095 1674 5144 hanc
1700 5101 1898 5146 notam.
1930 5113 1941 5147 :
1971 5101 2068 5149 Vo-

430 5110 450 5133 δ
481 5110 686 5146 Salinas
719 5110 881 5153 suun,
911 5110 1159 5153 Invenies,
1191 5110 1504 5206 subactique
1539 5110 1674 5144 nanc
1700 5110 1898 5146 notam.
1930 5113 1941 5147 :
1978 5110 2068 5149 vo-

369 5160 541 5208 culam
558 5159 819 5222 furentes
842 5159 1149 5222 auctoritate
1174 5157 1266 5222 Cd.
1341 5173 1420 5222 eg.
1439 5161 1524 5208 541
1554 5160 1844 5222 posuimus,
1872 5175 1968 5210 nec
1992 5176 2070 5210 re-

370 5222 508 5286 cedit
536 5220 566 5270 a
598 5221 818 5286 Postidii
843 5221 1013 5283 genio,
1046 5225 1105 5269 ut
1130 5220 1219 5284 qui
1249 5233 1362 5282 cap.
1381 5220 1426 5270 ⁷9
1447 5222 1521 5270 ait
1551 5220 1568 5280 ξ
1600 5225 1732 5271 Irati
1759 5221 1966 5286 furiosa
2000 5225 2069 5276 lo—

369 5285 699 5347 quebantur.
773 5283 841 5330 M.
1154 5283 1161 5284 '
1759 5283 1767 5286 '

430 5349 452 5418 ξ
477 5345 700 5418 Salinas,
721 5359 782 5394 ex
806 5359 910 5394 uno
931 5343 1021 5394 Cd.
1047 5359 1058 5392 :
1081 5345 1231 5418 Sicut
1244 5341 1459 5418 publica
1477 5345 1745 5397 continent
1765 5351 1970 5418 gesta.__
1996 5351 2064 5399 Μ.

432 5411 453 5445 5
494 5408 844 5457 Lovanienses
884 5420 1067 5456 vocem
1102 5407 1382 5456 lia‘relicus
1417 5407 1785 5469 expunxerant
1842 5411 2067 5460 reniten-

371 5471 513 5520 tibus
542 5470 807 5519 manuscri
813 5469 931 5532 ptis.

417 5534 501 5644 (gn)
518 5530 927 5582 Catholicus'ille
947 5530 1222 5594 episcOpus
1243 5530 1355 5604 ipse
1379 5534 1458 5603 est
1485 5533 1578 5605 qui
1604 5547 1712 5583 rem
1736 5538 1915 5582 narrat
1941 5535 2067 5584 Pos-

455 5609 554 5644 ius.
585 5607 779 5643 nomen
805 5607 959 5642 suum
987 5607 1094 5644 pra
1122 5594 1378 5643 modestia
1407 5593 1616 5644 silentio
1646 5599 1846 5644 tenens.
1879 5597 1969 5644 sed
2001 5600 2066 5644 ab

369 5593 554 5649 sidius.
582 5607 779 5658 nomen
805 5607 959 5658 suum
980 5593 1378 5658 ’pramodestia
1407 5593 1616 5644 silentio
1646 5599 1846 5658 tegens,
1879 5597 1969 5646 sed
2001 5600 2066 5649 ab

369 5657 667 5726 Augustino
691 5654 1001 5726 proditusin
1023 5655 1391 5726 Epist_qls_l_05,
1415 5670 1467 5706 n.
1501 5659 1543 5715 1,
1575 5661 1628 5706 et
1661 5654 1725 5707 in
1743 5657 1876 5708 libro
1910 5663 2064 5712 tertio

370 5717 555 5768 contra
583 5717 939 5776 Cresconium,
971 5717 1118 5780 capp.
1148 5720 1224 5779 46,
1256 5721 1328 5767 4⁸1.

2153 421 2512 489 exspectante
2556 434 2568 471 :
2612 422 2784 489 atque
2825 416 2906 471 illi
2947 416 3238 487 Crispinus
3281 420 3674 490 proconsulari
3717 425 3775 476 et
3805 423 3865 476 li-

2155 505 2666 560 bellarisententia
2711 510 2794 560 est
2822 505 3225 577 pronuntiatus
3249 507 3574 564 hareticus.
3607 510 3716 564 Pro
3748 527 3864 582 quo

2156 594 2252 648 ille
2281 596 2432 666 apud
2461 595 2826 666 Cognitorem
2851 593 3163 650 catholicus
3192 596 3491 670 episcopus
3522 597 3865 664 intercessit,

2157 700 2228 737 ne
2253 683 2478 739 auraria
2501 685 2711 739 mulcta
2737 685 3091 755 exigeretur;
3118 689 3172 738 et
3197 685 3250 739 ei
3278 691 3364 739 est
3390 685 3732 741 beneficium
3764 687 3868 741 im—

2156 777 2463 843 petratum.
2521 773 2677 828 Unde
2705 790 2834 828 cum
2874 776 3128 844 ingratus
3185 775 3255 828 ad
3298 774 3621 845 piissimum
3651 775 3870 831 Princi-

2157 879 2288 934 pem
2317 861 2726 934 ‘provocasset,
2759 870 2816 918 et
2844 864 2914 918 ab
2937 864 3286 935 Imperatore
3319 864 3580 918 relationi
3609 863 3865 919 debitum

2158 957 2239 1005 est
2281 968 2617 1023 responsum
2675 953 2946 1018 solutum,
2999 957 3055 1006 et
3105 959 3472 1007 consecutum
3521 958 3605 1008 est
3659 969 3867 1024 prace-

2159 1046 2320 1112 ptum
2343 1039 2389 1109 ³,
2430 1042 2587 1096 nullo
2629 1058 2860 1113 prorsus
2892 1043 3013 1096 loco
3045 1041 3342 1096 hareticos
3390 1042 3708 1097 Donatistas
3740 1059 3864 1097 esse

2159 1131 2386 1200 debere,
2418 1136 2474 1185 et
2501 1148 2597 1184 eos
2627 1131 2699 1185 ad
2746 1131 2859 1185 vim
2901 1132 3093 1202 legum
3124 1131 3385 1186 omnium
3418 1136 3615 1186 contra
3645 1120 3873 1186 haereti-

2159 1236 2252 1274 cos
2282 1222 2524 1275 latarum
2557 1219 2769 1291 ubique
2801 1225 2820 1255 ³
2862 1221 3044 1274 teneri
3072 1220 3297 1275 debere.
3334 1221 3411 1275 Ex
3442 1236 3556 1290 quo
3583 1226 3638 1275 et
3659 1222 3866 1288 iudex,

2160 1313 2216 1363 et
2240 1309 2502 1364 Ofﬁcium
2540 1308 2584 1375 ³,
2623 1314 2680 1363 et
2706 1309 2858 1364 idem
2888 1308 3201 1380 Crispinus,
3236 1309 3393 1380 quod
3421 1308 3656 1363 minime
3686 1309 3867 1363 fuerit

2159 1403 2406 1465 exactus,
2455 1398 2725 1470 pracepti
2765 1403 2898 1453 sunt
2925 1399 3098 1453 denas
3126 1399 3254 1453 auri
3285 1399 3459 1453 libras
3490 1399 3609 1453 tisci
3633 1398 3870 1468 juribus

2159 1487 2390 1542 inferre.
2436 1487 2546 1542 Sed
2591 1487 2852 1558 protinus
2900 1505 3073 1559 opera
3115 1488 3245 1542 data
3296 1492 3382 1542 est
3425 1504 3529 1558 per
3557 1486 3864 1542 catholicos

2157 1576 2479 1648 episcopos,
2526 1578 2816 1648 pracipue
2868 1594 2972 1648 per
3015 1583 3224 1633 sancta
3273 1578 3564 1633 memoria
3593 1577 3864 1649 Augusti-

2157 1683 2316 1733 num,
2345 1673 2408 1721 ut
2435 1667 2532 1722 illa
2556 1667 2814 1722 omnium
2836 1668 3232 1722 condemnatio
3255 1666 3530 1739 principis
3551 1666 3868 1722 dimittere-

2156 1768 2252 1818 tur
2288 1755 2643 1828 indulgentia
2675 1774 2687 1811 :
2721 1763 2776 1811 et
2807 1757 3047 1812 Domino
3077 1756 3380 1826 adjuvante
3411 1755 3727 1826 perfectum
3751 1761 3858 1808 est.

2159 1845 2281 1910 Qua
2302 1846 2599 1917 diligentia
2619 1851 2670 1900 et
2696 1851 2888 1900 sancto
2910 1846 3096 1900 studio
3121 1848 3364 1900 multum
3392 1847 3568 1899 crevit
3598 1843 3860 1899 Ecclesia.

2264 1955 2487 2009 CAPUT
2525 1956 2666 2008 XIII.
2716 1985 2782 1993 ——
2813 1955 2936 2008 Pax
2960 1954 3210 2008 Ecclesia
3235 1970 3336 2023 per
3363 1954 3748 2021 Augustinum.

2231 2063 2296 2115 Et
2321 2061 2390 2115 de
2430 2061 2518 2115 his
2571 2060 2839 2114 omnibus
2885 2077 2988 2130 pro
3036 2077 3174 2130 pace
3220 2059 3476 2114 Ecclesia
3519 2060 3702 2130 gestis,
3737 2061 3866 2112 Au-

2159 2147 2389 2218 gustino
2439 2147 2716 2200 Dominus
2760 2151 2816 2200 et
2862 2147 2952 2200 hic
3004 2149 3258 2217 palmam
3309 2147 3484 2213 dedit,
3535 2151 3588 2199 et
3617 2145 3765 2216 apud
3799 2161 3863 2198 se

2152 2235 2391 2306 justitia
2447 2251 2716 2289 coronam
2769 2237 3079 2290 reservavit
3131 2254 3143 2291 :
3195 2252 3258 2290 ac
3309 2236 3491 2306 magis
3550 2234 3873 2304 magisque,

2154 2326 2388 2395 juvante
2435 2325 2677 2392 Christo,
2724 2324 2792 2378 de
2835 2324 2927 2377 die
2973 2324 3030 2378 in
3080 2325 3233 2379 diem
3283 2325 3596 2394 augebatur
3625 2329 3680 2376 et
3712 2322 3870 2376 mul-

2158 2413 2524 2482 tiplicabatur
2567 2413 2719 2482 pacis
2767 2412 2975 2480 unitas,
2997 2418 3065 2466 et
3096 2413 3353 2467 Ecclesia
3388 2412 3484 2466 Dei
3516 2411 3866 2466 fraternitas.

2163 2503 2225 2555 Et
2255 2501 2314 2555 id
2347 2502 2590 2555 maxime
2621 2502 2828 2556 factum
2874 2507 2956 2555 est
2997 2507 3125 2572 post
3149 2503 3514 2557 collationem
3556 2499 3602 2567 ⁵,
3636 2517 3764 2572 qua
3801 2499 3876 2552 ab

2165 2590 2440 2644 universis
2471 2590 2748 2661 episcopis
2791 2591 3080 2644 catholicis
3111 2592 3264 2662 apud
3295 2590 3696 2660 Carthaginem
3733 2604 3874 2642 cum

2163 2680 2378 2734 eisdem
2413 2681 2835 2734 Donatistarum
2868 2680 3147 2751 episcopis
3178 2681 3550 2750 postmodum
3588 2681 3730 2733 facta
3761 2682 3875 2743 est,

2164 2769 2222 2822 id
2243 2769 2481 2839 jubente
2526 2769 2940 2839 gloriosissimo
2973 2774 3029 2822 et
3058 2769 3486 2840 religiosissimo
3520 2769 3878 2838 imperatore

2165 2858 2443 2925 Honorio;
2491 2863 2728 2928 propter
2753 2859 2905 2929 quod
2944 2858 3352 2928 perliciendum
3385 2858 3558 2912 etiam
3586 2874 3618 2911 a
3649 2874 3750 2910 suo
3788 2857 3879 2910 la-

2165 2953 2285 3001 tere
2328 2947 2625 3001 tribunum
2678 2952 2732 3000 et
2773 2947 3062 3000 notarium
3104 2948 3487 3002 Marcellinum
3525 2947 3591 3001 ad
3622 2945 3878 3001 Africam

2160 3035 2411 3106 judicem
2463 3036 2707 3090 miserat.
2743 3037 2806 3090 In
2850 3053 2964 3108 qua
2996 3036 3380 3090 controversia
3406 3037 3489 3090 illi
3522 3034 3886 3090 omnimodis

2167 3124 2466 3194 confutati,
2506 3131 2678 3196 atque
2707 3125 2776 3179 de
2807 3141 2998 3179 errore
3030 3142 3063 3179 a
3089 3124 3389 3182 Catholicis
3422 3123 3682 3188 convicti,
3735 3139 3878 3177 sen-

2168 3211 2344 3265 tentia
2376 3212 2698 3283 Cognitoris
2729 3213 2910 3266 notati
2936 3218 3096 3279 sunt;
3131 3217 3188 3267 et
3224 3217 3355 3283 post
3385 3228 3584 3266 eorum
3617 3211 3882 3281 appella~

2168 3299 2402 3363 tionem,
2434 3299 2678 3370 piissimi
2705 3301 2875 3371 Regis
2897 3318 3168 3373 responso
3197 3302 3340 3372 iuste
3360 3301 3511 3355 inter
3531 3300 3834 3354 hareticos
3861 3300 3888 3332 δ

2169 3389 2530 3443 condemnati
2576 3394 2726 3443 sunt.
2783 3392 2859 3444 Ex
2899 3407 3012 3462 qua
3043 3391 3262 3444 ratione
3301 3389 3467 3444 solito
3497 3388 3747 3459 amplius
3781 3405 3885 3443 eo-

2172 3494 2299 3532 rum
2347 3477 2644 3549 episcopi"
2677 3495 2808 3533 cum
2839 3480 2956 3533 suis
2993 3479 3209 3534 clericis
3239 3483 3294 3533 et
3323 3478 3582 3551 plebibus
3611 3493 3888 3532 commu-

2170 3567 2524 3635 nicaverunt,
2559 3573 2614 3622 et
2643 3584 2842 3639 pacem
2871 3573 3132 3623 tenentes
3152 3569 3510 3634 catholicam,
3544 3568 3752 3622 multas
3787 3584 3889 3621 eo-

2170 3673 2300 3711 rum
2331 3658 2750 3728 persecutiones
2777 3675 2958 3729 usque
3001 3658 3072 3712 ad
3103 3659 3496 3714 membrorum
3523 3655 3886 3726 amputatio-

2171 3763 2303 3800 nem
2354 3751 2410 3800 et
2464 3746 2910 3800 internecionem
2966 3747 3342 3818 pertulerunt.
3399 3749 3466 3800 Et
3513 3751 3698 3800 totum
3728 3745 3882 3800 illud

2171 3834 2408 3900 bonum,
2440 3839 2506 3888 ut
2527 3834 2670 3903 dixi,
2692 3851 2796 3906 per
2824 3839 3079 3890 sanctum
3108 3836 3271 3890 illum
3293 3835 3609 3898 hominem,
3640 3849 3889 3888 consen-

2171 3923 2444 3978 tientibus
2475 3923 2680 3977 nostris
2726 3924 3004 3996 episcopis
3053 3930 3109 3979 et
3135 3925 3348 3996 pariter
3377 3923 3793 3994 satagentibus,
3830 3930 3890 3976 et

2174 4017 2424 4082 captum
2448 4016 2504 4066 et
2533 4012 2848 4084 perfectum
2883 4019 2986 4068 est.

2175 4119 2400 4173 CAPUT
2420 4119 2554 4173 XIV.
2573 4147 2643 4161 —
2663 4123 2933 4175 Emeritus
2955 4123 3233 4191 episcopus
3256 4123 3541 4176 Donatista
3565 4124 3885 4190 superatus.

2245 4225 2418 4279 Porro
2461 4229 2652 4280 autem
2700 4225 2974 4297 quoniam
3020 4233 3148 4297 post
3190 4227 3365 4293 illam,
3413 4241 3543 4298 qua
3585 4241 3716 4280 cum
3777 4226 3892 4280 Do-

2176 4311 2397 4367 natistis
2426 4312 2568 4367 facta
2597 4318 2701 4381 est,
2738 4315 3124 4383 collationem,
3153 4332 3270 4370 non
3311 4315 3619 4370 defuerunt
3659 4313 3762 4386 qui
3793 4314 3890 4368 di-

2241 4418 2253 4481 i
2293 4415 2516 4481 Salinas,
2543 4431 2602 4466 ex
2627 4417 2718 4481 Cd.
2751 4418 2874 4481 Reg.
2904 4421 2989 4468 5H
3024 4434 3035 4468 :
3067 4420 3141 4470 Ad
3170 4421 3467 4481 piissimum
3487 4419 3738 4481 judicent.
3812 4418 3889 4466 Μ.

2238 4480 2259 4513 2
2290 4479 2512 4550 Salinas,
2538 4493 2608 4550 es
2633 4480 2807 4550 tribus
2831 4479 2950 4529 Mss.
2980 4497 2991 4530 :
3019 4485 3085 4550 Et
3112 4479 3501 4550 consequenter
3531 4485 3885 4550 praeceptum.

2177 4541 2409 4608 exalia:
2445 4542 2508 4591 Et
2539 4546 2703 4591 etiam
2734 4547 2812 4608 est
2843 4548 3181 4608 consecutum
3205 4541 3550 4608 pra'cvptum'.
3618 4545 3688 4592 M.

2239 4606 2259 4678 ξι
2285 4603 2490 4678 Salinas
2513 4617 2576 4678 ex.
2608 4617 2714 4678 uno
2741 4604 2833 4652 Cd.
2861 4605 2984 4678 Reg.
3021 4621 3032 4654 :
3067 4603 3262 4678 Ibique:
3299 4603 3404 4678 ΔΜ.

2238 4667 2260 4699 ⁸
2287 4664 2540 4741 pfﬁduni
2564 4665 2663 4713 hoc
2686 4666 2802 4741 loco
2831 4664 3166 4741 poniturprp'
3191 4669 3267 4717 rei
3295 4668 3516 4718 forensis
3533 4668 3892 4741 administris,

2178 4727 2846 4804 qualessuntnexceptores'
2865 4731 2954 4792 qui
2979 4727 3145 4802 iudici
3173 4745 3385 4804 operam
3424 4745 3576 4804 suam
3600 4727 3891 4804 praestant,

2178 4789 2238 4856 ut
2256 4789 2316 4856 in
2346 4789 2479 4856 libro
2505 4789 2736 4856 3_contra
2759 4789 3115 4856 Cresconium,
3137 4789 3249 4856 cap.
3280 4796 3358 4853 29,
3389 4798 3440 4842 et
3465 4789 3736 4843 Breviculo
3763 4789 3894 4846 Col;

2179 4852 2390 4919 lationis
2419 4851 2502 4919 die
2528 4854 2572 4919 t,
2603 4866 2716 4919 cap.
2754 4855 2801 4912 8,
2831 4859 2883 4903 et
2911 4855 2994 4904 die
3023 4857 3066 4913 3,
3105 4851 3218 4918 cap'.
3250 4859 3293 4911 t.
3323 4851 3376 4904 et
3395 4869 3507 4919 cap.
3539 4859 3614 4915 17,
3637 4869 3689 4904 n.
3723 4859 3803 4915 32,
3833 4866 3898 4908 ct

2179 4914 2312 4962 libro
2305 4917 2448 4980 _post
2464 4913 2827 4980 Collationem,
2845 4931 2960 4980 cap.
2990 4920 3068 4976 2t,
3099 4913 3190 4965 nn'.
3220 4919 3297 4976 41,
3325 4921 3400 4973 42,
3425 4913 3476 4967 et
3506 4913 3636 4967 libro
3667 4919 3732 4967 de
3755 4913 3894 4971 Uni-

2179 4979 2284 5024 tate
2305 4975 2567 5046 Ecclesia,
2595 4979 2758 5046 ausi,
2789 4975 2996 5046 necnon
3025 4975 3079 5027 in
3109 4979 3250 5027 Actis
3275 4975 3586 5046 Collationis
3615 4981 3898 5046 Carthagi-

2180 5039 2358 5086 nensis
2401 5039 2614 5099 passim.
2652 5039 2821 5096 Quare
2859 5042 2995 5090 male
3023 5046 3319 5090 correctum
3369 5042 3454 5091 hic
3481 5057 3510 5091 a
3542 5039 3899 5095 Lovaniensi-

2180 5101 2280 5172 b.us
2313 5100 2606 5172 :_Eljuder_
2621 5108 2856 5172 pnoplef
2885 5103 3144 5172 officium.
3175 5104 3247 5172 Et
3284 5105 3532 5172 pejusab
3578 5106 3896 5172 Ulimmerio

2179 5163 2258 5231 sic
2269 5180 2293 5231 _.-
2326 5165 2411 5212 Ex
2429 5177 2532 5224 quo
2557 5168 2609 5231 et
2624 5163 2774 5213 ’idrin
2803 5163 3132 5231 ςνιέίιὶηιςβι
3153 5163 3460 5217 cateri'sibi
3482 5180 3767 5231 conipares
3787 5167 3898 5219 hac-

2179 5227 2340 5288 reticg
2358 5226 2603 5288 pra‘cepti
2630 5233 2760 5276 sunt
2779 5226 2962 5288 denas,
2993 5233 3091 5277 etc.

2241 5289 2262 5357 If
2291 5287 2460 5357 Editio
2489 5287 2634 5357 Lov.,
2651 5301 2753 5353 per
2775 5289 3123 5341 collationem.
3153 5291 3214 5341 Et
3242 5291 3396 5351 intra,
3426 5304 3522 5354 pro
3557 5291 3611 5342 id
3637 5293 3896 5357 jubente,

2180 5349 2454 5399 substituit
2478 5349 2791 5410 adjurimle.

2179 5412 2502 5524 ngrggdlqes
2545 5415 2665 5464 Mss.
2718 5429 2730 5462 :
2762 5415 2989 5466 Piissimi
3031 5417 3181 5480 Regis
3217 5429 3474 5481 responso
3508 5415 3703 5480 injuin
3734 5416 3901 5470 inter

2240 5535 2503 5606 {Salinaa
2534 5551 2598 5587 ex
2627 5537 2717 5587 Cd.
2735 5539 2906 5606 Vatia.
2943 5544 3081 5602 1188,
3109 5541 3385 5606 episcopis.
3418 5541 3502 5592 Sic
3525 5542 3730 5606 Erasini
3756 5542 3896 5594 edit.

2180 5600 2299 5667 1529
2348 5613 2359 5647 :
2397 5603 2491 5667 Ea:
2519 5614 2628 5664 qua
2656 5604 2862 5651 ratione
2881 5600 3074 5667 natali
3096 5600 3216 5654 sunt
3244 5600 3397 5667 solito
3428 5605 3668 5667 amplius
3699 5618 3896 5655 eorum

2177 5664 2424 5726 episcopi,
2445 5667 2532 5728 qui
2564 5677 2687 5712 cum
2708 5667 2818 5713 suis
2847 5665 3048 5715 clericis
3081 5669 3130 5728 el
3160 5666 3406 5728 plebibus
3437 5664 3550 5717 non
3581 5671 3894 5718 communi-

2173 5728 2438 5777 caverunt
2457 5726 2511 5776 et
2537 5737 2733 5788 pacem
2767 5729 2995 5780 tenentes
3026 5726 3361 5790 catholicam,
3393 5733 3492 5778 etc.
3558 5729 3627 5778 M.
