4048 6194
194 354 255 401 lli
1611 347 1915 404 AUCTOR]

2093 349 2315 405 iSll)lO.
3645 360 3711 411 [ιϐ

185 477 403 539 cerent,
442 472 753 541 permissos
784 486 895 524 non
945 469 1119 524 fuisse
1158 469 1388 523 eosdem
1427 469 1720 540 episcopos
1750 469 1905 541 apud

186 565 553 633 potestatem,
637 576 765 631 quae
839 574 1064 612 causam
1142 557 1378 626 audivit,
1454 559 1639 613 dicere
1712 560 1905 613 omnia

186 668 288 723 pro
335 651 456 705 suis
500 650 780 721 partibus,
828 648 1103 720 quoniam
1140 648 1432 702 catholica:
1479 648 1901 702 communionis

185 741 467 810 Cognitor
504 754 623 793 suae
652 738 874 793 favebat
925 737 1219 793 Ecclesiae:
1254 737 1385 791 licet
1414 738 1523 791 hoc
1569 737 1898 792 deﬁcientes

184 832 240 880 et
269 826 410 879 victi
457 826 527 880 ad
560 826 987 879 excusationem
1013 824 1315 895 jactarent,
1345 824 1809 895 quandoquidem
1848 830 1903 878 et

184 921 317 969 ante
352 915 801 968 controversiam
840 912 1014 967 iidem
1046 912 1299 967 haeretici
1325 912 1617 966 catholicae
1645 929 1901 967 commu—

183 1005 385 1059 nionis
415 1004 683 1059 eumdem
707 1019 827 1057 esse
858 1006 1155 1069 noverant,
1189 1006 1246 1056 et
1278 1017 1408 1056 cum
1438 1001 1508 1055 ab
1538 1002 1740 1057 eodem
1772 1018 1905 1055 con-

185 1095 527 1148 venirentur
566 1091 809 1163 publicis
848 1090 1041 1163 gestis,
1085 1091 1239 1162 quod
1280 1091 1350 1145 ad
1396 1090 1759 1145 collationem
1809 1107 1903 1144 oc-

186 1188 512 1248 currerent,
546 1198 604 1235 se
643 1198 763 1235 esse
807 1182 1051 1235 facturos
1100 1179 1385 1251 prosecuti
1428 1184 1579 1233 sunt.
1637 1182 1906 1234 Poterant

187 1274 393 1344 utique
414 1275 741 1342 suspectum
761 1286 890 1324 eum
908 1269 1207 1335 habentes,
1232 1284 1492 1323 recusare
1514 1284 1900 1339 congressum.

187 1364 410 1416 Tamen
434 1358 844 1429 omnipotentis
871 1357 971 1411 Dei
1000 1357 1267 1428 praestitit
1293 1356 1591 1421 auxilium,
1614 1362 1681 1411 ut
1709 1363 1907 1427 postea

188 1451 249 1503 in
276 1446 634 1505 Caesareensi
664 1444 1018 1500 Mauritania:
1047 1444 1272 1499 civitate
1302 1444 1643 1499 constitutus
1665 1460 1907 1499 venera-

188 1538 327 1593 bilis
360 1534 657 1591 memorias
688 1533 1061 1605 Augustinus,
1096 1548 1209 1605 quo
1236 1549 1369 1588 eum
1401 1532 1593 1587 venire
1624 1548 1754 1586 cum
1784 1532 1907 1585 aliis

189 1628 322 1698 ejus
352 1623 705 1696 coepiscopis
734 1622 895 1678 Sedis
925 1623 1251 1693 apostolica
1281 1622 1485 1676 litterze
1508 1622 1584 1692 (a)
1615 1621 1906 1691 compule-

189 1722 351 1781 rant,
386 1714 462 1769 ob
493 1711 884 1768 terminandas
912 1711 1178 1765 videlicet
1205 1712 1345 1765 alias
1376 1710 1635 1765 Ecclesite
1665 1708 1906 1764 necessi-

190 1812 389 1861 tates:
440 1803 546 1858 hac
602 1817 739 1873 ergo
799 1800 1095 1855 occasione
1140 1798 1423 1871 provenit,
1488 1804 1549 1853 ut
1596 1799 1907 1852 Emeritum

194 1894 463 1967 ejusdem
528 1892 639 1946 loci
688 1889 1111 1946 Donatistarum
1166 1888 1517 1959 episcopum,
1568 1902 1737 1958 quem
1792 1903 1907 1941 suae

193 1990 377 2041 sectae
404 1982 761 2056 prmeipuum
794 1980 854 2034 in
900 1978 996 2032 illa
1026 1976 1328 2032 collatione
1358 1976 1680 2031 habuerunt
1720 1975 1911 2030 defen-

198 2091 418 2144 sorem,
449 2072 690 2134 videret,
722 2072 777 2124 et
814 2085 944 2123 cum
976 2067 1176 2122 eodem
1208 2065 1434 2137 publice
1461 2066 1523 2119 in
1552 2065 1786 2120 ecclesia
1814 2083 1911 2137 p0-

197 2159 345 2231 pulo
375 2164 595 2213 astante
619 2158 857 2213 diversis
875 2154 1313 2219 communionis,
1340 2171 1404 2210 ex
1434 2156 1543 2209 hoc
1572 2155 1695 2226 ipso
1717 2155 1908 2226 dispu-

206 2254 378 2315 taret,
402 2254 461 2303 et
486 2252 823 2319 provocaret
850 2246 1028 2317 gestis
1048 2243 1458 2309 ecclesiasticis,
1486 2248 1546 2296 ut
1565 2244 1719 2314 quod
1747 2244 1909 2309 forte,

208 2338 359 2391 sicut
394 2337 679 2399 dicebant,
712 2334 978 2407 prosequi
1007 2333 1197 2405 potuit
1224 2333 1284 2388 in
1312 2333 1631 2398 collatione,
1664 2332 1761 2387 sed
1791 2349 1914 2404 per-

206 2426 419 2481 missus
447 2442 565 2480 non
613 2430 753 2489 erat,
788 2425 845 2479 in
875 2423 1146 2496 praesenti
1183 2422 1305 2476 sine
1353 2422 1591 2492 alicujus
1620 2420 1913 2491 potestatis

205 2514 600 2587 prohibitione
638 2519 737 2568 aut
764 2514 1022 2585 potentia
1051 2528 1279 2566 securus
1316 2510 1501 2565 dicere
1530 2510 1765 2564 minime
1808 2511 1909 2565 du-

208 2605 447 2672 bitaret,
479 2607 532 2657 et
582 2604 641 2657 in
688 2618 791 2656 sua
835 2601 1058 2655 civitate
1090 2598 1203 2653 suis
1234 2597 1502 2652 omnibus
1539 2593 1915 2667 praesentibus

207 2693 431 2747 civibus
450 2691 789 2747 ﬁducialiter
807 2689 1099 2762 propriam
1126 2686 1431 2743 defendere
1447 2682 1916 2739 communionem

207 2798 334 2837 non
364 2782 692 2852 denegaret.
718 2780 817 2834 Ille
846 2794 1034 2849 neque
1054 2778 1159 2831 hac
1186 2775 1531 2839 hortatione,
1559 2790 1663 2827 nec
1682 2786 1915 2826 suorum

204 2875 521 2943 parentum
552 2874 608 2923 et
627 2869 835 2923 civium
862 2866 1095 2929 instanti
1123 2864 1397 2936 petitione
1425 2863 1482 2917 id
1514 2862 1695 2916 facere
1718 2860 1914 2926 voluit,

206 2961 313 3031 qui
345 2960 395 3014 ei
425 2959 859 3029 pollicebantur,
902 2974 961 3010 se
991 2956 1060 3010 ad
1090 2955 1213 3026 ejus
1250 2953 1530 3008 redituros
1559 2949 1916 3005 communio-

207 3066 371 3109 nem,
404 3049 577 3103 etiam
598 3064 726 3102 cum
747 3045 1070 3102 discrimine
1097 3042 1576 3113 patrimoniorum
1609 3038 1917 3109 salutisque

208 3155 336 3193 suae
366 3138 717 3209 temporalis,
749 3136 795 3190 si
824 3135 997 3189 modo
1028 3132 1364 3187 catholicam
1402 3133 1699 3201 superaret
1735 3143 1916 3181 asser-

207 3231 453 3285 tionem.
484 3230 559 3281 At
593 3227 689 3281 ille
721 3224 966 3296 amplius
994 3222 1179 3277 dicere
1207 3220 1320 3276 illis
1350 3220 1522 3291 gestis
1547 3217 1689 3273 nihil
1719 3215 1917 3277 voluit,

211 3336 323 3375 nec
342 3318 546 3383 valuit,
577 3314 689 3370 nisi
714 3318 973 3369 tantum:
1002 3312 1139 3365 Jam
1166 3311 1285 3376 illa,
1334 3306 1541 3379 inquit,
1572 3310 1723 3373 gesta
1750 3305 1917 3358 conti-

210 3414 349 3465 nent
376 3407 533 3478 apud
561 3404 944 3473 Carthaginem
974 3403 1117 3455 inter
1145 3401 1413 3469 episcopos
1449 3398 1709 3462 confecta,
1737 3398 1919 3447 utrum

202 3502 527 3560 uicerimus,
559 3511 632 3549 an
656 3495 789 3547 victi
815 3492 1101 3559 fuerimus.
1136 3489 1200 3542 Et
1222 3487 1335 3541 alio
1367 3487 1513 3552 loco,
1545 3485 1681 3539 dum
1704 3499 1734 3536 a
1763 3486 1917 3536 nota-

206 3589 324 3654 rio,
354 3592 422 3641 ut
450 3583 839 3654 responderet,
872 3580 1298 3645 admoneretur,
1329 3581 1383 3629 et
1428 3574 1687 3629 reticeret
1725 3572 1766 3641 ¹,
1799 3572 1920 3642 ejus

202 3677 435 3731 cunctis
462 3672 824 3728 manifestata
844 3666 1181 3731 difﬁdentia,
1212 3664 1472 3720 Ecclesia:
1496 3663 1593 3718 Dei
1614 3666 1922 3733 augmenta

205 3782 275 3820 ac
297 3764 667 3818 ﬁrmamenta
686 3760 1088 3830 provenerunt.
1122 3752 1389 3825 Quisquis
1410 3769 1547 3823 ergo
1564 3750 1921 3823 diligentiam

205 3858 267 3908 et
293 3865 538 3921 operam
576 3846 915 3902 beatissima
942 3842 1239 3899 memoria:
1267 3840 1573 3912 Augustini
1600 3856 1704 3911 pro
1736 3839 1920 3893 Eccle-

206 3942 312 3995 siae
347 3938 454 3994 Dei
482 3940 632 3991 statu
679 3949 1018 4005 cognoscere
1063 3930 1290 4003 plenius
1320 3928 1578 3994 voluerit,
1622 3928 1794 3981 etiam
1825 3926 1922 3985 illa

204 4032 520 4103 percurrat
565 4029 723 4097 gesta
753 4024 818 4092 (ὁ)
845 4039 858 4076 :
915 4026 970 4076 et
997 4018 1249 4075 inveniet
1276 4033 1404 4089 quas
1433 4018 1519 4070 vel
1548 4015 1741 4087 qualia
1790 4030 1920 4085 pro-

204 4118 435 4183 tulerit,
462 4114 671 4187 quibus
692 4113 853 4167 illum
872 4111 1123 4175 doctum,
1152 4108 1540 4177 eloquentem,
1564 4109 1622 4158 et
1647 4104 1921 4174 priedica-

204 4215 337 4263 tum
378 4204 678 4261 hominem
706 4198 1049 4272 provocarit,
1090 4199 1461 4265 hortatusque
1505 4193 1675 4247 fuerit
1712 4196 1777 4246 ut
1818 4208 1922 4262 pro

206 4314 332 4353 sum
374 4293 705 4350 defensione
742 4290 919 4363 partis
947 4287 1100 4361 quod
1129 4285 1301 4340 vellet
1330 4284 1603 4347 ediceret;
1646 4281 1924 4352 illumque

207 4387 430 4442 victum
459 4384 783 4455 cognoscet.

290 4547 524 4605 CAPUT
550 4546 658 4601 XV.
701 4575 768 4584 -—
806 4540 1145 4608 Digressione
1174 4534 1537 4592 concionantis
1576 4546 1857 4586 conversus

651 4634 980 4701 negotiator,
1021 4629 1231 4682 nomine
1267 4627 1497 4680 Firmus.

296 4777 429 4833 Scio
461 4775 599 4828 item
645 4787 760 4826 non
799 4768 952 4823 solus
1006 4765 1145 4836 ipse,
1199 4777 1397 4816 verum
1436 4758 1609 4815 etiam
1665 4756 1759 4811 alii
1815 4755 1928 4809 fra-

219 4874 343 4923 tres
394 4869 450 4919 et
494 4859 773 4928 conservi,
825 4856 926 4929 qui
982 4852 1280 4910 nobiscum
1327 4855 1462 4904 tunc
1517 4846 1669 4901 intra
1718 4844 1930 4916 Hippo-

218 4969 468 5011 nensem
500 4949 794 5006 Ecclesiam
824 4961 955 5000 cum
1004 4942 1205 4997 eodem
1236 4944 1426 4993 sancto
1477 4937 1598 4991 viro
1645 4933 1930 5003 vivebant,

217 5042 399 5098 nobis
426 5040 640 5111 pariter
662 5037 730 5091 ad
759 5048 1014 5089 mensam
1036 5027 1355 5085 constitutis
1384 5041 1517 5081 eum
1543 5024 1748 5080 dixisse
1777 5039 1789 5077 :
1820 5022 1933 5077 Ad-

218 5132 476 5187 certistis
522 5127 677 5182 hodie
720 5127 775 5178 in
804 5123 1027 5178 ecclesia
1054 5134 1228 5174 meum
1253 5131 1564 5177 sermonem,
1595 5114 1818 5182 ejusque
1846 5114 1931 5165 in-

218 5225 395 5276 itium
424 5222 474 5272 et
518 5220 675 5287 ﬁnem
702 5218 887 5269 contra
917 5225 1088 5265 meam
1134 5204 1567 5264 consuetudinem
1592 5202 1932 5273 processisse,

284 5386 303 5417 ι
347 5378 557 5429 Salinas
570 5390 635 5425 ex
662 5374 759 5424 Cd.
793 5374 918 5434 Reg.
956 5373 1039 5420 5H
1070 5370 1242 5419 :Dum
1262 5379 1294 5415 a
1314 5363 1626 5434 _nolar_to,_ut
1651 5358 1935 5434 responde-

220 5448 325 5503 ret,
348 5422 759 5503 Eiaé’em,
792 5422 992 5503 tacuit;
1024 5436 1076 5482 et
1104 5444 1224 5503 cum
1245 5428 1504 5503 religaret,
1528 5422 1935 5503 ςεςὶς-θξῖεμχῄςξι..

224 5486 514 5569 iiééffdiz's
532 5486 710 5569 ilium
740 5486 776 5548 ἃ
804 5498 1024 5569 notario,
1055 5497 1120 5569 ut
1138 5490 1493 5569 responderet,
1520 5486 1936 5543 admoneretur,

220 5554 375 5619 ᾇῐῆῗι
406 5570 503 5615 ait.
534 5564 579 5611 Ε
584 5567 605 5613 ι
631 5574 757 5611 cum
784 5560 1043 5623 reticeret,
1070 5554 1268 5623 etc.__M.
1393 5613 1430 5623 _
1473 5612 1483 5623 .

293 5611 373 5691 id)
407 5611 601 5677 iusimi
631 5636 797 5688 papae.
832 5620 962 5670 Vide
991 5611 1361 5681 Augustinum,
1393 5612 1553 5677 Epist.
1592 5612 1699 5669 190,
1728 5622 1783 5659 n.
1816 5611 1862 5668 1,
1887 5611 1941 5657 et

224 5691 543 5758 Epist._193,
568 5701 622 5736 n.
654 5691 700 5736 1.

296 5756 369 5820 (ω
399 5754 556 5820 θρίω
612 5762 734 5820 cun:

228 5813 414 5881 scopo,
445 5815 501 5862 in
534 5818 677 5861 tomo
706 5813 754 5859 9.

790 5744 1020 5797 Emerito
1050 5739 1368 5794 Ctesareensi
1402 5734 1796 5787 Donatistarum
1837 5732 1941 5797 epi-

2014 491 2270 557 quoniam
2290 505 2395 543 non
2416 505 2531 543 eam
2555 507 2665 544 rem
2690 494 3033 546 terminatam
3058 495 3405 563 erplicuerim
3423 512 3585 565 quam
3599 512 3717 565 pro-

2010 594 2315 648 posueram,
2345 578 2439 632 sed
2464 580 2777 647 pendentem
2798 582 3152 649 reliquerim?
3173 583 3273 637 Cui
3294 584 3716 653 respondimus:

2014 670 2093 721 Ita
2121 683 2215 721 nos
2264 670 2319 721 in
2352 672 2583 736 tempore
2612 671 2837 723 miratos
2865 672 3036 737 fuisse
3062 673 3258 725 scimus
3288 678 3337 726 et
3382 676 3717 740 recognosci-

2010 771 2147 809 mus.
2181 758 2253 810 At
2282 755 2375 809 ille
2409 772 2421 809 :
2457 757 2644 825 Credo,
2689 758 2785 817 ait.
2830 760 2974 828 quod
2992 762 3134 826 forte
3174 762 3406 829 aliquem
3452 767 3719 816 errantem

2011 847 2067 897 in
2096 846 2291 914 populo
2328 848 2581 899 Dominus
2619 862 2717 915 per
2747 853 2987 901 nostram
3034 848 3351 903 oblivionem
3391 854 3441 904 et
3488 866 3719 905 errorem

2011 934 2190 988 doceri
2213 939 2263 988 et
2290 937 2476 988 curari
2527 937 2772 1001 voluerit,
2808 938 2865 989 in
2895 938 3047 1005 cujus
3081 954 3245 991 manu
3268 943 3393 992 sunt
3439 943 3489 993 et
3533 955 3628 994 nos
3670 946 3720 993 et

2012 1037 2275 1077 sermones
2328 1026 2518 1077 nostri.
2576 1025 2715 1079 Nam
2763 1040 2881 1077 cum
2911 1028 3199 1093 propositae
3229 1030 3539 1095 quaestionis
3586 1029 3720 1081 late—

2015 1111 2174 1165 bras'
2205 1116 2615 1180 pertractarem,
2648 1113 2705 1163 in
2735 1112 2891 1165 aliud
2919 1118 3175 1167 sermonis
3206 1130 3436 1168 excursu
3473 1120 3716 1185 perrexi,

2014 1206 2175 1268 atque
2202 1202 2280 1253 ita
2301 1216 2403 1253 non
2434 1202 2681 1254 conclusa
2708 1202 2791 1254 vel
2816 1203 3091 1270 emplicata
3132 1205 3442 1271 quaestione,
3466 1205 3719 1274 disputa-

2016 1290 2209 1342 tionem
2240 1291 2546 1355 terminavi,
2598 1292 2774 1357 magis
2810 1290 3097 1343 adversum
3128 1293 3543 1346 Manichaeorum
3571 1309 3714 1348 erro-

2012 1393 2144 1445 rem,
2176 1378 2318 1431 unde
2354 1379 2494 1431 nihil
2522 1377 2699 1431 dicere
2730 1378 3093 1440 decreveram.
3130 1372 3442 1449 disputans,
3466 1398 3629 1449 quam
3658 1383 3722 1436 de

2014 1469 2082 1520 iis
2111 1482 2227 1535 quae
2258 1481 2493 1521 asserere
2520 1482 2924 1536 praposueram.
2972 1469 3036 1522 Et
3064 1473 3194 1538 post
3224 1470 3364 1535 haec,
3395 1470 3505 1523 nisi
3533 1471 3719 1534 fallor,

2016 1572 2140 1609 ecce
2170 1556 2279 1610 alia
2307 1556 2398 1610 die
2438 1558 2523 1609 vel
2567 1562 2697 1626 post
2750 1557 2989 1611 biduum
3035 1558 3186 1612 venit
3230 1559 3466 1629 quidam
3490 1560 3723 1616 Firmus

2018 1643 2270 1711 nomine,
2313 1643 2652 1713 negotiator,
2717 1650 2772 1699 et
2820 1645 2972 1699 intra
3028 1647 3437 1701 monasterium
3492 1650 3723 1703 sedente

2015 1736 2209 1785 sancto
2238 1732 2575 1802 Augustino,
2610 1732 2769 1785 nobis
2794 1749 3005 1800 coram,
3039 1735 3109 1788 ad
3132 1736 3305 1805 pedes
3331 1736 3454 1805 ejus
3484 1737 3725 1808 genibus

2015 1820 2350 1891 provolutus
2382 1837 2503 1874 sese
2527 1822 2779 1890 jactavit,
2815 1823 3090 1893 lacrymas
3124 1824 3390 1889 fundens,
3423 1831 3479 1881 et
3520 1818 3727 1897 rogans

2018 1914 2083 1964 ut
2118 1926 2221 1980 pro
2261 1909 2376 1963 suis
2416 1909 2634 1964 delictis
2674 1911 2935 1965 sacerdos
2964 1928 3095 1966 cum
3125 1914 3331 1967 sanctis
3358 1912 3381 1946 ²
3420 1915 3723 1969 Dominum

2019 2003 2367 2069 precaretur,
2417 2000 2695 2053 coniitens
2725 2000 2876 2070 quod
2911 2000 3349 2056 Manichaeorum
3388 2008 3597 2058 sectam
3638 2020 3724 2059 se-

2018 2093 2183 2142 cutus
2214 2087 2432 2149 fuisset,
2465 2093 2521 2141 et
2544 2088 2603 2141 in
2626 2104 2693 2142 ea
2721 2105 2894 2159 quam
2925 2090 3188 2160 plurimis
3208 2092 3375 2146 annis
3394 2092 3645 2159 vixisset,
3672 2098 3726 2148 et

2019 2181 2323 2248 propterea
2352 2176 2655 2247 pecuniam
2687 2178 2930 2232 multam
2969 2178 3108 2249 ipsis
3139 2180 3478 2246 Manichaeis,
3511 2182 3601 2236 vel
3644 2182 3724 2236 eis

2022 2282 2165 2337 quos
2200 2265 2399 2319 dicunt
2428 2266 2648 2330 electos,
2682 2265 2970 2322 incassum
2999 2274 3322 2340 erogasset:
3359 2286 3420 2325 ac
3451 2287 3509 2325 se
3538 2270 3599 2324 in
3642 2288 3729 2325 ec-

2021 2354 2209 2420 clesia,
2243 2353 2343 2408 Dei
2375 2354 2787 2423 misericordia,
2820 2356 2992 2411 fuisse
3025 2358 3146 2428 ejus
3174 2358 3506 2414 tractatibus
3545 2375 3729 2430 nuper

2022 2448 2336 2498 correctum
2369 2446 2539 2515 atque
2570 2445 2908 2499 catholicum
2938 2446 3168 2501 factum.
3203 2448 3367 2512 Quod
3396 2453 3452 2503 et
3480 2448 3600 2519 ipse
3637 2464 3730 2503 ve-

2023 2532 2294 2587 nerabilis
2334 2533 2706 2604 Augustinus,
2740 2539 2795 2588 et
2836 2551 2940 2588 nos
2998 2535 3095 2606 qui
3126 2540 3260 2590 tunc
3298 2537 3619 2605 aderamus,
3662 2538 3732 2591 ab

2024 2622 2223 2676 eodem
2256 2622 2562 2692 diligenter
2580 2622 2953 2694 inquirentes,
2978 2639 3043 2678 ex
3065 2641 3177 2696 qua
3208 2642 3268 2679 re
3290 2625 3649 2696 potissimum
3671 2626 3730 2681 in

2025 2711 2122 2764 illo
2153 2715 2394 2765 tractatu
2426 2710 2535 2765 sibi
2583 2711 2758 2765 fuerit
2787 2712 3155 2780 satisfactum,
3218 2720 3274 2768 et
3305 2715 3586 2770 referente
3638 2732 3728 2782 eo,

2028 2799 2301 2870 nobisque
2332 2799 2599 2854 omnibus
2630 2799 2908 2853 sermonis
2935 2802 3142 2855 seriem
3173 2805 3729 2873 recognoscentibus,

2024 2889 2379 2959 profundum
2409 2887 2707 2942 consilium
2743 2889 2840 2941 Dei
2861 2905 2964 2958 pro
2994 2892 3174 2945 salute
3200 2892 3525 2946 animarum
3548 2894 3730 2947 admi-

2026 2982 2217 3031 rantes
2246 2982 2301 3029 et
2342 2981 2654 3046 stupentes,
2696 2976 3141 3047 gloriﬁcavimus
3179 2984 3437 3035 sanctum
3467 2982 3589 3052 ejus
3628 2998 3731 3035 no-

2026 3082 2179 3131 men,
2213 3070 2269 3121 et
2293 3064 2721 3131 benediximus;
2754 3065 2852 3135 qui
2884 3082 3015 3120 cum
3053 3068 3315 3133 voluerit,
3349 3074 3407 3123 et.
3451 3070 3602 3124 unde
3630 3087 3730 3124 vo-

2027 3154 2228 3227 luerit,
2273 3160 2330 3208 et
2381 3154 2669 3224 quomodo
2701 3154 2963 3217 voluerit,
3023 3160 3079 3209 et
3129 3172 3232 3227 per
3260 3156 3499 3212 scientes
3530 3163 3586 3213 et
3633 3175 3735 3230 per

2028 3243 2339 3299 nescientes
2369 3243 2609 3297 salutem
2638 3248 2910 3313 operatur
2937 3244 3287 3300 animarum.
3328 3248 3394 3300 Et
3439 3263 3507 3302 ex
3540 3264 3606 3301 eo
3636 3248 3733 3303 ille

2028 3333 2200 3387 homo
2230 3330 2523 3403 proposito
2554 3347 2847 3385 servorum
2879 3331 2980 3385 Dei
3011 3333 3327 3400 adhaerens,
3359 3336 3734 3407 negotiatoris

2033 3420 2247 3476 dimisit
2276 3420 2582 3486 actionem,
2622 3424 2679 3475 et
2715 3420 3021 3490 proﬁciens
3051 3422 3111 3476 in
3142 3424 3398 3478 Ecclesiae
3440 3426 3733 3493 membris,

2030 3511 2089 3565 in
2119 3510 2231 3564 alia
2272 3509 2507 3580 regione
2540 3508 2610 3563 ad
2656 3508 2994 3579 presbyterii
3047 3510 3275 3582 quoque
3306 3512 3406 3566 Dei
3435 3513 3727 3567 voluntate

2030 3600 2243 3671 petitus
2281 3603 2337 3653 et
2366 3603 2594 3653 coactus
2624 3598 2857 3652 accessit
2884 3598 3155 3666 officium,
3196 3604 3396 3654 tenens
3426 3604 3596 3671 atque
3625 3617 3724 3654 cu-

2032 3688 2281 3744 stodiens
2326 3686 2603 3759 propositi
2634 3686 2989 3741 sanctitatem
3019 3704 3031 3741 :
3084 3694 3139 3742 et
3169 3687 3310 3742 forte
3341 3689 3527 3743 adhuc
3559 3705 3737 3760 usque

2032 3779 2091 3833 in
2120 3778 2288 3833 rebus
2318 3776 2585 3832 humanis
2616 3775 2750 3829 vivit
2780 3780 2935 3830 trans
2965 3792 3121 3831 mare
3151 3777 3516 3834 constitutus.

2035 3958 2255 4013 CAPUT
2286 3958 2418 4012 XVI.
2451 3986 2511 3996 —
2545 3955 2965 4011 Manichaeorum
3000 3955 3341 4010 exsecranda:
3371 3956 3738 4027 turpitudines

2315 4046 2547 4101 detectae.
2590 4046 2743 4100 Felix
2780 4045 3110 4100 Manichazus
3149 4061 3449 4101 conversus.

2104 4191 2271 4264 Apud
2320 4187 2720 4259 Carthaginem
2775 4206 3025 4261 quoque,
3085 4190 3221 4244 dum
3270 4205 3375 4259 per
3431 4189 3737 4260 quemdam

2032 4284 2234 4338 domus
2295 4278 2468 4351 regiae
2522 4283 2970 4348 procuratorem,
3040 4278 3270 4333 nomine
3323 4277 3549 4344 Ursum,
3598 4276 3732 4330 iidei

2033 4370 2325 4427 catholicae
2388 4366 2703 4433 hominem,
2779 4368 2850 4421 ad
2924 4367 3201 4439 quosdam
3269 4364 3733 4433 Manichaaorum,

2035 4480 2176 4536 quos
2207 4463 2410 4517 electos
2452 4461 2540 4515 vel
2583 4462 2787 4514 electas
2815 4457 3031 4524 dicunt,
3072 4460 3384 4526 praesentes
3413 4456 3737 4527 pervenire-

2033 4557 2150 4621 tur,
2205 4555 2374 4622 atque
2427 4550 2496 4604 ad
2551 4546 2844 4603 ecclesiam
2891 4545 2962 4599 ab
2993 4544 3193 4598 eodem
3226 4543 3646 4611 deducerentur
3689 4548 3744 4598 et

2034 4640 2505 4713 perducerentur,
2533 4638 2604 4691 ab
2628 4633 2906 4706 episcopis
2928 4632 2996 4687 ad
3026 4632 3248 4687 tabulas
3281 4632 3358 4703 (α)
3388 4633 3569 4689 auditi
3592 4637 3741 4687 sunt.

2035 4730 2191 4784 Inter
2216 4745 2358 4800 quos
2381 4727 2554 4781 etiam
2572 4729 2780 4779 sancta:
2804 4721 3098 4775 memoriae
3125 4723 3477 4792 Augustinus
3499 4722 3624 4788 fuit,
3644 4721 3745 4792 qui

2036 4836 2156 4892 pra'.
2203 4816 2421 4872 caeteris
2452 4816 2610 4870 illam
2667 4810 3073 4867 exsecrabilem
3123 4816 3336 4865 sectam
3388 4816 3644 4876 noverat,
3690 4816 3747 4863 et

2039 4923 2236 4963 eorum
2266 4906 2515 4977 prodens
2558 4900 2839 4974 ejusmodi
2868 4898 3221 4953 damnabiles
3264 4899 3646 4969 blasphemias
3676 4914 3746 4952 ex

2039 4996 2175 5052 locis
2196 4996 2497 5061 librorum,
2531 5009 2673 5064 quos
2702 4990 2785 5044 illi
2815 4989 3100 5059 accipiunt
3130 4988 3439 5053 Manichzai,
3462 5003 3644 5060 usque
3677 4987 3744 5041 ad

2040 5084 2451 5140 confessionem
2475 5080 2804 5135 earumdem
2829 5078 3312 5149 blasphemiarum
3339 5094 3435 5131 eos
3457 5075 3741 5147 perduxit:

2043 5178 2100 5228 et
2141 5188 2269 5244 quae
2308 5170 2457 5224 inter
2486 5184 2543 5222 se
2586 5167 2667 5221 illi
2697 5184 2799 5221 suo
2841 5183 2996 5221 more
3029 5167 3179 5220 malo
3210 5165 3449 5236 indigna
3479 5169 3535 5218 et
3556 5162 3746 5233 turpia

2040 5263 2224 5317 facere
2264 5259 2688 5322 consueverant,
2722 5254 3068 5310 feminarum
3099 5254 3325 5308 illarum
3358 5251 3511 5306 velut
3539 5250 3744 5304 electa-

2110 5421 2125 5454 ι
2158 5418 2215 5465 In
2246 5416 2390 5476 Mss,
2432 5414 2628 5467 latera.
2661 5439 2720 5450 —
2750 5412 2993 5469 Salinas.,
3016 5424 3077 5461 ex
3100 5409 3189 5458 Cd.
3224 5406 3388 5456 Vatic.
3424 5408 3561 5467 1188,
3610 5405 3741 5458 Zale-

2051 5480 2225 5531 bram.
2275 5480 2340 5527 M.

2109 5544 2129 5577 ³
2164 5542 2248 5590 Sic
2282 5541 2402 5589 Mss.
2436 5539 2501 5589 At
2529 5538 2683 5588 editi:
2723 5541 2854 5588 Cum
2875 5540 2996 5585 suis.

2108 5604 2183 5714 ἔα)
2206 5601 2533 5674 Αά.ίαὸυ.ιαε,
2558 5600 2607 5649 id
2624 5604 2721 5657 est,
2752 5599 2971 5647 notariis
2990 5594 3371 5666 excipientibus
3391 5594 3515 5644 etin
3537 5594 3747 5667 tabulas

2128 5666 2395 5714 erentihus
2421 5667 2740 5714 interroauta
2769 5665 2821 5709 et
2871 5670 3153 5714 responsa:
3184 5671 3363 5714 sicque
3416 5662 3743 5707 notariorum

2049 5657 2395 5716 inferentibus
2421 5664 2740 5725 interrogata
2769 5665 2821 5709 et
2871 5670 3121 5722 responsa
3142 5657 3377 5725 :_s_icque_
3416 5658 3743 5725 notariorum

2052 5741 2207 5791 opere
2236 5719 2648 5791 confectasunt'
2680 5723 2769 5791 illa
2800 5719 3111 5791 gesta,'quze
3156 5719 3256 5791 hic“
3273 5719 3627 5791 ecclesiastica
3666 5719 3744 5765 di-

2053 5782 2263 5849 cuntur,
2286 5788 2413 5839 etin
2445 5786 2578 5835 libro
2607 5784 2671 5836 de
2697 5782 3017 5843 llmresibus,
3040 5782 3168 5832 lltBl‘.
3201 5784 3277 5841 46,
3304 5782 3635 5846 episcopalis.
