4048 6194
356 336 422 389 47
1539 336 1708 393 VITA
1761 336 1816 392 S.
1876 336 2261 394 AUGUSTINI
2325 335 2668 396 EPISCOPI,
3802 338 3867 391 48

351 474 481 514 rum
527 458 870 530 proditione,
904 458 1016 514 illis
1062 460 1453 517 ecclesiasticis
1490 461 1661 532 gestis
1700 462 2048 516 declaratum

350 550 455 600 est.
494 547 680 618 Atque
709 548 789 601 ita
826 550 1120 618 pastorum
1149 548 1464 620 diligentia,
1497 548 1784 604 dominico
1805 547 1965 620 gregi
1993 553 2050 601 et

352 640 723 705 augmentum
748 635 998 701 accessit,
1029 640 1088 690 et
1115 637 1384 692 adversus
1421 638 1573 692 fures
1603 642 1773 707 atque
1802 637 2050 689 latrones

349 723 600 777 defensio
623 734 952 795 competens
979 730 1278 795 procurata
1299 730 1400 779 est.
1431 725 1571 779 Cum
1603 724 1851 794 quodam
1873 723 2045 776 etiam

352 810 552 877 Felice,
585 810 653 864 de
684 827 925 864 numero
956 827 1153 865 eorum
1193 829 1336 883 quos
1378 813 1587 866 electos
1631 811 1827 865 dicunt
1872 811 2045 865 Mani-

349 898 490 952 chaai
519 901 558 965 ί,
605 899 830 969 publice
874 899 934 953 in
984 900 1331 970 Hipponensi
1379 899 1616 954 ecclesia
1660 900 1897 954 notariis
1944 917 2048 954 ex-

349 987 686 1058 cipientibus
715 988 1018 1058 disputavit
1057 989 1267 1059 populo
1299 993 1553 1043 astante:
1588 992 1645 1044 et
1675 993 1799 1060 post
1848 1003 2046 1045 secun-

348 1075 479 1131 dam
509 1077 593 1130 vel
625 1075 848 1132 tertiam
882 1076 1240 1130 collationem
1270 1077 1364 1131 ille
1403 1077 1746 1132 Manichasus
1779 1077 2050 1132 frustrata

346 1165 595 1218 vanitate
622 1169 679 1218 et
716 1180 907 1218 errore
940 1165 1115 1235 ipsius
1145 1171 1330 1226 sectae.
1365 1166 1435 1220 ad
1463 1171 1716 1220 nostram
1742 1182 2049 1220 conversus

348 1259 433 1307 est
461 1253 633 1307 ﬁdem
664 1258 834 1324 atque
864 1254 1187 1321 Ecclesium,
1212 1255 1356 1310 sicut
1383 1255 1581 1310 eadem
1612 1257 1818 1309 relecta
1842 1255 2044 1310 docere

351 1339 563 1411 poterit
599 1339 878 1410 scriptura
907 1339 1004 1408 (α).

349 1502 574 1558 CAPUT
603 1502 761 1556 XVII.
792 1533 861 1541 —
881 1503 1189 1555 Pascentius
1211 1515 1377 1555 comes
1403 1501 1646 1556 Arianus
1675 1503 1735 1557 in
1765 1502 2051 1557 collatione

417 1592 727 1646 revincitur.
755 1591 978 1646 Collatia
1000 1605 1117 1644 cum
1144 1590 1446 1644 Maximino
1472 1592 1716 1660 episcopo
1745 1590 1974 1646 Ariano.

417 1733 702 1788 Praaterea
762 1748 892 1786 cum
953 1732 1204 1803 quodam
1260 1731 1430 1786 etiam
1478 1732 1770 1786 Pascentio
1842 1733 2049 1787 comite

347 1821 551 1877 domus
580 1823 752 1891 regias
795 1822 1027 1888 Ariano,
1060 1821 1160 1892 qui
1197 1838 1299 1892 per
1337 1821 1734 1876 auctoritatem
1755 1838 1873 1876 sure
1920 1840 2050 1894 per-

346 1927 502 1966 sonte
546 1911 668 1965 ﬁsci
726 1910 1259 1964 vehementissimus
1325 1914 1569 1976 exactor,
1633 1911 1802 1965 ﬁdem
1849 1912 2047 1966 catho-

343 1997 511 2052 licam
542 1997 808 2052 atrociter
834 2014 896 2052 ac
918 1997 1137 2069 jugiter
1163 1998 1554 2069 oppugnabat,
1587 2003 1643 2053 et
1670 2014 1844 2070 quam
1871 1999 2051 2070 pluri-

343 2103 467 2142 mos
495 2087 810 2142 sacerdotes
836 2087 931 2142 Dei
959 2086 1296 2156 simpliciori
1320 2087 1431 2142 ﬁde
1457 2087 1727 2154 viventes,
1745 2087 2048 2144 dicacitate

343 2192 408 2230 ac
442 2181 719 2247 potestate
749 2176 1090 2246 exagitabat,
1123 2180 1181 2230 et
1208 2176 1601 2246 perturbabat,
1633 2176 1984 2247 interpositis
2022 2177 2046 2212 ²

342 2265 638 2319 honoratis
668 2270 724 2319 et
751 2264 1036 2318 nobilibus
1063 2264 1215 2333 viris,
1245 2265 1398 2336 apud
1421 2265 1820 2335 Carthaginem
1853 2267 1922 2320 ab
1949 2267 2046 2322 illo

342 2358 698 2424 provocatus,
731 2369 924 2408 coram
947 2353 1209 2408 contulit.
1243 2354 1353 2408 Sed
1382 2354 1537 2408 idem
1557 2354 1857 2408 haireticus
1891 2356 2047 2410 tabu-

341 2443 425 2497 las
483 2447 656 2514 atque
712 2442 922 2505 stilum,
972 2443 1126 2514 quod
1179 2442 1451 2513 magister
1505 2447 1749 2497 noster'
1810 2447 1865 2496 et
1917 2450 2046 2500 ante

342 2547 710 2603 congressum
757 2537 815 2587 et
863 2532 924 2586 in
949 2547 1258 2603 congressu
1305 2531 1713 2586 instantissime
1741 2531 1865 2586 ﬁeri
1896 2533 2044 2587 vole-

342 2621 460 2688 bat,
494 2637 566 2675 ne
603 2621 866 2676 adessent
913 2620 1071 2675 omni
1111 2619 1284 2674 modo
1317 2620 1635 2674 recusabat.
1684 2621 1748 2675 Et
1793 2621 1932 2675 dum
1988 2622 2045 2676 id

341 2714 727 2780 pernegasset,
779 2710 970 2764 dicens
1019 2709 1174 2780 quod
1224 2713 1380 2763 metu
1437 2709 1632 2780 legum
1681 2709 2042 2780 publicarum

338 2798 650 2868 periclitari
678 2798 886 2853 tabulis
913 2797 1136 2868 scriptis
1167 2797 1345 2852 nollet
1371 2814 1385 2864 ;
1412 2803 1581 2869 atque
1609 2797 1961 2870 interpositis
1985 2798 2045 2855 id

338 2888 562 2958 placere
603 2886 956 2957 Augustinus
995 2887 1290 2958 episcopus
1332 2902 1464 2941 cum
1501 2886 1619 2940 suis
1665 2885 1764 2958 qui
1809 2887 2046 2943 aderant

338 2975 832 3030 consacerdotibus
857 2975 1092 3042 videret,
1119 2980 1184 3030 ut
1213 2976 1428 3047 absque
1460 2977 1575 3029 ulla
1615 2976 1897 3046 scriptura
1926 2977 2043 3048 pri-

337 3063 511 3118 vatim
552 3062 925 3133 disputarent,
969 3063 1333 3118 collationem
1373 3064 1659 3134 suscepit:
1702 3065 2037 3135 praedicens,

336 3156 404 3206 ut
429 3153 796 3222 postmodum
825 3152 1087 3223 contigit,
1109 3153 1262 3223 quod
1281 3158 1409 3224 post
1428 3153 1681 3209 solutum
1702 3161 2042 3210 conventum

339 3256 462 3296 esse
513 3239 781 3311 cuiquam
843 3246 1039 3310 posset
1078 3241 1321 3296 liberum
1361 3247 1381 3277 ⁸
1419 3242 1566 3296 forte
1617 3243 1827 3312 dicere,
1882 3245 2042 3299 nullo

337 3329 631 3399 scripturae
681 3329 1045 3398 documento,
1076 3346 1133 3383 se
1165 3329 1373 3384 dixisse
1403 3330 1557 3401 quod
1604 3331 1748 3386 forte
1803 3349 1921 3387 non
1953 3334 2039 3388 di-

332 3417 497 3484 xerit,
537 3418 626 3471 vel
656 3433 770 3472 non
809 3417 1017 3472 dixisse
1056 3418 1212 3488 quod
1257 3418 1483 3473 dixerit.
1533 3419 1595 3473 Et
1638 3419 1864 3475 miscuit
1909 3439 2042 3477 cum

333 3506 537 3561 eodem
567 3523 912 3573 sermonem,
943 3510 1113 3578 atque
1144 3508 1384 3561 asseruit
1411 3507 1550 3578 quid
1580 3509 1855 3577 crederet,
1884 3517 1941 3565 et
1969 3513 2039 3567 ab

330 3595 428 3650 illo
455 3594 596 3667 quid
620 3600 842 3650 teneret
879 3596 1115 3662 audivit,
1144 3602 1200 3649 et
1232 3612 1364 3650 vera
1392 3596 1614 3652 ratione
1643 3603 1814 3669 atque
1845 3605 2038 3654 aucto-

329 3683 495 3740 ritate
551 3683 972 3755 Scripturarum
1042 3685 1282 3755 probata
1347 3685 1540 3740 docuit
1587 3689 1628 3753 ⁸,
1686 3693 1742 3741 et
1793 3689 2038 3742 ostendit

332 3778 542 3828 nostra:
585 3773 721 3828 ﬁdei
768 3773 1166 3828 ﬁrmamenta:
1218 3773 1372 3828 illius
1416 3780 1849 3831 autem-asserta
1882 3778 2037 3832 nulla

329 3861 589 3928 veritate,
637 3863 794 3916 nulla
857 3862 1279 3932 Scripturarum
1322 3876 1648 3918 sanctarum
1703 3865 2036 3920 auctoritate

331 3950 561 4004 suﬁ'ulta
591 3949 805 4018 docuit,
839 3955 896 4004 et
920 3951 1228 4007 frustravit.
1266 3953 1329 4006 Et
1351 3957 1464 4006 uta
1491 3969 1550 4006 se
1573 3952 1812 4008 invicem
1846 3961 2036 4025 partes

330 4038 597 4110 digressae
629 4045 781 4106 sunt,
824 4039 920 4094 ille
953 4041 1134 4112 magis
1166 4046 1462 4113 magisque
1505 4043 1685 4096 iratus
1714 4049 1772 4097 et
1817 4044 2032 4115 furens,

329 4127 629 4182 mendacia
650 4130 828 4182 multa
852 4145 954 4199 pro
976 4129 1089 4184 ﬁde
1112 4146 1213 4185 sua
1233 4131 1372 4185 falsa
1388 4131 1657 4201 jactabat,
1681 4132 1890 4188 victum
1917 4152 2036 4189 esse

329 4233 362 4272 a
393 4233 450 4272 se
480 4217 605 4288 ipso
639 4219 1013 4289 proclamans,
1047 4222 1360 4274 multorum
1392 4235 1489 4274 ore
1521 4221 1812 4276 laudatum
1841 4226 2035 4295 Augu-

328 4307 562 4362 stinum.
601 4307 737 4371 Quae
777 4325 905 4362 cum
936 4310 957 4344 ⁸
989 4308 1224 4363 minime
1257 4310 1521 4378 laterent,
1553 4315 1780 4365 coactus
1834 4317 1917 4366 est
1963 4313 2035 4368 ad

326 4395 515 4467 ipsum
536 4398 778 4452 scribere
795 4397 1170 4461 Pascentium,
1187 4403 1428 4469 propter
1449 4398 1600 4454 illius
1625 4405 1838 4455 metum
1862 4402 2032 4456 omis-

327 4485 403 4539 sis
430 4486 758 4540 nominibus
783 4487 1228 4555 conferentium;
1263 4487 1394 4541 etin
1419 4487 1499 4541 eis
1531 4488 1732 4544 litteris
1754 4491 2036 4562 quidquid

329 4574 482 4629 inter
499 4580 689 4646 partes
707 4575 920 4630 dictum
948 4578 1034 4629 vel
1052 4581 1277 4648 gestum
1303 4576 1506 4644 fuerat,
1531 4578 1778 4634 ﬁdeliter
1798 4580 1899 4634 inti
1909 4597 2033 4636 ma-

327 4663 442 4718 vit:
477 4664 547 4719 ad
577 4681 660 4731 ea,
693 4663 740 4717 si
771 4671 1134 4736 negarentur,
1168 4665 1466 4735 probanda
1497 4683 1766 4738 magnam
1799 4670 2032 4726 testium

326 4751 543 4806 habens
568 4753 814 4823 copiam,
833 4753 1176 4808 clarissimos
1206 4755 1420 4810 scilicet
1440 4761 1610 4828 atque
1641 4757 2030 4831 honorabiles,

325 4839 426 4910 qui
455 4845 590 4894 tunc
615 4841 872 4912 aderant,
903 4841 1075 4899 viros.
1106 4846 1289 4915 Atque
1320 4843 1415 4898 ille
1446 4845 1514 4898 ad
1543 4845 1655 4899 duo
1687 4846 1794 4900 sibi
1819 4847 2033 4904 directa

325 4926 554 4998 scripta,
575 4943 757 4984 unum
796 4929 888 4985 vix
917 4931 1163 4986 reddidit
1190 4933 1525 5004 rescriptum
1556 4930 1608 4999 ⁷,
1660 4933 1720 4989 in
1763 4952 1876 5007 quo
1910 4954 2029 4992 ma-

325 5015 412 5088 gis
453 5016 725 5089 injuriam
754 5019 958 5087 facere,
992 5037 1164 5092 quam
1195 5038 1312 5076 suae
1342 5027 1508 5077 secta:
1540 5024 1821 5078 rationem
1852 5027 2030 5082 valuit

387 5127 404 5161 ί
433 5123 676 5192 ῌίολθιίίιί
706 5124 927 5186 addunt,
961 5129 1156 5192 quippe
1199 5129 1486 5192 Hipponem
1531 5134 1758 5181 venerat
1787 5132 2029 5182 eumdem

319 5189 682 5256 seminatur!“
698 5200 954 5256 errorem.
968 5189 1152 5256 Verba
1171 5189 1292 5240 suu't
1303 5189 1586 5256 Augustini
1607 5193 1660 5242 in
1683 5193 1815 5243 libro
1837 5208 2027 5245 secun-

322 5249 398 5315 do;
426 5251 898 5315 Retractationum,
931 5266 1044 5315 cap.
1079 5255 1123 5302 8.

381 5313 403 5376 ξ
428 5313 583 5376 Qiiti,
609 5315 981 5376 praesentibus.

385 5372 403 5442 ξ’
428 5372 795 5442 fieriacenses
815 5376 920 5442 duo
950 5375 1312 5442 manuscripti,
1345 5376 1481 5442 quod
1506 5382 1674 5442 magis
1697 5384 1896 5432 noster.

382 5437 405 5470 ‘
428 5436 600 5499 Editio
625 5439 746 5487 Lov.
776 5440 938 5499 addit,
973 5436 1275 5488 arbitrium.

383 5497 683 5568 fl’leriqpe
711 5500 854 5568 Mss...
891 5497 1107 5568 prolata
1139 5500 1340 5551 docuit.

380 5561 402 5593 δ
427 5558 522 5608 Hic
546 5558 672 5611 editi
702 5558 904 5613 addunt
927 5579 938 5614 :
970 5565 1127 5614 illum
1155 5562 1510 5615 venerabilem
1537 5567 1731 5617 sanun.

381 5623 401 5655 τ
433 5621 656 5690 Salinas,
677 5638 739 5690 ex
756 5626 864 5690 Cd.
887 5628 1014 5690 Reg.
1049 5629 1165 5676 5H:
1199 5626 1351 5690 Quod
1378 5627 1600 5690 audiens
1623 5629 1922 5686 haereticus,
1948 5630 2020 5681 ad

315 5681 421 5736 duo
441 5681 651 5749 scripta
664 5681 993 5750 mbidirecta“,
1009 5701 1184 5741 unum
1205 5681 1408 5741 fibram
1421 5681 1935 5757 reddiditscriptuni.
1951 5695 2016 5743 Μ.

378 5783 452 5848 (a)
482 5783 611 5835 Acta
639 5797 760 5835 cum
789 5787 955 5838 Felice
983 5788 1292 5850 Manichaee,
1319 5789 1373 5838 in
1397 5792 1541 5840 tomo
1575 5791 1622 5840 8.

2158 461 2462 516 declarare.
2497 460 2658 524 Quod
2709 477 2742 514 a
2785 459 3104 514 volentibus
3132 463 3190 514 et
3235 475 3270 514 a
3299 458 3621 513 valentibus
3669 459 3864 530 legere

2158 551 2597 620 comprobatur.

2233 639 2374 692 Cum
2423 639 2681 708 ipsorum
2722 653 2951 709 quoque
2993 637 3339 692 Arianorum
3403 635 3666 707 episcopo
3717 652 3871 708 quo-

2161 726 2294 781 dam
2324 726 2626 782 Maximino
2645 742 2775 780 cum
2805 726 3001 782 Gothis
3029 727 3101 780 ad
3130 725 3376 779 Africam
3406 725 3686 790 veniente,
3711 726 3869 795 apud

2165 812 2484 884 Hipponem
2503 830 2674 885 quam
2705 813 2964 883 plurimis
2979 813 3298 866 volentibus
3315 818 3486 882 atque
3515 811 3843 882 petentibus
3857 853 3872 880 ,

2161 907 2216 956 et
2237 902 2520 974 praeclaris
2538 901 2887 972 interpositis
2916 901 3050 955 viris
3078 900 3358 955 contulit:
3383 907 3441 954 et
3457 901 3597 971 quid
3619 901 3866 969 singulae

2162 991 2506 1045 asseruerint
2542 995 2755 1060 partes,
2786 990 3059 1062 scriptum
3090 995 3190 1043 est.
3233 989 3370 1053 Quae
3410 989 3456 1042 si
3486 989 3731 1043 studiosi
3778 988 3866 1042 di-

2160 1078 2407 1150 ligenter
2435 1081 2622 1150 legere
2642 1078 2982 1144 curaverint,
3016 1080 3211 1150 procul
3239 1077 3412 1132 dubio
3445 1078 3798 1148 indagabunt
3830 1077 3870 1146 ⁸,

2161 1170 2248 1222 vel
2276 1168 2412 1239 quid
2452 1169 2656 1224 callida
2686 1173 2742 1222 et
2782 1168 3192 1223 irrationabilis
3222 1168 3456 1222 haeresis
3485 1167 3551 1221 ad
3586 1168 3866 1221 seducen-

2162 1257 2300 1311 dum
2353 1262 2408 1310 et
2435 1256 2836 1328 decipiendum
2880 1257 3239 1327 proﬁteatur,
3297 1257 3384 1309 vel
3433 1255 3574 1326 quid
3621 1256 3865 1310 Ecclesia

2160 1344 2436 1400 catholica
2466 1346 2534 1400 de
2563 1346 2755 1400 divina
2783 1351 2971 1400 teneat
3012 1349 3067 1398 et
3096 1345 3365 1416 praedicet
3406 1343 3700 1399 Triuitate.
3749 1344 3860 1398 Sed

2161 1435 2437 1506 quoniam
2479 1435 2574 1489 ille
2610 1435 2909 1490 haereticus
2955 1435 3024 1489 de
3058 1435 3319 1504 Hippone
3349 1433 3572 1488 rediens
3610 1433 3682 1487 ad
3731 1433 3868 1488 Car-

2159 1523 2475 1594 thaginem,
2503 1524 2572 1578 de
2598 1540 2700 1579 sua
2729 1526 2908 1579 multa
2950 1524 3011 1577 in
3056 1522 3360 1578 collatione
3407 1521 3751 1594 loquacitate
3787 1522 3871 1576 vi-

2161 1617 2374 1666 ctorem
2427 1627 2485 1666 se
2537 1611 2607 1666 de
2684 1611 2805 1682 ipsa
2872 1611 3171 1666 collatione
3254 1612 3553 1666 recessisse
3602 1611 3868 1682 jactavit,

2163 1704 2219 1755 et
2247 1701 2521 1756 mentitus
2567 1705 2678 1764 est;
2713 1717 2842 1772 qua!
2868 1700 3065 1772 utique
3098 1716 3212 1756 non
3242 1700 3404 1755 facile
3433 1717 3466 1755 a
3485 1700 3694 1756 divina:
3725 1699 3870 1771 legis

2160 1789 2375 1860 ignaris
2404 1788 2721 1844 examinari
2755 1793 2810 1843 et
2837 1789 3140 1860 dijudicari
3173 1795 3442 1860 possent:
3478 1807 3508 1844 a
3553 1790 3874 1844 venerabili

2159 1877 2480 1947 Augustino
2507 1877 2797 1948 sequentis
2823 1878 3097 1948 temporis
3115 1879 3262 1944 stilo,
3284 1883 3342 1932 et
3369 1878 3520 1933 illius
3551 1879 3724 1934 totius
3747 1881 3871 1933 col-

2161 1965 2390 2020 lationis
2419 1965 2488 2020 de
2519 1966 2757 2036 singulis
2801 1966 3035 2036 objectis
3059 1971 3116 2020 et
3145 1967 3432 2038 responsis
3475 1969 3620 2022 facta
3649 1974 3734 2023 est
3782 1985 3872 2023 re-

2161 2053 2514 2126 capitulatio,
2541 2061 2598 2109 et
2617 2070 2792 2125 quam
2818 2055 2960 2110 nihil
2992 2055 3086 2109 ille
3105 2055 3336 2125 objectis
3356 2055 3565 2110 referre
3585 2057 3867 2127 potuerit,

2160 2141 2534 2196 nihilominus
2563 2142 3022 2196 demonstratum
3051 2148 3155 2208 est,
3187 2141 3395 2196 additis
3423 2143 3870 2213 supplementis,

2160 2246 2290 2301 quae
2321 2231 2382 2285 in
2403 2220 2657 2301 tempore
2704 2230 3028 2286 collationis
3057 2237 3300 2302 angusto
3340 2238 3542 2287 cuncta
3575 2232 3775 2287 inferri
3806 2239 3870 2287 et

2159 2319 2328 2374 scribi
2357 2319 2592 2374 minime
2623 2324 2960 2391 potuerunt.
2998 2320 3057 2374 Id
3087 2320 3242 2375 enim
3262 2327 3456 2392 egerat
3485 2322 3736 2392 nequitia
3761 2322 3878 2376 ho-

2158 2408 2351 2472 minis,
2384 2413 2447 2462 ut
2474 2425 2577 2463 sua
2606 2408 2912 2464 novissima
2945 2413 3343 2480 prosecutione
3374 2414 3553 2465 multo
3592 2410 3872 2481 longissi-

2160 2514 2274 2568 ma,
2307 2502 2491 2552 totum
2533 2497 2689 2568 quod
2719 2505 3069 2553 remanserat
3097 2498 3212 2553 diei
3260 2499 3507 2570 spatium
3532 2504 3866 2570 occuparet.

2158 2683 2382 2739 CAPUT
2411 2684 2594 2739 XVIII.
2624 2715 2691 2724 —
2723 2685 3101 2751 Pelagianistze
3119 2689 3242 2740 novi
3271 2688 3528 2753 heretici,
3553 2689 3868 2755 expugnati

2225 2778 2276 2827 et
2295 2772 2654 2828 condemnati.
2682 2775 2928 2828 Ecclesiae
2953 2775 3226 2829 catholicae
3254 2780 3516 2844 quantum
3542 2777 3869 2843 profuerint

2227 2862 2432 2917 labores
2468 2863 2784 2930 Augustini.
2820 2864 3070 2916 Haeretici
3097 2869 3146 2916 et
3183 2866 3396 2931 Pagani
3425 2864 3698 2933 deﬁciunt.
3739 2865 3870 2918 Au-

2227 2954 2432 3020 gustini
2457 2966 2675 3022 operum
2706 2967 2870 3020 quam
2898 2954 3086 3019 ingens
3113 2956 3297 3022 copia.

2224 3112 2507 3167 Adversus
2550 3112 2955 3184 Pelagianistas
3008 3128 3236 3184 quoque
3300 3129 3472 3166 novos
3529 3117 3871 3167 nostrorum

2155 3202 2479 3267 temporum
2543 3200 2840 3256 haereticos
2896 3206 2953 3256 et
2999 3201 3376 3272 disputatores
3420 3200 3677 3264 callidos,
3735 3207 3870 3256 arte

2153 3289 2337 3360 magis
2393 3289 2588 3344 subtili
2633 3295 2692 3345 et
2744 3294 2766 3326 ³
2813 3291 2986 3345 noxia
3039 3290 3365 3357 scribentes,
3419 3294 3475 3345 et
3505 3289 3865 3361 ubicumque

2153 3382 2419 3448 poterant
2475 3378 2695 3450 publice
2747 3384 2802 3434 et
2849 3395 2954 3450 per
3008 3379 3209 3434 domos
3240 3381 3558 3451 loquentes,
3617 3395 3722 3450 per
3751 3396 3866 3435 an-

2154 3481 2254 3520 nos
2295 3466 2473 3522 ferme
2530 3467 2727 3523 decem
2783 3469 3060 3524 laboravit
3111 3473 3133 3505 ⁸
3184 3470 3278 3540 (a).
3332 3469 3614 3524 librorum
3667 3471 3861 3523 multa

2151 3555 2401 3611 condens
2427 3561 2483 3611 et
2512 3557 2704 3624 edens,
2738 3563 2795 3612 et
2814 3557 2875 3612 in
2905 3558 3140 3613 ecclesia
3168 3558 3392 3629 populis
3430 3574 3499 3613 ex
3528 3558 3728 3613 eodem
3765 3575 3862 3612 er-

2149 3660 2280 3700 rore
2309 3645 2766 3716 frequentissime
2797 3645 3113 3718 disputans.
3140 3632 3494 3718 etquoniam
3523 3647 3700 3702 iidem
3728 3664 3870 3718 per—

2149 3733 2296 3788 versi
2324 3734 2452 3789 Sedi
2482 3734 2805 3804 apostolicae
2845 3751 2947 3806 per
2974 3751 3134 3790 suam
3179 3737 3556 3792 ambitionem
3591 3736 3868 3792 eamdem

2148 3821 2448 3893 perﬁdiam
2478 3823 2816 3893 persuadere
2841 3825 3214 3891 conabantur,
3237 3824 3642 3879 instantissime
3673 3824 3859 3880 etiam

2149 3911 2404 3966 conciliis
2432 3911 2707 3966 Africanis
2735 3919 3061 3967 sanctorum
3082 3909 3481 3984 episcoporum
3503 3917 3724 3984 gestum
3747 3921 3865 3977 est,

2148 4006 2214 4054 ut
2253 4005 2446 4054 sancto
2495 4017 2658 4071 papas
2701 4001 2864 4056 Urbis
2897 4009 2938 4068 ⁸,
2982 4007 3038 4056 et
3086 4002 3244 4073 prius
3282 4001 3594 4057 venerabili
3624 4000 3646 4035 ⁵
3683 4003 3865 4058 Inno-

2148 4088 2356 4158 centio,
2387 4093 2443 4143 et
2485 4095 2684 4160 postea
2711 4095 2905 4145 sancto
2962 4090 3184 4147 Zosimo
3214 4091 3337 4162 ejus
3387 4091 3697 4147 successori
3723 4109 3859 4163 per-

2148 4177 2498 4244 suaderetur,
2530 4195 2703 4250 quam
2733 4179 2832 4234 illa
2858 4185 3008 4234 secta
3029 4197 3060 4235 a
3090 4181 3203 4237 ﬁde
3232 4182 3511 4236 catholica
3539 4187 3597 4236 et
3627 4181 3860 4237 abomi-

2146 4265 2336 4320 nanda
2365 4270 2420 4320 et
2437 4267 2762 4321 damnanda
2788 4267 3008 4323 fuisset.
3039 4271 3113 4323 At
3141 4269 3224 4323 illi
3249 4274 3420 4323 tanta:
3452 4269 3599 4324 sedis
3626 4269 3858 4325 antisti-

2147 4357 2251 4422 tes,
2283 4355 2400 4409 suis
2431 4355 2665 4410 diversis
2693 4357 3045 4428 temporibus
3095 4358 3323 4413 eosdem
3356 4363 3638 4424 notantes,
3679 4365 3862 4430 atque

2147 4459 2180 4497 a
2227 4443 2499 4498 membris
2537 4445 2794 4500 Ecclesia:
2840 4446 3233 4518 praecidentes,
3281 4448 3426 4502 datis
3457 4448 3661 4502 litteris
3693 4455 3751 4502 et
3783 4450 3860 4504 ad

2210 4619 2239 4685 i_
2257 4617 2494 4667 Salinas:
2528 4619 2863 4685 S_ervavimus
2898 4621 2953 4670 in
2983 4625 3129 4685 textu
3150 4622 3431 4672 lectionem
3463 4621 3814 4672 Parisiensem
3847 4640 3860 4685 ;

2145 4679 2311 4744 codex
2339 4686 2514 4744 tamen
2547 4682 2671 4744 Reg.
2706 4685 2860 4730 1025:
2889 4684 3242 4735 Judicabunt.
3335 4686 3404 4734 M.

2207 4743 2228 4777 2
2262 4743 2592 4799 Particulam,
2623 4743 2687 4801 el,
2721 4746 3052 4796 restituimus
3083 4761 3147 4796 ex
3171 4749 3295 4796 Mss.

2209 4804 2226 4871 ἒ
2249 4804 2492 4871 _Saliuas,
2518 4819 2582 4871 ex_
2612 4806 2702 4871 Cd.
2725 4807 2849 4871 Reg.
2880 4812 3019 4869 1025,
3040 4811 3373 4860 elaborabat.
3468 4811 3537 4860 Μ.

2207 4869 2228 4902 ι
2249 4867 2308 4915 In
2343 4868 2498 4916 editis
2523 4868 2735 4918 additur
2763 4867 2951 4920 Romae.

2205 4931 2226 4964 ε
2253 4929 2409 4994 Apud,
2425 4929 2647 4989 Salinas,
2670 4933 2736 4980 ab
2767 4947 2874 4982 uno
2901 4933 2995 4982 Cd.
3017 4935 3164 4983 abest
3187 4948 3287 4984 vox
3309 4935 3638 4994 venerabili;
3676 4935 3733 4984 in
3767 4935 3849 4984 al-

2142 4994 2272 5051 tero,
2299 4993 2414 5042 voci
2443 4994 2736 5045 venerabili
2762 4996 2974 5045 additur
3000 5010 3104 5046 vox
3135 4996 3243 5059 pio.
3307 4997 3354 5045 M
3372 5032 3384 5044 .

2205 5107 2277 5170 (α)
2308 5107 2488 5178 Annos
2521 5123 2552 5158 a
2582 5110 2845 5178 Pelagiani
2875 5113 3066 5162 erroris
3097 5118 3284 5178 exortu
3314 5114 3378 5163 ad
3402 5114 3544 5164 illius
3576 5128 3671 5178 per
3699 5115 3857 5163 Zosi-

2138 5183 2285 5219 mum
2310 5172 2809 5240 condemnationem
2824 5179 3110 5240 computat.
3127 5176 3254 5225 Nam
3285 5178 3484 5240 alioqui
3511 5172 3697 5240 contra
3723 5191 3857 5226 eum

2137 5246 2367 5300 errorem
2394 5234 2686 5300 disputavit
2712 5234 3020 5300 scripsitque
3051 5237 3101 5286 S.
3147 5240 3338 5288 Doctor
3366 5234 3432 5288 ab
3475 5253 3616 5288 anno
3649 5239 3859 5289 Christi

2137 5295 2343 5366 circiter
2385 5295 2584 5366 fitﬁt—aut
2619 5301 2742 5366 4‘12;
2771 5295 2876 5362 quo
2898 5295 3042 5366 anno
3077 5303 3163 5350 H2
3207 5302 3369 5366 libros
3399 5302 3463 5350 de
3500 5303 3856 5351 Peccatorum

2134 5357 2331 5428 Meritis
2351 5362 2403 5406 et
2433 5359 2758 5428 Remissione
2786 5357 3031 5422 confecit,
3061 5377 3183 5412 cum
3206 5365 3452 5428 eumdem
3474 5376 3704 5413 errorem
3738 5377 3856 5412 ser-

2132 5421 2382 5489 monibus
2411 5421 2555 5483 prius
2589 5436 2865 5489 aggressus
2890 5431 3253 5489 esset;_usque
3287 5427 3352 5474 ad
3383 5439 3587 5475 annum
3610 5427 3718 5484 430,
3737 5439 3854 5487 quo

2131 5486 2616 5552 mortenoccupatus
2644 5491 2724 5552 est
2755 5486 2991 5536 scribens
3023 5486 3266 5552 ultimum
3292 5502 3426 5552 Opus
3457 5489 3509 5536 in
3528 5489 3563 5552 ,1
3575 5486 3848 5552 ιῃίιιηαω.

2133 5544 2266 5612 Hine
2279 5544 2526 5612 Prosper,
2554 5546 2605 5595 in
2642 5547 2779 5612 libro
2805 5563 2960 5612 quem
2996 5563 3138 5599 anno
3170 5551 3258 5598 433
3289 5544 3476 5600 contra
3515 5550 3852 5612 Collatorem

2130 5606 2310 5674 edidit.
2339 5606 2452 5674 cap.
2479 5611 2605 5674 t,_n.
2630 5611 2676 5666 2,
2701 5606 3066 5674 inqappendice
3088 5612 3215 5660 tomi
3232 5613 3423 5662 decimi
3455 5617 3650 5661 nostra:
3677 5609 3848 5674 Edit.:

2135 5669 2631 5747 e‘t’iginltgirram‘plius
2654 5669 3001 5747 audierint.)
3024 5675 3216 5747 inquit,
3242 5676 3433 5747 «.quod
3461 5678 3646 5747 contra
3667 5673 3854 5747 inimit-

2129 5743 2229 5841 ιζἳέ
2244 5733 2426 5842 εῗαιίω
2458 5733 2568 5792 Dei,
2599 5733 2856 5784 catholica
2884 5736 3021 5786 acies
3049 5733 3209 5800 hujus
3233 5733 3332 5786 viri
3362 5737 3524 5786 ductu
3555 5738 3760 5799 pugnat
3779 5738 3853 5798 et

2239 5808 2284 5840 Cl
2315 5830 2326 5842 .
2356 5810 2382 5839 ››

2136 5805 2326 5842 VIDCIL
2356 5810 2382 5839 ι)
