4048 6194
204 239 269 291 i9

203 361 506 415 Africanas
535 362 876 429 Occidentis,
910 365 964 415 et
993 363 1062 417 ad
1104 362 1349 419 Orientis
1378 362 1554 434 partis
1584 363 1853 417 Ecclesias
1885 364 1926 428 ¹,

206 467 299 505 eos
330 452 797 506 arathemandos
824 456 880 506 et
910 452 1242 506 devitandos
1280 452 1351 506 ab
1391 452 1657 506 omnibus
1686 453 1929 508 Catholi-

205 539 279 592 cis
309 543 686 593 censuerunt.
724 540 790 593 Et
817 539 927 593 tale
955 540 1025 593 de
1057 540 1168 595 illis
1199 540 1458 595 Ecclesia
1488 540 1590 594 Dei
1627 540 1922 595 catholica

207 628 503 700 prolatum
531 628 838 699 judicium,
872 628 1042 683 etiam
1071 629 1363 701 piissimus
1392 629 1703 700 imperator
1734 631 1922 684 Hono-

207 716 328 771 rius
361 716 609 770 audiens
658 732 721 770 ac
765 732 1030 787 sequens,
1064 718 1181 771 suis
1226 734 1323 771 eos
1353 718 1574 787 legibus
1602 719 1917 781 damnatos,

206 806 354 859 inter
372 805 678 859 hareticos
698 804 895 860 haberi
923 806 1129 860 debere
1156 806 1465 861 constituit.
1488 807 1645 861 Unde
1667 808 1923 861 nonnulli

206 911 269 948 ex
301 894 392 947 eis
421 894 497 949 ad
541 898 750 947 sancta
789 894 989 947 matris
1022 895 1275 949 Ecclesia
1316 896 1624 965 gremium,
1655 897 1806 950 unde
1836 913 1922 950 re-

206 984 494 1047 silierant,
542 982 868 1051 redierunt,
916 987 973 1037 et
1020 984 1207 1038 adhuc
1246 983 1343 1038 alii
1390 984 1655 1049 redeunt,
1705 984 1924 1039 innote-

212 1076 406 1125 scente
440 1076 500 1126 et
537 1073 979 1143 pravalescente
1018 1073 1286 1127 adversus
1324 1073 1489 1127 illum
1532 1073 1923 1128 detestabilem

209 1178 464 1216 errorem
499 1167 668 1216 recta
699 1162 832 1217 ﬁdei
863 1162 1118 1218 veritate.

280 1251 347 1304 Et
394 1254 526 1303 erat
568 1250 667 1304 ille
722 1251 1116 1307 memorabilis
1170 1250 1275 1317 vir,
1329 1250 1683 1321 pracipuum
1744 1247 1927 1304 domi-

208 1338 323 1391 nici
373 1337 634 1408 corporis
690 1336 1035 1403 membrum,
1090 1337 1237 1391 circa
1274 1338 1611 1392 universalis
1666 1334 1925 1390 Ecclesia

209 1424 527 1479 utilitatem
560 1424 840 1479 sollicitus
870 1440 1095 1496 semper
1122 1441 1186 1479 ac
1214 1424 1474 1496 pervigil.
1509 1426 1573 1479 Et
1603 1424 1687 1478 illi
1717 1422 1924 1477 divini-

209 1519 301 1568 tus
326 1513 610 1568 donatum
644 1518 747 1579 est,
775 1518 839 1568 ut
867 1514 935 1568 de
966 1530 1198 1569 suorum
1230 1514 1490 1568 laborum
1516 1513 1724 1577 fructu,
1752 1513 1925 1565 etiam

206 1603 266 1657 in
296 1603 407 1657 hac
438 1602 551 1657 vita
576 1602 823 1671 gaudere
849 1602 1221 1673 provenisset,
1254 1602 1411 1673 prius
1444 1602 1675 1673 quidem
1707 1601 1766 1655 in
1789 1600 1923 1669 Hip-

210 1691 459 1762 ponensi
488 1690 731 1746 Ecclesia
760 1695 818 1745 et
840 1690 1079 1760 regione
1096 1689 1139 1750 ³.
1162 1691 1252 1744 cui
1287 1691 1533 1744 maxime
1558 1689 1920 1761 praesidebat,

206 1782 432 1836 unitate
484 1797 547 1835 ac
595 1797 732 1851 pace
760 1781 1040 1853 perfecta;
1074 1780 1280 1836 deinde
1309 1780 1369 1835 in
1408 1780 1535 1834 aliis
1563 1779 1765 1835 Africa
1794 1794 1923 1850 par-

206 1870 382 1936 tibus,
416 1870 536 1925 sive
576 1886 677 1941 per
706 1886 765 1924 se
794 1869 1004 1940 ipsum,
1037 1868 1153 1923 sive
1190 1886 1294 1940 per
1322 1871 1485 1937 alios,
1515 1873 1572 1923 et
1617 1886 1760 1940 quos
1800 1868 1925 1938 ipse

208 1960 454 2015 dederat
483 1959 823 2025 sacerdotes,
850 1959 1180 2029 pullulasse,
1200 1964 1256 2013 et
1286 1958 1720 2029 multiplicatam
1750 1958 1923 2013 fuisse

208 2048 442 2103 Domini
469 2048 772 2104 Ecclesiam
805 2047 1129 2117 pervidens,
1158 2048 1402 2119 illosque
1437 2047 1792 2114 Manichaos,
1818 2049 1924 2101 Do-

207 2137 470 2198 natistae,
527 2136 952 2207 Pelagianistas,
1006 2140 1064 2191 et
1102 2137 1360 2207 Paganos
1402 2153 1471 2190 ex
1509 2152 1719 2207 magna
1764 2141 1924 2206 parte

209 2225 508 2291 defecisse,
541 2231 601 2280 et
642 2225 901 2280 Ecclesia
946 2225 1047 2280 Dei
1076 2225 1314 2279 sociatos
1365 2241 1487 2279 esse
1517 2225 1923 2295 congaudens:

210 2315 576 2383 profectibus
604 2331 834 2385 quoque
864 2318 920 2369 et
949 2314 1153 2369 studiis
1190 2315 1382 2368 favens
1408 2317 1529 2367 erat
1559 2318 1617 2367 et
1644 2314 1926 2367 exsultans

214 2404 503 2458 honorum
549 2404 843 2469 omnium;
892 2402 1440 2474 indisciplinationes
1488 2402 1580 2473 pie
1626 2418 1691 2456 ac
1736 2406 1926 2457 sancte

213 2494 472 2547 tolerans
525 2494 787 2556 fratrum,
856 2492 1353 2563 ingemiscensque
1405 2492 1473 2547 de
1525 2491 1926 2563 iniquitatibus

218 2583 535 2647 malorum,
564 2582 682 2635 sive
706 2597 909 2635 eorum
939 2582 1039 2653 qui
1066 2582 1215 2636 intra
1245 2581 1570 2644 Ecclesiam,
1593 2580 1707 2634 sive
1728 2596 1925 2636 eorum

217 2671 321 2741 qui
368 2675 531 2725 extra
597 2670 899 2725 Ecclesiam
949 2676 1082 2725 sunt
1124 2670 1435 2733 constituti,
1494 2669 1814 2735 dominicis,
1864 2677 1928 2725 ut

211 2759 356 2823 dixi,
388 2758 562 2814 lucris
593 2775 821 2830 semper
846 2760 1124 2829 gaudens,
1157 2765 1213 2813 et
1252 2759 1477 2814 damnis
1506 2775 1769 2814 marcus.

283 2850 472 2903 Tanta
506 2852 699 2901 autem
743 2848 813 2901 ab
852 2848 1052 2902 eodem
1092 2848 1299 2902 dictata
1328 2852 1385 2902 et
1428 2847 1576 2901 edita
1616 2852 1769 2912 sunt,
1802 2850 1926 2899 tan-

217 2943 392 3008 taque
450 2938 509 2991 in
569 2937 810 3003 Ecclesia
865 2937 1173 3007 disputata,
1227 2940 1461 3008 excepta
1516 2940 1688 3007 atque
1741 2950 1931 2989 emen-

214 3026 370 3089 data,
432 3026 518 3080 vel
595 3026 865 3080 adversus
930 3025 1255 3080 hareticos'
1305 3025 1644 3095 conscripta,
1710 3025 1797 3078 vel
1864 3039 1926 3076 ex

213 3115 516 3171 canonicis
590 3114 771 3169 Libris
841 3115 1097 3185 exposita
1151 3114 1222 3168 ad
1299 3114 1735 3169 aedificationem
1803 3129 1931 3166 san-

222 3210 452 3260 ctorum
507 3203 769 3259 Ecclesia
825 3202 1098 3268 ﬁliorum,
1144 3207 1209 3257 ut
1263 3219 1330 3257 ea
1380 3202 1575 3257 omnia
1628 3202 1720 3257 vix
1773 3201 1933 3273 quis-

217 3309 396 3365 quam
476 3291 862 3346 studiosorum
935 3292 1230 3361 perlegere
1305 3295 1361 3345 et
1425 3307 1590 3345 nosse
1662 3290 1926 3344 'sufticiat.

220 3386 637 3438 Verumtamen
667 3397 740 3435 ne
768 3380 1023 3435 veritatis
1050 3380 1208 3435 verbi
1236 3378 1259 3414 ⁵
1277 3379 1634 3434 avidissimos
1661 3380 1719 3434 in
1739 3379 1932 3449 aliquo

220 3472 492 3529 fraudare
541 3470 860 3535 videamur,
900 3469 1097 3536 statui,
1123 3470 1237 3523 Deo
1285 3473 1610 3538 prastante,
1659 3469 1717 3522 in
1765 3469 1935 3538 hujus

224 3559 491 3633 opusculi
526 3558 644 3614 fine
673 3560 846 3613 etiam
874 3558 1209 3612 earumdem
1236 3558 1537 3624 librorum,
1571 3560 1933 3621 tractatuum,

220 3655 279 3705 et
324 3649 703 3720 epistolarum
753 3647 1075 3702 indiculum
1123 3646 1477 3719 adjungere:
1511 3663 1624 3717 quo
1665 3647 1806 3700 lecto
1836 3644 1936 3716 qui

222 3738 412 3811 magis
440 3736 544 3793 Dei
567 3736 869 3791 veritatem
896 3752 1071 3807 quam
1099 3736 1445 3805 temporales
1470 3740 1665 3789 amant
1690 3734 1933 3797 divitias,

218 3828 325 3882 sibi
360 3826 610 3898 quisque
636 3825 790 3896 quod
816 3824 1061 3879 voluerit
1090 3824 1157 3879 ad
1185 3824 1490 3895 legendum
1511 3829 1568 3879 et
1592 3838 1936 3893 cognoscen-

219 3919 364 3973 dum
398 3916 594 3986 eligat,
626 3920 683 3968 et
707 3913 763 3969 id
796 3914 863 3968 ad
896 3913 1354 3980 describendum,
1388 3914 1476 3968 vel
1502 3914 1571 3968 de
1597 3912 1939 3968 bibliotheca

221 4003 616 4077 Hipponensis
660 4002 920 4057 Ecclesia
959 4007 1135 4074 petat,
1167 4002 1267 4056 ubi
1314 4001 1705 4056 emendatoria
1749 4016 1938 4056 exem-

220 4094 412 4167 plaria
435 4093 585 4147 forte
616 4095 888 4163 poterunt
916 4090 1183 4156 inveniri,
1209 4091 1295 4144 vel
1327 4090 1480 4145 unde
1501 4089 1743 4144 valuerit
1762 4089 1942 4161 inqui.

219 4190 334 4247 rat,
365 4188 425 4237 et
466 4182 703 4236 inventa
734 4180 1015 4235 describat
1052 4183 1109 4234 et
1137 4179 1363 4242 habeat,
1396 4184 1453 4233 et
1480 4178 1697 4249 petenti
1728 4178 1796 4234 ad
1836 4178 1938 4233 de-

225 4271 624 4331 scribendum,
658 4269 780 4323 sine
811 4268 1024 4325 invidia
1054 4272 1224 4323 etiam
1256 4268 1377 4341 ipse
1403 4269 1633 4323 tribuat.

234 4460 470 4519 CAPUT
500 4458 634 4513 XIX.
662 4487 731 4498 —
751 4460 814 4512 In
839 4459 1016 4512 causis
1046 4456 1339 4512 audiendis
1358 4456 1617 4525 quomodo
1636 4470 1691 4510 se
1726 4456 1948 4524 gesserit

306 4549 682 4615 Augustinus.
731 4548 940 4612 Partes,
981 4547 1134 4613 facta
1176 4549 1594 4616 opportunitate,
1635 4545 1784 4599 docet
1832 4560 1950 4612 qua:

302 4638 386 4691 ad
411 4644 671 4691 aeternam
708 4638 879 4691 vitam
908 4639 1171 4706 spectant.
1195 4637 1393 4691 Merces
1422 4650 1595 4705 opem
1614 4634 1946 4703 judiciariz.

319 4795 651 4851 Secundum
711 4794 971 4865 Apostoli
1049 4810 1279 4864 quoque
1344 4792 1706 4859 sententiam,
1760 4792 1952 4846 dicen-

238 4886 337 4954 tis,
370 4884 556 4941 Audet
594 4886 885 4955 quisquam
927 4888 1163 4938 vestrum
1210 4884 1468 4938 adversus
1514 4884 1745 4937 alterum
1787 4897 1954 4949 nego—

239 4978 385 5030 tium
431 4974 631 5028 habens
654 4973 903 5043 judicari
939 4973 1007 5027 ab
1038 4974 1266 5043 iniquis,
1291 4976 1342 5026 et
1385 4988 1490 5026 non
1519 4972 1670 5041 apud
1697 4974 1906 5025 sanctos
1930 4972 1957 5024 ?

232 5066 327 5118 An
358 5064 581 5117 nescitis
609 5064 740 5130 quia
777 5063 955 5116 sancti
982 5060 1244 5114 mundum
1278 5059 1656 5128 judicabant?
1693 5061 1765 5113 Et
1808 5060 1858 5112 si
1900 5060 1958 5111 in

310 5206 323 5237 ¹
358 5202 446 5251 Sic
474 5201 673 5251 habent
706 5203 860 5257 Mss.;
895 5202 1020 5249 editi
1049 5214 1170 5250 vero
1205 5200 1452 5248 fuerunt:
1486 5199 1634 5249 Datis
1669 5200 1858 5247 litteris
1891 5198 1962 5248 ad

245 5270 278 5315 Α
289 5263 544 5327 fricanas
556 5267 715 5327 Orion
726 5266 1160 5327 tisetAOccidentis
1172 5262 1713 5327 Ecclesiamorrupte.
1727 5288 1787 5297 —
1800 5262 1961 5310 Paulo

245 5324 479 5376 inferius
503 5326 626 5389 edit.
655 5325 821 5389 Lugd.
850 5324 1180 5389 Salinesque,
1204 5339 1267 5389 ex
1294 5324 1646 5389 duobustd.
1669 5338 1763 5388 pro
1787 5339 1798 5371 :
1821 5327 1961 5374 Ana-

246 5387 617 5445 themandos,
638 5386 850 5438 ferunt:
889 5386 1443 5440 Anathematizandos.
1502 5388 1569 5436 Μ.

316 5454 339 5487 ³
372 5451 721 5500 Carnutensis
752 5450 915 5500 codex
956 5466 967 5499 :
1002 5453 1069 5502 In
1103 5450 1438 5513 Hipponensis
1469 5450 1703 5513 Eajlesta:
1730 5448 1957 5513 regione.

319 5515 341 5547 ³
372 5513 526 5579 Apud
561 5514 767 5579 Lovnet
784 5514 914 5579 Lug.
939 5514 1025 5579 hic
1048 5510 1300 5561 omissum
1331 5516 1428 5579 est,
1459 5511 1615 5579 verbi.
1638 5510 1969 5579 ApudUlimj

253 5572 507 5639 meriumg
536 5590 664 5624 vero
697 5572 925 5639 legitur:
966 5577 1320 5625 Verumtamen
1370 5572 1441 5623 ne
1471 5572 1707 5623 veritatis
1753 5576 1800 5623 et
1824 5572 1970 5639 verbi

261 5640 375 5702 Dei.
402 5665 463 5674 —
485 5638 720 5702 Salinas,
744 5637 806 5687 ex
830 5637 921 5688 Cd.
945 5639 1071 5702 Reg.
1094 5640 1241 5687 1025:
1274 5639 1649 5686 Verumtamen
1670 5647 1739 5686 ne
1757 5637 1973 5686 veritate

256 5701 429 5753 verbi.
473 5701 544 5751 Μ.

1619 241 1663 294 Α
1674 240 1951 296 L'UTORE
2003 238 2336 295 POSSIDIU.
3141 303 3148 311 _
3664 250 3730 302 50

2036 382 2186 435 vobis
2211 382 2490 436 indicatur
2512 382 2764 449 mundus,
2796 383 3016 451 indigni
3051 386 3178 438 estis
3200 384 3537 453 judiciorum
3572 388 3733 440 mini-

2036 486 2245 524 marum
2295 468 2361 524 ‘?
2401 472 2627 527 Nescitis
2673 474 2803 540 quia
2851 475 3066 542 angelos
3101 473 3494 543 judicabimus,
3540 474 3738 528 nedum

2034 561 2320 614 saculaiia
2347 564 2374 614 ?
2401 562 2698 617 Saculnria
2738 564 2910 629 igitur
2934 563 3149 631 judicia
3178 566 3228 616 si
3257 564 3554 617 habueritis
3598 567 3738 618 inter

2032 664 2144 717 vos,
2179 666 2264 704 eos
2297 653 2393 719 qui
2420 651 2841 720 contemptibiles
2879 658 3004 705 sunt
3041 654 3099 705 in
3149 653 3407 720 Ecclesia,
3441 654 3533 707 hos
3571 653 3737 710 εοίἱοτ

2036 744 2147 793 cate
2178 739 2253 792 ad
2273 740 2635 808 judicandum
2661 744 2701 793 ².
2731 741 2823 795 Ad
2852 743 3203 795 reverentiam
3227 742 3375 795 vobis
3407 743 3629 811 loquor:
3660 744 3737 796 sic

2033 844 2140 882 non
2171 834 2248 883 est
2274 831 2416 882 inter
2438 844 2529 883 vos
2567 832 2855 900 quisquam
2884 832 3119 899 sapiens,
3148 832 3246 900 qui
3264 833 3435 899 possit
3456 834 3597 884 inter
3621 832 3738 896 fra-

2038 923 2171 972 trem
2208 934 2363 972 suum
2393 918 2702 987 dijudicarc
2721 922 2747 973 ?
2770 920 2864 974 sed
2890 921 3067 985 frater
3104 936 3222 973 cum
3251 922 3428 985 fratre
3455 920 3736 988 dijudica-

2038 1012 2127 1061 tur
2156 1013 2195 1073 ³,
2229 1012 2278 1061 et
2309 1010 2403 1062 hoc
2447 1008 2597 1077 apud
2648 1009 2887 1077 inﬁdeles
2922 1010 2959 1075 (Ι
2994 1009 3110 1064 Cor.
3140 1025 3213 1069 vr,
3255 1010 3363 1080 1-6)
3401 1025 3414 1061 :
3465 1008 3735 1079 interpel—

2035 1099 2180 1151 latus
2212 1114 2347 1168 ergo
2377 1114 2409 1150 a
2441 1097 2798 1163 Christianis,
2831 1098 2914 1151 vel
2960 1114 2989 1150 a
3020 1098 3295 1167 cujusque
3344 1103 3511 1151 secta
3550 1097 3735 1151 homi-

2037 1187 2226 1250 nibus,
2278 1202 2473 1240 causas
2527 1186 2793 1240 audiebat
2842 1186 3145 1257 diligenter
3192 1203 3253 1240 ac
3302 1187 3393 1256 pic
3439 1186 3735 1257 cujusdam

2036 1276 2376 1331 sententiam
2409 1280 2540 1329 ante
2568 1275 2762 1330 oculos
2782 1275 3014 1339 habens,
3047 1276 3285 1329 dicentis
3310 1292 3366 1329 se
3389 1276 3558 1329 malle
3586 1275 3738 1330 inter

2036 1364 2375 1435 incognitos,
2425 1380 2597 1435 quam
2654 1364 2803 1418 inter
2861 1364 3075 1419 amicos
3120 1382 3316 1419 causas
3362 1364 3561 1419 audire
3610 1382 3623 1419 :
3672 1381 3738 1419 eo

2037 1455 2190 1525 quod
2217 1454 2285 1509 de
2312 1453 2637 1525 incognitis,
2669 1470 2773 1524 pro
2805 1470 2919 1524 quo
2943 1454 3154 1508 arbitra
3185 1460 3203 1491 ‘
3230 1452 3500 1525 aequitate
3524 1453 3739 1524 judica-

2038 1548 2218 1611 retur,
2253 1544 2499 1598 amicum
2526 1548 2718 1613 posset
2741 1543 3033 1613 acquirere
3055 1560 3067 1609 ;
3092 1543 3160 1597 de
3185 1542 3382 1597 amicis
3401 1558 3535 1596 vero
3558 1558 3739 1596 unum

2036 1638 2198 1699 esset,
2233 1639 2428 1689 contra
2454 1650 2624 1704 quem
2657 1633 2940 1687 sententia
2975 1634 3347 1704 proferretur,
3390 1633 3735 1705 perditurus.

2035 1725 2100 1778 Et
2129 1740 2223 1777 eas
2260 1723 2567 1793 aliquando
2597 1720 2619 1755 ⁵
2650 1738 2829 1793 usque
2878 1722 2947 1775 ad
3002 1722 3204 1776 horam
3247 1722 3592 1788 refectionis,
3634 1722 3738 1776 ali-

2035 1808 2265 1880 quando
2299 1812 2489 1861 autem
2518 1811 2633 1861 tota
2660 1807 2749 1861 die
2770 1808 3057 1878 jejunans,
3082 1824 3308 1878 semper
3326 1813 3515 1861 tamen
3540 1824 3738 1862 nosce-

2034 1897 2131 1951 bat
2174 1902 2232 1951 et
2291 1896 2596 1951 dirimebat
2641 1912 2652 1948 :
2703 1895 3003 1949 intendens
3049 1895 3108 1949 in
3157 1897 3238 1949 eis
3293 1896 3737 1950 Christianorum

2035 1990 2325 2041 momenta
2363 1984 2707 2048 animorum,
2757 1988 3036 2055 quantum
3089 1985 3330 2055 quisque
3376 1986 3460 2037 vel
3519 1984 3578 2038 in
3628 1985 3739 2039 ﬁde

2032 2075 2309 2146 bonisque
2351 2074 2609 2129 moribus
2661 2077 2682 2109 ⁸
2727 2073 3045 2145 proﬁceret,
3079 2075 3164 2128 vel
3196 2074 3266 2128 ab
3315 2073 3385 2127 iis
3430 2074 3731 2139 deficeret;

2035 2172 2206 2237 atque
2235 2164 2540 2235 compertis
2570 2180 2760 2217 rerum
2791 2162 3334 2234 opportunitatibus,
3364 2163 3569 2217 divina
3596 2162 3734 2233 legis

2033 2256 2329 2311 veritatem
2359 2252 2381 2289 ⁷
2421 2258 2611 2323 partes
2654 2252 2913 2319 docebat,
2948 2268 3188 2323 eamque
3236 2252 3347 2306 illis
3392 2251 3730 2317 iuculcabat,

2037 2351 2091 2400 et
2117 2362 2209 2399 eas
2241 2360 2354 2414 quo
2387 2343 2836 2414 adipiscerentur
2876 2342 3050 2396 vitam
3082 2347 3353 2397 aternam
3384 2341 3656 2396 edocebat
3684 2346 3739 2395 et

2038 2434 2380 2489 admonebat
2426 2450 2438 2487 :
2486 2432 2628 2486 nihil
2677 2432 2832 2487 aliud
2880 2448 3143 2503 quarens
3185 2432 3255 2486 ab
3298 2431 3367 2484 iis
3413 2431 3620 2503 quibus
3666 2431 3739 2485 ad

2036 2526 2144 2580 hoc
2171 2525 2426 2588 vacabat,
2458 2521 2566 2577 nisi
2600 2526 2822 2575 tantum
2853 2520 3234 2576 obedientiam
3280 2526 3336 2574 et
3375 2520 3740 2575 devotionem

2036 2614 2425 2677 Christianam,
2460 2627 2588 2683 qua
2619 2615 2674 2664 et
2706 2611 2821 2664 Deo
2851 2610 3088 2664 debetur
3117 2615 3173 2663 et
3202 2609 3528 2664 hominibus
3558 2627 3571 2663 :
3606 2624 3737 2678 pec-

2038 2706 2228 2758 cantes
2275 2717 2469 2756 coram
2521 2700 2791 2754 omnibus
2839 2715 3105 2768 arguens,
3137 2703 3200 2753 ut
3244 2698 3433 2753 cateri
3468 2698 3736 2752 timorem

2036 2794 2313 2848 haberent
2356 2791 2404 2860 (Ι
2452 2792 2587 2845 Tim.
2635 2806 2687 2854 ν,
2732 2788 2821 2859 20)
2870 2805 2882 2842 :
2933 2792 2990 2841 et
3026 2787 3264 2842 faciebat
3308 2787 3417 2841 hoc
3462 2792 3736 2859 tanquam

2038 2882 2355 2955 speculator
2382 2897 2415 2933 a
2445 2878 2685 2934 Domino
2713 2877 3051 2931 constitutus
3079 2876 3274 2931 domui
3304 2878 3494 2942 Israel,
3526 2877 3734 2947 pradi-

2039 2990 2171 3027 cans
2216 2971 2453 3024 verbum
2501 2972 2672 3039 atque
2719 2967 2939 3021 instans
2987 2970 3330 3035 opportune,
3378 2965 3731 3035 importune,

2041 3076 2307 3133 arguens,
2338 3059 2598 3124 hortans,
2641 3056 2962 3127 increpans,
3004 3053 3065 3109 in
3105 3054 3262 3108 omni
3304 3054 3736 3125 longanimitate

2044 3156 2101 3205 et
2148 3148 2406 3204 doctrina
2454 3146 2523 3217 (ll
2578 3148 2718 3200 Tim.
2764 3161 2840 3212 ιν,
2889 3145 2978 3211 2);
3048 3144 3449 3214 praecipueque
3501 3160 3736 3214 operam

2043 3241 2183 3293 dans
2224 3239 2505 3291 instruere
2536 3252 2632 3290 eos
2662 3233 2763 3306 qui
2807 3237 2994 3287 essent
3041 3233 3235 3288 idonei
3265 3237 3322 3286 et
3364 3232 3505 3287 alios
3535 3231 3739 3287 docere

2045 3328 2195 3399 (ld.).
2225 3328 2478 3397 Rogatus
2523 3341 2753 3396 quoque
2798 3340 2831 3377 a
2859 3322 3152 3376 nonnullis
3196 3323 3256 3376 in
3298 3338 3499 3376 eorum
3528 3326 3742 3392 tempo-

2045 3418 2258 3472 ralibus
2299 3415 2502 3481 causis,
2535 3414 2800 3485 epistolas
2829 3412 2896 3466 ad
2940 3411 3192 3465 diversos
3238 3411 3425 3466 dabat.
3455 3410 3565 3466 Sed
3594 3411 3741 3465 hanc

2044 3522 2205 3559 suam
2233 3522 2265 3557 a
2296 3502 2630 3557 melioribus
2661 3502 2830 3554 rebus
2860 3499 3283 3569 occupationem
3314 3504 3607 3570 tamquam
3636 3516 3737 3553 an-

2045 3593 2263 3664 gariam
2294 3591 2623 3661 deputabat,
2658 3604 2886 3642 suavem
2918 3603 3142 3658 semper
3170 3587 3384 3641 habens
3413 3587 3481 3641 de
3512 3586 3580 3641 iis
3609 3604 3738 3659 qua

2048 3682 2147 3737 Dei
2180 3685 2311 3735 sunt
2349 3680 2435 3733 vel
2467 3677 2871 3732 allocutionem
2902 3677 2989 3730 vel
3019 3676 3449 3730 collocutionem
3476 3677 3742 3732 fraternae

2047 3790 2109 3827 ac
2139 3770 2464 3826 domestica
2503 3766 2928 3822 familiaritatis.

2183 3916 2406 3972 CAPUT
2448 3914 2551 3968 ΧΧ.
2595 3942 2662 3951 --
2692 3914 2795 3967 Pro
2823 3914 2931 3965 reis
2956 3911 3216 3981 quomodo
3243 3914 3617 3968 intercesserit.

2123 4041 2392 4098 Novimus
2436 4055 2663 4111 quoque
2710 4054 2840 4093 eum
2899 4055 2932 4091 a
2978 4037 3095 4092 suis
3141 4037 3486 4093 charissimis
3530 4039 3746 4096 littera-

2050 4149 2178 4187 rum
2237 4131 2610 4185 intercessum
2674 4128 2823 4200 apud
2890 4126 3085 4182 saeculi
3135 4132 3438 4199 potestates
3493 4130 3746 4199 postula-

2051 4227 2174 4277 tum
2220 4237 2333 4273 non
2381 4218 2620 4284 dedisse,
2672 4216 2951 4271 dicentem
2995 4216 3288 4287 cujusdam
3332 4216 3603 4288 sapientis
3632 4233 3747 4271 ser-

2052 4310 2292 4365 vandam
2323 4324 2442 4362 esse
2469 4306 2827 4371 sententiam,
2856 4307 2923 4360 de
2955 4322 3068 4376 quo
3095 4305 3366 4375 scriptum
3406 4310 3570 4369 esset,
3594 4306 3747 4377 quod

2056 4400 2235 4454 multa
2281 4413 2396 4450 sua
2438 4395 2605 4449 fama
2642 4392 3119 4464 contemplatione
3165 4393 3362 4447 amicis
3391 4410 3507 4447 non
3536 4393 3755 4463 prasti-

2055 4492 2259 4546 tisset:
2306 4492 2361 4542 et
2400 4487 2540 4541 illud
2583 4484 2957 4540 nihilominus
3004 4499 3173 4539 suum
3216 4483 3452 4552 addens,
3480 4484 3751 4555 quoniam

2057 4581 2397 4652 plerumque
2427 4579 2677 4647 potestas
2706 4592 2835 4647 qua
2865 4577 3115 4645 prastat,
3147 4572 3359 4644 premit
3387 4572 3427 4627 ⁸.
3456 4575 3597 4629 Cum
3621 4590 3753 4629 vero

2127 4701 2138 4729 '
2175 4696 2500 4747 Fossatensis
2530 4695 2630 4743 Ms.
2662 4692 2902 4744 :Judicio
2926 4695 3213 4742 minorum.
3242 4719 3300 4727 —
3331 4690 3554 4751 Salinas,
3575 4706 3639 4741 ex
3662 4692 3754 4741 Cd-

2061 4763 2185 4823 Reg.
2212 4762 2295 4809 541
2321 4757 2570 4823 :Judicio
2587 4757 2973 4823 minimorinn;
3000 4758 3052 4803 et
3071 4754 3185 4823 hac
3205 4758 3530 4823 sequuntur:
3552 4754 3763 4823 Nescitis

2062 4815 2316 4889 ᾳυόπίανη
2338 4822 2553 4882 angelos
2566 4820 2932 4879 judicabimus
2954 4819 3150 4877 quanto
3166 4815 3332 4889 magis
3353 4815 3664 4867 semitaria?
3692 4818 3759 4868 M.

2124 4888 2145 4921 9
2178 4883 2543 4933 Germanensis
2572 4882 2664 4930 Ms.
2694 4895 2801 4929 non
2830 4880 3060 4929 habebat
3087 4879 3160 4930 ad
3174 4878 3565 4939 iudicandum;
3594 4893 3762 4941 neque

2064 4916 2726 5021 grgegsltex‘t‘u‘éﬁpostoli
2755 4943 2804 5021 id
2836 4941 3143 5021 prafert;_-
3166 4916 3375 4991 Eadem
3397 4916 3765 4991 voces’desdut

2066 5004 2120 5060 in
2149 5009 2239 5058 Cd.
2263 5010 2387 5070 Reg.
2424 5004 2560 5059 1025’.
2586 5005 2741 5068 juxta
2769 5004 2993 5053 Salinas.
3046 5005 3113 5054 lli.

2129 5075 2149 5108 ³
2182 5074 2301 5122 Lov.
2328 5068 2575 5118 :Judicio
2601 5067 2887 5118 contendit.
2912 5067 3215 5121 Snlinas,ex
3230 5066 3319 5115 Cd.
3343 5068 3467 5129 Reg.
3494 5068 3631 5122 1025,
3648 5064 3763 5115 loco

2068 5135 2212 5184 vocis
2236 5131 2566 5192 dijudicatur
2594 5130 2722 5191 legit
2748 5130 2905 5179 etiam
2933 5129 3224 5180 contendit.

2132 5200 2151 5232 δ
2181 5190 2335 5251 Editi,
2366 5192 2634 5242 arbitrata
2650 5190 2671 5251 ξ
2700 5197 2902 5241 veteres
2930 5196 3105 5241 autem
3135 5190 3285 5249 Cdd.,
3318 5191 3548 5241 arbitra.

2134 5262 2153 5294 ὃ
2183 5248 2405 5313 Salinas,
2437 5270 2501 5303 ex
2541 5254 2629 5304 Cd.
2662 5248 2807 5318 'Reg.
2854 5258 2963 5318 sit,
3012 5268 3121 5303 non
3164 5254 3290 5318 legit
3338 5249 3644 5318 aliquando,
3676 5248 3766 5299 sed

2074 5319 2411 5373 simpliciter:
2443 5320 2504 5367 Et
2531 5331 2618 5366 eos
2644 5314 2803 5381 usqn'e
2832 5320 2885 5381 in
2920 5315 3109 5381 horam
3140 5314 3459 5381 refeclignis.
3512 5314 3581 5363 M.

2136 5386 2157 5419 δ
2183 5382 2351 5432 Editi:
2382 5383 2650 5445 Bonisque
2683 5378 2949 5446 operibus.
2981 5378 3108 5427 Cdd.
3137 5378 3257 5428 Mis.
3285 5391 3295 5424 :
3325 5378 3587 5440 Bonisque
3608 5378 3770 5426 mori-

2072 5458 2369 5556 υπξἘᾱίιοτ
2398 5506 2560 5567 Lugd.
2592 5510 2645 5555 et
2671 5504 2894 5561 Salinas,
2925 5517 2988 5552 ex
3019 5502 3108 5551 Cd.
3136 5503 3402 5567 negabit,
3431 5502 3670 5567 veritate.
3704 5501 3772 5567 Μ.

2141 5572 2161 5605 ⁸
2196 5568 2416 5627 Salinas,
2448 5563 2512 5617 ex
2542 5582 2650 5617 uno
2680 5568 2771 5617 Cd.
2801 5569 3043 5618 Potestas
3062 5577 3173 5627 qua:
3192 5565 3346 5626 petit,
3362 5565 3592 5627 premit;
3620 5578 3685 5613 ex
3706 5563 3779 5612 al-

2079 5637 2193 5683 tero
2227 5626 2411 5681 autem
2435 5631 2563 5681 Cd.:
2600 5632 2832 5683 Potestas
2865 5640 2978 5693 qua:
3004 5626 3224 5691 petitur,
3259 5626 3471 5690 premit.
3507 5626 3593 5676 Sic
3618 5628 3777 5676 etiam

2083 5697 2208 5746 Lov.
2235 5695 2291 5744 in
2324 5694 2581 5757 margine.
2612 5694 2679 5742 Μ.
