4048 6194
261 220 320 271 51
1484 221 1653 277 VITA
1693 225 1744 276 δ.
1808 224 2190 280 AUGUSI‘INI
2247 224 2584 281 EPISCOPI.

257 341 728 399 intercedendum
760 360 880 398 esse
926 347 1163 416 rogatus
1192 345 1440 414 videbat,
1470 349 1589 401 tam
1636 346 1692 401 id
1721 347 1969 410 fboneste

259 450 322 486 ac
352 437 664 504 temperato
695 433 920 504 agebat,
949 439 1013 488 ut
1043 450 1158 488 non
1188 436 1374 490 solum
1415 451 1688 490 onerosus
1719 442 1816 491 aut
1844 453 1968 492 mo-

260 522 438 576 lestus
464 537 581 576 non
614 521 925 592 videretur,
948 539 1144 578 verum
1176 524 1351 579 etiam
1380 525 1657 579 mirabilis
1683 525 1967 580 existeret.

264 611 405 664 Nam
437 611 575 665 dum
601 617 798 666 exorta
818 613 1152 667 necessitate
1179 630 1281 668 suo
1305 630 1462 668 more
1485 615 1636 685 apud
1661 615 1970 686 quemdam

258 699 463 753 Africa:
512 699 808 764 vicarium,
844 701 1235 756 Macedoniam
1292 702 1550 771 nomine,
1582 718 1687 772 pro
1731 703 1973 774 supplici

258 788 464 842 litteris
512 789 906 856 interveniret,
958 795 1128 862 atque
1169 791 1264 845 ille
1310 791 1615 861 paruisset,
1655 791 1764 846 hoc
1800 793 1972 846 modo

258 878 593 948 rescriptum
627 878 783 932 misit
816 895 828 932 :
861 881 1006 934 Miro
1034 879 1188 933 modo
1216 881 1433 946 afﬁcior
1461 878 1734 949 sapientia
1773 885 1888 946 tua,
1924 886 1973 934 et

257 969 316 1020 in
345 968 452 1020 illis
487 984 604 1037 qua:
636 967 882 1033 edidisti,
902 972 952 1021 et
981 970 1037 1021 in
1070 970 1140 1020 iis
1162 983 1281 1036 quae
1312 969 1670 1022 interveniens
1694 985 1796 1039 pro
1823 972 1972 1025 solli-

257 1057 376 1109 citis
408 1057 425 1091 ¹
455 1058 662 1109 mittere
700 1071 802 1109 non
831 1058 1108 1121 gravaris.
1137 1058 1278 1112 Nam
1307 1061 1356 1110 et
1397 1057 1493 1111 illa
1525 1062 1736 1113 tantum
1775 1059 1974 1113 habent

259 1147 540 1212 acuminis,
578 1147 814 1198 scientia:
863 1143 904 1213 ³,
938 1147 1266 1209 sanctitatis,
1310 1152 1371 1200 ut
1406 1147 1548 1201 nihil
1583 1162 1755 1218 supra
1791 1151 1893 1215 sit;
1927 1155 1978 1204 et

259 1235 367 1287 haec
399 1237 607 1287 tantum
650 1235 1000 1302 verecundiae,
1035 1242 1094 1289 ut
1139 1237 1252 1289 nisi
1279 1238 1485 1302 faciam
1535 1237 1680 1306 quod
1724 1238 1974 1292 mandas,

266 1323 479 1392 culpam
503 1338 664 1392 penes
694 1339 776 1378 me
803 1339 1100 1393 remanere,
1129 1340 1240 1378 non
1266 1327 1324 1379 in
1362 1329 1570 1392 negotio
1595 1341 1725 1392 esse,
1755 1327 1977 1396 dijudi-

266 1428 393 1480 cem,
428 1401 640 1466 domine
669 1415 858 1467 merito
899 1414 1244 1474 venerabilis,
1278 1419 1326 1468 et
1371 1415 1707 1484 suscipiende
1741 1420 1901 1486 pater
1933 1413 1974 1470 ⁸.

263 1503 379 1556 Non
411 1503 550 1554 enim
603 1503 775 1556 instas
806 1501 976 1570 {quod
998 1504 1243 1572 plerique
1291 1504 1526 1559 homines
1556 1506 1717 1560 istius
1754 1506 1856 1560 loci
1879 1508 1978 1572 fu-

261 1591 408 1643 ciunt
455 1590 517 1658 ‘),
576 1593 637 1642 ut
681 1589 1052 1659 quodcumque
1095 1591 1359 1646 sollicitus
1403 1594 1605 1662 petitor
1653 1595 1674 1628 ⁸
1721 1594 1974 1648 voluerit,

260 1683 611 1746 extorqueas;
658 1678 752 1732 sed
799 1678 943 1748 quod
977 1679 1079 1732 tibi
1117 1696 1151 1733 α
1187 1680 1374 1747 judice
1413 1685 1489 1735 tot
1534 1683 1677 1736 curis
1725 1682 1979 1736 obstricto

256 1767 477 1836 pctibile
505 1769 681 1821 visum
702 1770 893 1834 fuerit,
928 1768 1179 1823 admones
1204 1771 1224 1804 ο
1245 1769 1607 1824 subserviente
1632 1771 1975 1837 verecundia,

264 1872 382 1926 quae
410 1859 653 1911 maxima
678 1857 994 1925 difﬁcilium
1018 1859 1160 1912 inter
1185 1857 1345 1912 bonos
1368 1859 1614 1926 efﬁcacia
1635 1857 1980 1913 est.Proinde

263 1948 450 2001 statim
479 1945 861 2000 commendatis
893 1945 1136 2014 effectum
1167 1946 1426 2000 desiderii
1447 1948 1618 2001 tribui
1649 1964 1662 2001 :
1705 1963 1832 2002 nam
1851 1962 1976 2016 spe-

264 2033 430 2088 randi
469 2036 615 2088 viam
660 2038 785 2088 ante
826 2036 1192 2104 patefeceram
1230 2036 1486 2105 (Maced.,
1519 2038 1577 2089 in
1619 2038 1797 2106 Epist.
1840 2038 1982 2089 inter

265 2125 724 2192 Augustinianas,
763 2124 882 2190 154,
915 2139 971 2177 n.
1016 2123 1081 2192 1).

269 2248 493 2302 CAPUT
529 2247 660 2300 XXI.
692 2276 761 2286 —
801 2248 1050 2302 Conciliis
1095 2261 1198 2314 quo
1239 2247 1419 2300 animo
1467 2247 1718 2300 interesse
1767 2246 1976 2300 soleret.

340 2338 402 2391 In
427 2335 748 2390 ordinandis
785 2336 1153 2390 sacerdotibus
1183 2335 1362 2404 major
1389 2349 1671 2390 consensus
1710 2339 1761 2388 et
1792 2335 1969 2388 Eccle-

331 2426 425 2479 siae
452 2424 772 2478 consuetudo
800 2424 1148 2492 inquirenda.

348 2530 683 2585 Sanctorum
729 2529 968 2583 concilia
1012 2529 1368 2582 sacerdotum
1417 2543 1520 2598 per
1567 2527 1818 2582 diversas
1853 2541 1986 2596 pro-

275 2617 492 2672 vincias
539 2617 842 2682 celebrata,
875 2633 1004 2671 cum
1063 2615 1270 2687 potuit,
1313 2615 1734 2687 frequentavit;
1766 2630 1881 2668 non
1928 2613 1986 2666 in

274 2704 355 2759 eis
395 2721 525 2776 quas
570 2721 673 2758 sua
718 2708 870 2770 sunt,
922 2705 1017 2760 sed
1067 2718 1195 2774 quae
1257 2703 1389 2756 Iesu
1435 2702 1641 2758 Christi
1683 2704 1984 2774 quaerens;

277 2797 340 2847 ut
395 2794 479 2848 vel
548 2793 691 2847 ﬁdes
757 2796 964 2846 sanctas
1032 2791 1289 2845 Ecclesiae
1354 2791 1646 2846 catholicae
1713 2791 1988 2845 inviolata

277 2885 553 2950 maneret,
593 2881 679 2935 vel
719 2879 983 2934 nonnulli
1029 2880 1349 2935 sacerdotes
1395 2884 1452 2934 et
1487 2879 1696 2946 clerici,
1731 2879 1845 2934 sive
1885 2897 1989 2950 per

277 2972 360 3027 fas
390 2972 506 3026 sive
543 2986 647 3042 per
694 2970 854 3024 nefas
895 2969 1388 3036 excommunicati,
1421 2969 1507 3024 vel
1556 2969 1988 3023 absolverentur

279 3062 364 3116 vel
395 3060 798 3132 abjicerentur.
835 3061 899 3113 In
940 3058 1275 3113 ordinandis
1322 3074 1456 3111 vero
1504 3057 1892 3112 sacerdotibus
1932 3063 1990 3111 et

281 3150 498 3206 clericis
540 3164 882 3203 consensum
934 3148 1214 3218 majorem
1246 3144 1266 3179 ⁷
1315 3146 1387 3216 (a)
1427 3146 1901 3215 Christianorum,
1932 3152 1988 3201 et

284 3237 756 3293 consuetudinem
786 3235 1048 3290 Ecclesiae
1079 3236 1430 3306 sequendam
1461 3235 1860 3291 arbitrabatur.

391 3352 616 3407 CAPUT
645 3352 801 3407 XXII.
834 3379 905 3391 ——
933 3351 1004 3404 In
1033 3352 1230 3404 vestitu
1256 3354 1307 3404 et
1330 3351 1474 3404 victu
1505 3351 1685 3420 qualis
1713 3351 1882 3416 fuerit

958 3440 1320 3508 Augustinus.

361 3550 553 3603 Vestes
597 3548 719 3618 ejus
766 3551 824 3602 et
869 3548 1251 3602 calceamenta
1298 3545 1388 3600 vel
1456 3545 1720 3600 lectualia
1767 3561 1831 3600 ex
1874 3562 1992 3601 mo-

291 3639 485 3694 derato
533 3643 590 3692 et
633 3637 980 3708 competenti
1023 3635 1222 3691 habitu
1273 3639 1454 3700 erant,
1501 3651 1606 3690 nec
1661 3634 1842 3690 nitida
1902 3634 1988 3690 ni-

287 3727 490 3793 mium,
541 3743 643 3780 nec
688 3727 906 3796 abjecta
947 3725 1306 3795 plurimum:
1360 3723 1494 3795 quia
1532 3724 1621 3777 his
1650 3724 1990 3796 plerumque

286 3817 370 3870 vel
391 3816 606 3887 jactare
633 3831 692 3867 se
724 3815 1036 3867 insolenter
1065 3811 1326 3866 homines
1355 3813 1559 3878 solent,
1587 3813 1673 3866 vel
1703 3812 1946 3884 abjicere
1974 3833 1988 3879 ;

287 3921 356 3958 ex
384 3909 626 3976 utroque
673 3919 790 3956 non
837 3917 966 3972 qua:
1003 3903 1136 3956 Jesu
1186 3900 1415 3968 Christi,
1448 3901 1544 3956 sed
1573 3918 1702 3972 qua:
1731 3917 1833 3956 sua
1862 3908 1994 3957 sunt

286 3993 462 4048 iidem
492 3995 856 4062 quaerentes:
889 3996 946 4044 at
983 3989 1111 4052 iste,
1156 3994 1222 4044 ut
1261 3988 1399 4056 dixi,
1441 3990 1696 4045 medium
1740 3991 1987 4056 tenebat,

288 4097 473 4154 neque
519 4080 580 4134 in
619 4081 928 4141 dexteram,
987 4094 1174 4150 neque
1220 4078 1280 4132 in
1331 4078 1619 4132 sinistram
1677 4079 1988 4134 declinans.

289 4173 478 4226 Mensa
522 4185 658 4224 usus
703 4173 788 4223 est
838 4167 1043 4239 frugali
1079 4172 1134 4221 et
1178 4183 1367 4238 parca,
1402 4184 1531 4239 quin
1571 4168 1802 4240 quidem
1842 4168 1994 4223 inter

289 4261 443 4315 olera
491 4264 548 4314 et
593 4257 904 4329 legumina,
947 4256 1121 4310 etiam
1168 4273 1364 4311 carnes
1407 4257 1716 4328 aliquando
1759 4262 1995 4328 propter

289 4349 563 4421 hospites,
595 4348 683 4401 vel
731 4362 986 4418 quosque
1025 4345 1392 4412 inﬁrmiores,
1435 4362 1662 4417 semper
1689 4350 1880 4401 autem
1910 4346 1991 4400 vi-

356 4460 368 4492 ι
404 4455 487 4504 Sic
524 4455 669 4516 Mss;
699 4458 753 4502 at
780 4454 924 4513 editi,
953 4465 1054 4516 pro
1089 4454 1208 4502 reis.
1241 4479 1301 4488 —
1351 4454 1409 4501 In
1450 4456 1597 4516 tomo
1622 4455 1668 4512 2,
1702 4453 1850 4502 initio
1885 4454 1992 4516 epi-

292 4518 436 4567 stola:
462 4515 752 4566 Macedonii
775 4515 922 4578 (154),
954 4515 1179 4564 dicitur:
1219 4516 1321 4564 Pro
1355 4515 1639 4575 sceleratis,
1663 4528 1727 4563 ex
1764 4517 1885 4564 Mss.
1915 4515 1983 4564 M.

353 4583 372 4615 2
402 4579 626 4629 Salinas.
647 4593 713 4627 ex
733 4593 840 4629 uno
866 4579 956 4628 Cd.
978 4593 990 4628 :
1023 4580 1253 4628 Tantum
1277 4575 1464 4627 habent
1489 4590 1718 4627 acumen
1735 4580 1983 4628 scientia.

439 4590 626 4637 atinas,
647 4593 713 4627 ex
733 4593 840 4629 uno
866 4590 956 4628 Ud-
978 4593 990 4628 2
1023 4590 1253 4628 Tantum
1277 4590 1464 4627 ηαυωιι
1489 4590 1718 4627 acumen
1735 4590 1990 4628 scaenme.

351 4710 370 4740 ³
403 4707 460 4753 Ιιι
488 4708 631 4766 tomo
654 4705 702 4761 2,
735 4702 954 4766 epistola
972 4701 1262 4751 Macedonii
1284 4701 1413 4763 (154)
1431 4640 1733 4750 θᾱίῐυωὺέἐι
1755 4703 1849 4751 εει
1868 4713 1994 4751 vere

289 4765 628 4846 suspiciende
655 4765 920 4846 palmitis
951 4827 981 4846 ﬂ.

350 4827 527 4879 VLov.
562 4843 573 4877 :
601 4828 766 4880 Istius
796 4827 904 4878 loci
933 4827 981 4875 vi
1009 4827 1246 4890 faciunt.

351 4896 370 4928 δ
399 4893 610 4942 Veteres
656 4890 862 4940 codices
906 4888 1120 4952 quidam
1181 4888 1432 4937 omittunt
1472 4887 1680 4951 petitor.
1731 4885 1991 4950 Plerique,

288 4969 382 5026 pro
405 4955 699 5026 sollicitus.
729 4949 1247 5026 teruntfsolllcitius.‘

351 5020 371 5053 δ
404 5017 495 5066 Hie
525 5017 650 5068 editi
679 5015 884 5065 addunt
913 5016 965 5063 et
999 5025 1184 5075 rogas.
1227 5013 1387 5062 Abest
1414 5025 1444 5060 a
1474 5011 1599 5060 Mss.

351 5081 524 5146 7_Tres
568 5081 735 5146 Mss.,__
763 5075 1105 5146 Fossatensis.
1145 5073 1463 5146 V'edastinus
1511 5077 1580 5146 et_
1611 5071 1988 5146 Cisterciensis.

288 5143 666 5208 majorumfe-
687 5141 917 5208 Sic_Lov.
933 5137 1009 5208 pd
1040 5136 1332 5198 marginem
1351 5151 1364 5196 ;
1382 5137 1516 5208 item
1549 5135 1772 5208 Salinas,
1803 5148 1864 5183 ex
1899 5134 1988 5183 Cd.

289 5197 456 5254 Vatic.
481 5206 620 5282 “QQ,
651 5203 740 5282 qui
764 5201 862 5282 [εει
885 5197 1254 5282 z'ansensum
1277 5197 1991 5282 majorumfihiistianocum

296 5217 456 5254 vane.
481 5217 620 5260 1190,
689 5217 740 5249 ιιι
764 5217 862 5249 ten.
885 5217 896 5247 :
923 5217 1254 5248 consensum
1279 5217 1548 5258 majorum
1568 5217 1926 5246 Lunauunoru

287 5280 357 5318 ex
387 5217 773 5316 consuetudine
804 5261 1044 5311 Ecclesiae
1076 5261 1399 5324 sequendum
1445 5259 1824 5309 arbitrabatur.
1859 5259 1926 5307 M.

349 5364 425 5426 (a)
451 5365 525 5412 De
546 5360 876 5426 sacerdotum
899 5358 1233 5426 ordinatione
1258 5357 1550 5426 Cyprianus
1587 5356 1642 5405 in
1671 5355 1904 5426 Epistolis
1925 5357 1992 5426 ad

289 5419 486 5488 clerum
500 5430 561 5488 et
577 5420 1179 5488 plebemﬁispaniarum
1196 5419 1403 5488 scripta,
1426 5433 1544 5488 quas
1567 5419 1725 5488 novas
1741 5419 1992 5488 editionis

287 5492 368 5538 est
395 5481 594 5536 ordine.
607 5489 663 5536 67
689 5501 701 5535 :
731 5506 753 5529 ιι
777 5484 855 5535 Sit
878 5481 1210 5545 ordinatio,»
1241 5481 1427 5545 inquit,
1447 5481 1482 5545 ί‹‹
1497 5481 1645 5545 justa
1667 5486 1720 5531 et
1738 5482 1990 5544 legitima,

325 5562 408 5598 me
443 5549 680 5598 omnium
726 5547 978 5611 suffragio
1009 5543 1294 5611 et__jud_icio
1322 5543 1512 5611 fuerit;
1526 5543 1843 5611 examinata.
1873 5561 1899 5590 ››
1930 5545 1992 5594 Et

287 5605 694 5674 ibidemSabini
720 5605 953 5674 episcopi
973 5605 1359 5674 ordinationem
1379 5605 1561 5658 laudat
1590 5623 1618 5654 α
1638 5607 1703 5657 de
1731 5608 1988 5657 universae

287 5672 628 5727 fraternitatis
657 5671 919 5736 suffragio
942 5688 969 5719 n
1003 5671 1212 5721 factum.

1009 4825 1246 4890 faciunt.

2079 364 2220 402 num
2245 347 2507 402 habebat.
2539 345 2684 410 Quia
2708 345 3004 412 noverat‘,
3025 349 3080 400 et
3095 345 3358 411 docebat,
3385 349 3450 400 ut
3476 346 3784 416 Apostolus

2079 436 2236 503 dicit,
2269 435 2424 508 quod
2452 435 2623 491 omnis
2653 439 2900 490 creatura
2918 435 3018 490 Dei
3034 433 3171 489 bona
3190 436 3284 499 sit,
3306 438 3357 488 et
3371 435 3512 488 nihil
3528 435 3789 504 abjicien-

2080 527 2228 586 dum,
2259 525 2402 596 quod
2432 541 2550 580 cum
2571 526 2877 594 gratiarum
2905 525 3112 578 actione
3126 525 3464 593 percipitur;
3486 527 3790 593 sanctiﬁca-

2083 619 2173 669 tur
2200 618 2338 668 enim
2361 630 2462 684 per
2487 614 2706 668 verbum
2735 615 2832 668 Dei
2858 617 2908 667 et
2934 615 3223 668 orationem
3248 613 3297 680 (Ι
3332 615 3464 667 Tim.
3506 629 3578 679 IV,
3619 615 3674 678 4,
3708 614 3786 682 5).

2085 705 2166 770 Et,
2204 708 2264 758 ut
2291 704 2441 758 idem
2474 703 2824 774 Augustinus
2851 707 3078 756 sanctus
3106 701 3164 755 in
3198 701 3318 756 suis
3345 701 3788 756 Confessionum

2082 793 2242 847 libris
2271 792 2482 864 posuit,
2508 792 2739 846 dicens:
2778 793 2897 847 Non
2931 806 3025 858 ego
3053 791 3458 844 immunditiam
3477 791 3688 845 obsonii
3717 793 3790 844 ti-

2083 898 2214 948 meo,
2253 882 2348 936 sed
2377 881 2782 936 immunditiam
2819 880 3160 950 cupiditatis.
3203 881 3324 936 Scio
3367 881 3478 934 Noe
3515 895 3669 934 omne
3697 897 3789 948 ge—

2083 987 2184 1026 nus
2211 973 2390 1026 carnis
2429 971 2572 1039 quod
2602 971 2715 1024 cibo
2744 974 2876 1024 esset
2900 973 3042 1034 usui,
3073 969 3402 1023 manducare
3428 971 3781 1038 permissum;

2085 1061 2261 1114 Eliam
2289 1055 2406 1113 cibo
2438 1061 2617 1113 carnis
2656 1061 2939 1124 refectum;
2971 1057 3232 1112 Joannem
3255 1058 3496 1112 mirabili
3523 1059 3794 1112 abstinen-

2087 1151 2166 1202 tia
2209 1149 2520 1217 praeditum,
2573 1147 2922 1216 animalibus,
2972 1147 3066 1202 hoc
3104 1152 3181 1201 est
3229 1149 3469 1213 locustis,
3513 1149 3571 1201 in
3616 1163 3794 1202 escam

2085 1237 2391 1293 cedentibus
2419 1252 2526 1291 non
2555 1238 2725 1303 fuisse
2762 1237 3047 1306 pollutum.
3091 1237 3209 1292 8αο
3250 1242 3302 1290 et
3330 1239 3482 1292 Esau
3529 1238 3794 1292 lenticulae

2085 1327 2514 1394 concupiscentia
2551 1325 2860 1394 deceptum;
2891 1329 2941 1378 et
2988 1325 3166 1380 David
3199 1330 3426 1394 propter
3463 1341 3616 1395 aqua
3643 1325 3791 1380 desi-

2088 1415 2297 1469 derium
2325 1431 2360 1468 a
2389 1431 2443 1470 se
2473 1417 2592 1484 ipso
2638 1414 3049 1483 reprehensum;
3077 1418 3128 1467 et
3164 1415 3357 1482 Regem
3394 1418 3657 1474 nostrum,
3688 1429 3793 1466 non

2088 1504 2153 1558 de
2181 1519 2359 1572 carne,
2385 1505 2479 1558 sed
2508 1504 2573 1558 de
2598 1518 2740 1573 pane
2767 1518 2877 1558 esse
2907 1507 3168 1556 tentatum
3197 1505 3237 1555 ³.
3277 1502 3504 1572 Ideoque
3541 1507 3591 1556 et
3613 1517 3793 1572 popu-

2089 1593 2172 1647 lus
2214 1596 2272 1647 in
2318 1608 2508 1658 eremo,
2551 1607 2656 1646 non
2711 1594 2844 1662 quia
2889 1606 3075 1646 carnes
3122 1591 3471 1657 desideravit,
3517 1591 3612 1645 sed
3657 1593 3790 1661 quia

2088 1697 2216 1735 escae
2243 1682 2509 1736 desiderio
2539 1686 2726 1735 contra
2756 1684 2924 1735 Deum
2951 1683 3334 1745 murmuracit,
3367 1683 3563 1735 meruit
3593 1683 3798 1748 impro-

2090 1771 2212 1825 bari
2253 1773 2673 1839 (Confessionum
2712 1770 2807 1824 lib.
2865 1772 2947 1836 t0,
2991 1785 3108 1839 cap.
3155 1773 3241 1836 3t,
3279 1786 3336 1824 π.
3382 1770 3502 1840 46).
3553 1771 3632 1824 De
3661 1768 3795 1822 vino

2089 1864 2280 1914 autem
2327 1859 2604 1914 sumendo
2655 1859 2907 1930 Apostoli
2953 1862 3133 1912 exstat
3173 1857 3455 1912 sententia
3497 1857 3569 1912 ad
3597 1855 3789 1911 Timo-

2087 1945 2286 2000 theum
2317 1945 2634 2012 scribentis,
2665 1962 2730 2000 ac
2753 1945 2992 2000 dicentis
3015 1963 3028 2000 :
3057 1947 3184 2003 Noli
3205 1961 3373 2015 usque
3391 1944 3569 1998 adhuc
3590 1959 3792 2014 aquam

2091 2034 2286 2100 bibere,
2314 2035 2407 2090 sed
2435 2037 2558 2090 vino
2588 2035 2790 2089 modico
2819 2039 2966 2090 utere
2990 2040 3215 2105 propter
3243 2035 3574 2089 stomachum
3602 2039 3651 2087 et
3676 2036 3790 2099 fre-

2091 2128 2308 2194 quentes
2355 2129 2477 2179 tuas
2509 2126 2854 2193 inﬁrmitates
2901 2125 2941 2194 (Ι
2978 2126 3115 2180 Tim.
3165 2141 3219 2188 v,
3251 2124 3361 2192 23).
3393 2122 3794 2178 Cochlearibus

2089 2218 2313 2266 tantum
2354 2213 2638 2284 argenteis
2686 2217 2868 2278 utens,
2913 2217 3116 2267 caetera
3162 2228 3296 2266 vasa
3327 2211 3536 2283 quibus
3582 2225 3798 2264 mensae

2093 2301 2484 2357 inferebantur
2523 2301 2655 2364 cibi,
2685 2303 2771 2355 vel
2803 2306 3002 2367 testea,
3036 2302 3118 2354 vel
3175 2301 3383 2371 lignea,
3412 2301 3499 2354 vel
3541 2315 3798 2354 marmo-

2097 2409 2193 2446 rea
2221 2391 2456 2446 fuerunt
2487 2407 2500 2444 :
2533 2407 2648 2444 non
2680 2399 2870 2444 tamen
2910 2390 3260 2444 necessitatis
3289 2390 3502 2460 inopia,
3536 2389 3630 2443 sed
3661 2404 3798 2458 pro-

2095 2480 2280 2552 posito
2323 2479 2648 2534 voluntatis.
2682 2479 2788 2533 Sed
2815 2483 2870 2533 et
2899 2478 3350 2550 hospitalitatem
3378 2493 3606 2548 semper
3633 2477 3798 2531 exhi-

2091 2568 2235 2624 buit.
2273 2569 2337 2622 Et
2380 2568 2438 2621 in
2469 2567 2592 2638 ipsa
2621 2583 2817 2622 mensa
2848 2566 3032 2638 magis
3069 2565 3371 2621 lectionem
3409 2566 3494 2619 vel
3537 2565 3801 2636 disputa-

2097 2655 2332 2717 tionem,
2364 2670 2538 2726 quam
2571 2653 2954 2724 epulationem
3005 2653 3471 2724 potationemque
3500 2651 3796 2723 diligebat.

2098 2746 2162 2798 Et
2190 2749 2387 2798 contra
2423 2743 2805 2815 pestilentiam
2846 2743 3114 2797 humanae
3152 2741 3581 2797 consuetudinis
3627 2741 3688 2795 in
3735 2757 3806 2794 ea

2097 2833 2371 2904 scriptum
2402 2833 2482 2886 ita
2512 2831 2759 2886 habebat
2787 2848 2800 2886 :

2283 2938 2530 3000 Quisquis
2558 2941 2700 2986 amat
2727 2936 2880 3000 dictis
2909 2924 3188 2984 absentum
3217 2935 3401 3000 rodere
3430 2936 3611 3000 vitam,

2314 2999 2460 3050 Hanc
2482 3013 2717 3050 mensam
2746 2999 3018 3062 indignam
3048 2999 3255 3048 noverit
3276 3011 3390 3048 esse
3413 2999 3511 3048 sibi
3535 3001 3578 3049 ³.

2097 3102 2162 3156 Et
2180 3100 2310 3155 ideo
2325 3116 2555 3154 omnem
2580 3099 2871 3154 convivam
2895 3115 2926 3152 a
2955 3097 3261 3169 superﬂuis
3289 3103 3348 3152 et
3377 3098 3559 3152 noxiis
3592 3097 3807 3153 fabulis

2099 3194 2155 3243 et
2183 3189 2628 3244 detractionibus
2670 3193 2691 3225 ⁴
2720 3203 2841 3242 sese
2870 3187 3157 3242 abstinere
3187 3187 3394 3242 debere
3425 3187 3794 3242 admonebat.

2101 3279 2243 3332 Nam
2273 3283 2326 3332 et
2355 3278 2634 3349 quosdam
2666 3294 2797 3332 suos
2824 3275 3300 3332 familiarissimos
3336 3275 3702 3347 coepiscopos
3730 3275 3802 3329 il-

2097 3368 2206 3421 lius
2252 3367 2549 3438 scripturae
2579 3367 2807 3433 oblitos,
2835 3370 2892 3420 et
2932 3370 3131 3420 contra
3160 3381 3286 3420 eam
3327 3367 3645 3436 loquentes,
3682 3370 3806 3420 tam

2099 3473 2298 3528 aspere
2328 3455 2636 3528 aliquando
2666 3454 3052 3526 reprehendit,
3097 3459 3418 3509 commotus
3455 3458 3520 3508 ut
3565 3454 3804 3519 diceret,

2099 3550 2198 3600 aut
2227 3545 2495 3600 delendos
2538 3560 2659 3599 esse
2707 3545 2832 3598 illos
2860 3544 2929 3598 de
2979 3559 3175 3598 mensa
3224 3560 3440 3609 versus,
3486 3549 3587 3598 aut
3627 3561 3688 3598 se
3729 3544 3805 3598 de

2101 3634 2292 3689 media
2341 3633 2646 3688 refectione
2690 3633 2759 3687 ad
2805 3649 2972 3687 suum
3021 3633 3347 3688 cubiculum
3387 3637 3800 3687 surrecturum.

2099 3722 2262 3787 Quod
2295 3738 2402 3793 ego
2430 3726 2486 3776 et
2513 3721 2632 3789 alii,
2665 3721 2764 3793 qui
2810 3721 2895 3777 illi
2927 3737 3140 3776 mensa:
3171 3721 3551 3782 interfuimus,
3581 3721 3802 3793 experti

2101 3829 2318 3868 sumus.

2163 3939 2386 3992 CAPUT
2415 3937 2600 3992 XXIII.
2633 3965 2701 3976 —
2731 3937 2793 3991 In
2822 3952 2922 3991 usu
2951 3936 3223 3991 redituum
3253 3936 3733 3990 ecclesiasticarum

2843 4027 3044 4095 qualis.

2173 4135 2637 4204 Compauperum
2690 4135 2710 4168 ⁵
2741 4147 2874 4186 vero
2908 4147 3136 4204 semper
3187 4147 3406 4187 memor
3435 4135 3575 4197 erat,
3607 4129 3808 4203 eisque

2100 4223 2231 4277 inde
2277 4222 2570 4293 erogabat,
2620 4221 2770 4276 unde
2829 4225 2884 4276 et
2938 4220 3045 4275 sibi
3103 4221 3332 4291 suisque
3389 4219 3655 4274 omnibus
3713 4237 3809 4274 se-

2101 4327 2228 4366 cum
2279 4309 2667 4364 habitantibus
2697 4313 2757 4376 ⁶;
2803 4309 2909 4364 hoc
2952 4314 3056 4376 est,
3110 4311 3196 4364 vel
3245 4326 3313 4363 ex
3359 4308 3637 4363 reditibus
3675 4324 3808 4378 pos-

2164 4424 2177 4458 ¹
2210 4421 2798 4492 Joannes_Ulimmerius
2818 4434 2882 4492 ex
2912 4420 3288 4492 Augustinensi
3312 4420 3497 4492 ordine
3516 4420 3810 4492 canonica:

2099 4485 2440 4534 Lovaniensis
2452 4484 2625 4546 locum
2642 4483 2785 4532 hunc
2797 4484 2872 4532 sic
2883 4479 3062 4532 edidit:
3078 4486 3306 4546 Propter
3321 4481 3546 4546 hospites
3559 4479 3788 4533 habebat
3798 4519 3811 4539 ,

2098 4544 3194 4610 velquosqueinﬁrmiores.Semperaute-m
3209 4544 3814 4610 vinumnbibebat,quam-

2097 4608 2181 4660 vis
2192 4607 2389 4679 modice
2399 4612 2452 4679 et
2467 4607 2843 4679 temperanter,
2863 4607 2995 4672 quia
3006 4608 3501 4679 _nov_J_erat_,etc.Euni
3516 4607 3814 4679 Lovanien-

2100 4685 2182 4720 ses
2192 4671 2439 4734 Theologi
2457 4667 2782 4734 castigarunt
2793 4667 2891 4734 hoc
2904 4674 3074 4734 pacto:
3084 4673 3313 4734 Propter
3326 4667 3552 4733 hospites
3564 4668 3657 4734 pel
3664 4683 3813 4734 quos-

2098 4746 2203 4798 que
2225 4730 2548 4791 inﬁrmiores
2575 4730 3136 4798 coritinebatfsemper
3149 4730 3330 4782 autem
3353 4730 3535 4798 vinum
3560 4730 3812 4798 habebat.

2099 4793 2228 4860 quia
2243 4798 2486 4852 noverat,
2501 4799 2600 4860 etc.
2615 4794 2856 4860 Attamen
2877 4793 3244 4860 nostri'omnes
3266 4793 3611 4860 manuscripti
3630 4799 3816 4860 carent

2101 4855 2260 4907 verbo
2284 4871 2376 4907 con
2385 4857 2727 4926 t_in_eb¢_tt,uno
2748 4857 2880 4926 {prta
2903 4861 3121 4926 excepto
3136 4855 3728 4926 Yedastino,quinpostea
3739 4856 3816 4905 lo-

2099 4934 2180 4978 co,
2193 4933 2375 4969 vanum
2389 4919 2636 4976 habebat,
2652 4918 2879 4982 prtefert.
2898 4920 2981 4969 vin
2990 4917 3077 4968 uin
3095 4919 3318 4968 bibebat.
3335 4945 3392 4954 —-
3414 4917 3498 4982 Sic
3515 4917 3809 4977 saliuas,ex

2099 4983 2197 5046 Cd.,
2215 4983 2338 5046 Reg.
2367 4983 2484 5032 1025
2502 4997 2515 5041 ;
2535 4981 2625 5030 sed
2651 4979 2714 5030 ἐκ
2740 4981 2832 5030 Cd.
2856 4983 2938 5030 5H
2966 4996 2976 5029 :
3011 4982 3096 5046 Yet
3117 4993 3346 5045 quosque
3367 4979 3707 5046 inﬁrmim-es,
3726 4995 3813 5046 ge-

2095 5043 2542 5110 stabat._'_8emper
2567 5048 2754 5110 autem
2776 5047 2900 5110 vino
2919 5043 3186 5110 utebatur.
3207 5043 3593 5110 qutagnoterat,
3609 5046 3718 5110 etc.
3742 5045 3812 5092 Μ.

2161 5109 2182 5178 ξ
2216 5103 2535 5178 Salinp§,'ex
2555 5107 2762 5156 duobus
2782 5107 2904 5165 Mss,
2928 5121 2940 5154 :
2963 5103 3066 5156 Sed
3084 5105 3151 5154 de
3168 5103 3310 5169 pane
3335 5106 3542 5155 tantum
3560 5116 3676 5154 esse
3701 5107 3816 5156 ten-
3892 5171 3901 5178 _

2099 5172 2295 5220 latum.
2361 5170 2407 5218 Μ
2419 5206 2431 5218 .

2158 5242 2176 5270 ³
2205 5233 2329 5281 Tres
2353 5233 2475 5281 Mss.
2507 5231 2650 5281 hunc
2678 5243 2888 5280 versum
2914 5229 2988 5280 sic
3017 5229 3275 5280 referunt:
3303 5232 3421 5282 Hac
3448 5243 3639 5280 mensa
3665 5229 3813 5280 indi-

2097 5309 2256 5359 gnam
2266 5307 2396 5344 nove
2405 5297 2481 5345 rit
2491 5306 2607 5359 esse
2623 5292 3167 5359 snam.Ulliu_imerius
3178 5293 3344 5359 edidit
3357 5294 3543 5359 :_Hanc
3553 5305 3813 5359 mrensam

2099 5354 2312 5407 vetitam
2335 5355 2555 5426 npverit
2575 5368 2686 5406 esse
2704 5355 2832 5426 sibi.
2859 5380 2920 5391 —
2936 5354 3158 5418 Salinas,
3177 5357 3350 5426 e_x_Cd.
3367 5356 3492 5418 Reg.
3510 5357 3596 5406 541
3619 5371 3630 5404 :
3657 5359 3809 5406 Hanc

2099 5432 2338 5469 mensam
2367 5419 2584 5470 indiane
2609 5419 2816 5469 noverit
2847 5430 2950 5468 esse
2971 5431 3141 5469 suam.
3203 5420 3271 5468 M.

2159 5485 2180 5516 ι
2216 5482 2368 5530 Deest
2390 5481 2444 5530 in
2479 5479 2630 5530 Mss.:
2664 5481 2728 5530 Et
2755 5479 3186 5532 detractionibus.

2161 5544 2303 5607 5WSic
2341 5543 2537 5594 habent
2577 5543 2844 5607 MSS.,_at
2890 5543 3016 5592 editi
3061 5555 3473 5607 pauperumt—
3515 5541 3599 5591 Sic
3647 5541 3805 5591 etiam

2101 5605 2325 5663 Salinas,
2364 5619 2574 5668 exiuno
2605 5605 2698 5654 Cd.
2729 5605 2930 5668 Vatic.:
2970 5605 3298 5668 Pauperum.
3361 5605 3432 5654 M.

2164 5671 2185 5705 ⁶
2215 5669 2308 5718 Hic
2335 5667 2459 5718 editi
2485 5667 2690 5718 addunt
2718 5667 3058 5730 erogabatur.
