4048 6194
159 273 211 322 .33
1554 276 1889 332 AUCTOBE
1945 278 2278 333 POSSIDIU.
3591 286 3653 335 54

158 396 466 450 sessionum
513 397 808 463 Ecclesia,
867 398 953 452 vel
1000 398 1170 452 etiam
1225 415 1287 454 ex
1344 399 1731 455 oblationibus
1792 402 1853 455 ti-

159 485 380 540 delium.
426 486 493 540 Et
528 486 666 539 dum
706 485 856 541 forte
890 490 968 555 (ut
1009 488 1234 557 assolet)
1285 488 1354 543 de
1398 490 1851 560 possessionibus

158 573 281 644 ipsis
326 573 549 627 invidia
577 574 799 628 clericis
828 574 1009 641 fieret,
1042 576 1437 647 alloquebatur
1465 580 1692 649 plebem
1727 580 1848 648 Dei,

154 664 309 717 malle
358 679 419 716 se
466 678 534 716 ex
582 662 981 718 collationibus
1029 665 1213 736 magis
1260 666 1444 736 plebis
1486 667 1585 721 Dei
1643 668 1848 735 vivere,

154 768 313 822 quam
339 750 572 805 illarum
603 752 1023 822 possessionum
1048 764 1241 809 curam
1264 756 1347 809 vel
1370 755 1845 825 gubernationem

154 840 284 910 pati;
338 844 398 893 et
453 847 719 910 paratum
771 857 829 893 se
868 857 988 895 esse
1035 842 1147 896 illis
1193 844 1410 909 cedere,
1455 849 1517 899 ut
1566 861 1633 899 eo
1678 846 1845 900 modo

150 945 337 982 omnes
370 929 474 983 Dei
518 929 665 983 servi
713 934 769 983 et
804 931 1051 985 ministri
1082 932 1356 1003 viverent,
1397 950 1509 1005 quo
1549 934 1605 987 in
1649 936 1847 988 Vetere

150 1020 504 1073 Testamento
562 1017 833 1088 leguntur
882 1020 1058 1089 (Deut.
1116 1035 1266 1086 mu,
1326 1022 1398 1092 l),
1446 1022 1608 1077 altari
1658 1023 1845 1077 deser-

150 1108 356 1161 vientes
395 1105 468 1160 de
513 1106 718 1161 eodem
754 1110 1211 1181 comparticipari
1244 1110 1286 1165 ¹.
1319 1112 1427 1167 Sed
1458 1127 1756 1182 nunquam
1788 1111 1844 1165 id

153 1196 261 1249 laici
295 1195 593 1265 suscipere
634 1197 958 1253 voluerunt.

156 1374 365 1429 (APUT
404 1376 587 1431 XXIV.
640 1406 696 1414 —
758 1377 820 1431 In
864 1392 920 1430 re
966 1376 1256 1431 domestica
1303 1379 1500 1448 quatis.
1552 1381 1759 1433 Donata
1798 1383 1847 1432 et

211 1465 393 1530 legata
424 1465 680 1519 Ecclesia
708 1480 954 1535 quanam
983 1466 1312 1534 suscipiebat
1336 1470 1433 1519 aut
1461 1467 1760 1520 recusabat.
1795 1468 1841 1521 Α

210 1569 391 1606 rerum
428 1555 809 1622 temporalium
832 1558 973 1608 curis
993 1555 1218 1608 liberum
1242 1571 1450 1624 semper
1475 1557 1717 1609 animum
1747 1557 1843 1609 ha-

206 1643 326 1696 bere
356 1643 591 1696 volebat.

210 1807 428 1860 Domus
494 1802 754 1858 Ecclesia
814 1820 1010 1858 curam
1071 1820 1419 1874 omnemque
1470 1802 1845 1857 substantiam

144 1895 203 1947 ad
266 1894 421 1947 vices
472 1892 879 1948 valentioribus
932 1892 1150 1947 clericis
1204 1892 1504 1962 delegabat
1558 1896 1613 1947 et
1653 1892 1843 1945 crede-

146 1987 245 2037 bat
280 1985 595 2055 Nunquam
625 1984 861 2046 clavem,
910 1998 1205 2053 nunquam
1251 1982 1528 2036 annulum
1560 1981 1621 2036 in
1671 1997 1847 2035 manu

147 2073 355 2127 habens
405 2090 419 2127 :

145 2168 194 2215 et
221 2165 459 2231 accepta
508 2167 566 2215 et
609 2166 843 2231 erogata
886 2160 1233 2214 notabantur
1275 2176 1286 2213 :
1345 2176 1474 2230 qua
1502 2175 1653 2213 anno
1691 2175 1844 2212 com-

145 2253 289 2320 pleto
331 2250 527 2305 eidem
585 2248 609 2282 ³
654 2249 1061 2315 recitabantur,
1114 2265 1227 2321 quo
1285 2248 1524 2303 sciretur
1567 2252 1845 2320 quantum

142 2343 465 2408 acceptum,
494 2342 889 2408 quantumque
920 2336 1307 2406 dispensatum
1338 2327 1563 2399 fuisset,
1596 2336 1681 2389 vel
1709 2336 1847 2406 quid

142 2426 599 2497 dispensandum
634 2426 999 2479 remansisset
1030 2430 1077 2491 ³;
1121 2430 1176 2478 et
1204 2424 1263 2478 in
1293 2424 1486 2478 multis
1513 2424 1694 2478 titulis
1725 2440 1845 2477 ma-

142 2518 224 2588 gis
253 2517 414 2571 illius
454 2515 748 2588 prapositi
781 2515 984 2569 domus
1010 2514 1184 2568 tidem
1214 2529 1480 2583 sequens,
1516 2530 1687 2585 quam
1716 2529 1845 2583 pro-

142 2608 335 2660 batum
356 2604 903 2675 manifestatumque
917 2618 1264 2674 cognoscens
1280 2603 1321 2656 ⁸.
1339 2604 1605 2666 Domum,
1621 2618 1844 2672 agrum,

138 2709 233 2745 seu
286 2691 488 2745 villam
528 2706 829 2760 nunquam
879 2705 1067 2742 emere
1106 2690 1303 2743 voluit.
1354 2689 1565 2742 Verum
1618 2688 1661 2741 si
1704 2688 1847 2741 forte

143 2780 403 2834 Ecclesia
427 2796 462 2832 a
486 2793 777 2849 quoquam
801 2782 1001 2848 sponte
1032 2778 1142 2831 tale
1165 2777 1379 2848 aliquid
1403 2778 1489 2830 vel
1519 2777 1844 2838 donaretur.

138 2871 224 2922 vel
251 2869 428 2923 titulo
461 2866 635 2937 legati
664 2865 1069 2935 dimitteretur,
1100 2882 1215 2919 non
1244 2866 1567 2936 respuebat,
1603 2866 1696 2919 sed
1732 2881 1847 2917 sus-

139 2958 253 3029 cipi
291 2957 559 3028 jubebat.
608 2956 750 3009 Nam
782 2954 837 3008 et
878 2954 1096 3025 aliquas
1131 2969 1263 3008 eum
1301 2953 1663 3007 hareditates
1693 2969 1850 3006 recu-

140 3062 292 3099 sasse
343 3044 635 3108 novimus,
695 3059 809 3096 non
853 3042 986 3113 quia
1034 3041 1380 3112 pauperibus
1440 3041 1671 3095 inutiles
1727 3057 1848 3094 esse

140 3139 395 3207 possent,
425 3133 523 3187 sed
555 3131 828 3204 quoniam
854 3133 1076 3200 justum
1105 3136 1161 3183 et
1189 3146 1421 3201 aquum
1452 3146 1571 3184 esse
1600 3130 1845 3195 videbat,

141 3230 207 3279 ut
235 3242 267 3279 a
312 3227 681 3278 mortuorum
711 3221 796 3273 vel
828 3219 959 3273 tiliis
991 3220 1073 3273 vel
1110 3218 1438 3290 parentibus
1469 3219 1553 3272 vel
1583 3218 1850 3271 affinibus

143 3312 328 3384 magis
382 3309 836 3381 possiderentur,
870 3307 1078 3379 quibus
1109 3324 1173 3361 ea
1206 3307 1534 3361 deﬁcientes
1563 3306 1851 3360 dimittere

142 3404 476 3456 noluerunt.
507 3398 750 3463 Quidam
778 3396 950 3451 etiam
980 3413 1046 3451 ex
1076 3396 1371 3450 honoratis
1396 3395 1849 3465 llipponensium

141 3490 295 3562 apud
338 3487 748 3558 Carthaginem
791 3485 982 3539 vivens
1030 3484 1292 3540 Ecclesia
1338 3485 1687 3555 Hipponensi
1718 3502 1848 3555 pos-

145 3579 457 3633 sessionem
507 3576 726 3630 donare
771 3575 971 3641 voluit,
1022 3580 1080 3629 et
1130 3575 1413 3629 confectas
1462 3575 1699 3637 tabulas,
1745 3574 1851 3628 sibi

148 3685 250 3723 usu
279 3668 472 3722 fructu
506 3669 749 3728 retento,
776 3665 925 3719 ultro
953 3663 1143 3718 eidem
1172 3668 1379 3717 sancta
1410 3662 1704 3717 memoria
1735 3666 1849 3718 Au-

148 3758 374 3827 gustino
406 3755 566 3811 misit
600 3771 613 3809 :
645 3755 806 3825 cujus
839 3754 933 3808 ille
964 3752 1311 3808 oblationem
1346 3753 1589 3807 libenter
1616 3753 1849 3824 accepit,

152 3846 561 3917 congratulans
585 3843 637 3897 ei
659 3843 811 3914 quod
830 3848 1061 3897 aterna
1084 3858 1201 3896 sua
1221 3857 1447 3896 memor
1466 3854 1611 3895 esset
1635 3843 1847 3896 salutis.

150 3935 350 3989 Verum
384 3937 517 4005 post
548 3932 767 4003 aliquot
796 3947 975 3985 annos
1004 3931 1167 3985 nobis
1196 3932 1339 3985 forte
1371 3946 1500 3985 cum
1534 3931 1734 3985 eodem
1763 3947 1851 3985 co~

142 4024 328 4079 minus
372 4022 719 4083 constitutis,
747 4037 872 4075 ecce
902 4020 1000 4075 ille
1031 4021 1277 4076 donator
1304 4021 1517 4075 litteras
1547 4036 1650 4091 per
1685 4036 1853 4074 suum

135 4112 319 4165 tilium
358 4111 623 4174 mittens,
654 4108 877 4176 rogavit
904 4109 1095 4163 utilia
1118 4108 1494 4163 donationum
1517 4109 1727 4162 tabula
1750 4125 1852 4163 suo

137 4200 529 4254 redderentur
559 4197 713 4263 lilio;
759 4197 1107 4267 pauperibus
1140 4214 1271 4251 vero
1308 4198 1625 4267 erogandos
1655 4197 1855 4251 direxit

136 4289 353 4343 solidos
399 4293 637 4342 centum
674 4303 687 4340 :
742 4287 981 4358 quolille
1012 4292 1237 4341 sanctus
1265 4287 1518 4357 cognito,
1550 4286 1851 4356 ingemuit,

139 4379 448 4433 hominem
482 4377 571 4430 vel
603 4376 833 4430 ﬁnxisse
864 4375 1250 4441 donationem,
1291 4376 1379 4429 vel
1410 4391 1543 4429 eum
1590 4374 1660 4428 de
1708 4375 1855 4428 bono

138 4483 315 4536 opere
369 4463 757 4536 panituisse,-
784 4467 838 4516 et
884 4468 1097 4535 quanta
1138 4463 1331 4535 potuit
1363 4464 1473 4517 Deo
1514 4467 1853 4533 suggerente

136 4555 293 4609 cordi
325 4555 459 4624 ejus
500 4568 631 4606 cum
662 4552 857 4607 dolore
897 4552 1073 4607 animi
1103 4556 1123 4588 ⁵
1152 4570 1219 4606 ex
1244 4552 1444 4607 eadem
1475 4551 1854 4621 refragatione

136 4644 282 4697 dixit
338 4647 386 4708 ⁸,
421 4642 484 4695 in
516 4641 673 4695 illius
710 4642 921 4696 scilicet
958 4642 1410 4712 increpationem
1447 4645 1505 4694 et
1544 4640 1853 4694 correctio-

140 4749 273 4787 nem
310 4750 325 4786 :
362 4738 425 4786 et
443 4731 669 4787 tabulas
692 4748 832 4803 quas
862 4730 958 4787 ille
987 4735 1189 4803 sponte
1222 4731 1476 4799 miserat,
1508 4746 1613 4783 nec
1643 4729 1857 4783 deside.

140 4826 315 4887 ratas,
352 4837 461 4875 nec
502 4825 748 4889 exactas,
788 4820 1085 4874 confestim
1129 4819 1396 4885 reddidit,
1439 4817 1857 4890 pecuniamque

138 4909 301 4965 illam
349 4909 609 4981 respuit;
652 4916 824 4980 atque
864 4908 1151 4980 rescriptis
1197 4908 1483 4973 eumdem,
1516 4908 1661 4962 sicut
1690 4922 1857 4977 opor-

138 5000 267 5064 tuit,
307 5002 370 5052 et
398 4998 588 5067 arguit
615 5002 669 5051 et
698 4997 996 5067 corripuit,
1029 4996 1343 5050 admonens
1375 5001 1436 5049 ut
1455 4996 1525 5049 de
1556 5012 1658 5049 sua
1688 4994 1861 5047 simu-

211 5160 225 5191 ι
262 5157 345 5220 in,
364 5154 508 5220 Msa,
530 5156 867 5220 comparari.

203 5222 224 5255 ²
256 5219 493 5276 Salinas,
521 5231 583 5266 ex
614 5216 705 5265 C'd.
746 5220 885 5276 1188,
913 5216 1089 5266 eodem
1113 5217 1391 5278 prasente.
1456 5216 1523 5264 Μ.

209 5281 357 5351 {Sic
389 5280 683 5351 Mss..Editi
709 5293 833 5328 vero
866 5280 1003 5351 :_Vel
1035 5278 1293 5351 quidquid
1315 5278 1755 5351 indispensatam,
1782 5278 1864 5329 vel

141 5342 633 5407 indispensandum
666 5344 1014 5393 remansisut.
1040 5340 1101 5377 ἒ-
1123 5340 1206 5391 Sic
1227 5340 1386 5389 etiam
1416 5340 1639 5399 Salinas,
1666 5354 1729 5389 ex
1759 5354 1862 5389 uno

139 5408 233 5505 ad"
261 5404 496 5525 Siliana,
512 5482 577 5517 ex
593 5468 807 5516 duobus
825 5466 917 5515 Cd.
934 5469 1097 5524 Quem
1115 5464 1863 5530 probatummanifestumque

151 5530 409 5582 habebat.
457 5532 525 5580 Μ.

212 5598 230 5627 ι
269 5594 391 5643 Edit
423 5594 659 5653 fuerunt,
692 5590 1000 5642 condolenti
1023 5590 1218 5640 animo.

151 5660 233 5764 d}
258 5656 497 5770 .Salip’as,
544 5671 604 5705 ex
647 5650 745 5703 Cd.
777 5654 902 5716 Reg.
946 5656 1027 5702 511
1083 5669 1094 5700 :
1133 5655 1205 5704 De
1232 5652 1419 5703 eadem
1449 5650 1864 5715 defraudatione

187 5732 267 5767 ιτα
306 5757 318 5768 .
437 5757 447 5767 .

480 2072 581 2127 sed
625 2072 695 2126 ab
746 2072 958 2126 eisdem
1016 2072 1220 2127 domus
1266 2070 1589 2142 prapositis
1644 2074 1877 2124 cuncta-

1963 401 2177 456 latione
2209 402 2295 457 vel
2322 401 2627 473 iniquitate
2658 417 2784 456 cum
2808 401 3162 472 pauitantia
3201 400 3522 457 humilitate
3553 405 3665 457 Deo

1962 491 2335 559 satisfaceret,
2384 508 2454 545 ne
2500 507 2630 545 cum
2680 496 2797 545 tam
2859 490 3016 562 gravi
3075 490 3279 546 delicto
3335 493 3404 546 de
3460 493 3664 548 saculo

1962 579 2166 634 exiret.

2034 668 2411 739 Frequentius
2462 683 2693 740 quoque
2741 668 2985 733 dicebat,
3047 668 3230 738 magis
3295 669 3548 724 securius
3609 674 3665 725 et

1961 756 2137 809 tutius
2182 757 2483 811 Ecclesiam
2529 757 2715 826 legata
2758 774 2790 810 a
2828 757 3108 811 defunctis
3156 757 3429 811 ‘dimissa
3459 759 3664 813 debere

1961 845 2268 915 suscipere,
2320 862 2494 916 quam
2551 845 2911 900 hareditates
2959 848 3102 901 forte
3156 847 3421 901 sollicitas
3477 851 3533 901 et
3572 848 3665 902 da-

1963 950 2223 999 mnosas;
2271 934 2506 1005 ipsaque
2549 935 2739 1004 legata
2775 934 2956 1005 magis
2997 936 3288 989 offerenda
3319 952 3458 1001 esse,
3491 952 3663 1007 quam

1960 1024 2255 1093 exigenda.
2305 1024 2713 1078 Commendata
2742 1040 2872 1077 vero
2904 1041 3146 1095 quaque
3192 1025 3312 1095 ipse
3343 1042 3457 1079 non
3488 1025 3663 1079 susci-

1960 1112 2168 1182 piebat,
2194 1110 2290 1165 sed
2325 1112 2577 1166 volentes
2596 1112 2880 1183 suscipere
2902 1112 3135 1166 clericos
3160 1128 3274 1165 non
3304 1113 3659 1183 prohibebat.

1960 1201 2024 1253 In
2065 1200 2133 1253 iis
2173 1216 2401 1271 quoque
2452 1217 2580 1271 qua
2631 1200 2871 1254 Ecclesia
2916 1200 3162 1254 habebat
3207 1206 3261 1254 et
3313 1201 3659 1271 possidebat,

1959 1288 2212 1343 intentus
2241 1304 2435 1343 amore
2484 1289 2572 1343 vel
2603 1289 2927 1359 implicatus
2970 1293 2992 1325 ²
3030 1306 3145 1343 non
3178 1294 3299 1343 erat
3349 1306 3361 1343 :
3413 1290 3509 1344 sed
3539 1306 3661 1343 ma-

1956 1378 2176 1448 joribus
2200 1378 2385 1448 magis
2418 1393 2479 1431 ac
2508 1376 2530 1412 δ
2558 1377 2950 1448 spiritualibus
2970 1394 3278 1449 suspensus
3302 1382 3355 1431 et
3378 1377 3663 1432 inharens

1959 1467 2147 1530 rebus,
2193 1467 2279 1521 vix
2322 1467 2631 1539 aliquando
2676 1482 2733 1520 se
2775 1467 2964 1537 ipsum
3003 1467 3073 1520 ad
3104 1466 3199 1520 illa
3228 1466 3564 1537 temporalia
3592 1468 3662 1521 ab

1958 1560 2307 1610 aeternorum
2350 1557 2693 1623 cogitatione
2734 1556 3022 1609 relaxabat
3052 1560 3108 1608 et
3142 1555 3480 1625 deponi-bat.
3523 1555 3662 1619 Qui-

1959 1645 2063 1697 bus
2096 1645 2190 1699 ille
2216 1645 2505 1715 dispositis
2535 1650 2590 1698 et
2618 1644 2915 1711 ordinatis,
2947 1648 3221 1714 tanquam
3254 1660 3284 1696 a
3314 1644 3484 1699 rebus
3513 1660 3659 1698 mor-

1958 1733 2191 1788 dacibus
2244 1751 2309 1788 ac
2359 1733 2629 1802 molestis,
2685 1733 2863 1787 animi
2917 1748 3212 1787 recursum
3261 1732 3331 1787 ad
3388 1733 3662 1787 interiora

1956 1823 2168 1876 mentis
2197 1828 2252 1876 et
2293 1822 2584 1893 superiora
2618 1822 2891 1887 faciebat;
2936 1838 3049 1893 quo
3078 1822 3165 1876 vel
3195 1822 3263 1876 de
3302 1822 3660 1877 inveniendis

1957 1910 2164 1966 divinis
2195 1913 2363 1966 rebus
2402 1914 2699 1981 cogitaret,
2752 1912 2839 1965 vel
2887 1910 2956 1964 de
3000 1911 3124 1980 jam
3172 1910 3416 1964 inventis
3446 1910 3661 1981 aliquid

1959 2000 2221 2067 dictaret,
2272 2005 2371 2054 aut
2418 2006 2567 2054 certe
2598 2016 2662 2054 ex
2691 2000 2813 2071 jam
2843 1999 3063 2053 dictatis
3102 2002 3273 2070 atque
3303 2000 3660 2069 transcriptis

1958 2089 2173 2161 aliquid
2203 2089 2535 2143 emendaret
2584 2091 2649 2143 Et
2669 2088 2725 2142 id
2763 2088 2965 2159 agebat
2994 2088 3053 2143 in
3083 2088 3173 2142 die
3201 2088 3487 2151 laborans,
3516 2092 3573 2143 et
3600 2087 3661 2142 in

1957 2182 2123 2231 nocte
2163 2177 2498 2231 lucubrans.
2541 2179 2605 2231 Et
2658 2181 2780 2231 erat
2805 2182 3077 2247 tanquam
3109 2176 3207 2231 illa
3236 2176 3663 2247 religiosissima

1960 2265 2136 2319 Maria
2168 2271 2367 2336 typum
2398 2270 2625 2337 gestans
2666 2282 2928 2337 superna
2966 2264 3246 2332 Ecclesia,
3279 2265 3347 2319 de
3380 2281 3490 2335 qua
3522 2264 3662 2318 scri-

1958 2360 2120 2425 ptum
2146 2360 2249 2419 est,
2275 2355 2427 2426 quod
2452 2356 2671 2409 sederet
2695 2354 2763 2408 ad
2793 2354 2966 2425 pedes
2999 2352 3219 2408 Domini
3253 2358 3421 2423 atque
3444 2352 3663 2407 intenta

1960 2444 2081 2513 ejus
2126 2444 2362 2498 verbum
2404 2443 2623 2497 audiret
2655 2460 2666 2497 :
2700 2443 2769 2497 de
2812 2459 2925 2514 qua
2954 2460 3115 2497 soror
3143 2446 3474 2513 conquesta,
3511 2444 3660 2513 quod

1960 2533 2030 2586 ab
2052 2532 2249 2586 eadem
2279 2532 2427 2585 circa
2449 2533 2693 2587 multum
2718 2532 3117 2585 minesterium
3138 2536 3409 2601 occupata
3431 2547 3547 2584 non
3569 2532 3664 2584 ad-

1953 2622 2269 2691 juvaretur,
2303 2621 2518 2675 audivit
2558 2640 2570 2674 :
2606 2622 2849 2691 Martha,
2884 2623 3123 2688 Martha,
3153 2624 3423 2677 meliorem
3449 2628 3663 2692 partem

1960 2709 2119 2775 elegit
2158 2711 2361 2775 Maria,
2392 2724 2511 2777 qua
2536 2724 2639 2762 non
2675 2712 2956 2775 auferetur
2983 2710 3050 2763 ab
3080 2726 3143 2763 ea
3173 2710 3317 2780 (Luc.
3350 2727 3404 2776 χ,
3430 2710 3653 2780 39-41).

1966 2798 2101 2851 Nam
2135 2797 2479 2851 fabricarum
2518 2814 2793 2852 novarum
2830 2814 3127 2868 nunquam
3156 2798 3412 2852 studium
3438 2796 3657 2861 habuit,

1960 2886 2216 2939 devitans
2245 2887 2301 2939 in
2333 2887 2414 2940 eis
2442 2887 2888 2958 implicationem
2912 2887 3000 2939 sui
3019 2886 3221 2951 animi,
3244 2903 3415 2957 quem
3438 2902 3664 2955 semper

1960 2974 2208 3029 liberum
2240 2975 2448 3029 habere
2480 2976 2705 3028 volebat
2734 2976 2803 3029 ab
2834 2975 2993 3029 omni
3020 2975 3284 3028 molestia
3310 2973 3612 3044 temporali
3644 2990 3656 3025 :

1961 3068 2295 3118 nontamen
2335 3064 2431 3118 illa
2476 3066 2731 3119 volentes
2792 3069 2848 3120 et
2878 3065 3224 3119 adiﬁcantes
3280 3063 3654 3135 prohibebat,

1961 3153 2071 3206 nisi
2114 3158 2337 3207 tantum
2369 3153 2794 3210 immoderatos.
2843 3156 3065 3209 Interea
3102 3154 3238 3208 dum
3274 3153 3529 3208 Ecclesia
3559 3170 3657 3225 pe-

1962 3241 2131 3296 cunia
2161 3242 2447 3309 deﬁceret,
2482 3244 2589 3297 hoc
2632 3243 2818 3315 ipsum
2849 3245 3062 3314 populo
3099 3244 3405 3298 christiano
3444 3244 3662 3298 denun-

1963 3332 2161 3398 tiabat,
2213 3348 2329 3385 non
2377 3350 2433 3386 se
2479 3333 2690 3388 habere
2739 3333 2893 3403 quod
2935 3332 3323 3403 indigentibus
3378 3337 3660 3404 erogaret.

1965 3422 2107 3473 Nam
2137 3428 2191 3475 et
2223 3421 2293 3475 de
2325 3421 2469 3475 vasis
2499 3422 2821 3488 dominicis,
2863 3426 3097 3492 propter
3127 3422 3375 3491 captivos
3406 3425 3461 3475 et
3489 3437 3663 3492 quam

1964 3508 2245 3578 plurimos
2275 3510 2599 3581 indigentes
2632 3509 2673 3575 “,
2721 3511 2907 3581 frangi
2950 3514 3005 3563 et
3050 3510 3289 3568 conﬂari
3318 3510 3577 3579 jubebat.
3610 3515 3665 3565 et

1964 3598 2353 3669 indigentibus
2393 3599 2727 3671 dispensari.
2771 3599 2929 3663 Quod
2960 3614 3072 3651 non
3105 3614 3661 3664 commemorassem,

1963 3687 2073 3740 nisi
2102 3693 2297 3741 contra
2334 3689 2619 3741 carnalem
2651 3703 2879 3740 sensum
2910 3686 3291 3756 quorumdam
3320 3684 3445 3741 ﬁeri
3470 3685 3655 3757 pervi-

1962 3777 2175 3830 derem.
2244 3778 2305 3830 Et
2358 3776 2464 3830 hoc
2510 3776 2695 3846 ipsum
2756 3775 2926 3829 etiam
2980 3775 3315 3830 venerabilis
3368 3775 3661 3829 memoria

1965 3865 2296 3919 Ambrosius
2323 3864 2382 3918 in
2410 3865 2616 3919 talibus
2645 3863 3078 3919 necessitatibus
3116 3863 3505 3918 indubitanter
3542 3880 3661 3918 esse

1964 3954 2311 4019 faciendum,
2345 3959 2401 4009 et
2430 3953 2585 4015 dixit,
2618 3960 2675 4008 et
2704 3953 2931 4024 scripsit
2962 3952 3140 4023 (Of/ie.
3177 3954 3267 4007 lib.
3304 3958 3359 4020 2,
3385 3968 3506 4023 cap.
3541 3955 3653 4021 18).

1963 4043 2074 4097 Sed
2105 4048 2160 4096 et
2200 4044 2269 4097 de
2300 4044 2559 4113 neglecto
2591 4060 2622 4096 a
2650 4043 2916 4097 fidelibus
2946 4041 3351 4112 gazopliylacio
3387 4046 3443 4095 et
3479 4057 3663 4095 secre-

1964 4133 2134 4199 tario,
2167 4134 2319 4187 unde
2351 4133 2512 4187 altari
2544 4132 2859 4187 necessaria
2888 4131 3235 4194 inferuntur,
3266 4131 3572 4201 aliquando
3604 4131 3663 4184 in

1967 4223 2200 4277 ecclesia
2222 4223 2459 4293 loquens
2488 4222 2834 4276 admonebat
2866 4238 2878 4274 :
2904 4222 3055 4292 quod
3084 4221 3252 4275 etiam
3275 4218 3663 4275 beatissimum

1966 4309 2331 4364 Ambrosium
2364 4326 2421 4363 se
2449 4315 2730 4380 prasente
2776 4311 2835 4364 in
2865 4310 3099 4365 ecclesia
3126 4308 3468 4373 tractavisse,
3504 4307 3665 4362 nobis

1968 4398 2275 4468 aliquando
2306 4400 2600 4455 retulerat.

1968 4542 2194 4596 CAPUT
2234 4544 2384 4598 XXV.
2418 4574 2486 4582 —
2529 4545 2829 4613 Disciplina
2855 4543 3163 4597 domestica.
3197 4543 3360 4594 Pama
3383 4540 3656 4608 jurantis.

2040 4668 2181 4722 Cum
2243 4666 2368 4735 ipso
2426 4682 2649 4736 semper
2699 4665 2921 4729 clerici,
2971 4680 3087 4718 una
3151 4664 3324 4719 etiam
3380 4665 3550 4719 domo
3608 4682 3667 4719 ac

1970 4772 2169 4809 mensa
2209 4756 2644 4827 sumptibusque
2690 4754 3092 4809 communibus
3136 4755 3436 4808 alebantur
3482 4759 3539 4808 et
3582 4771 3670 4808 ve-

1970 4843 2312 4898 stiebantur.
2365 4844 2430 4897 Et
2479 4860 2549 4897 ne
2606 4842 2911 4913 quisquam
2964 4840 3113 4895 facili
3157 4841 3447 4912 juratione
3498 4841 3668 4897 etiam

1971 4932 2040 4987 ad
2070 4932 2389 5003 perjurium
2430 4931 2747 4998 decidisset,
2781 4935 2837 4985 et
2865 4930 2923 4985 in
2955 4931 3186 4985 ecclesia
3215 4931 3427 5001 populo
3453 4930 3669 5002 pradi-

1972 5022 2156 5080 eabat.
2209 5026 2265 5074 et
2314 5037 2445 5075 suos
2488 5020 2830 5087 instituerat,
2880 5036 2949 5073 ne
2996 5019 3125 5090 quis
3154 5020 3376 5090 juraret
3405 5017 3447 5086 ⁵,
3492 5035 3563 5073 ne
3601 5019 3670 5072 ad

2038 5156 2050 5188 ¹
2082 5152 2286 5217 Salinas
2318 5154 2425 5217 {In
2447 5150 2625 5217 codice
2659 5151 2825 5200 Vatic.
2858 5148 3541 5217 t~190‘dees_t,_a_defancti.s.
3577 5144 3667 5217 Cd.

1975 5216 2101 5274 Reg.
2127 5218 2208 5265 541
2247 5214 2452 5277 sitlegit
2471 5232 2482 5263 :
2503 5216 2693 5277 Legato
2719 5218 2879 5277 antea
2896 5211 3145 5277 defuncti
3162 5211 3346 5261 debere
3365 5211 3671 5277 suscipere‘,

1975 5270 2138 5341 quam
2171 5270 2490 5328 haereditates
2510 5270 2648 5340 forte
2677 5276 2941 5326 sollicitas
2962 5270 3022 5324 ἐι
3050 5275 3431 5324 demtuoratas.
3500 5270 3566 5319 M.

2036 5342 2057 5375 2
2088 5341 2180 5387 llic
2211 5341 2263 5387 in
2294 5339 2447 5387 editis
2478 5339 2689 5387 additur
2716 5337 3033 5387 cupiditate.-
3066 5336 3156 5386 sed
3192 5335 3337 5384 adest
3366 5348 3395 5381 a
3424 5332 3546 5381 Mss.

2039 5342 2057 5375 2
2088 5341 2180 5389 llic
2211 5341 2263 5388 in
2294 5340 2447 5388 editis
2478 5340 2689 5388 additur
2716 5340 3033 5401 cupiditate;
3066 5340 3156 5386 sed
3192 5340 3337 5384 adest
3366 5348 3395 5381 a
3424 5340 3546 5381 Mss.

2039 5405 2059 5436 ³
2089 5403 2225 5451 Editi
2257 5402 2510 5452 omittunt
2536 5414 2618 5452 ac.

2038 5466 2058 5497 ἰ
2089 5465 2201 5513 Duo
2224 5466 2351 5514 Mss.
2379 5478 2389 5511 :
2409 5465 2475 5513 Et
2494 5464 2787 5527 plurimum
2808 5462 3113 5527 indigentes.
3136 5459 3278 5527 Unus
3295 5471 3360 5527 ex
3380 5456 3673 5527 Floriacen-

1976 5526 2121 5596 sibus
2146 5545 2165 5596 _:
2192 5528 2395 5596 {Vamet
2416 5520 2554 5596 vasa
2570 5526 2841 5596 dominica
2854 5520 3012 5596 quam
3028 5522 3266 5596 piamina
3276 5520 3468 5596 frangi
3485 5526 3675 5596 eteo!!—

1976 5588 2360 5652 ﬂarijubebat.
2392 5615 2450 5624 —
2482 5589 2566 5652 Sic
2595 5590 2750 5638 etiam
2784 5583 3006 5643 Salinas,
3029 5583 3091 5652 ex
3128 5583 3428 5652 _Cd.-__\'at_ic.’
3448 5586 3585 5652 1191.
3606 5583 3673 5631 Μ.

2042 5654 2063 5714 ὃ
2097 5645 2323 5709 Salinas,
2386 5665 2448 5701 ex
2482 5651 2574 5701 Cd.
2597 5653 2812 5714 Reg.551
2850 5665 2862 5697 :
2889 5652 2957 5699 Et
2984 5648 3092 5697 suis
3120 5645 3419 5696 instituebat
3439 5645 3590 5696 dictis
3608 5657 3676 5694 ne

1974 5713 2096 5777 quis
2112 5716 2342 5776 juraret.
2410 5714 2476 5763 Μ.
