4048 6194
323 268 390 321 55
1521 264 1690 320 VITA
1744 266 1798 319 S.
1840 265 2225 322 AUGUSTINI
2285 259 2630 329 EPISCOPI,
3763 269 3833 318 36

319 403 577 442 mensam
617 390 637 426 ι
665 386 921 459 quidem.
957 387 1121 454 Quod
1146 387 1193 443 si
1216 388 1516 460 prolapsus
1542 387 1740 444 fuisset
1766 392 1807 455 ³,
1840 405 2016 444 unam
2125 389 2352 444 CAPUT
2388 387 2594 442 XXVII.
2628 413 2697 427 —
2725 386 2979 455 Ofﬁcium
3007 400 3135 454 erga
3169 385 3455 441 destitutos
3483 390 3534 440 et
3561 391 3836 455 sgrotan-

319 476 387 532 de
418 476 640 532 statutis
687 476 962 547 perdebat
999 478 1292 548 potionem
1343 494 1358 533 :
1407 494 1682 534 numerus
1711 477 1866 532 enim
1897 480 2018 531 erat

321 565 438 621 suis
473 582 665 620 secum
713 565 1200 621 commorantibus
1229 571 1285 621 et
1325 567 1758 622 convivantibus
1787 567 2018 637 poculo-

320 671 451 710 rum
478 656 766 725 praefixas.
796 655 1348 727 Indisciplinationes
1378 673 1608 728 quoque
1632 661 1691 710 et
1711 660 2020 726 transgres-

323 743 509 798 siones
536 761 774 800 suorum
803 761 834 799 a
855 746 1054 816 regula
1075 750 1229 800 recta
1245 750 1302 800 et
1321 745 1617 800 honestate
1647 747 1688 811 ³,
1721 744 2019 815 arguebat,

323 838 382 888 et
401 834 682 888 tolerabat
705 839 986 905 quantum
1007 833 1242 900 decebat
1259 837 1317 888 et
1342 833 1643 904 oportebat
1678 850 1691 888 :
1725 833 1785 888 in
1813 833 2022 888 talibus

321 923 609 994 praecipue
645 923 875 989 docens,
907 939 978 976 ne
1021 923 1361 993 cujusquam
1401 938 1499 976 cor
1540 921 1922 978 declinaretur
1961 922 2022 976 in

322 1012 496 1067 verba
525 1013 774 1084 maligna
799 1012 869 1066 ad
897 1011 1244 1066 excusandas
1272 1011 1660 1066 excusationes
1688 1011 1747 1065 in
1775 1010 2023 1082 peccatis

325 1100 490 1171 (Psat.
533 1117 651 1164 ch,
693 1101 767 1169 4).
813 1105 871 1154 et
899 1099 1037 1154 dum
1069 1100 1312 1172 quisque
1341 1099 1577 1155 offerret
1605 1116 1815 1155 munus
1853 1115 2021 1154 suum

324 1189 393 1244 ad
427 1189 624 1255 altare,
656 1195 713 1243 et
741 1188 858 1243 illic
894 1188 1224 1243 recordatus
1263 1189 1464 1244 fuisset
1491 1189 1648 1261 quod
1678 1189 1854 1244 frater
1889 1205 2024 1244 suus

322 1277 559 1332 haberet
599 1276 816 1349 aliquid
863 1277 1131 1332 adversus
1177 1277 1359 1344 illum,
1411 1277 1859 1350 relinquendum
1903 1294 2024 1332 esse

325 1380 535 1420 munus
564 1369 694 1419 ante
726 1366 917 1428 altare,
949 1369 1121 1438 atque
1147 1365 1404 1420 eundum
1439 1382 1552 1437 quo
1579 1365 1742 1421 fratri
1773 1365 2022 1420 reconci-

326 1455 498 1510 lietur
522 1453 568 1519 ⁴,
599 1458 656 1508 et
682 1457 818 1508 tunc
845 1454 1214 1523 veniendum,
1255 1459 1312 1510 et
1341 1471 1550 1510 munus
1576 1456 1646 1510 ad
1675 1455 1853 1509 altare
1885 1455 2024 1509 olfe-

328 1543 571 1597 rendum
603 1543 818 1613 (Matth.
851 1559 906 1612 v,
945 1546 1036 1606 23,
1070 1543 1178 1610 24).
1217 1543 1275 1598 Si
1306 1560 1437 1598 vero
1470 1543 1591 1616 ipse
1616 1544 1884 1599 adversus
1911 1544 2026 1598 fra-

326 1639 475 1689 trem
509 1650 678 1688 suum
707 1633 924 1705 aliquid
963 1634 1220 1705 haberet,
1250 1635 1537 1706 corripere
1567 1651 1700 1690 eum
1731 1635 1938 1690 debere
1967 1635 2028 1689 in

329 1727 523 1794 parte;
557 1728 615 1778 et
655 1723 702 1777 si
733 1740 866 1777 eum
912 1723 1186 1792 audisset,
1227 1725 1480 1779 lucratus
1531 1729 1677 1779 esset
1715 1741 1881 1779 suum
1914 1724 2027 1778 fra-

329 1817 476 1866 trem
508 1829 521 1866 :
556 1811 644 1866 sin
673 1812 886 1880 minus,
917 1813 1308 1868 adhibendum
1338 1830 1459 1868 esse
1490 1830 1671 1868 unum
1701 1819 1800 1868 aut
1838 1815 1980 1867 duos
2013 1828 2028 1866 :

332 1901 488 1972 quod
517 1901 564 1955 si
583 1906 640 1956 et
664 1901 814 1972 ipsos
833 1906 1246 1971 contemneret,
1270 1902 1572 1958 Ecclesiam
1601 1902 1987 1958 adhibendam
2013 1918 2026 1955 :

331 1990 420 2044 sin
457 2005 590 2044 vero
614 1994 672 2044 et
691 1991 824 2045 huic
846 2006 963 2045 non
993 1991 1272 2062 obediret,
1305 1997 1454 2046 esset
1481 1992 1566 2047 illi
1597 1996 1662 2046 ut
1686 1991 1947 2046 ethnicus
1975 1994 2032 2044 et

331 2078 695 2152 publicanus.
743 2081 808 2134 Et
836 2079 978 2135 illud
1009 2080 1245 2147 addens,
1283 2086 1348 2136 ut
1387 2081 1548 2136 fratri
1568 2080 1823 2153 peccanti
1852 2085 1908 2135 et
1936 2095 2030 2133 ve-

334 2168 492 2222 niam
524 2168 763 2238 petenti,
793 2183 912 2223 non
953 2169 1181 2240 septies,
1223 2169 1322 2224 sed
1351 2170 1674 2242 septuagies
1698 2170 1905 2242 septies
1933 2171 2031 2224 de-

333 2257 531 2312 lictum
573 2256 855 2312 relaxetur
885 2257 989 2327 (Id.
1028 2274 1181 2320 xvm,
1229 2261 1408 2327 15-17,
1437 2261 1527 2321 21,
1558 2258 1671 2328 22),
1704 2258 1848 2312 sicut
1870 2258 2030 2330 quis-

337 2360 450 2417 que
486 2361 521 2399 a
559 2345 802 2400 Domino
832 2345 1086 2414 quotidie
1112 2345 1216 2400 sibi
1246 2347 1496 2417 postulat
1522 2347 1781 2401 relaxari.

531 2486 757 2542 CAPUT
794 2488 972 2543 XXVI.
1000 2517 1068 2529 —
1102 2491 1172 2544 De
1203 2491 1447 2542 convictu
1472 2491 1829 2556 feminarum.

412 2614 775 2670 Feminarum
823 2613 975 2670 intra
1004 2615 1240 2670 domum
1279 2615 1402 2686 ejus
1433 2616 1591 2670 nulla
1619 2631 1877 2687 unquam
1906 2631 2036 2669 con-

339 2709 555 2759 versata
606 2709 729 2770 est,
787 2704 947 2758 nulla
1016 2704 1273 2771 mansit,
1331 2720 1403 2758 ne
1473 2704 1705 2776 quidem
1759 2721 2035 2776 germana

338 2810 545 2860 soror,
613 2809 742 2865 quae
815 2794 984 2847 vidua
1046 2795 1161 2848 Deo
1219 2793 1469 2848 serviens
1536 2795 1717 2848 multo
1779 2799 2035 2866 tempore

337 2898 519 2953 usque
563 2882 624 2936 in
661 2883 813 2937 diem
855 2881 1044 2936 obitus
1074 2881 1164 2936 sui
1202 2882 1512 2953 praeposita
1554 2881 1892 2938 ancillarum
1936 2884 2036 2938 Dei

335 2970 490 3026 vixit.
531 2971 640 3026 Sed
687 2988 792 3025 nec
833 2971 1020 3043 patrui
1066 2971 1155 3025 sui
1181 2972 1336 3040 tiliae,
1375 2976 1432 3026 et
1468 2970 1490 3006 ⁵
1527 2971 1718 3026 fratris
1759 2973 1847 3026 sui
1878 2973 2032 3040 filim,

336 3076 464 3132 quae
485 3061 697 3132 pariter
717 3063 832 3115 Deo
855 3061 1176 3115 serviebant
1207 3077 1220 3114 :
1248 3076 1389 3132 quas
1413 3077 1688 3132 personas
1706 3067 2035 3116 sanctorum

336 3150 734 3221 episcoporum
763 3148 1004 3203 concilia
1048 3149 1108 3203 in
1146 3150 1394 3219 exceptis
1432 3156 1770 3219 posuerunt.
1806 3151 2038 3206 Dicebat

336 3255 490 3305 vero,
521 3238 657 3311 quia
695 3238 800 3291 etsi
839 3237 907 3292 de
938 3253 1130 3292 sorore
1161 3243 1218 3292 et
1261 3238 1528 3308 neptibus
1557 3255 1747 3293 secum
1788 3256 2035 3294 commo-

337 3327 597 3382 rantibus
637 3328 795 3381 nulla
844 3326 996 3381 nasci
1048 3331 1242 3397 posset
1290 3328 1439 3381 mala
1495 3327 1783 3398 suspicio;
1843 3333 2034 3383 tamen

335 3417 610 3489 quoniam
633 3417 744 3470 illae
769 3413 1028 3487 personas
1057 3415 1180 3473 sine
1209 3415 1334 3470 aliis
1363 3416 1699 3471 necessariis
1728 3433 2035 3488 secumque

334 3505 699 3562 manentibus
727 3504 956 3560 feminis
985 3521 1106 3560 esse
1138 3521 1254 3560 non
1285 3511 1537 3576 possent,
1570 3510 1627 3560 et
1655 3507 1807 3578 quod
1847 3507 1918 3561 ad
1943 3523 2037 3560 eas

333 3595 462 3651 alite
489 3596 661 3650 etiam
691 3611 724 3650 a
747 3596 883 3650 foris
907 3596 1207 3662 intrarent,
1229 3595 1298 3650 de
1326 3594 1415 3649 his
1444 3611 1607 3666 posse
1629 3595 2034 3650 otfendiculum

333 3689 434 3739 aut
461 3685 790 3739 scandalum
827 3683 1240 3738 inﬁrmioribus
1270 3683 1461 3750 nasci;
1503 3687 1560 3738 et
1602 3683 1732 3738 illos
1777 3684 1876 3756 qui
1906 3701 2036 3739 cum

333 3775 601 3846 episcopo
631 3775 718 3828 vel
752 3773 1012 3845 quolibet
1049 3773 1255 3828 clerico
1298 3773 1441 3828 forte
1472 3777 1790 3838 manerent,
1825 3790 1893 3828 ex
1923 3774 2036 3829 illis

334 3862 600 3918 omnibus
629 3862 973 3918 feminarum
1013 3861 1273 3933 personis
1297 3879 1460 3934 posse
1486 3878 1602 3918 una
1629 3865 2039 3919 commoranti-

334 3952 440 4007 bus
488 3952 577 4006 vel
625 3950 1095 4016 adventantibus,
1152 3955 1253 4005 aut
1302 3951 1716 4006 tentationibus
1766 3953 2038 4007 humanis

334 4038 542 4111 perire,
579 4042 678 4093 aut
720 4043 872 4093 certe
909 4037 1074 4093 malis
1113 4038 1418 4094 hominum
1451 4039 1868 4109 suspicionibus
1907 4057 2035 4111 pes-

334 4129 474 4184 sime
515 4127 799 4184 diffamari
829 4131 868 4183 ⁸.
913 4127 996 4182 0b
1026 4128 1135 4182 hoc
1171 4145 1308 4200 ergo
1338 4128 1582 4194 dicebat,
1619 4145 1915 4201 nunquam
1945 4130 2039 4184 de-

331 4219 466 4273 bere
495 4217 736 4273 feminas
773 4233 905 4272 cum
947 4216 1121 4271 servis
1170 4217 1292 4284 Dei,
1342 4217 1513 4272 etiam
1545 4217 1892 4284 castissimis,
1924 4235 2038 4274 una

332 4322 565 4362 manere
592 4305 784 4367 domo.
817 4322 911 4373 ne,
949 4310 1014 4360 ut
1043 4306 1262 4361 dictum
1297 4311 1404 4376 est,
1434 4297 1666 4378 aliquod
1706 4309 2037 4363 scandalum

333 4399 433 4450 aut
461 4395 872 4451 offendiculum
910 4395 1008 4448 tali
1055 4396 1318 4465 exemplo
1360 4401 1672 4466 poneretur
1710 4396 2038 4453 inﬁrmiori-

335 4486 439 4539 bus
466 4501 480 4540 :
513 4489 570 4540 et
597 4484 645 4538 si
672 4483 816 4538 forte
861 4485 932 4538 ab
961 4483 1247 4556 aliquibus
1275 4483 1506 4538 feminis
1535 4489 1599 4538 ut
1627 4485 1921 4543 videretur
1949 4489 2036 4542 vel

333 4575 694 4640 salutaretur,
715 4572 1050 4643 rogabatur;
1076 4573 1375 4643 nunquam
1397 4573 1521 4627 sine
1549 4574 1768 4629 clericis
1799 4577 2040 4632 testibus

333 4664 403 4718 ad
445 4676 578 4716 eum
615 4660 908 4715 intrabant
936 4661 980 4727 ⁷,
1031 4663 1117 4716 vel
1147 4662 1302 4715 solus
1331 4677 1463 4716 cum
1493 4663 1630 4716 solis
1660 4680 1923 4736 unquam
1956 4672 2043 4721 est

334 4754 577 4819 locutus,
609 4765 714 4804 nec
733 4749 780 4803 si
816 4753 1165 4805 secretorum
1192 4749 1411 4822 aliquid
1441 4750 1745 4808 interesset
1770 4753 1815 4808 ⁸.

397 4861 413 4894 ι
444 4856 600 4921 Editi,
615 4857 690 4907 ad
712 4855 980 4921 modicum
1001 4871 1018 4921 ς
1039 4860 1286 4906 etomnes
1306 4858 1428 4921 Mss.
1444 4858 1681 4921 praebent
1699 4859 1770 4910 ad
1781 4873 2035 4911 mensam.

333 4946 394 4958 —
423 4920 648 4978 Salinas,
678 4933 744 4969 ex
773 4919 865 4968 Cd.
898 4918 1150 4970 Vaticano
1176 4921 1316 4981 1190,
1344 4919 1415 4970 ad
1442 4918 1731 4972 modicum.
1800 4924 1874 4974 Μ.

393 4986 415 5020 ²
450 4984 509 5032 In
544 4982 688 5042 Mss.,
709 4981 932 5045 fecisset.

394 5049 416 5082 ³
429 5045 668 5160 acilius;
696 5043 760 5095 ex
786 5046 994 5096 duobus
1022 5043 1136 5105 Cd.,
1167 5046 1223 5095 et
1261 5043 1498 5096 honesta.
1521 5044 1582 5094 In
1619 5059 1726 5094 uno
1756 5045 1903 5096 deest
1944 5047 2034 5102 ho-

394 5123 424 5159 ις
515 5122 560 5158 e.
674 5143 688 5157 .

332 5113 560 5161 aestate.
618 5113 688 5158 Μ.

394 5175 416 5208 ⁴
445 5170 581 5236 Editi
617 5184 628 5219 :
659 5172 838 5236 Atque
863 5169 1113 5221 eumdem
1143 5168 1382 5235 fratrem
1421 5183 1524 5221 esse
1555 5170 2034 5222 reconciliandam.

333 5234 670 5297 Castigantur
697 5234 762 5283 ex
779 5235 839 5297 ΑΜ
846 5247 915 5297 ss.

395 5299 416 5332 ⁵
446 5291 616 5347 Nostri
642 5309 749 5346 non
778 5295 976 5346 habent
1010 5310 1021 5344 :
1053 5295 1244 5358 Βαιτιιὶ
1264 5295 1353 5346 sui
1382 5291 1506 5358 ﬁliae
1535 5296 1605 5347 et.
1644 5323 1678 5333 -
1731 5296 1895 5347 Voces
1929 5310 2031 5346 eaa-

335 5359 784 5423 demusuppressaa
813 5357 1151 5423 sunt_in_Cd.
1193 5357 1422 5423 Salinas.
1497 5360 1563 5409 M.

396 5424 418 5456 ⁶
453 5421 855 5495 Yetustissimus
889 5421 982 5495 Cd.
1032 5421 1356 5495 Fossatensis
1381 5421 2038 5495 .:‘Aut.adi'_entant‘ibua

329 5487 554 5581 pessime
574 5483 887 5597 aiﬁmm;
917 5487 970 5534 et
997 5483 1228 5556 praeterit
1254 5497 1266 5532 :
1289 5483 1838 5558 Αοιιοιεηιαρίοῃίὺω,
1874 5487 1972 5533 etc.

334 5608 414 5620 ﬂ“
451 5546 622 5618 Editio
716 5561 819 5620 χκξ
856 5545 934 5597 Ad
965 5545 1804 5620 eashi‘ntrabat...dissentientibus
1833 5547 2040 5620 θείῃ-91.

334 5607 626 5681 Ulimmeri.
645 5635 702 5645 -—
716 5608 939 5681 Salinas.
954 5621 1016 5658 ex
1036 5608 1130 5658 Cd.
1162 5609 1287 5681 Reg.
1308 5609 1391 5657 5H
1413 5622 1425 5656 :
1449 5607 1532 5657 Ad
1555 5607 2029 5681 eam_intrabat.lt_f.

397 5672 418 5707 ⁸
447 5669 652 5720 Salinas
683 5687 695 5720 :
736 5671 827 5722 νει
849 5670 990 5734 solus
1023 5684 1146 5722 cum
1168 5669 1551 5734 soﬁsiunquam
1573 5673 1647 5720 est
1671 5669 1908 5734 locutus,
1937 5674 2037 5734 nisi

335 5737 670 5786 secretorum
699 5733 909 5798 aliquid
925 5733 1230 5794 interesset;
1252 5732 1458 5796 adjecta
1479 5732 1580 5783 hac
1603 5732 1821 5782 notula:
1849 5732 2030 5783 Codex

2196 483 2287 532 tes.
2325 477 2605 532 Ambrosii
2638 477 2696 529 in
2737 475 3339 544 extremisprzcwrum
3379 475 3601 530 dictum.
3643 477 3841 531 Altera

2201 568 2440 636 episcOpi
2469 566 2632 619 morti
2654 566 3093 634 praepinquantis
3117 566 3319 618 eximia
3346 568 3613 620 sententia
3641 570 3836 620 contra

2200 657 2326 710 vita:
2355 655 2440 709 hic
2462 655 2789 724 prolixioris
2819 653 3195 722 cupiditatem.

2201 799 2266 855 In
2305 796 2717 852 visitationibus
2757 811 2888 850 vero
2920 795 3154 850 modum
3200 795 3430 850 tenebat
3459 796 3530 850 ab
3575 796 3838 866 apostolo

2133 887 2456 955 definitum,
2505 892 2572 941 ut
2616 885 2846 941 nonnisi
2875 884 3126 956 pupillos
3171 889 3227 938 et
3263 884 3461 939 viduas
3502 885 3564 939 in
3592 884 3841 939 tribula-

2131 977 2380 1032 tionibus
2428 975 2764 1030 constitutas
2795 973 2812 1007 ί
2872 974 3126 1028 visitaret
3171 974 3380 1044 (Jacobi
3432 991 3470 1039 ι,
3525 974 3631 1039 ‘27).
3686 974 3748 1028 Et
3789 973 3839 1026 si

2132 1067 2278 1120 forte
2317 1067 2388 1120 ab
2436 1063 2849 1136 aegrotantibus
2898 1063 2970 1116 ob
3021 1064 3132 1118 hoc
3159 1067 3473 1134 peteretur,
3509 1067 3573 1116 ut
3599 1079 3704 1132 pro
3756 1062 3841 1116 eis

2133 1156 2193 1209 in
2225 1153 2494 1224 praesenti
2535 1151 2841 1207 Dominum
2883 1156 3125 1221 rogaret,
3169 1150 3364 1222 eisque
3407 1167 3613 1204 manus
3641 1150 3844 1221 impo-

2134 1247 2322 1309 neret;
2355 1242 2478 1296 sine
2525 1257 2687 1295 mora
2715 1241 2989 1311 pergebat
3016 1243 3064 1294 ³.
3103 1237 3470 1294 Feminarum
3498 1243 3687 1293 autem
3718 1255 3843 1326 ipo-

2134 1331 2383 1387 nasteria
2423 1329 2652 1384 nonnisi
2699 1327 3036 1401 urgentibus
3082 1327 3508 1382 necessitatibus
3548 1327 3838 1382 visitabat.

2205 1419 2559 1476 Servandum
2609 1434 2840 1490 quoque
2902 1417 2963 1471 in
3011 1415 3127 1470 vita
3173 1421 3231 1470 et
3284 1416 3540 1471 moribus
3592 1415 3845 1470 hominis

2139 1508 2238 1564 Dei
2279 1508 2582 1569 referebat,
2641 1507 2794 1578 quod
2845 1506 2907 1560 in
2949 1505 3214 1560 instituto
3258 1509 3278 1540 ³
3307 1510 3515 1559 sanctas
3546 1504 3842 1560 memoria:

2134 1597 2420 1654 Ambrosii
2465 1600 2843 1668 compererat.
2875 1600 2939 1650 ut
2964 1611 3202 1650 uxorem
3232 1595 3501 1668 cuiquam
3539 1610 3842 1666 nunquam

2136 1690 2416 1757 posceret,
2450 1702 2635 1757 neque
2677 1685 2920 1739 militare
2959 1685 3243 1738 volentem
3289 1684 3362 1737 ad
3407 1683 3511 1737 hoc
3547 1699 3838 1737 commen-

2138 1776 2315 1839 daret,
2348 1791 2535 1847 neque
2569 1775 2630 1828 in
2670 1791 2772 1828 sua
2796 1773 2979 1844 patria
3008 1773 3219 1843 petitus
3248 1773 3355 1827 iret
3392 1773 3461 1828 ad
3491 1773 3843 1828 convivium.

2141 1863 2220 1918 De
2247 1862 2488 1934 singulis
2525 1863 2698 1918 rebus
2717 1861 2960 1916 reddens
2978 1877 3194 1928 causas,
3238 1861 3453 1916 scilicet
3473 1877 3544 1916 ne
3583 1861 3723 1915 dum
3750 1861 3843 1915 in-

2139 1953 2228 2003 ter
2255 1966 2312 2003 se
2347 1949 2638 2020 conjugati
2685 1965 2818 2004 casu
2851 1950 3174 2021 jurgarent,
3207 1948 3261 2004 ei
3303 1947 3710 2004 maledicerent
3736 1963 3844 2018 per

2142 2053 2316 2108 quem
2361 2036 2652 2108 conjuncti
2702 2041 2891 2092 essent
2935 2053 2949 2092 :
2991 2037 3089 2092 sed
3134 2038 3303 2108 plane
3344 2038 3414 2092 ad
3454 2037 3561 2092 hoc
3589 2035 3695 2090 sibi
3716 2036 3845 2108 jam

2142 2126 2256 2181 illis
2283 2125 2768 2181 consentientibus
2813 2125 3057 2197 petitum
3103 2125 3377 2180 interesse
3407 2125 3615 2181 debere
3651 2141 3841 2180 sacer-

2144 2217 2356 2283 dotem,
2381 2220 2442 2270 ut
2460 2217 2547 2270 vel
2570 2232 2768 2271 eorum
2783 2216 2903 2288 jam
2921 2221 3089 2286 pacta
3107 2221 3164 2270 et
3178 2214 3386 2287 placita
3407 2215 3776 2270 ﬁrmarentur
3799 2213 3847 2284 ',

2143 2305 2232 2359 vel
2269 2303 2772 2361 benedicerentur.
2822 2305 2888 2359 Et
2935 2320 3008 2358 ne
3038 2303 3258 2358 militias
3303 2303 3736 2359 commendatus
3781 2319 3847 2356 ac

2147 2393 2293 2447 male
2329 2409 2525 2464 agens,
2557 2393 2680 2464 ejus
2710 2393 2877 2464 culpa
2919 2393 3282 2463 suffragatori
3317 2393 3664 2447 tribueretur
3691 2390 3740 2446 ⁵.
3781 2393 3847 2446 Et

2145 2499 2217 2536 ne
2263 2498 2364 2553 per
2417 2482 2801 2553 frequentiam
2851 2481 2914 2536 in
2964 2481 3166 2552 patrias
3210 2481 3482 2536 conviviis
3510 2482 3849 2536 constitutus

2143 2570 2541 2641 temperantiae
2573 2571 2931 2626 amitteretur
2961 2570 3191 2627 modus.

2218 2659 2568 2714 lndicaverat
2605 2675 2833 2731 quoque
2885 2660 3048 2714 nobis
3077 2676 3138 2715 se
3187 2659 3445 2730 praedicti
3491 2659 3673 2714 beata:
3719 2674 3843 2714 me-

2145 2743 2342 2804 morias
2371 2748 2477 2802 viri
2505 2749 2571 2815 in
2601 2748 2806 2802 ultimo
2854 2748 2986 2802 vitas
3033 2748 3326 2802 constituti
3355 2747 3581 2804 audisse
3620 2747 3847 2819 sapien-

2147 2837 2429 2892 tissimum
2461 2842 2518 2891 et
2559 2837 2882 2908 piissimum
2908 2852 3268 2908 responsum,
3289 2841 3346 2890 et
3374 2838 3621 2891 multum
3646 2837 3848 2892 lauda-

2144 2926 2242 2980 bat
2269 2943 2333 2980 ac
2362 2925 2724 2997 praedicabat.
2771 2927 2912 2980 Nam
2953 2943 3084 2980 cum
3129 2925 3225 2980 ille
3265 2926 3602 2981 venerabilis
3643 2926 3849 2982 ultima

2140 3015 2356 3086 jaceret
2385 3015 2746 3085 segritudine,
2781 3021 2835 3068 et
2864 3033 2896 3069 a
2933 3014 3200 3070 fidelibus
3228 3015 3522 3070 honoratis
3548 3016 3694 3071 lecto
3726 3015 3852 3087 ejus

2146 3104 2485 3173 astantibus,
2531 3108 2590 3157 et
2635 3103 2954 3158 videntibus
3002 3120 3136 3159 eum
3178 3105 3248 3159 de
3300 3105 3509 3160 saeculo
3555 3105 3625 3160 ad
3670 3107 3850 3161 Deum

2147 3191 2551 3264 migraturum.
2574 3197 2632 3247 et
2674 3193 2747 3248 ob
2777 3192 2883 3247 hoc
2911 3195 3282 3249 maerentibus
3310 3195 3455 3250 tanti
3484 3211 3550 3251 ac
3585 3195 3716 3250 talis
3743 3212 3848 3251 an-

2145 3281 2338 3336 tistitis
2384 3281 2688 3336 Ecclesiam
2750 3297 2912 3353 posse
2957 3282 3170 3352 privari
3215 3283 3373 3338 verbi
3410 3288 3467 3338 et
3507 3285 3850 3340 sacramenti

2147 3371 2251 3426 Dei
2281 3370 2728 3442 dispensatione,
2767 3376 3066 3442 rogaretur
3094 3387 3226 3426 cum
3260 3373 3545 3444 lacrymis,
3576 3379 3644 3428 ut
3680 3373 3789 3429 sibi
3816 3389 3854 3428 a

2149 3458 2390 3514 Domino
2419 3458 2550 3514 vitas
2571 3465 2830 3530 posceret
2857 3464 3261 3528 commeatum,
3290 3477 3423 3516 eum
3452 3461 3565 3516 illis
3592 3461 3798 3518 dixisse
3834 3481 3849 3518 :

2147 3551 2266 3605 Non
2293 3551 2371 3603 sic
2405 3550 2546 3615 vixi,
2595 3553 2657 3603 ut
2701 3564 2782 3603 me
2813 3549 3021 3619 pudeat
3068 3551 3209 3605 inter
3237 3565 3330 3606 vos
3370 3553 3576 3616 vivere;
3637 3551 3732 3606 sed
3758 3567 3852 3606 nec

2146 3641 2285 3694 mori
2323 3640 2500 3705 timeo,
2545 3640 2679 3708 quia
2716 3639 2910 3694 bonum
2941 3641 3225 3695 Dominum
3275 3640 3529 3695 habemus
3564 3640 3659 3710 (a).
3697 3641 3763 3695 Et
3789 3640 3852 3694 in

2147 3726 2236 3782 his
2275 3731 2470 3782 noster
2493 3726 2848 3798 Augustinus
2875 3743 3048 3783 senex
3076 3728 3307 3783 climata
3345 3745 3408 3783 ac
3439 3729 3643 3784 librata
3672 3727 3857 3784 admi-

2147 3814 2383 3869 rabatur
2425 3819 2482 3869 et
2504 3815 2775 3870 laudabat
2797 3816 2990 3871 verba.
3023 3816 3152 3872 Ideo
3177 3817 3332 3872 enim
3361 3833 3495 3872 eum
3525 3817 3730 3873 dixisse
3760 3818 3853 3872 in-

2146 3902 2522 3974 telligendum
2552 3919 2695 3971 esse,
2741 3905 2844 3960 Nec
2890 3907 3030 3959 mori
3075 3907 3252 3973 timeo,
3293 3908 3425 3975 quia
3455 3907 3648 3962 bonum
3680 3909 3857 3961 Domi-

2146 4007 2276 4046 num
2321 3991 2612 4056 habemus;
2647 4007 2717 4046 ne
2766 3991 3095 4047 crederetur
3133 3993 3438 4064 praeﬁdens
3465 3994 3536 4049 de
3566 3995 3682 4050 suis
3709 4011 3850 4066 pur-

2149 4078 2458 4152 gatissimis
2512 4079 2774 4135 moribus
2801 4083 3239 4152 praesumpsisse
3271 4083 3314 4149 δ,
3353 4085 3474 4139 Νοη
3508 4085 3587 4138 sic
3615 4085 3756 4150 vixi,
3787 4089 3853 4138 ut

2147 4183 2228 4223 me
2251 4167 2458 4238 pudeat
2486 4169 2630 4223 inter
2654 4184 2745 4224 vos
2776 4172 2977 4225 vivere.
3020 4172 3134 4226 Hoc
3163 4172 3318 4226 enim
3358 4172 3581 4227 dixerat
3607 4173 3678 4226 ad
3707 4171 3852 4228 illud

2149 4257 2303 4327 quod
2332 4257 2594 4312 homines
2623 4258 2694 4312 de
2725 4258 2956 4313 homine
2987 4275 3153 4314 nosse
3178 4266 3457 4331 poterant.
3495 4263 3636 4317 Nam
3668 4261 3856 4316 sciens

2139 4351 2388 4403 'examen
2419 4345 2440 4381 ⁷
2470 4347 2753 4419 aequitatis
2782 4348 3009 4417 divinas,
3047 4349 3118 4406 de
3155 4351 3308 4406 bono
3338 4368 3398 4406 se
3424 4351 3565 4406 dixit
3604 4351 3852 4407 Domino

2148 4437 2334 4508 magis
2362 4435 2386 4470 ⁸
2408 4437 2693 4492 confidere
2727 4454 2740 4493 :
2785 4437 2876 4492 cui
2923 4439 3099 4495 etiam
3135 4441 3195 4495 in
3232 4441 3487 4495 oratione
3513 4440 3852 4513 quotidiana

2148 4526 2436 4582 dominica
2477 4526 2719 4593 dicebat,
2757 4529 2979 4583 Dimitte
3002 4530 3155 4585 nobis
3184 4529 3368 4584 debita
3403 4535 3592 4586 nostra
3621 4530 3852 4601 (Matth.

2146 4632 2221 4680 vi,
2257 4616 2367 4686 12).

2220 4703 2530 4776 Cujusdam
2582 4719 2812 4777 quoque
2865 4706 3184 4779 coepiscopi
3220 4748 3235 4777 ,
3301 4711 3358 4762 et
3411 4707 3852 4764 familiarissimi

2148 4867 2274 4928 Reg.
2305 4865 2392 4913 541
2419 4882 2432 4912 z
2463 4863 2578 4912 Nisi
2623 4867 2954 4918 secretorum
2989 4868 3192 4932 aliquid
3241 4866 3512 4930 interfuit.
3545 4867 3638 4918 Cd.
3669 4867 3847 4919 Vatic.

2149 4929 2268 4994 1190
2298 4925 2464 4994 εμζνίεί
2481 4929 2799 4994 secretorum
2821 4929 3033 4994 aliquid
3043 4931 3353 4988 interesset;
3378 4931 3526 4994 prius
3554 4934 3731 4980 tamen
3755 4930 3851 4980 ha-

2148 4991 2241 5040 bet
2275 4991 2430 5054 {Nec
2462 4988 2506 5036 si
2531 4993 2800 5054 secretum
2826 4988 3033 5054 alibuid
3065 4994 3357 5048 interesset.
3379 4988 3396 4994 ’
3425 4993 3493 5042 Μ.

2212 5055 2229 5088 ¹
2260 5052 2471 5104 Ulimm.
2501 5054 2554 5099 et
2587 5053 2730 5112 Mss.,
2757 5052 3080 5103 (mutilatos.

2208 5115 2474 5188 fgalinas,
2515 5127 2582 5188 ex
2612 5115 2704 5188 Cd.
2731 5115 2857 5188 lteg.
2890 5117 2987 5188 541
3011 5116 3195 5188 :"Sine
3234 5128 3395 5167 mora
3423 5115 3738 5188 peragebat.
3776 5117 3849 5188 Μ.

2208 5182 2230 5214 ³
2258 5177 2414 5237 Editi,
2445 5176 2502 5230 in
2548 5176 2838 5230 institutis.
2867 5202 2927 5213 -
2957 5176 3180 5236 Salinas.
3216 5191 3284 5228 ex
3323 5176 3441 5228 uno'
3466 5176 3666 5239 codice,
3701 5179 3852 5242 quod

2146 5243 2418 5292 instituto.
2478 5243 2547 5292 Μ.

2209 5306 2228 5376 ξ
2259 5304 2474 5376 year“
2497 5302 2590 5376 βά·
2609 5303 2784 5376 ἐλαίη
2810 5301 3194 5376 Ιρσιεριαείια
3219 5299 3580 5376 Ιὶνπιᾳνεηιιιν.

2208 5366 2343 5430 {Sic
2365 5367 2585 5416 omnino
2609 5367 2766 5430 Mss.;
2795 5364 2849 5414 at
2870 5364 2999 5416 editi
3029 5378 3041 5414 :
3071 5364 3235 5418 Suam
3261 5365 3478 5430 cuipam
3509 5366 3654 5416 male
3683 5377 3863 5426 agens

2145 5429 2509 5492 suifragatori
2539 5429 2827 5492 tribueret.

2251 5491 2375 5540 Tres
2404 5493 2546 5544 Mss..
2566 5491 2910 5554 przmisisse.

2209 5556 2228 5589 7
2259 5553 2637 5618 AliquotMss.,
2668 5566 2791 5602 nam
2819 5553 2892 5604 ad
2915 5564 3160 5618 eatamen.

2209 5618 2230 5651 ⁸
2253 5617 2348 5667 Hic
2357 5613 2483 5667 editi
2503 5615 2730 5666 addunt:
2751 5619 2926 5674 Quam
2941 5615 3006 5666 de
3023 5613 3235 5666 meritis
3248 5617 3362 5666 suis
3376 5628 3394 5675 ,'
3410 5615 3501 5666 sed
3522 5613 3669 5665 abest
3681 5629 3711 5664 a
3723 5615 3836 5664 Mss
3847 5652 3861 5664 .

2209 5733 2280 5796 (α)
2309 5732 2454 5784 Idem
2472 5733 2530 5782 in
2563 5731 2824 5783 Ambrosii
2853 5732 2973 5782 Vita
3005 5733 3185 5782 narrat
3213 5730 3468 5782 Paulinus
3487 5730 3785 5795 presbyter.
