4048 6194
195 271 259 321 37
1608 259 1939 317 AUCTORE
1989 258 2321 316 POSSIDIO.
3652 266 3717 317 58

188 386 277 441 sui
311 385 505 449 amici,
538 385 600 440 in
628 381 900 439 extremis
931 382 1059 437 vitae
1087 382 1157 437 de
1186 380 1398 437 talibus
1447 381 1906 454 frequentissime

188 476 475 530 referebat
497 474 710 529 dictum
739 490 754 527 ;
777 472 853 526 ad
875 487 1047 544 quem
1067 487 1198 526 cum
1221 470 1569 526 visitandum
1586 471 1707 542 jam
1734 470 1907 525 morti

188 564 679 635 prepinquanlem
710 562 1069 627 ventitasset,
1102 565 1157 615 et
1185 560 1281 615 ille
1312 576 1518 614 manus
1553 565 1719 631 gestu
1748 576 1807 613 se
1838 559 1906 614 de

189 654 398 709 seculo
431 653 723 707 exiturum
753 650 1126 721 signiﬁcaret,
1160 654 1331 721 atque
1369 665 1402 702 a
1440 665 1498 702 se
1529 649 1613 702 illi
1644 654 1791 703 esset
1819 664 1908 702 re-

190 758 495 814 sponsum,
556 740 742 795 adhuc
798 756 930 793 eum
990 737 1245 793 Ecclesia:
1299 727 1683 793 necessarium
1722 738 1909 791 vivere

191 847 393 904 posse;
415 831 608 889 illum.
631 846 703 884 ne
722 832 1024 899 putaretur
1042 827 1213 897 hujus
1230 828 1359 881 vita:
1372 827 1556 881 teneri
1574 826 1909 898 cupiditate,

193 921 244 975 ei
272 919 646 991 respondisse
675 933 688 972 :
714 919 776 975 Si
803 932 1102 987 nunquam,
1137 916 1291 982 bene;
1324 918 1375 971 si
1402 916 1721 985 aliquando.
1744 931 1912 985 quare

194 1026 301 1065 non
326 1009 492 1063 modo
514 1008 541 1064 ?
576 1009 639 1062 Et
668 1008 841 1061 talem
861 1005 1203 1060 sententiam
1228 1005 1544 1059 mirabatur
1565 1010 1621 1059 et
1646 1006 1914 1059 laudabat

196 1098 504 1154 hominem
534 1095 863 1168 protulisse,
892 1096 1069 1149 Deum
1090 1093 1325 1165 quidem
1348 1093 1669 1159 timentem,
1692 1110 1914 1147 verum-

196 1194 394 1244 tamen
430 1188 493 1241 in
521 1186 657 1241 villa
685 1190 886 1239 natum
917 1188 973 1239 et
1002 1183 1307 1249 nutritum,
1341 1184 1437 1238 sed
1470 1199 1586 1237 non
1619 1183 1803 1238 multa
1833 1184 1912 1237 le-

196 1275 403 1331 ctionis
460 1274 753 1329 eruditum
785 1272 1019 1327 scientia
1052 1289 1064 1327 :
1098 1278 1300 1326 contra
1350 1272 1512 1327 illum
1546 1272 1762 1326 scilicet
1791 1288 1915 1325 sen-

198 1382 325 1419 sum
358 1363 697 1435 aegrotantis
735 1361 1013 1434 episcopi,
1046 1361 1115 1416 de
1145 1378 1259 1433 quo
1311 1366 1539 1415 sanctus
1588 1360 1649 1415 in
1677 1360 1917 1433 epistola

195 1472 295 1509 sua
317 1470 505 1525 quam
534 1454 604 1508 de
625 1453 962 1508 Mortalitate
983 1450 1210 1522 scripsit
1236 1457 1453 1522 martyr
1479 1451 1817 1523 Cyprianus,
1839 1451 1917 1504 ita

195 1544 394 1599 retulit
426 1543 625 1598 dicens
658 1559 670 1597 :
704 1544 836 1599 Cum
865 1541 1090 1611 quidam
1120 1541 1186 1595 de
1223 1541 1437 1607 collegis
1480 1546 1531 1594 et
1567 1541 1915 1595 consacerdo-

196 1636 343 1687 tibus
372 1634 583 1687 nostris
612 1633 929 1701 inﬁrmitate
956 1630 1221 1697 defessus,
1254 1634 1303 1683 et
1334 1630 1399 1683 de
1430 1632 1917 1699 appropinquante

198 1726 369 1775 morte
396 1719 691 1785 sollicitus,
724 1723 1073 1773 commeatum
1102 1718 1213 1771 sibi
1240 1721 1576 1786 precaretur,
1608 1720 1789 1771 astitit
1819 1718 1918 1771 de-

195 1810 463 1879 precanti
476 1812 526 1861 et
541 1808 663 1876 jam
680 1822 814 1876 pene
834 1808 1088 1859 morienti
1102 1806 1322 1873 juvenis
1349 1806 1545 1859 honore
1568 1810 1619 1859 et
1636 1806 1919 1874 majestate

200 1896 561 1962 venerabilis,
588 1900 804 1949 statura
834 1896 1023 1957 celsus,
1046 1900 1097 1948 et
1120 1896 1299 1948 clarus
1318 1899 1562 1963 aspectu,
1592 1899 1641 1949 et
1662 1910 1817 1963 quem
1836 1910 1920 1947 as-

205 1991 414 2040 tantem
433 1986 546 2040 sibi
553 1987 652 2039 via:
668 1989 848 2055 posset
870 1984 1137 2038 humanus
1158 1988 1405 2052 aspectus
1421 1984 1588 2037 oculis
1609 1983 1919 2037 carnalibus

209 2077 435 2134 intueri.
470 2076 580 2129 nisi
607 2072 753 2144 quod
778 2074 939 2127 talem
966 2072 1150 2126 videre
1166 2072 1288 2140 jam
1303 2075 1518 2140 poterat
1538 2070 1604 2124 de
1625 2071 1814 2125 saeculo
1841 2085 1922 2123 re-

210 2179 467 2219 cessurus
499 2180 512 2217 :
545 2167 709 2232 atque
736 2164 829 2217 ille
856 2178 961 2216 non
988 2164 1103 2216 sine
1131 2160 1370 2229 quadam
1401 2161 1576 2214 animi
1600 2164 1651 2214 et
1675 2161 1819 2213 vocis
1842 2160 1923 2211 in-

210 2254 533 2321 dignatione
554 2254 859 2319 infremuit,
875 2256 924 2305 et
950 2250 1117 2319 dixit,
1138 2250 1265 2303 Pati
1282 2250 1503 2315 timetis,
1518 2251 1669 2302 exire
1686 2262 1792 2302 non
1810 2248 1925 2301 vul-

212 2344 281 2397 tis
308 2360 323 2407 ;
368 2342 505 2412 quid
530 2344 737 2409 faciam
762 2340 913 2395 vobis
942 2342 969 2393 Σ)

212 2468 442 2522 CAPUT
472 2466 701 2520 XXVIII.
736 2494 799 2505 —
835 2465 960 2530 Qua:
982 2465 1236 2533 proxime
1273 2466 1395 2517 ante
1438 2466 1659 2517 mortem
1692 2461 1760 2515 ab
1801 2461 1925 2515 Au—

280 2558 501 2625 gustino
529 2556 697 2609 edita.
730 2555 1195 2609 Retractationum
1216 2552 1370 2608 libri.
1392 2551 1759 2606 Barbarorum
1780 2552 1922 2604 irru-

281 2649 419 2715 ptio.
459 2646 721 2714 ltipponis
750 2642 978 2698 obsidio.

284 2758 436 2807 Ante
490 2750 820 2822 proximum
876 2766 1008 2804 vero
1064 2748 1219 2803 diem
1276 2748 1464 2803 obitus
1517 2746 1605 2801 sui
1661 2763 1694 2801 a
1746 2764 1804 2801 se
1845 2745 1925 2800 di-

217 2847 401 2895 ctatos
442 2844 499 2894 et
540 2838 718 2894 editos
763 2838 1048 2893 recensuit
1080 2838 1274 2905 libros,
1334 2838 1450 2892 sive
1489 2852 1583 2891 eos
1623 2852 1767 2907 quos
1812 2834 1927 2906 pri-

214 2946 315 2983 mo
367 2933 628 2999 tempore
697 2927 1081 2982 conversionis
1140 2943 1259 2982 sua:
1323 2926 1507 2981 adhuc
1557 2924 1755 2993 laicus,
1813 2924 1926 2977 sive

223 3035 375 3090 quos
419 3018 738 3089 presbyter,
794 3016 910 3070 sive
956 3032 1101 3089 quos
1147 3014 1448 3086 episcopus
1485 3013 1837 3069 dictaverat:
1872 3016 1929 3066 et

218 3122 604 3181 quaecumque
636 3105 697 3160 in
735 3105 828 3160 his
855 3104 1182 3176 recognovit
1210 3104 1378 3158 aliter
1406 3119 1581 3175 quam
1610 3118 1730 3156 sese
1761 3100 1930 3155 habet

218 3195 603 3252 ecclesiastica
632 3195 834 3265 regula
859 3210 892 3247 a
921 3210 979 3248 se
1009 3193 1183 3248 fuisse
1214 3193 1424 3248 dictata
1453 3197 1509 3246 et
1537 3190 1765 3261 scripta,
1798 3205 1928 3242 cum

221 3288 411 3343 adhuc
430 3284 875 3340 ecclesiasticum
902 3300 1067 3339 usum
1089 3282 1280 3338 minus
1298 3282 1485 3347 sciret,
1511 3280 1817 3352 minusque
1847 3296 1929 3332 sa-

213 3376 443 3450 puisset
469 3376 511 3445 ¹,
541 3390 573 3427 a
602 3373 909 3444 semetipso
939 3378 995 3428 et
1025 3373 1373 3445 reprehensa
1403 3377 1458 3425 et
1496 3375 1747 3425 correcta
1776 3373 1927 3423 sunt.

215 3464 387 3522 Unde
416 3464 591 3517 etiam
624 3464 737 3517 duo
768 3461 1104 3533 conscripsit
1153 3461 1463 3528 volumina,
1497 3474 1746 3532 quorum
1776 3465 1831 3512 et
1860 3456 1929 3511 ti-

208 3554 398 3619 tulus,
437 3556 506 3607 De
530 3553 831 3607 recensione
860 3553 1123 3607 librorum
1153 3551 1248 3621 (a).
1286 3552 1607 3620 Prmreptos
1631 3547 1804 3603 etiam
1823 3544 1933 3600 sibi

210 3642 504 3717 quosdam
544 3641 719 3695 libros
749 3640 818 3711 (b)
852 3646 983 3695 ante
1012 3640 1439 3711 diligentiorem
1472 3636 1934 3693 emendationem

208 3752 248 3789 a
281 3730 584 3786 nonnullis
632 3729 902 3784 fratribus
951 3730 1426 3801 conquerebatur,
1462 3729 1593 3783 licet
1638 3743 1736 3782 eos
1780 3728 1932 3797 post-

210 3821 463 3877 modum
494 3819 873 3873 emendasset.
916 3818 1251 3891 Imperfecta
1282 3817 1455 3872 etiam
1485 3815 1749 3889 quaedam
1809 3830 1935 3867 suo-

212 3922 353 3961 rum
408 3905 692 3959 librorum
750 3908 1081 3975 prieventus
1121 3907 1304 3957 morte
1345 3900 1667 3973 dereliquit.
1709 3898 1934 3971 Quique

211 3995 498 4067 prodesse
528 3992 795 4048 omnibus
818 3994 1031 4056 volens,
1065 3997 1123 4047 et
1153 3990 1473 4046 valentibus
1497 3990 1521 4023 ’³
1550 3990 1731 4044 multa
1760 3988 1936 4044 libro-

214 4100 353 4139 rum
388 4084 603 4153 legere,
636 4088 692 4136 et
720 4098 837 4136 non
866 4081 1211 4149 valentibus,
1242 4096 1307 4135 ex
1339 4086 1582 4151 utroque
1613 4078 1805 4133 divino
1834 4079 1937 4133 Te-

218 4177 533 4235 stamento,
567 4171 765 4225 Vetere
797 4174 853 4225 et
882 4171 1054 4233 Novo,
1092 4169 1388 4242 praemissa
1421 4168 1756 4241 praefatione
1787 4184 1939 4239 prae-

220 4268 386 4334 cepta
412 4260 612 4315 divina
658 4276 757 4313 seu
789 4258 963 4313 vetita
1009 4259 1080 4314 ad
1124 4259 1255 4313 vita:
1285 4260 1541 4330 regulam
1590 4256 1937 4329 pertinentia

218 4348 525 4421 excerpsit,
558 4354 733 4421 atque
784 4365 849 4404 ex
882 4349 968 4403 his
999 4364 1180 4403 unum
1210 4348 1466 4401 codicem
1523 4347 1682 4411 fecit;
1718 4351 1783 4399 ut
1838 4345 1940 4416 qui

218 4442 396 4496 vellet
427 4444 668 4513 legeret,
700 4443 871 4510 atque
902 4438 963 4492 in
992 4454 1058 4492 eo
1089 4438 1173 4492 vel
1206 4452 1382 4508 quam
1408 4434 1680 4489 obediens
1714 4436 1825 4488 Deo
1858 4434 1942 4486 in-

221 4530 575 4586 obediensve
604 4533 771 4595 esset,
803 4532 1141 4599 agnosceret
1173 4543 1185 4581 :
1220 4531 1275 4582 et
1302 4527 1410 4581 hoc
1439 4540 1583 4595 opus
1601 4522 1779 4577 voluit
1805 4523 1943 4593 Spe-

218 4622 422 4675 culum
452 4618 758 4691 appellari.

290 4710 511 4763 Verum
549 4707 708 4761 brevi
763 4706 1143 4779 consequenti
1192 4709 1455 4776 tempore
1503 4702 1699 4759 divina
1745 4702 1944 4757 volun-

225 4803 342 4853 tate
373 4802 432 4852 et
481 4800 767 4866 potestate
793 4796 1081 4867 provenit,
1131 4798 1194 4848 ut
1222 4810 1425 4848 manus
1474 4792 1677 4863 ingens
1707 4789 1945 4847 diversis

225 4887 354 4942 telis
385 4889 611 4941 armata
639 4889 697 4939 et
726 4884 890 4939 bellis
930 4884 1257 4951 exercitata,
1298 4882 1639 4938 immanium
1680 4880 1939 4935 hostium

230 4976 623 5031 Vandalorum
655 4977 713 5027 et
759 4974 1072 5027 Alanorum
1104 4971 1472 5026 commixtam
1503 4985 1697 5025 secum
1733 4969 1946 5023 habens

230 5066 555 5122 Gothorum
591 5068 845 5135 gentem,
881 5063 1240 5133 aliarumque
1272 5061 1620 5115 diversarum
1648 5075 1945 5131 personas,

232 5171 296 5209 ex
331 5152 624 5225 Hispania:
662 5152 924 5224 partibus
980 5150 1401 5216 transmarinis,
1448 5149 1690 5204 navibus
1739 5148 1944 5203 Africae

233 5242 559 5299 influxisset
596 5244 654 5296 et
691 5240 957 5295 irruisset
986 5258 999 5295 :
1035 5240 1413 5311 universaque
1457 5253 1561 5309 per
1589 5238 1711 5291 loca
1742 5236 1945 5291 Mauri-

298 5372 314 5403 ¹
348 5368 435 5419 Sic
456 5367 581 5417 Mss.
608 5382 621 5425 ;
650 5370 705 5417 at
732 5366 886 5421 Edd.,
908 5365 1245 5427 intelligeret.
1270 5390 1328 5427 e-
1347 5362 1583 5427 _Salinas,
1602 5361 1725 5410 item
1748 5373 1813 5408 ex
1840 5373 1947 5427 uno

230 5431 308 5481 Cd
318 5468 331 5480 .
347 5469 361 5491 ,
375 5432 660 5494 minusque
672 5428 1013 5491 intelligeret;
1028 5425 1097 5477 ex
1110 5428 1276 5477 altero
1290 5425 1379 5475 Cd.
1392 5461 1405 5484 ,
1418 5426 1699 5494 minusque
1709 5426 1944 5486 saperet.

299 5558 323 5592 ²
358 5555 515 5613 Editi,
538 5558 588 5604 et
614 5553 920 5607 volentibus
937 5571 955 5612 ;
973 5556 1158 5603 contra
1178 5553 1321 5611 1513s.,
1348 5551 1400 5601 et
1432 5486 1758 5600 υαιεηίἱὲξλε..

303 5656 375 5715 (a)
404 5654 864 5704 Retraetatiouum
898 5652 1041 5702 libri.

306 5718 370 5781 (b)
406 5718 480 5768 De
508 5718 782 5767 Trinitate.

2016 382 2304 438 taniarum
2333 380 2505 437 etiam
2534 382 2607 437 ad
2643 382 2783 437 alias
2811 386 3030 437 nostras
3072 382 3357 439 transiens
3388 382 3716 455 provincias

2016 477 2072 528 et
2101 471 2384 543 regiones,
2418 470 2577 526 omni
2623 469 2858 526 saeviens
2906 471 3241 526 crudelitate
3292 477 3348 527 et
3394 472 3712 537 atrocitate,

2018 568 2221 617 cuncta
2240 577 2369 632 quae
2394 561 2597 633 potuit,
2626 561 3055 631 exspoliatione.
3077 562 3348 627 caedibus,
3370 562 3721 634 diversisque

2020 651 2342 717 tormentis,
2374 650 2668 716 incendiis,
2701 650 2941 721 aliisque
2988 649 3508 705 innumerabilibus
3546 656 3602 703 et
3631 650 3719 703 in-

2020 739 2205 796 fandis
2236 739 2399 793 malis
2422 740 2769 809 depopulata
2790 744 2901 806 est;
2928 740 3070 793 nulli
3093 739 3271 803 sexui,
3306 740 3449 793 nulli
3483 753 3722 810 parcens

2022 827 2195 892 aetati,
2238 844 2341 881 nec
2392 826 2528 898 ipsis
2574 828 2669 882 Dei
2719 828 3102 883 sacerdotibus
3148 829 3236 883 vel
3294 828 3583 890 ministris,
3618 844 3721 881 nec

2022 915 2160 987 ipsis
2211 916 2575 972 ecclesiarum
2630 918 2980 971 ornamentis
3036 934 3137 972 seu
3184 918 3577 972 instrumentis
3631 919 3719 972 vel

2024 1006 2295 1060 aediﬁciis.
2334 1008 2396 1060 Et
2416 1007 2561 1061 hanc
2586 1006 2997 1061 ferocissimam
3025 1007 3275 1061 hostium
3305 1007 3717 1079 grassatiouem

2025 1100 2081 1149 et
2108 1095 2501 1160 vastationem,
2526 1095 2620 1150 ille
2651 1096 2747 1150 Dei
2772 1096 2967 1161 homo,
2990 1102 3045 1149 et
3060 1095 3269 1150 factam
3296 1095 3469 1150 fuisse
3496 1101 3553 1151 et
3569 1096 3716 1163 ﬁeri,

2026 1201 2140 1239 non
2170 1189 2227 1238 ut
2256 1184 2447 1239 caeteri
2489 1186 2789 1240 hominum
2820 1185 3102 1240 sentiebat
3148 1190 3204 1240 et
3255 1185 3541 1257 cogitabat
3572 1205 3584 1239 :
3620 1186 3719 1239 sed

2026 1274 2194 1328 altius
2234 1279 2289 1327 et
2317 1274 2657 1345 profundius
2686 1290 2753 1328 ea
2780 1274 3163 1342 considerans,
3203 1278 3259 1328 et
3288 1274 3347 1328 in
3378 1274 3466 1328 his
3496 1273 3720 1328 anima-

2025 1377 2155 1416 rum
2183 1362 2470 1433 praecipue
2500 1362 2586 1415 vel
2616 1361 2869 1431 pericula
2899 1361 2986 1415 vel
3016 1365 3225 1414 mortes
3256 1361 3593 1431 praevidens,
3624 1377 3717 1414 so-

2028 1450 2127 1505 lito
2166 1450 2414 1521 amplius
2459 1450 2772 1522 (quoniam,
2806 1454 2868 1503 ut
2914 1449 3188 1519 scriptum
3226 1454 3328 1516 est,
3362 1450 3465 1515 Qui
3492 1452 3718 1519 apponit

2026 1544 2327 1607 scientiam,
2375 1544 2604 1611 apponit
2643 1541 2877 1595 dolorem
2924 1540 3205 1610 (Eccle..i,
3258 1540 3376 1609 18);
3423 1545 3478 1592 et
3508 1540 3608 1595 Cor
3635 1540 3722 1593 in-

2029 1632 2290 1696 telligens,
2318 1632 2464 1684 tinea
2484 1631 2715 1698 ossibus)
2737 1630 2967 1683 fuerunt
2991 1628 3045 1681 ei
3066 1628 3331 1698 lacrymaa
3353 1642 3528 1697 panes
3554 1626 3643 1680 die
3662 1641 3724 1678 ac

2028 1723 2192 1773 nocte
2224 1718 2392 1790 (Psal.
2426 1734 2543 1784 xu,
2597 1718 2671 1790 4),
2724 1716 3256 1788 amarissimamque
3310 1720 3365 1770 et
3415 1716 3723 1785 lugubrem

2029 1824 2149 1879 prae
2178 1808 2398 1862 cazteris
2428 1825 2544 1862 suae
2583 1807 2889 1861 senectutis
2930 1806 3051 1876 jam
3096 1821 3242 1877 pene
3272 1809 3586 1859 extremam
3619 1804 3723 1857 du-

2030 1898 2193 1952 cebat
2219 1914 2283 1952 ac
2310 1898 2591 1952 tolerabat
2622 1897 2811 1951 vitam.
2847 1896 3084 1951 Videbat
3113 1895 3266 1949 enim
3296 1895 3392 1948 ille
3423 1895 3595 1948 homo
3630 1892 3729 1946 Dei

2031 1987 2283 2041 civitates
2329 1986 2546 2041 excidio
2594 1986 2865 2057 perditas,
2915 1984 3243 2057 pariterque
3287 1999 3417 2037 cum
3470 1981 3727 2037 aediﬁciis

2032 2074 2297 2129 villarum
2347 2074 2714 2144 habitatores,
2771 2074 2909 2129 alios
2960 2073 3151 2127 hostili
3207 2089 3343 2126 nece
3400 2072 3727 2138 exstinctos,

2034 2164 2172 2219 alios
2201 2163 2477 2234 eﬁ‘ugatos
2496 2168 2666 2234 atque
2688 2164 3008 2235 dispersos;
3044 2160 3313 2217 Ecclesias
3343 2159 3732 2215 sacerdotibus

2033 2270 2097 2308 ac
2126 2253 2402 2308 ministris
2427 2253 2746 2319 destitutas,
2780 2252 3140 2323 virginesque
3169 2267 3353 2305 sacras
3382 2255 3440 2305 et
3468 2263 3728 2321 quosque

2034 2343 2389 2398 continentes
2418 2343 2630 2414 ubique
2657 2343 2957 2413 dissipatos
2984 2359 2997 2409 ;
3032 2348 3087 2396 et
3114 2341 3173 2395 in
3205 2341 3292 2395 his
3318 2340 3460 2395 alios
3484 2344 3732 2393 tormen-

2034 2434 2107 2488 tis
2163 2432 2455 2502 defecisse,
2512 2432 2652 2487 alios
2705 2432 2895 2504 gladio
2947 2432 3325 2502 interemptos
3381 2445 3525 2493 esse,
3587 2427 3731 2482 alios

2034 2522 2096 2577 in
2124 2521 2468 2593 captivitate,
2524 2521 2745 2592 perdita
2798 2520 2977 2575 animi
3017 2524 3074 2575 et
3100 2517 3357 2590 corporis
3402 2516 3729 2588 integritate

2035 2628 2100 2666 ac
2126 2611 2281 2673 ﬁdei,
2314 2612 2465 2666 malo
2511 2627 2666 2666 more
2703 2627 2766 2664 ac
2814 2610 2958 2664 duro
2986 2608 3247 2663 hostibus
3273 2606 3597 2671 deservire;
3634 2606 3731 2674 11y-

2036 2718 2205 2756 mnos
2226 2701 2326 2755 Dei
2356 2706 2413 2754 et
2438 2700 2635 2755 laudes
2657 2700 2725 2755 de
2757 2698 3006 2753 ecclesiis
3036 2698 3348 2769 deperisse,
3380 2695 3620 2750 aediﬁcia
3649 2711 3735 2748 ec-

2036 2790 2338 2845 clesiarum
2382 2806 2557 2861 quam
2605 2788 2867 2861 plurimis
2917 2788 3056 2842 locis
3084 2786 3317 2859 ignibus
3345 2790 3728 2848 concremata,

2038 2880 2317 2934 solemnia
2344 2895 2472 2950 qua:
2505 2880 2618 2932 Deo
2647 2877 2930 2931 debentur
2958 2876 3027 2930 de
3057 2874 3303 2946 prOpriis
3333 2873 3467 2928 locis
3497 2872 3731 2927 desiisse

2038 2969 2336 3037 sacriﬁcia,
2384 2970 2737 3021 sacramenta
2774 2965 2967 3019 divina
3016 2965 3103 3017 vel
3152 2979 3266 3017 non
3313 2962 3493 3031 quaeri
3543 2964 3583 3027 ⁸,
3645 2960 3731 3014 vel

2040 3057 2323 3131 quaerenti
2352 3055 2450 3129 qui
2474 3054 2661 3110 tradat
2690 3070 2802 3109 non
2831 3053 2997 3108 facile
3021 3051 3287 3131 reperiri;
3313 3051 3371 3105 in
3405 3051 3552 3123 ipsas
3581 3065 3737 3104 mon-

2039 3148 2185 3203 tium
2216 3146 2381 3201 silvas
2409 3149 2466 3200 et
2494 3160 2762 3201 cavernas
2789 3125 3080 3215 petrarum
3111 3146 3169 3197 et
3206 3142 3504 3213 speluncas
3541 3138 3742 3193 confu-

2040 3237 2280 3307 gientes,
2329 3236 2417 3290 vel
2472 3234 2545 3290 ad
2592 3250 2845 3306 quasque
2878 3232 3242 3297 munitiones,
3274 3231 3417 3285 alios
3446 3230 3616 3285 fuisse
3647 3243 3739 3281 ex-

2040 3330 2324 3397 pugnatos
2354 3328 2406 3379 et
2437 3322 2762 3378 interfectos
2793 3321 2836 3388 ‘,
2869 3322 3011 3376 alios
3048 3321 3127 3376 ita
3161 3319 3492 3375 necessariis
3521 3321 3741 3373 susten-

2041 3415 2241 3469 taculis
2261 3415 2515 3468 evolutos
2541 3419 2712 3485 atque
2733 3412 3003 3485 privatos,
3021 3414 3086 3466 ut
3098 3411 3245 3464 fame
3263 3409 3739 3472 contabescerent;

2043 3503 2307 3575 ipsosque
2339 3502 2713 3557 Ecclesiarum
2739 3500 3079 3572 praepositos
3104 3504 3159 3553 et
3186 3498 3439 3564 clericos,
3470 3496 3571 3569 qui
3603 3496 3743 3549 forte

2046 3592 2146 3648 Dei
2172 3591 2451 3648 beneﬁcio
2482 3592 2567 3645 vel
2594 3607 2692 3646 eos
2722 3606 2839 3644 non
2876 3589 3256 3652 incurrerent,
3309 3587 3398 3639 vel
3446 3586 3742 3639 incurren-

2044 3686 2128 3735 tes
2158 3684 2472 3744 evaserant,
2500 3678 2669 3733 rebus
2698 3676 2962 3731 omnibns
2991 3674 3332 3745 exspoliatos
3362 3678 3534 3745 atque
3564 3668 3742 3725 nuda-

2047 3776 2132 3825 tos
2154 3768 2551 3841 egentissimos
2572 3766 2919 3834 mendicare,
2940 3780 3044 3819 nec
3062 3764 3142 3817 eis
3164 3763 3432 3818 omnibus
3455 3761 3523 3816 ad
3547 3760 3744 3816 omnia

2046 3858 2252 3931 quibus
2294 3856 2565 3913 fulciendi
2609 3861 2796 3910 essent
2824 3853 3115 3910 subveniri
3146 3869 3309 3925 posse
3342 3868 3355 3906 :
3386 3852 3477 3906 vix
3507 3856 3619 3905 tres
3650 3867 3742 3904 su-

2046 3948 2306 4021 perstites
2344 3964 2409 4002 ex
2450 3945 2967 4001 innumerabilibus
3006 3942 3298 4008 Ecclesias,
3329 3942 3438 3996 hoc
3475 3946 3578 4007 est,
3612 3942 3745 3995 Car-

2047 4040 2469 4111 thaginensem,
2513 4036 2958 4107 Hipponensem,
2999 4039 3057 4089 et
3095 4033 3435 4097 Cirtensem,
3478 4048 3607 4103 quae
3648 4029 3749 4085 Dei

2049 4129 2327 4185 beneﬁcio
2357 4127 2557 4183 excisa:
2591 4142 2708 4181 non
2738 4129 2890 4191 sunt,
2932 4130 2988 4177 et
3014 4138 3210 4177 earum
3244 4125 3585 4193 permanent
3612 4119 3746 4173 civi-

2050 4225 2215 4285 tates,
2249 4223 2306 4273 et
2334 4217 2527 4272 divino
2574 4221 2629 4270 et
2656 4216 2912 4270 humano
2942 4213 3101 4267 fulta:
3131 4210 3429 4282 praesidio;
3462 4209 3593 4262 licet
3621 4212 3751 4278 post

2051 4309 2174 4379 ejus
2204 4305 2423 4360 obitum
2453 4304 2587 4358 urbs
2618 4300 3000 4373 Hipponensis
3027 4298 3230 4353 incolis
3260 4296 3526 4352 destituta
3558 4294 3627 4349 ah
3653 4294 3748 4347 ho-

2052 4396 2230 4451 stibus
2258 4392 2432 4450 fuerit
2452 4396 2832 4447 concremata.
2868 4390 2932 4446 Et
2964 4405 3023 4442 se
3052 4387 3202 4441 inter
3230 4387 3352 4441 haec
3383 4385 3534 4439 mala
3561 4383 3751 4453 cujus-

2051 4486 2182 4541 dam
2213 4481 2483 4557 sapientis
2520 4479 2801 4535 sententia
2836 4476 3259 4541 consolabatur,
3292 4473 3537 4529 dicentis
3575 4489 3590 4528 :
3626 4473 3751 4528 Non

2053 4575 2415 4645 eritmagnus
2437 4586 2709 4643 magnum
2723 4574 2949 4641 putans,
2964 4565 3120 4639 quod
3132 4564 3509 4636 caduntligna
3526 4568 3583 4618 et
3607 4560 3752 4634 lapi-

2054 4666 2173 4729 des,
2204 4669 2261 4717 et
2284 4662 2607 4717 moriuntur
2636 4659 2905 4714 mortales
2924 4655 2967 4710 ³.

2128 4754 2256 4808 Hauc
2310 4766 2449 4821 ergo
2493 4748 2685 4804 omnia
2740 4747 2857 4811 ille,
2907 4748 2971 4799 ut
3020 4748 3141 4798 erat
3169 4744 3282 4799 alte
3314 4742 3561 4815 sapiens,
3615 4757 3756 4813 quo-

2054 4842 2190 4898 tidie
2242 4839 2490 4894 ubertim
2529 4836 2855 4909 plangebat.
2903 4832 3276 4906 Accrevitque
3327 4831 3669 4889 mceroribus
3700 4836 3754 4885 et

2057 4927 2560 4984 lamentationibus
2580 4927 2723 4998 ejus,
2750 4930 2811 4979 ut
2828 4924 3002 4979 etiam
3025 4924 3209 4979 adhuc
3228 4923 3288 4979 in
3310 4940 3411 4978 suo
3442 4927 3598 4978 statu
3616 4938 3753 4977 con-

2122 5146 2138 5181 ι
2169 5144 2255 5194 Sic
2284 5141 2498 5206 aliquod
2519 5139 2699 5205 probe
2721 5143 2869 5206 notae
2893 5139 3015 5206 Mss.
3042 5142 3137 5206 ;__at
3163 5135 3322 5186 editi:
3347 5131 3619 5206 splemnia
3641 5142 3758 5189 qua:

2057 5209 2159 5258 Deo
2180 5192 2437 5255 debentur
2458 5192 2779 5266 de'propriis
2800 5203 2933 5252 locis
2958 5192 3195 5266 desiisse,
3217 5192 3482 5266 sacri/icta
3502 5196 3551 5240 et
3571 5205 3756 5266 sarra-

2058 5257 2239 5319 menta
2267 5268 2450 5318 diuina
2468 5257 2553 5318 vel
2571 5257 2671 5314 non
2685 5266 2862 5327 φικνί,
2884 5267 2985 5327 etc.
3007 5288 3068 5298 —
3088 5261 3293 5312 Salinas
3317 5257 3624 5327 :s‘olemnia
3642 5269 3758 5319 qua:

2064 5318 2171 5382 Deo
2188 5318 2455 5379 debentur
2478 5328 2542 5379 de
2554 5318 2793 5440 propriis
2808 5318 2930 5376 locis
2950 5325 3183 5381 desiisse,
3205 5318 3471 5384 sacriﬁcia
3492 5331 3556 5369 ac
3578 5318 3762 5392 sacra-

2064 5396 2244 5440 menta
2263 5393 2453 5440 divina
2486 5404 2553 5440 ve
2596 5403 2703 5440 non
2730 5389 2910 5440 antri.
2933 5393 3062 5440 etc.:
3086 5386 3289 5440 adjecta
3314 5385 3410 5431 hac
3435 5380 3620 5431 notula
3648 5396 3660 5431 ε
3685 5395 3760 5432 sic

2058 5380 2244 5445 menta
2263 5393 2453 5444 divina
2486 5380 2574 5443 uel
2596 5380 2703 5440 no'n
2730 5389 2910 5455 quaeri,
2933 5393 3032 5455 etc.
3047 5380 3289 5455 ;_adje_c_ta
3314 5380 3620 5455 hac-notula
3648 5396 3660 5431 :
3685 5382 3760 5432 sic

2062 5458 2186 5507 Lov.
2218 5456 2417 5519 legunt,
2438 5460 2492 5505 et
2524 5458 2683 5509 recte.
2708 5446 3164 5519 consentientibus
3197 5449 3348 5519 Mss.”
3378 5446 3449 5495 M.

2120 5508 2301 5592 {_Tre§
2332 5508 2455 5592 Mss.
2490 5519 2606 5592 {Et
2635 5520 2956 5586 interceptos
2975 5518 3163 5592 ;atque
3186 5523 3247 5559 ex
3267 5508 3380 5559 istis
3405 5521 3547 5557 unus
3577 5521 3757 5571 prose-

2061 5582 2242 5646 quitur
2269 5595 2281 5629 :
2316 5579 2457 5631 Alios
2484 5581 2557 5630 sic
2581 5593 2617 5628 α
2637 5578 2973 5631 necessariis,
3003 5578 3103 5623 etc.

2123 5650 2144 5682 ι
2173 5644 2296 5692 Sola
2322 5642 2483 5692 editio
2516 5643 2637 5691 Lov.
2663 5655 2674 5688 :
2698 5642 2814 5689 Non
2834 5637 2942 5687 erit
2960 5646 3211 5699 magnum
3230 5634 3376 5699 quod
3386 5633 3591 5685 cadunt
3617 5632 3764 5695 ligna

2061 5710 2114 5759 et
2145 5706 2375 5770 lapides,
2407 5709 2460 5756 et
2485 5705 2797 5755 moriuntur
2820 5697 3098 5749 mortales.
