4048 6194
144 227 192 278 61
1544 223 1875 280 AUCTORE
1929 226 2262 285 POSSIDIO.
3602 232 3668 285 62

139 345 458 442 ce‘fit‘fte?’
489 359 598 399 non
627 345 1010 442 ’{li't‘zm‘w
1133 344 1210 399 eis
1235 359 1336 442 Per
1362 353 1494 442 quos
1518 347 1747 442 fuonfm
1775 352 1853 402 95‘
1959 384 2012 422 x.
2043 370 2128 435 t2,
2174 370 2258 438 13)
2275 369 2303 425 ἳ
2339 371 2448 428 Cur
2469 385 2573 425 non
2603 373 2736 426 istas
2762 371 2902 425 duas
2930 371 3228 426 dominicas
3261 385 3522 442 verasque
3556 387 3670 426 seu.

139 434 501 488 ecclesiastica
527 433 832 503 supplenda
861 435 1170 498 necessitas,
1191 438 1253 487 ut
1276 438 1373 488 aut
1399 435 1610 504 pariter
1640 437 1850 502 vivant,

139 527 234 576 aut
255 524 479 592 pariter
506 522 777 590 sufferant
827 522 972 592 quod
999 538 1084 576 eos
1113 524 1527 590 Paterfamilias
1569 525 1706 580 volet
1729 542 1857 595 per-

139 614 270 681 peti.
308 610 471 677 Quod
501 612 551 665 si
577 612 862 678 contigerit
909 615 969 666 ut
997 613 1110 666 sive
1142 612 1241 664 alii
1286 613 1486 679 minus,
1517 615 1619 667 alii
1654 614 1854 683 majus,

138 703 248 755 sive
277 715 462 754 omnes
490 701 774 770 aequaliter
809 703 1124 769 patiantur,
1156 703 1254 770 qui
1281 716 1461 756 eorum
1499 704 1609 756 sint
1638 705 1734 772 qui
1757 719 1859 772 pro

140 791 268 845 aliis
296 791 616 860 patiuntur,
647 794 908 859 apparet;
942 790 1028 844 illi
1055 791 1258 844 scilicet
1287 793 1384 859 qui
1422 808 1541 846 cum
1569 807 1624 845 se
1645 796 1860 862 possent

141 878 348 934 tatibus
379 879 540 932 malis
569 880 776 947 eripere
811 879 1095 945 fugiendo,
1126 894 1191 932 ne
1220 880 1452 933 aliorum
1495 881 1862 934 necessitatem

142 970 472 1033 desererent,
518 983 730 1022 manere
771 968 1096 1021 maluerunt.
1145 969 1282 1022 Hinc
1325 970 1559 1023 maxime
1598 969 1862 1039 probatur

143 1059 244 1111 illa
290 1057 541 1112 charitas
584 1072 748 1125 quam
793 1055 1027 1110 Joannes
1067 1057 1338 1126 apostolus
1377 1057 1728 1124 commendat,
1773 1058 1862 1111 di-

141 1160 299 1199 cens:
336 1164 365 1196 κ
393 1145 547 1201 Sicut
583 1145 832 1201 Christus
861 1146 1103 1200 animam
1153 1160 1309 1200 suam
1333 1161 1438 1215 pro
1463 1147 1617 1200 nobis
1656 1149 1860 1216 posuit,

143 1237 217 1289 sic
242 1238 294 1288 et
311 1249 415 1289 nos
454 1233 702 1288 debemus
730 1234 944 1288 animas
972 1249 1072 1302 pro
1102 1235 1379 1300 fratribus
1404 1251 1604 1304 ponere
1631 1236 1674 1302 (Ι
1708 1240 1861 1290 toan.

147 1340 216 1388 ω,
273 1323 383 1392 16).
442 1325 582 1379 Nam
638 1325 736 1392 qui
777 1325 1004 1390 fugiunt
1063 1323 1146 1376 vel
1194 1325 1309 1378 suis
1362 1323 1600 1378 devincti
1639 1326 1864 1378 necessi-

146 1412 349 1465 tatibus
403 1413 598 1478 fugere
638 1427 744 1465 non
770 1416 1038 1481 possunt;
1071 1413 1121 1465 si
1161 1412 1528 1479 comprehensi
1551 1414 1862 1481 patiuntur,

141 1516 236 1570 pro
265 1515 324 1554 se
370 1501 535 1570 ipsis,
580 1516 686 1554 non
725 1515 830 1569 pro
857 1499 1157 1567 fratribus,
1202 1502 1390 1570 utique
1412 1502 1739 1569 patiuntur:
1770 1503 1866 1570 qui

143 1605 261 1644 tero
279 1593 584 1660 propterea
609 1590 923 1657 patiuntur,
968 1590 1101 1657 quia
1126 1590 1354 1654 fratres,
1388 1591 1484 1658 qui
1509 1592 1583 1643 eis
1622 1589 1696 1642 ad
1720 1591 1862 1642 chri-

141 1682 384 1732 stianam
395 1679 632 1732 salutem
650 1677 988 1746 indigebant,
1016 1677 1255 1732 deserere
1282 1678 1588 1742 noluerunt,
1620 1679 1735 1731 sine
1763 1677 1864 1730 du-

142 1770 226 1823 bio
251 1783 390 1823 suas
420 1771 641 1822 animas
676 1784 778 1836 pro
813 1766 1086 1833 fratribus
1106 1771 1335 1836 ponunt.
1374 1767 1522 1822 Unde
1550 1767 1690 1822 illud
1723 1767 1867 1837 quod

140 1860 464 1928 episcopum
485 1857 777 1926 quemdam
804 1856 1014 1912 dixisse
1042 1857 1381 1923 audivimus,
1409 1857 1472 1912 Si
1498 1859 1755 1911 Dominus
1777 1873 1868 1910 no-

143 1947 224 2000 bis
263 1948 571 2015 imperavit
600 1947 795 2014 fugam
840 1948 900 1999 in
949 1948 1022 2000 eis
1049 1946 1531 2016 persecutionibus,
1564 1945 1658 1999 ubi
1693 1949 1866 2014 potest

142 2039 364 2100 fructus
385 2051 504 2090 esse
529 2037 815 2104 martyrii;
839 2041 1042 2104 quanto
1069 2037 1244 2104 magis
1275 2035 1522 2090 debemus
1546 2036 1736 2101 fugere
1761 2038 1866 2088 ste-

143 2127 272 2180 riles
298 2127 619 2196 passiones,
667 2124 884 2194 quando
913 2129 991 2180 est
1019 2125 1336 2179 barbaricus
1366 2128 1415 2178 et
1451 2123 1661 2178 hostilis
1694 2125 1870 2177 incur-

143 2231 236 2270 sus
257 2218 288 2269 Ι)
315 2230 514 2268 verum
532 2219 624 2283 est
652 2211 670 2246 ⁸
698 2214 915 2283 quidem
935 2218 984 2268 et
1014 2213 1360 2283 acceptabile,
1379 2213 1475 2268 sed
1496 2215 1580 2268 his
1620 2227 1750 2282 quos
1779 2227 1869 2265 er-

143 2306 449 2359 clesiastici
479 2305 651 2372 ofﬁcii
668 2318 774 2358 non
805 2307 981 2357 tenent
1007 2303 1244 2357 vincula.
1271 2303 1412 2359 Nam
1443 2304 1539 2371 qui
1567 2301 1744 2357 clades
1774 2301 1872 2354 ho-

145 2396 296 2449 stiles
329 2393 456 2448 ideo
487 2408 593 2447 non
621 2394 790 2459 fugit,
814 2407 933 2445 cum
959 2394 1132 2461 possit
1163 2391 1417 2460 eﬂ’ugere,
1445 2407 1510 2444 ne
1525 2390 1736 2444 deserat
1766 2391 1870 2443 mi-

144 2485 446 2538 nisterium
488 2482 694 2537 Christi
728 2484 770 2547 ²,
802 2483 917 2535 sine
963 2496 1067 2549 quo
1093 2495 1200 2535 non
1236 2485 1461 2549 possunt
1507 2481 1742 2534 homines
1793 2479 1873 2531 vel

142 2575 268 2641 ﬁeri
294 2573 384 2626 vel
409 2573 592 2624 vivere
615 2571 922 2636 christiani,
945 2569 1201 2639 majorem
1218 2570 1505 2624 charitotis
1525 2570 1731 2623 invenit
1746 2569 1871 2634 fru—

143 2669 316 2726 ctum,
345 2675 519 2730 quam
540 2662 638 2727 qui
657 2675 760 2712 non
777 2663 998 2728 propter
1008 2661 1232 2726 fratres,
1263 2657 1358 2712 sed
1380 2661 1604 2727 propter
1621 2672 1676 2711 se
1694 2659 1874 2725 ipsum

142 2753 396 2818 fugiens,
431 2753 599 2818 atque
627 2749 1033 2818 comprehensus
1061 2763 1167 2801 non
1186 2750 1348 2815 negat
1378 2746 1672 2812 Christum,
1702 2746 1872 2799 susci-

140 2843 346 2910 pitque
400 2841 755 2906 martyrium.
787 2836 930 2902 Quid
975 2840 1052 2891 est
1088 2850 1212 2904 ergo
1251 2834 1396 2904 quod
1426 2835 1484 2888 in
1524 2834 1751 2903 epistola
1782 2837 1876 2887 tua

139 2929 338 2998 priore
361 2927 648 2995 posuisti?
675 2924 812 2978 dicis
837 2925 998 2989 enim,
1032 2923 1094 2979 Si
1117 2924 1176 2976 in
1201 2923 1453 2976 Ecclesiis
1480 2920 1876 2991 persistendum

145 3020 252 3078 est,
286 3013 430 3082 quid
475 3016 648 3067 simus
677 3013 830 3067 nobis
868 3013 951 3066 vel
977 3012 1176 3081 populo
1214 3012 1501 3080 profuturi
1542 3025 1649 3063 non
1694 3008 1874 3075 video,

147 3105 266 3157 nisi
296 3107 360 3156 ut
388 3108 518 3157 ante
548 3103 724 3158 oculos
764 3105 974 3156 nostros
1001 3102 1112 3154 viri
1157 3099 1378 3164 cadant,
1408 3099 1627 3164 femina
1659 3102 1877 3151 constu-

143 3200 410 3262 prentur,
443 3191 810 3245 incendantur
837 3191 1085 3255 ecclesiae,
1116 3204 1212 3243 nos
1240 3189 1352 3258 ipsi
1384 3189 1443 3241 in
1473 3187 1749 3240 tormentis
1779 3185 1878 3239 de-

146 3285 432 3350 ﬁciamus,
488 3296 609 3335 cum
638 3280 704 3333 de
752 3279 906 3334 nobis
959 3280 1225 3348 queritur
1266 3276 1410 3347 quod
1446 3291 1552 3329 non
1602 3274 1874 3329 habemus.

147 3373 348 3425 Potens
378 3373 465 3424 est
513 3369 736 3438 quidem
786 3371 924 3422 Deus
954 3367 1149 3422 audire
1179 3381 1364 3437 preces
1392 3365 1624 3432 familia
1670 3378 1800 3430 suae,
1831 3366 1880 3416 et

153 3459 286 3522 haec,
313 3471 442 3525 quae
469 3455 868 3524 formidantur,
896 3459 1162 3520 avertere;
1191 3469 1284 3508 nec
1307 3452 1425 3506 ideo
1457 3456 1634 3505 tamen
1660 3454 1880 3520 propter

151 3546 288 3609 ista,
323 3560 448 3612 quae
475 3546 683 3597 incerta
708 3548 858 3609 sunt,
900 3543 1052 3597 debet
1079 3543 1254 3596 nostri
1279 3542 1448 3609 ofﬁcii
1477 3555 1587 3594 esse
1614 3543 1760 3594 certa
1787 3538 1878 3591 de-

154 3636 347 3696 sertio,
393 3634 514 3687 sine
545 3647 650 3700 quo
678 3637 756 3686 cst
787 3632 937 3701 plebi
986 3636 1132 3686 certa
1165 3631 1454 3700 pernicies,
1485 3643 1591 3683 non
1619 3629 1678 3682 in
1723 3627 1880 3681 rebus

156 3726 286 3778 vita
317 3723 511 3791 hujus,
543 3720 638 3776 sed
655 3721 880 3776 alterius
909 3719 1410 3789 incomparabiliter
1438 3717 1755 3784 diligentius
1781 3717 1882 3770 sol-

159 3813 484 3881 licitiusque
510 3809 785 3864 curandae.
816 3811 957 3865 Nam
987 3811 1037 3862 si
1055 3812 1202 3862 certa
1229 3811 1400 3861 essent
1427 3808 1536 3860 ista
1566 3806 1733 3872 mala,
1764 3819 1883 3874 quae

161 3904 431 3955 timentur
461 3914 528 3952 ne
559 3900 614 3952 in
647 3899 774 3954 locis
804 3899 862 3952 in
899 3897 1096 3966 quibus
1126 3912 1331 3963 sumus,
1369 3898 1518 3963 forte
1543 3896 1878 3962 contingant,

159 3993 323 4060 prius
353 3987 502 4042 unde
528 3989 781 4054 fugerent
819 4001 997 4041 omnes
1037 3990 1263 4056 propter
1290 4000 1421 4054 quos
1451 3984 1530 4038 ibi
1556 3983 1882 4038 manendum

159 4085 258 4146 est,
289 4083 342 4133 et
371 4091 472 4131 nos
502 4092 538 4130 a
563 4074 822 4130 manendi
845 4077 1158 4129 necessitate
1187 4074 1379 4127 liberos
1421 4071 1705 4127 redderent
1733 4087 1745 4124 :
1777 4085 1884 4124 non

159 4169 308 4220 enim
340 4167 642 4236 quisquam
670 4168 748 4218 est
769 4166 868 4233 qui
892 4163 1041 4218 dicat
1066 4163 1343 4216 ministros
1373 4175 1586 4214 manere
1621 4163 1882 4228 oportere,

163 4257 258 4309 ubi
297 4257 420 4325 jam
459 4270 567 4308 non
593 4255 826 4320 fuerint,
859 4252 1056 4321 quibus
1083 4265 1290 4305 necesse
1317 4252 1389 4304 sit
1427 4250 1760 4303 ministrare.
1802 4248 1888 4301 Ita

161 4345 398 4414 quidam
430 4344 611 4398 sancti
652 4343 889 4412 episcopi
917 4341 982 4395 de
1020 4341 1294 4410 Hispania
1318 4340 1702 4408 profugerunt,
1732 4337 1888 4406 prius

156 4433 418 4502 plebibus
458 4433 668 4502 partim
705 4432 844 4498 fuga
879 4430 1068 4499 lapsis,
1106 4429 1314 4498 partim
1337 4429 1651 4498 peremptis,
1679 4425 1888 4493 partim

161 4522 448 4576 obsidione
475 4520 829 4588 consumptis,
878 4519 1087 4588 partim
1126 4517 1442 4586 captivitate
1466 4513 1765 4584 dispersis:
1798 4511 1892 4566 sed

161 4613 332 4665 multo
383 4610 598 4680 plures,
645 4609 761 4663 illic
793 4607 1138 4661 manentibus
1169 4610 1392 4676 propter
1422 4618 1553 4674 quos
1591 4606 1890 4664 manerent,

165 4701 265 4754 sub
291 4697 607 4754 earumdem
654 4698 1020 4767 periculorum
1055 4695 1320 4749 densitate
1347 4697 1683 4747 manserunt.
1727 4692 1798 4746 Et
1844 4692 1894 4744 si

162 4790 346 4857 aliqui
371 4787 730 4841 deseruerunt
744 4786 926 4856 plebes
955 4798 1102 4851 suas,
1137 4784 1230 4838 hoc
1258 4787 1336 4836 est
1356 4781 1500 4851 quod
1519 4781 1747 4834 dicimus
1772 4781 1893 4849 ﬁeri

163 4895 272 4932 non
298 4877 532 4933 debere:
565 4891 735 4944 neque
780 4876 918 4928 enim
961 4875 1092 4928 tales
1135 4873 1280 4926 docti
1323 4872 1642 4926 auctoritate
1679 4869 1893 4944 divina,

161 4969 262 5022 sed
290 4968 536 5021 humano
558 4965 641 5019 vel
665 4980 847 5019 errore
873 4963 1104 5032 decepti,
1129 4963 1213 5016 vel
1242 4963 1432 5015 timore
1451 4965 1579 5014 sunt
1607 4959 1757 5013 victi.
1791 4959 1900 5014 Cur

165 5058 310 5112 enim
339 5053 456 5108 sibi
469 5057 680 5124 putant
709 5051 1087 5121 indilferenter
1116 5048 1590 5119 obtemperantium
1619 5062 1730 5102 esse
1746 5062 1900 5116 pra-

166 5151 342 5216 eepto,
368 5143 468 5199 ubi
489 5144 678 5212 legunt
695 5142 760 5196 de
779 5143 998 5196 civitate
1018 5142 1075 5194 in
1103 5141 1376 5194 civitatem
1400 5153 1509 5194 esse
1545 5136 1896 5204 fugiandum,

175 5239 231 5288 et
256 5234 659 5290 mercenarium
685 5246 794 5286 non
822 5231 1130 5296 exhorrent,
1162 5230 1261 5299 qui
1279 5227 1427 5281 videt
1456 5227 1641 5297 lupum
1670 5226 1896 5280 venien-

170 5328 278 5378 tem
305 5329 358 5378 et
394 5324 574 5390 fugit,
625 5321 885 5391 quoniam
910 5335 1015 5373 non
1046 5321 1122 5373 est
1151 5319 1202 5372 ei
1220 5332 1352 5371 cura
1382 5315 1448 5370 de
1489 5315 1676 5370 ovibus
1715 5315 1896 5385 (toan.

247 5579 257 5610 ¹
291 5575 522 5633 Salinas,
552 5588 614 5624 ex
639 5573 732 5623 Cd.
760 5573 889 5636 Reg.
913 5573 1024 5630 5H,
1057 5569 1189 5636 utile
1217 5573 1312 5619 est.
1350 5630 1361 5636 _
1382 5567 1450 5636 Μτ

245 5641 264 5672 ε
288 5625 518 5697 Salinas,
535 5650 603 5686 ex
633 5625 1035 5700 Cd.Reg‘11025':
1065 5630 1362 5684 Nedeserat
1380 5627 1742 5682 ministerium
1758 5625 1904 5680 Chri-

178 5703 286 5751 sto.
350 5701 419 5752 Μ.

1965 461 2181 524 tentias,
2212 475 2376 514 unam
2395 461 2597 514 scilicet
2627 459 2722 513 ubi
2743 462 2882 526 fuga
2909 462 3112 514 sinitur
3137 466 3235 515 aut
3263 461 3510 529 jubetur,
3544 461 3674 515 alte-

1967 563 2088 602 ram
2115 549 2211 602 ubi
2237 551 2494 618 arguitur
2518 553 2681 618 atque
2709 549 2986 618 culpatur,
3017 551 3092 602 sic
3124 551 3429 617 intelligere
3459 550 3678 604 student

1971 642 2030 692 ut
2057 639 2198 692 inter
2215 652 2270 692 se
2289 640 2632 708 reperiantur
2643 653 2749 692 non
2770 653 2882 692 esse
2907 641 3211 704 contrariae,
3234 641 3374 694 sicut
3398 655 3502 694 non
3518 639 3677 693 sunt?

1970 730 2042 782 Et
2060 728 2156 782 hoc
2185 729 2444 796 quomodo
2462 731 2750 797 reperitur,
2776 730 2889 782 nisi
2917 728 3234 782 attendatur
3261 729 3406 798 quod
3425 729 3548 798 jam
3577 745 3676 783 su—

1967 818 2154 886 perius
2176 816 2478 886 disputavi,
2497 817 2696 870 tuncde
2715 819 2842 872 locis
2874 819 2931 871 in
2951 817 3146 885 quibus
3176 833 3380 880 sumus,
3404 822 3678 887 premente

1972 908 2334 974 persecutione
2350 906 2671 972 fugiendum
2693 921 2802 959 esse
2823 907 3026 962 Christi
3049 907 3339 971 ministris,
3360 906 3576 974 quando
3597 906 3679 958 ibi

1974 1001 2070 1049 aut
2090 995 2242 1064 plebs
2282 996 2485 1051 Christi
2511 1011 2617 1049 non
2653 997 2822 1061 fuerit
2852 998 2940 1049 cui
2981 997 3348 1062 ministretur;
3381 1001 3478 1049 aut
3515 998 3677 1050 etiam

1972 1087 2161 1152 fuerit,
2198 1090 2248 1138 et
2283 1089 2453 1153 potest
2490 1086 2709 1153 impleri
2746 1100 2845 1153 per
2873 1084 3009 1138 alios
3038 1087 3397 1139 necessarium
3437 1086 3677 1138 ministe-

1975 1176 2138 1243 rium,
2180 1174 2374 1242 quibus
2431 1174 2615 1227 eadem
2654 1189 2759 1228 non
2789 1179 2867 1227 est
2912 1189 3077 1226 causa
3122 1173 3410 1240 fugiendi:
3452 1175 3593 1226 sicut
3623 1175 3680 1225 in

1974 1269 2161 1334 sporta
2180 1263 2498 1328 submissus,
2522 1263 2666 1330 quod
2684 1279 2853 1332 supra
2872 1265 3184 1328 memoravi,
3210 1265 3362 1331 fugit
3385 1264 3679 1332 Apostolus

1976 1367 2094 1406 cum
2118 1368 2153 1405 a
2174 1355 2508 1421 persecutore
2543 1354 2767 1420 proprie
2803 1354 2917 1420 ipse
2942 1357 3291 1421 quaereretur,
3334 1354 3460 1405 aliis
3489 1352 3678 1420 utique

1973 1443 2340 1496 necessitatem
2363 1441 2591 1494 similem
2611 1456 2715 1494 non
2729 1441 3067 1504 habentibus,
3101 1456 3135 1492 a
3164 1442 3359 1509 quibus
3381 1441 3494 1493 illic
3513 1441 3675 1492 mini-

1975 1533 2198 1587 sterium
2225 1531 2370 1584 absit
2397 1535 2457 1584 ut
2477 1530 2807 1584 desereretur
2827 1530 3100 1595 Ecclesia;
3134 1532 3276 1583 sicut
3286 1531 3434 1596 fugit
3463 1533 3682 1582 sanctus

1977 1621 2315 1676 Athanasius
2343 1619 2757 1674 Alexandrinus
2786 1621 3084 1688 episcopus,
3117 1635 3234 1672 cum
3267 1634 3385 1672 eum
3426 1618 3680 1687 speciali-

1979 1715 2058 1764 ter
2103 1709 2502 1778 apprehendere
2523 1709 2867 1764 Constantius
2891 1713 3105 1778 cuperet
3123 1710 3438 1777 imperator,
3480 1722 3682 1774 nequa—

1978 1815 2141 1868 quam
2172 1815 2206 1852 a
2235 1801 2438 1852 caeteris
2463 1799 2730 1851 ministris
2758 1796 2970 1851 deserta
3005 1797 3156 1866 plebe
3183 1797 3448 1850 catholica
3478 1811 3596 1863 quae
3626 1796 3682 1847 in

1977 1887 2323 1942 Alexandria
2336 1885 2700 1940 commanebat
2716 1886 2744 1940 ‘l
2765 1887 2896 1942 Cum
2912 1890 3090 1938 autem
3110 1885 3260 1953 plebs
3279 1887 3478 1948 manet,
3510 1886 3559 1936 et
3577 1883 3685 1935 mi-

1977 1977 2142 2032 nistri
2184 1976 2429 2044 fugiunt,
2475 1975 2944 2043 ministeriumque
2985 1972 3367 2037 subtraditur;
3397 1971 3531 2039 quid
3575 1972 3679 2023 erit

1979 2067 2089 2121 nisi
2128 2066 2578 2120 mercenariorum
2617 2064 2716 2116 illa
2759 2064 2899 2130 fuga
2929 2060 3282 2123 damnabilis,
3331 2059 3527 2127 quibus
3564 2073 3672 2111 non

1980 2160 2058 2210 est
2087 2170 2219 2209 cura
2246 2155 2312 2208 de
2352 2151 2584 2208 ovibus?
2618 2150 2805 2207 Veniet
2832 2152 2974 2204 enim
3026 2151 3205 2218 lupus,
3251 2163 3358 2202 non
3387 2148 3556 2208 homo,
3590 2145 3685 2200 sed

1981 2245 2248 2312 diabolus,
2281 2244 2379 2312 qui
2403 2243 2717 2312 plerumque
2742 2240 2923 2308 ﬁdeles
2952 2243 3231 2309 apostatas
3260 2251 3370 2292 esse
3389 2237 3687 2306 persuasit,

1983 2335 2179 2405 quibus
2197 2332 2572 2402 quotidianum
2589 2332 2951 2384 ministerium
2963 2328 3222 2382 dominici
3233 2327 3474 2396 corporis
3490 2324 3690 2390 defuit;

1982 2431 2033 2479 et
2060 2423 2263 2494 peribit
2277 2423 2525 2490 inﬁmus
2539 2423 2593 2474 in
2610 2425 2705 2474 tua
2717 2435 2819 2473 non
2843 2420 3069 2472 scientia
3082 2419 3096 2452 ¹
3108 2457 3122 2483 ,
3140 2417 3234 2471 sed
3246 2415 3560 2484 ignorantia
3569 2415 3688 2480 fra-

1985 2519 2084 2580 ter,
2109 2515 2334 2582 propter
2360 2525 2513 2580 quem
2545 2509 2797 2563 Christus
2826 2511 3067 2562 mortuus
3091 2510 3170 2560 est
3199 2505 3240 2574 (Ι
3279 2506 3398 2561 Cor.
3433 2520 3548 2571 vm,
3583 2506 3688 2565 11).

1986 2602 2142 2669 Quod
2169 2605 2349 2656 autem
2379 2599 2454 2653 ad
2481 2613 2564 2653 eos
2593 2601 2805 2662 attinet,
2833 2598 2930 2666 qui
2959 2598 3018 2650 in
3062 2595 3162 2650 hac
3190 2609 3248 2648 re
3283 2608 3387 2649 non
3417 2593 3692 2661 falluntur

1983 2707 2181 2757 errore,
2213 2691 2308 2745 sed
2335 2688 2632 2756 formidine
2658 2690 3016 2756 superantur;
3040 2699 3209 2754 quare
3220 2698 3327 2738 non
3354 2684 3538 2752 potius
3568 2693 3689 2734 con-

1989 2787 2075 2836 tra
2105 2797 2262 2836 suum
2306 2783 2551 2834 timorem
2595 2779 2818 2832 Domino
2866 2777 3156 2829 miserante
3203 2777 3365 2840 atque
3393 2771 3695 2840 adjuvante

1984 2872 2206 2938 fortiter
2236 2869 2522 2930 dimicant,
2566 2879 2633 2918 ne
2659 2864 2806 2917 mala
2835 2864 2951 2915 sine
2988 2849 3388 2930 comparatione
3411 2857 3691 2925 graviora,

1989 2975 2107 3028 qua
2146 2957 2319 3012 multo
2347 2954 2582 3024 amplius
2611 2956 2737 3006 sunt
2763 2949 3060 3014 tremenda,
3093 2946 3448 3014 contingant?
3487 2948 3575 3000 Fit
3599 2946 3694 2998 hoc

1988 3049 2083 3102 ubi
2110 3050 2206 3102 Dei
2248 3045 2490 3099 charitas
2535 3044 2757 3111 flagrat,
2790 3054 2899 3094 non
2939 3037 3131 3092 mundi
3177 3036 3449 3106 cupiditas
3497 3037 3692 3102 fumat.

1991 3138 2242 3195 Charitas
2271 3135 2411 3187 enim
2440 3132 2577 3186 dicit
2603 3147 2615 3185 :
2650 3128 2786 3194 Quis
2817 3127 3162 3192 inﬁrmatur,
3191 3129 3250 3179 et
3277 3139 3396 3178 non
3416 3139 3522 3194 ego
3539 3120 3694 3176 inﬁr-

1993 3227 2154 3280 mor?
2184 3223 2312 3295 quis
2340 3218 2774 3284 scandalizatur,
2811 3221 2869 3271 et
2894 3232 3011 3270 non
3041 3231 3145 3285 ego
3174 3229 3314 3268 uror
3357 3213 3425 3281 (Il
3464 3213 3583 3268 Cor.
3616 3227 3693 3276 χι,

1989 3314 2123 3382 29)?
2170 3312 2274 3370 Sed
2320 3312 2561 3366 charitas
2609 3323 2677 3362 eo:
2715 3310 2820 3362 Deo
2851 3310 2946 3360 est.
2992 3305 3214 3361 Oremus
3265 3317 3388 3368 ergo
3417 3305 3477 3354 ut
3506 3300 3574 3353 ab
3603 3300 3696 3353 illo

1991 3405 2168 3470 detur,
2211 3419 2245 3455 a
2291 3416 2396 3472 quo
2421 3399 2685 3469 jubetur:
2720 3401 2770 3450 et
2808 3411 2909 3465 per
2938 3395 3074 3448 hanc
3114 3393 3291 3460 magis
3323 3393 3604 3446 timeamus
3634 3403 3700 3441 ne

1991 3509 2110 3549 oves
2131 3492 2333 3549 Christi
2357 3487 2662 3558 spiritualis
2681 3485 2934 3555 nequitiae
2961 3481 3146 3551 gladio
3163 3483 3222 3534 in
3250 3479 3428 3546 corde,
3453 3493 3616 3546 quam
3636 3491 3696 3530 ne

1991 3585 2140 3650 ferro
2177 3583 2236 3634 in
2280 3592 2499 3648 corpore
2537 3575 2895 3636 trucidentur,
2934 3571 3031 3626 ubi
3063 3569 3526 3639 quandocumque,
3563 3581 3698 3634 quo—

1993 3684 2217 3739 cumque
2242 3667 2432 3721 mortis
2461 3678 2676 3733 genere,
2723 3659 2989 3715 morituri
3014 3662 3160 3712 sunt.
3194 3656 3372 3723 Magis
3415 3658 3698 3708 timeamus

1992 3777 2058 3814 ne
2083 3774 2241 3815 sensu
2269 3756 2520 3810 uiteriori
2563 3755 2835 3820 corrupto,
2880 3751 3067 3819 pereat
3096 3747 3320 3801 castitas
3350 3743 3500 3813 ﬁdei,
3533 3757 3697 3811 quam

1994 3866 2060 3905 ne
2081 3849 2295 3916 feminae
2319 3845 2576 3900 violenter
2623 3844 3038 3909 constuprentur
3066 3839 3125 3890 in
3170 3849 3370 3890 carne:
3422 3833 3555 3902 quia
3581 3832 3698 3886 vio-

1996 3941 2164 3994 lentia
2201 3951 2310 3990 non
2356 3933 2597 3989 violatur
2631 3928 2920 4000 pudicitia,
2953 3929 3003 3982 si
3035 3929 3204 3980 mente
3257 3927 3533 3978 servatur:
3566 3935 3699 3989 quo-

1996 4029 2147 4082 niam
2156 4041 2250 4079 nec
2273 4025 2334 4077 in
2352 4035 2514 4076 carne
2536 4018 2798 4083 violatur,
2817 4015 3036 4086 quando
3050 4015 3299 4068 voluntas
3319 4012 3580 4081 patientis
3601 4024 3702 4064 sua

2000 4117 2233 4185 turpiter
2258 4127 2418 4167 carne
2471 4126 2578 4166 non
2605 4110 2801 4171 utitur,
2851 4105 2946 4161 sed
2973 4106 3088 4158 sine
3131 4102 3468 4156 consensione
3513 4098 3705 4152 tolerat

2000 4204 2143 4275 quod
2171 4203 2316 4257 alius
2337 4205 2614 4270 operatur.
2643 4198 2822 4265 Magis
2846 4197 3124 4248 timeamus
3151 4207 3218 4244 ne
3245 4189 3456 4259 lapides
3486 4189 3600 4240 vivi
3620 4201 3706 4240 ea»

1999 4296 2352 4362 stinguantur
2380 4287 2742 4344 deserentibus
2762 4285 2936 4347 nobis,
2961 4297 3123 4351 quam
3151 4295 3218 4333 ne
3235 4276 3443 4347 lapides
3472 4278 3523 4329 et
3553 4275 3704 4342 ligna

2003 4391 2335 4439 terrenorum
2372 4379 2730 4448 aediﬁciorum
2759 4372 3120 4428 incendantur
3144 4364 3500 4436 praesentibus
3533 4363 3702 4418 nobis.

2001 4474 2182 4542 Magis
2203 4473 2484 4526 timeamus
2498 4483 2564 4521 ne
2583 4465 2820 4520 membra
2837 4461 3075 4530 corporis
3097 4456 3302 4513 Christi
3321 4455 3583 4508 destituta
3601 4453 3706 4520 spi-

2002 4563 2197 4618 ritual-i
2223 4561 2374 4615 victu
2398 4560 2667 4618 necentur,
2709 4567 2872 4621 quam
2913 4565 2978 4603 ne
3004 4546 3242 4602 membra
3270 4544 3507 4613 corporis
3536 4542 3710 4596 nostri

2003 4664 2261 4722 oppressa
2284 4647 2471 4702 hostili
2501 4647 2703 4713 impetu
2743 4640 3116 4708 torqueantur.
3152 4636 3271 4690 Non
3301 4633 3434 4701 quia
3463 4633 3572 4722 ista
3600 4645 3707 4684 non

2004 4719 2130 4796 sunt
2153 4737 2384 4794 vitanda
2413 4749 2532 4790 cum
2547 4733 2804 4802 possunt;
2838 4725 2932 4782 sed
2952 4726 3086 4794 quia
3100 4725 3282 4793 potius
3314 4719 3537 4786 ferenda
3559 4721 3706 4774 sunt.

2007 4827 2223 4899 quando
2246 4826 2418 4880 vitari
2436 4826 2550 4878 sine
2567 4821 2840 4890 impietate
2859 4831 2963 4869 non
2984 4817 3236 4884 possunt:
3259 4812 3370 4864 nisi
3395 4811 3537 4877 forte
3558 4809 3708 4877 quis-

2007 4933 2172 4989 quam
2199 4914 2530 4972 contenderit
2550 4926 2655 4966 non
2684 4922 2794 4963 esse
2820 4907 3138 4961 ministrum
3166 4902 3414 4971 impium,
3456 4899 3555 4968 qui
3584 4901 3709 4951 tunc

2008 4987 2282 5063 subtrahit
2309 5002 2673 5058 ministerium
2681 4997 2880 5068 pietati
2905 4987 3511 5059 necessarium,quando
3531 4987 3705 5053 magis

2007 5099 2086 5151 est
2102 5093 2478 5148 necessarium.
2507 5089 2599 5142 An
2622 5101 2728 5140 non
2757 5087 3078 5151 cogitamus,
3109 5095 3228 5135 cum
3256 5077 3330 5132 ad
3360 5079 3582 5132 istorum
3608 5087 3706 5141 pe-

2009 5186 2303 5240 riculorum
2340 5179 2662 5251 pervenitur
2687 5177 2950 5236 ewtrema,
2981 5185 3073 5224 nec
3098 5173 3177 5223 est
3201 5170 3438 5238 potestas
3468 5163 3580 5216 ulla
3609 5164 3709 5226 fu—

2009 5274 2213 5344 giendi,
2246 5273 2481 5340 quantus
2510 5268 2568 5321 in
2597 5265 2838 5321 Ecclesia
2868 5261 2989 5332 ﬁeri
3015 5259 3182 5314 soleat
3213 5255 3280 5309 ab
3305 5259 3530 5321 utroque
3557 5265 3712 5344 sexu,

2011 5340 2174 5432 atque
2201 5362 2269 5416 ab
2297 5359 2443 5416 omni
2486 5360 2644 5412 atate
2671 5364 2988 5416 concursus;
3023 5349 3150 5403 aliis
3182 5345 3532 5432 Baptismumq
3546 5340 3714 5432 ﬂagi-

2011 5429 2272 5517 tantibus,
2321 5449 2447 5504 aliis
2493 5444 2998 5506 reconciliationem,
3047 5437 3174 5492 aliis
3220 5434 3363 5488 enim
3386 5429 3713 5501 panitentiae

2077 5689 2092 5723 ι
2126 5685 2349 5746 Salinas,
2380 5695 2446 5732 ex
2475 5680 2567 5730 Cd.
2593 5679 2720 5741 Reg.
2747 5677 2856 5734 541,
2890 5665 3236 5722 conscientia.
3302 5666 3371 5716 M.
