4048 6194
317 238 384 289 63
1141 239 1308 295 νιΤΑ
1365 241 1419 296 S.
1483 242 1873 300 AUGUSTINI
1927 242 2269 304 EPISCOPI,
2316 239 2648 296 AUCTOBE
2687 237 3020 295 POSSIDIO.
3773 246 3842 297 64

315 358 492 426 ipsius
521 360 806 429 actionem,
835 362 1085 418 omnibus
1121 365 1532 420 consolationem
1569 370 1619 421 et
1647 367 2027 421 Sacramenta-

317 461 441 502 rum
469 449 847 515 confectionem
871 457 920 505 et
940 457 1300 521 erogationem
1317 454 1346 509 ?
1379 455 1480 510 Ubi
1497 456 1547 509 si
1564 457 1806 510 ministri
1831 456 2026 523 desint,

317 541 579 605 quantum
606 541 836 592 exitium
865 543 1106 609 sequitur
1125 557 1230 606 eos,
1261 545 1359 612 qui
1385 543 1451 597 de
1475 545 1578 598 isto
1607 545 1800 599 saeculo
1820 545 1902 597 uel
1921 558 2028 596 non

314 628 618 693 regenerati
644 633 841 682 exeunt
867 631 948 684 vel
967 631 1162 698 ligati!
1194 637 1430 699 quantus
1456 635 1534 686 est
1561 633 1726 686 etiam
1753 632 1926 686 luctus
1953 633 2027 699 ﬁ-

316 714 516 768 delium
533 731 774 782 suorum,
807 720 904 786 qui
930 733 1016 774 eos
1039 735 1218 774 secum
1248 722 1304 773 in
1331 723 1457 774 vita?
1485 726 1694 774 actenus
1711 722 1896 788 requie
1922 735 2028 774 non

316 801 614 858 habebunt!
651 811 887 873 quantus
931 807 1162 877 denique
1209 811 1437 876 gemitus
1491 811 1748 875 omnium,
1795 814 1846 864 et
1893 825 2024 878 quo-

318 892 572 946 rumdam
603 900 812 964 quanta
835 895 1170 964 blasphemia
1191 897 1255 949 de
1273 897 1520 951 absentia
1543 899 1967 953 ministeriorum
1978 903 2028 953 et

316 983 691 1036 ministrorum
733 985 787 1036 ί]
824 984 961 1037 Vide
988 985 1122 1053 quid
1149 987 1322 1052 faciat
1350 986 1614 1040 malorum
1655 988 2028 1056 temporalium

321 1071 499 1135 timor,
527 1076 578 1125 et
598 1075 806 1138 quanta
825 1073 882 1124 in
911 1088 967 1126 eo
987 1077 1059 1126 διε
1087 1076 1378 1142 acquisilio
1405 1076 1670 1130 malorum
1687 1080 2024 1130 aeternorum.

315 1159 378 1213 Si
415 1164 594 1212 autem
638 1161 883 1215 ministri
929 1161 1136 1228 adsint,
1164 1179 1266 1232 pro
1295 1165 1506 1218 viribus
1553 1179 1690 1233 quas
1735 1167 1811 1219 eis
1843 1167 2030 1219 Domi-

315 1261 417 1300 nus
460 1248 862 1316 subministrat,
909 1252 1154 1306 omnibus
1200 1253 1548 1308 subvenitur:
1583 1256 1686 1309 alii
1735 1256 2029 1324 baptizan-

323 1339 432 1400 tur,
486 1337 589 1391 alii
618 1341 1058 1406 reconciliantur,
1089 1342 1230 1396 nulli
1260 1341 1284 1374 ‘
1319 1343 1578 1398 dominici
1605 1346 1844 1413 corporis
1887 1359 2027 1398 com-

323 1427 574 1478 munione
613 1426 973 1492 fraudantur,
1019 1443 1195 1483 omnes
1256 1433 1623 1494 consolantur,
1665 1432 2027 1501 aediﬁcantur,

324 1513 707 1582 exhortantur,
768 1520 828 1568 ut
873 1518 1040 1570 Deum
1083 1523 1290 1585 rogent,
1343 1522 1440 1588 qui
1491 1525 1676 1590 potens
1722 1525 1803 1577 est
1849 1523 2031 1576 omnia

317 1615 436 1667 quae
465 1601 741 1671 timentur,
772 1609 1043 1670 avertere;
1086 1609 1277 1676 parati
1297 1607 1373 1661 ad
1390 1613 1698 1679 utrumque,
1746 1613 1806 1663 ut
1833 1612 1884 1664 si
1924 1625 2031 1664 non

316 1692 496 1756 potest
523 1689 590 1743 ab
621 1693 696 1745 eis
718 1693 864 1746 caliac
884 1695 983 1747 iste
1005 1698 1264 1758 transire,
1289 1695 1391 1766 ﬁat
1412 1699 1660 1752 voluntas
1675 1698 1791 1766 ejus
1814 1700 2026 1764 (Matth.

319 1793 468 1846 xxvr,
500 1779 590 1849 42)
624 1783 721 1848 qui
748 1783 883 1835 mali
909 1781 1126 1852 aliquid
1144 1800 1250 1838 non
1275 1791 1451 1854 potest
1477 1787 1790 1842 velle.Certe
1799 1787 1920 1857 jam
1945 1789 2029 1842 ui-

323 1866 417 1921 des
429 1868 575 1935 quod
589 1873 638 1922 te
653 1871 952 1939 scripseras
965 1888 1070 1926 non
1080 1874 1284 1942 videre,
1296 1879 1559 1943 quantum
1577 1876 1702 1930 boni
1711 1892 2030 1946 consequan-

321 1961 412 2009 tur
438 1958 635 2026 populi
654 1958 972 2022 Christiani,
996 1963 1123 2015 siin
1140 1964 1497 2032 praesentibus
1516 1965 1681 2020 malis
1709 1981 1814 2020 non
1839 1967 1915 2020 eis
1936 1966 2034 2020 de-

319 2047 395 2098 sit
421 2049 717 2114 praesentia
748 2050 1119 2104 ministrorum
1154 2053 1393 2108 Christi:
1428 2068 1654 2122 quorum
1681 2054 1829 2109 vides
1871 2057 2032 2109 etiam

328 2140 594 2202 quantum
627 2135 766 2190 obsit
797 2137 1060 2201 absentia,
1094 2139 1222 2194 dum
1248 2155 1349 2195 sua
1377 2147 1626 2210 quarunt
1655 2157 1761 2196 non
1781 2159 1900 2212 quae
1923 2145 2026 2197 Je-

327 2237 391 2276 su
429 2224 636 2279 Christi
666 2226 928 2295 (Philipp.
953 2245 1013 2294 ιι,
1044 2229 1130 2297 2t)
1156 2245 1169 2294 ;
1191 2244 1284 2283 nec
1314 2230 1510 2285 habent
1538 2231 1691 2284 illam
1719 2230 1787 2286 de
1811 2247 1921 2300 qua
1947 2232 2033 2285 di-

322 2316 466 2366 ctum
495 2316 574 2367 est
596 2331 613 2366 :
665 2313 786 2368 Non
829 2316 1038 2384 quaerit
1066 2332 1193 2386 quae
1220 2333 1323 2370 sua
1369 2321 1499 2372 sunt
1534 2320 1573 2386 (Ι
1604 2320 1723 2375 Cor.
1782 2336 1899 2387 xui,
1929 2320 1978 2389 5)
2009 2338 2023 2387 ;

325 2416 417 2455 nec
464 2403 756 2456 imitantur
784 2419 903 2458 eum
933 2407 1030 2474 qui
1051 2405 1196 2460 dixit
1219 2423 1231 2461 :
1265 2407 1389 2462 Non
1421 2424 1684 2477 quarens
1711 2409 1862 2480 quod
1890 2410 2034 2465 mihi

325 2489 468 2544 utile
498 2487 544 2559 ³,
577 2491 674 2545 sed
707 2492 864 2562 quod
907 2493 1102 2548 multis
1133 2499 1199 2548 ut
1227 2495 1365 2549 salvi
1393 2495 1535 2550 ﬁant
1569 2496 1673 2565 (1d.
1704 2513 1760 2565 x,
1789 2499 1894 2565 33).
1929 2500 2035 2566 Qui

325 2579 490 2632 etiam
520 2584 883 2650 persecutoris
911 2585 1180 2653 principis
1207 2585 1358 2639 illius
1387 2586 1618 2640 insidias
1645 2603 1751 2641 non
1777 2589 2032 2656 fugisset,

328 2666 440 2720 nisi
482 2682 538 2722 se
568 2669 696 2724 aliis
726 2671 923 2739 quibus
952 2675 1284 2728 necessarius
1321 2678 1458 2740 erat,
1498 2690 1714 2730 servare
1739 2678 2027 2733 uoluisset:

324 2761 552 2825 propter
576 2758 722 2827 quod
767 2761 868 2826 ait,
911 2760 1238 2831 Compellor
1267 2767 1460 2817 autem
1490 2779 1556 2818 ex
1605 2764 1854 2819 duobus:
1895 2781 2032 2820 cou-

327 2845 734 2915 cupiscentiam
791 2847 1005 2904 habens
1059 2849 1289 2906 dissolvi
1334 2857 1390 2905 et
1439 2868 1558 2906 esse
1609 2869 1738 2908 cum
1791 2851 2032 2917 Christo,

333 2936 515 2990 multo
556 2936 742 3008 magis
771 2938 1053 3009 optimum
1077 2959 1092 3006 ;
1129 2956 1362 2996 manere
1391 2946 1583 2997 autem
1611 2941 1673 2997 in
1700 2959 1888 3007 carne,
1933 2959 2034 2999 ne-

324 3024 634 3082 cessarium
665 3033 904 3099 propter
932 3045 1031 3083 vos
1064 3030 1328 3101 (Philipp.
1361 3049 1398 3098 I,
1430 3032 1518 3102 23)
1543 3031 1646 3100 (a).

337 3187 564 3242 CAPUT
594 3187 766 3242 XXXI.
801 3218 870 3226 —
896 3190 1042 3244 Mors
1071 3195 1121 3243 et
1158 3192 1440 3261 sepultura
1485 3193 1804 3262 Augustini.
1834 3194 2037 3249 Psalmi

373 3277 812 3346 paenitentiales.
872 3277 1216 3348 Sacriﬁcium
1236 3295 1341 3350 pro
1391 3287 1600 3336 mortuo
1653 3281 1908 3336 oblatum.
1941 3285 2032 3337 Bi-

385 3364 674 3420 bliotheca.
709 3367 1058 3422 Monasteria.
1092 3370 1450 3439 Epitaphium
1468 3375 1637 3440 poetae
1655 3371 1962 3440 cujusdam.

397 3487 548 3544 Sane
603 3487 701 3542 ille
754 3494 980 3546 sanctus
1025 3490 1087 3546 in
1137 3491 1226 3548 via
1278 3509 1380 3548 sua
1443 3494 1665 3566 prolixa
1718 3511 1823 3565 pro
1880 3495 2032 3550 utili-

325 3580 443 3632 tate
495 3593 561 3631 ac
621 3577 891 3633 felicitate
939 3585 1148 3636 sanctae
1220 3583 1478 3638 Ecclesia:
1535 3584 1827 3640 catholicae
1885 3585 2032 3639 divi-

332 3666 488 3720 nitus
533 3666 879 3735 condonata,
925 3669 1066 3724 vixit
1119 3671 1284 3726 annis
1330 3676 1688 3745 septuaginta
1735 3679 1792 3728 et
1831 3689 1946 3740 sex,
1973 3674 2034 3728 in

319 3754 590 3810 clericatu
625 3761 822 3811 autem
875 3758 963 3814 vel
995 3759 1326 3832 episcopatu
1383 3763 1547 3817 annis
1585 3764 1762 3818 ferme
1791 3764 2034 3834 quadra-

329 3843 505 3916 ginta.
545 3843 742 3899 Dicere
771 3849 962 3901 autem
995 3848 1160 3904 nobis
1190 3853 1211 3886 ⁸
1238 3849 1390 3905 inter
1417 3851 1723 3906 familiaria
1750 3851 2036 3923 colloquia

325 3938 722 4000 consueverat,
755 3940 886 4007 post
931 3944 1266 4010 perceptum
1303 3940 1680 4012 Baptismum,
1705 3939 1877 3994 etiam
1919 3941 2038 3995 lau-

324 4020 487 4076 datos
513 4019 870 4076 Christianos
891 4020 914 4056 ⁸
943 4029 999 4078 et
1029 4027 1348 4082 sacerdotes
1370 4027 1586 4100 absque
1607 4027 1780 4099 digna
1802 4031 1861 4082 et
1887 4043 2038 4082 com-

319 4109 545 4182 petenti
575 4111 916 4182 pamitentia
949 4114 1100 4169 exire
1123 4115 1192 4170 de
1215 4132 1448 4188 corpore
1475 4133 1591 4172 non
1617 4116 1843 4172 debere.
1875 4118 2034 4182 Quod

302 4205 362 4256 et
389 4199 512 4272 ipse
588 4199 744 4265 fecit,
794 4202 1001 4258 ultima
1040 4221 1153 4275 qua
1183 4205 1484 4260 defunctus
1513 4211 1598 4260 est
1653 4206 2033 4277 egritudine:

328 4307 464 4348 nam
499 4292 606 4348 sibi
647 4293 899 4363 jusserat
953 4284 1205 4349 Psalmos
1237 4294 1547 4362 Davidicos,
1596 4294 1695 4366 qui
1734 4299 1866 4350 sunt
1892 4311 2033 4367 pau-

330 4379 546 4436 cissimi
578 4381 648 4435 de
691 4381 1048 4453 pmnitentia,
1093 4382 1282 4446 scribi,
1328 4381 1596 4454 ipsosque
1636 4384 2038 4455 quaterniones

319 4471 520 4541 jacens
552 4471 610 4526 in
645 4472 790 4527 lecto
821 4477 1016 4527 contra
1046 4472 1324 4544 parietem
1373 4473 1589 4544 positos
1617 4473 1642 4508 ⁸
1668 4473 1868 4529 diebus
1919 4490 2036 4528 sum

330 4559 686 4614 inﬁrmitatis
702 4559 1060 4621 intuebatur.
1091 4566 1147 4616 et
1173 4562 1419 4633 legebat,
1453 4566 1509 4616 et
1530 4562 1750 4634 jugiter
1778 4579 1841 4617 ac
1868 4562 2037 4617 uber-

328 4649 432 4705 tim
455 4650 663 4705 ﬂebat:
689 4655 746 4705 et
775 4666 848 4706 ne
870 4650 1114 4706 intentio
1136 4651 1258 4722 ejus
1273 4667 1306 4705 a
1327 4668 1617 4723 quoquam
1639 4651 2032 4724 impediretur,

331 4743 463 4794 ante
492 4738 613 4794 dies
643 4739 824 4794 ferme
853 4739 1048 4795 decem
1080 4756 1254 4811 quam
1283 4741 1460 4795 exiret
1491 4741 1560 4795 de
1589 4756 1849 4813 corpore,
1871 4758 1905 4796 a
1931 4758 2034 4796 no-

390 4907 406 4972 ξ
439 4903 667 4972 Salinas.
695 4918 759 4954 ex
785 4904 877 4972 Cd.
901 4905 1168 4969 Beg.‘to25
1190 4921 1202 4956 :
1225 4909 1305 4957 De
1329 4907 1569 4960 absentia
1590 4909 1967 4972 mysteriorum
1987 4915 2038 4963 et

315 4965 728 5020 ministrorum.
801 4967 870 5016 Μ.

383 5031 406 5066 ³
433 5028 658 5086 Salinas,
691 5043 751 5078 ex
783 5029 876 5078 Cd.
907 5030 1035 5092 Reg.
1070 5032 1178 5085 5H.
1212 5044 1319 5081 non
1360 5030 1530 5082 multi.
1595 5033 1663 5083 Μ.

376 5094 398 5128 ³
433 5091 660 5152 Salinas,
683 5105 745 5141 ex
767 5091 1108 5156 utroqueCd.
1135 5093 1264 5157 Reg.
1289 5108 1301 5142 ε
1328 5096 1445 5145 Λόη
1468 5097 1605 5159 quod
1622 5093 1760 5146 mihi
1778 5098 1914 5148 utile
1940 5101 2035 5149 est.

383 5221 405 5254 ⁴
431 5217 648 5268 Codices
675 5217 798 5267 Mss.
826 5231 837 5266 :
863 5218 1002 5268 Nam
1023 5219 1159 5269 vixit
1179 5219 1400 5268 annis...
1424 5219 1601 5271 dicere
1615 5220 1772 5272 nobis
1784 5237 1806 5278 ;
1823 5160 2039 5280 ebriust-'0,

314 5284 657 5418 ῗιιηέξίὶῃεε,
679 5356 743 5392 ex
761 5341 854 5418 Cd.
867 5342 995 5418 ﬁes.
1021 5345 1105 5392 5H
1133 5361 1146 5391 :
1172 5344 1355 5394 Etiam
1379 5343 1471 5396 lau
1486 5343 1671 5396 dabitis
1683 5348 2039 5399 conversatio-

316 5404 403 5453 nis
433 5404 800 5457 Christianos.
867 5405 935 5455 Μ.

372 5466 661 5536 °__Salin_as,
694 5482 757 5518 ex
790 5467 884 5517 Cd.
923 5467 1089 5517 Vatic.
1117 5470 1236 5518 1188
1263 5482 1275 5516 :
1308 5469 1373 5518 In
1398 5469 1532 5521 lecto
1552 5473 1744 5522 contra
1765 5473 2039 5536 parietem

305 5531 493 5593 posito.
566 5531 634 5580 M.

393 5644 466 5714 (α)
485 5645 711 5714 Caetera
731 5647 907 5714 videre
943 5651 1023 5698 est
1057 5647 1110 5696 in
1152 5649 1296 5698 tomo
1325 5648 1578 5708 secundo,
1617 5649 1765 5714 epist.
1806 5651 1914 5710 228,
1946 5663 2040 5699 nn.

337 5711 413 5767 ιο,
447 5710 523 5767 ιι,
556 5709 716 5767 42,13
746 5715 798 5758 et
825 5713 899 5760 tt.

2135 363 2222 418 bis
2267 361 2579 434 postulavit
2604 362 3006 433 praesentibus,
3036 378 3109 417 ne
3141 364 3269 436 quis
3301 363 3370 419 ad
3403 379 3533 419 eum
3579 364 3850 436 ingrede-

2138 457 2318 520 retur,
2354 451 2463 506 nisi
2510 449 2582 505 iis
2620 455 2845 506 tantum
2888 451 3068 520 horis,
3100 452 3308 523 quibus
3338 453 3543 508 medici
3577 455 3644 509 ad
3675 452 3850 524 inspi-

2137 540 2403 595 ciendum
2434 539 2716 593 intrarent
2747 541 2786 604 ι,
2808 540 2896 594 vel
2923 555 3050 594 cum
3083 540 3136 594 ei
3163 541 3392 595 refectio
3423 540 3748 596 inferretur.
3774 543 3850 597 Ea

2140 629 2222 684 ita
2269 629 2629 683 observatum
2659 644 2723 682 ac
2753 628 2966 682 factum
2993 633 3113 682 est:
3148 633 3206 683 et
3251 629 3409 683 omni
3439 630 3537 684 illo
3589 635 3846 700 tempore

2137 717 2384 772 orationi
2431 717 2684 772 vacabat.
2735 716 2980 771 Verbum
3013 717 3112 772 Dei
3143 734 3323 789 usque
3358 719 3427 773 ad
3457 720 3640 790 ipsam
3684 735 3844 772 suam

2142 813 2460 862 extremam
2517 806 2919 878 aegritudinem
2963 807 3450 878 impraitermisse,
3485 809 3745 863 alacriter
3791 813 3844 863 et

2143 895 2389 961 fortiter,
2445 912 2581 950 sana
2632 900 2844 961 mente,
2905 912 3158 967 sanoque
3201 895 3438 950 consilio
3491 896 3551 950 in
3612 897 3843 951 ecclesia

2139 984 2485 1056 praedicavit.
2534 983 2799 1040 Membris
2829 985 3096 1040 omnibus
3120 985 3207 1040 sui
3236 985 3491 1056 corporis
3519 985 3841 1052 incolumis,

2141 1074 2364 1144 integro
2393 1078 2627 1144 aspectu
2655 1079 2824 1144 atque
2853 1074 3070 1138 auditu,
3099 1078 3174 1136 et,
3210 1078 3272 1128 ut
3302 1075 3575 1144 scriptum
3609 1079 3711 1140 est,
3743 1090 3842 1128 no-

2138 1162 2224 1216 bis
2255 1162 2591 1222 astantibus,
2625 1167 2681 1217 et
2707 1162 3052 1232 videntibus,
3075 1168 3132 1216 et
3151 1178 3279 1216 cum
3304 1180 3370 1217 eo
3398 1163 3614 1234 pariter
3636 1166 3658 1199 ²
3685 1179 3846 1217 oran-

2137 1251 2292 1305 tibus
2333 1249 2729 1305 obdormivit‘
2775 1266 2907 1304 cum
2934 1249 3194 1320 patribus
3232 1250 3367 1316 suis,
3409 1250 3688 1304 enutritus
3717 1249 3742 1284 ‘
3785 1249 3843 1304 in

2137 1339 2290 1394 bona
2343 1343 2667 1408 senectute;
2701 1344 2759 1394 et
2803 1339 2970 1394 nobis
2999 1354 3190 1393 coram
3221 1355 3325 1409 pro
3380 1339 3502 1409 ejus
3557 1355 3842 1394 commen-

2144 1427 2330 1483 danda
2357 1427 2611 1499 corporis
2663 1427 3019 1498 depositione
3050 1427 3388 1486 sacrificium
3436 1428 3549 1482 Deo
3590 1428 3843 1482 oblatum

2141 1522 2248 1580 est,
2282 1521 2338 1572 et
2368 1517 2630 1588 sepultus
2659 1522 2760 1571 est.
2803 1518 3230 1572 Testamentum
3273 1518 3496 1571 nullum
3527 1517 3678 1581 fecit,
3710 1517 3846 1590 quia

2141 1607 2292 1661 unde
2321 1607 2530 1661 faceret
2555 1622 2774 1678 pauper
2811 1605 2910 1662 Dei
2940 1622 3055 1660 non
3095 1605 3314 1660 habuit.
3343 1607 3602 1661 Ecclesim
3642 1606 3841 1660 biblio-

2141 1695 2384 1760 thecam,
2421 1710 2736 1766 omnesque
2777 1694 2996 1749 codices
3025 1693 3328 1765 diligenter
3369 1694 3614 1765 posteris
3667 1700 3845 1748 custo-

2144 1783 2384 1839 diendos
2415 1799 2643 1854 semper
2665 1783 2922 1855 jubebat.
2955 1784 3011 1839 Si
3043 1783 3178 1855 quid
3211 1799 3344 1837 vero
3376 1783 3638 1849 Ecclesia,
3669 1785 3755 1838 vel
3785 1783 3848 1838 in

2144 1873 2486 1944 sumptibus,
2503 1873 2591 1927 vel
2619 1872 2677 1926 in
2699 1873 3049 1927 ornamentis
3068 1873 3290 1939 habuit,
3319 1872 3451 1927 fidei
3468 1872 3782 1944 presbyteri
3801 1869 3846 1937 ⁸,

2149 1962 2248 2034 qui
2281 1963 2387 2017 sub
2418 1962 2616 2017 eodem
2651 1962 2854 2016 domus
2895 1961 3156 2016 Ecclesiae
3204 1977 3400 2016 curam
3456 1961 3712 2032 gerebat,
3761 1959 3850 2015 di—

2144 2051 2318 2106 misit.
2355 2053 2468 2107 Nec
2497 2067 2629 2104 suos
2683 2050 3162 2121 consanguineos,
3191 2051 3277 2105 vel
3333 2051 3394 2105 in
3423 2051 3717 2123 proposito
3763 2051 3851 2104 vel

2141 2145 2299 2196 extra
2367 2139 2697 2206 constitues,
2736 2139 2799 2193 in
2847 2155 2949 2193 sua
2995 2139 3107 2192 vita
3144 2143 3200 2193 et
3239 2144 3425 2194 morte
3475 2139 3634 2210 vulgi
3689 2155 3850 2194 more

2141 2229 2438 2285 tractavit:
2481 2228 2712 2300 quibus,
2745 2228 2885 2283 dum
2926 2228 3109 2284 adhuc
3138 2233 3480 2299 superesset,
3533 2229 3586 2283 id
3618 2229 3665 2283 si
3707 2247 3855 2300 opus

2142 2319 2272 2387 fuit,
2306 2319 2457 2390 quod
2486 2323 2543 2372 et
2571 2317 2814 2385 caeteris,
2846 2318 3123 2389 erogavit,
3169 2334 3284 2372 non
3313 2323 3379 2373 ut
3405 2317 3630 2373 divitias
3675 2319 3852 2374 habe-

2144 2412 2294 2476 rent,
2325 2408 2424 2462 sed
2453 2412 2518 2461 ut
2543 2411 2642 2461 aut
2671 2422 2803 2472 non,
2843 2411 2942 2460 aut
2969 2405 3162 2460 minus
3191 2412 3442 2476 egerent.
3474 2406 3700 2460 Clerum
3729 2407 3854 2462 suf-

2143 2496 2624 2562 ﬁcientissimum,
2647 2500 2704 2550 et
2730 2494 3079 2550 monasteria
3106 2495 3360 2550 virorum
3392 2511 3455 2549 ac
3484 2495 3850 2562 feminarum,

2143 2584 2570 2640 continentibus
2619 2587 2640 2619 ⁸
2683 2599 2815 2638 cum
2856 2583 2973 2637 suis
3002 2582 3327 2654 prepositis
3355 2582 3542 2654 plena,
3595 2583 3855 2638 Ecclesiae

2144 2673 2382 2740 dimisit,
2414 2690 2531 2728 una
2576 2689 2706 2727 cum
2736 2671 3118 2739 bibliothecis,
3165 2671 3340 2726 libros
3371 2677 3428 2726 et
3465 2676 3736 2726 tractatus
3766 2674 3854 2727 vel

2143 2780 2276 2817 suos
2331 2764 2419 2817 vel
2478 2763 2723 2817 aliorum
2772 2766 3098 2816 sanctorum
3130 2761 3496 2829 habentibus,
3534 2762 3593 2816 in
3644 2761 3858 2834 quibus

2143 2853 2292 2908 dono
2325 2851 2427 2907 Dei
2453 2851 2636 2923 qualis
2661 2851 3097 2923 quantusquein
3123 2851 3366 2905 Ecclesia
3390 2851 3562 2905 fuerit
3582 2851 3854 2911 noscitur,

2143 2947 2201 2996 et
2227 2941 2288 2995 in
2323 2940 2413 2995 his
2453 2955 2681 3010 semper
2710 2939 2897 2994 vivere
2955 2955 2987 2993 a
3017 2938 3284 2994 ﬁdelibus
3337 2939 3642 2994 invenitur.
3689 2941 3860 2995 Juxta

2145 3029 2299 3100 quod
2352 3027 2525 3082 etiam
2559 3026 2920 3081 sazcnlarium
2973 3026 3210 3097 quidam
3240 3031 3562 3097 poetarum,
3597 3027 3713 3082 suis
3765 3029 3861 3100 ju-

2146 3119 2291 3173 hens
2323 3134 2440 3189 quo
2466 3117 2576 3172 sibi
2603 3117 2892 3171 tumulum
2924 3121 3151 3171 mortuo
3181 3117 3239 3171 in
3269 3133 3438 3184 agere
3469 3117 3700 3188 publico
3747 3119 3864 3173 col-

2149 3207 2418 3272 locarent,
2452 3210 2878 3278 programmate
2901 3205 3067 3261 tinxit
3095 3205 3284 3261 dicens
3312 3204 3356 3274 ⁷,

2339 3309 2527 3360 Vivere
2552 3313 2672 3372 post
2703 3310 2907 3359 obitum
2938 3313 3112 3360 vatem
3141 3311 3222 3359 vis
3246 3323 3420 3370 nosse,
3447 3310 3632 3368 viator,

2399 3373 2551 3430 Quod
2572 3372 2704 3436 legis
2724 3385 2843 3422 ecce
2869 3372 3076 3436 loquor,
3097 3386 3202 3422 vox
3225 3377 3316 3422 tua
3345 3387 3533 3437 nempe
3554 3386 3672 3423 mea
3694 3377 3792 3423 est.

2160 3471 2224 3526 Et
2253 3470 2313 3525 in
2343 3469 2462 3525 suis
2490 3469 2721 3542 quidem
2758 3469 2983 3541 scriptis
3014 3471 3108 3525 ille
3139 3471 3254 3525 Deo
3278 3475 3540 3543 acceptus
3570 3476 3624 3526 et
3651 3472 3867 3526 charus

2151 3560 2436 3628 sacerdos,
2469 3564 2751 3630 quantum
2780 3561 3003 3614 lucente
3028 3560 3264 3615 veritate
3284 3561 3475 3616 videre
3504 3562 3863 3629 conceditur,

2145 3652 2298 3702 recte
2329 3664 2392 3701 ac
2421 3663 2580 3715 sane,
2609 3646 2766 3714 ﬁdei,
2797 3647 2940 3718 spei,
2971 3651 3028 3701 et
3047 3647 3340 3702 charitatis
3360 3649 3649 3704 catholicas
3679 3651 3868 3704 Eccle-

2150 3735 2252 3792 sia:
2281 3735 2488 3791 vixisse
2515 3735 2949 3790 manifestatur:
2981 3737 3134 3808 quod
3155 3741 3472 3808 agnoscunt
3497 3738 3597 3810 qui
3626 3754 3757 3792 eum
3790 3738 3869 3793 de

2150 3825 2358 3880 divinis
2410 3824 2751 3880 scribentem
2780 3825 3031 3894 legentes
3059 3825 3384 3896 proﬁciunt.
3411 3827 3520 3883 Sed
3551 3843 3658 3899 ego
3707 3827 3869 3882 arbi-

2151 3920 2272 3969 tror
2299 3915 2431 3986 plus
2461 3930 2525 3968 ex
2559 3930 2626 3968 eo
2657 3915 2933 3986 proiicere
2961 3915 3236 3987 potuisse,
3262 3915 3359 3987 qui
3392 3932 3524 3971 eum
3541 3920 3597 3970 et
3619 3917 3872 3989 loquen-

2151 4008 2268 4060 tem
2317 4003 2380 4058 in
2426 4003 2662 4059 ecclesia
2713 4014 3058 4075 praesentem
3092 4005 3290 4060 audire
3331 4010 3388 4060 et
3427 4006 3618 4061 videre
3664 4011 3875 4077 potue-

2148 4096 2284 4146 runt
2333 4091 2384 4159 ⁸,
2428 4097 2487 4148 et
2516 4093 2639 4163 ejus
2665 4093 2984 4164 praesertim
3015 4094 3040 4128 ’
3075 4093 3225 4148 inter
3278 4093 3541 4150 homines
3571 4111 3876 4150 conversa-

2147 4180 2372 4236 tionem
2385 4198 2499 4237 non
2520 4180 2860 4250 ignoraveru
2870 4186 2954 4238 nt.
2970 4183 3101 4238 Erat
3113 4183 3266 4238 enim
3280 4200 3392 4239 non
3408 4185 3592 4239 solum
3605 4185 3876 4242 eruditus

2147 4269 2338 4324 scriba
2386 4269 2462 4326 ine
2477 4286 2659 4341 regno
2683 4272 2980 4338 caelorum,
3022 4272 3091 4326 de
3142 4273 3411 4328 thesauro
3435 4290 3537 4329 suo
3569 4275 3876 4346 proferens

2155 4374 2300 4412 nova
2332 4363 2392 4414 et
2433 4363 2648 4427 vetera,
2680 4364 2736 4414 et
2766 4376 2918 4414 unus
2962 4362 3409 4432 negotiatorum,
3442 4364 3538 4434 qui
3571 4363 3876 4420 inventam

2161 4449 2476 4520 pretiosam
2509 4449 2902 4520 margaritam,
2963 4466 3090 4521 quae
3119 4450 3365 4507 habebat
3405 4453 3658 4508 venditis.
3709 4471 3876 4510 com-

2155 4537 2380 4609 paravit
2412 4539 2634 4608 (Matth.
2676 4554 2796 4605 χιιι,
2830 4541 2919 4608 52,
2948 4541 3039 4602 45,
3069 4540 3167 4610 46)
3199 4557 3213 4596 :
3242 4556 3440 4596 verum
3485 4543 3658 4598 etiam
3703 4559 3769 4598 ex
3801 4543 3881 4598 iis

2161 4626 2232 4681 ad
2279 4643 2423 4699 quos
2466 4625 2743 4698 scriptum
2775 4632 2879 4695 est,
2911 4628 3001 4685 Sic
3027 4630 3334 4700 loquimini,
3362 4636 3413 4686 et
3439 4634 3518 4686 sic
3545 4634 3714 4698 facite
3741 4631 3884 4701 (Ja-

2213 4780 2228 4814 ι
2261 4777 2503 4845 Salinas:
2531 4778 2656 4845 Tres
2673 4778 3162 4845 ysszdntrabgnt;
3193 4794 3334 4830 unus
3364 4781 3735 4845 prosequitur:
3783 4784 3888 4835 uel

2152 4843 2341 4906 cumet
2367 4840 2589 4906 refectio
2621 4840 2963 4906 offerebatur.
3030 4842 3100 4891 M.

2212 4903 2234 4970 ξ
2256 4902 2438 4970 Electri
2469 4902 2811 4970 gmnes':M_es.
2831 4904 3076 4970 omitunt
3101 4916 3218 4953 cum
3241 4917 3299 4954 eo
3321 4907 3540 4970 pariter.

2213 4967 2234 5000 3
2256 4964 2432 5030 Editio
2468 4966 2604 5030 Lov.
2626 4966 2791 5030 addit.
2821 4968 2873 5015 in
2893 4978 3047 5030 pace.

2216 5029 2235 5062 ι
2268 5027 2639 5092 Germanensis
2667 5029 2830 5078 codex
2861 5027 3094 5092 praeterit
3119 5029 3392 5092 enutritus
3417 5045 3430 5090 ;
3460 5033 3512 5079 et
3539 5031 3696 5089 infra,
3729 5031 3884 5082 loco.

2156 5089 2380 5156 Elnobis
2394 5102 2698 5156 (orampro
2715 5089 3075 5156 equjrpfert
3096 5105 3106 5138 :
3125 5093 3192 5140 Et
3207 5103 3239 5140 a
3259 5091 3363 5156 nob
3377 5089 3528 5156 capro
3541 5095 3669 5153 ejus.
3697 5121 3757 5131 --
3773 5093 3882 5144 Sa-

2153 5151 2310 5217 linas,
2339 5165 2403 5217 ea
2439 5153 2530 5217 Cd.
2568 5151 2694 5217 Heg.
2726 5151 2749 5202 ξ’
2770 5153 2833 5202 Et
2857 5151 3008 5217 nobis
3040 5165 3222 5217 eorum
3243 5151 3443 5217 positis;
3509 5151 3576 5203 ΜΖ

2215 5213 2574 5287 habent
2603 5213 2708 5287 Mss
2749 5231 2761 5275 ;
2798 5219 2854 5287 at
2878 5214 3040 5287 editi:
3072 5213 3609 5287 Fide/{presbytetm

2213 5278 2234 5310 θ
2258 5276 2395 5340 Editi
2421 5278 2676 5340 praebent,
2705 5276 3119 5340 continentium.
3151 5303 3210 5315 --
3237 5276 3321 5327 Sic
3346 5276 3502 5328 etiam
3534 5278 3761 5328 Salinas.
3793 5281 3876 5336 M.

2213 5336 2451 5416 ξιΔ
2471 5342 2573 5416 Pro
2601 5340 2986 5416 epigrammate
3012 5336 3192 5412 ﬁnxit,
3222 5339 3436 5416 dicens._
3464 5341 3660 5416 omnes
3693 5343 3827 5416 Mss.
3861 5359 3875 5392 :

2143 5405 2540 5465 programmate
2573 5423 2584 5462 ;
2614 5402 2666 5450 et
2691 5402 2765 5451 'ex
2815 5402 2878 5450 iis
2920 5402 3157 5464 plerique
3206 5404 3462 5465 praebent.
3515 5402 3637 5462 ﬁxit
3679 5405 3882 5455 dicem

2150 5489 2211 5500 —
2247 5463 2472 5530 Salinas,
2504 5478 2569 5514 ex
2601 5464 2692 5513 Cd.
2719 5465 2846 5527 Reg.
2882 5465 2964 5514 5H
2997 5467 3140 5516 τι)νο
3172 5466 3570 5529 epigrammate
3598 5464 3762 5530 ﬁnxit
3783 5467 3881 5518 di-

2150 5526 2789 5656 cfgséerﬁanenseshtss.
2811 5603 2823 5636 :
2854 5591 2914 5639 In
2936 5589 3177 5640 Ecclesia
3189 5589 3374 5640 audire
3384 5591 3804 5656 prasentialiter
3824 5595 3885 5643 et

2151 5650 2338 5702 videre
2363 5653 2671 5723 potuerunt.
3195 5715 3204 5724 _
3384 5650 3400 5656 '

2223 5715 2245 5749 θ
2275 5713 2498 5773 Salinas,
2529 5727 2592 5762 ex
2618 5711 2709 5762 Cd.
2746 5713 2872 5778 Reg.
2904 5716 3023 5763 541:
3057 5716 3125 5764 Et
3153 5727 3268 5778 ejus
3295 5717 3633 5780 praesentem.
3697 5716 3772 5766 Μ.
