4048 6194
185 349 252 400 es
1119 339 1293 396 vna
1336 338 1396 394 s.
1437 336 1821 394 AUGUSTINI
1864 333 2202 395 EPISCOPI.
2232 296 2450 391 LIBER
2491 333 2785 390 PRIMUS.
3647 340 3714 392 es

181 468 301 522 σοὸὶ
324 484 387 532 ιι,
424 466 540 536 l2);
571 469 631 520 et
658 465 729 520 de
769 464 977 536 quibus
1024 463 1283 518 Salvator
1308 461 1464 528 dicit,
1497 462 1602 528 Qui
1626 463 1815 529 fecerit
1846 464 1896 515 et

178 557 423 611 docuerit
451 559 528 611 sic
561 557 821 622 homines,
851 555 938 608 hic
958 567 1187 622 magnus
1211 552 1490 607 vocabitur
1517 554 1577 605 in
1604 566 1767 619 regno
1799 566 1896 605 caa-

173 648 349 699 torum
380 645 600 715 (Matth.
643 661 699 712 v,
738 646 847 715 19).

238 736 382 789 Peto
428 740 623 788 autem
655 732 950 803 impendio
983 734 1226 786 vestram
1251 730 1608 799 charitatem,
1640 729 1740 801 qui
1771 729 1891 783 haec

166 824 380 894 scripta
427 823 638 894 legitis,
691 828 753 876 ut
802 837 1029 876 mecum
1074 821 1460 892 omnipotenti
1508 821 1622 873 Deo
1675 818 1892 890 gratias

164 913 371 983 agatis,
410 912 834 982 Dominumque
865 910 1231 972 benedicatis.
1263 910 1364 981 qui
1396 908 1598 962 tribuit
1631 908 1771 961 mihi
1809 908 1892 960 in-

164 1004 488 1068 tellectum,
512 1006 576 1055 ut
603 1002 725 1055 luec
756 1000 816 1054 in
836 1000 1100 1054 notitiam
1122 1002 1178 1053 et
1204 997 1578 1068 praesentium
1602 1000 1659 1050 et
1688 996 1892 1049 absen-

166 1091 314 1145 tium
346 1090 654 1161 prmsentis
676 1089 951 1160 temporis
973 1094 1027 1142 et
1056 1087 1235 1142 futuri
1263 1085 1585 1153 hominum,
1610 1089 1665 1139 et
1685 1084 1891 1138 vellem

168 1180 415 1245 deferre,
451 1185 504 1233 et
535 1179 871 1246 valuissem;
902 1186 957 1232 et
990 1192 1211 1232 mecum
1253 1192 1315 1230 ac
1346 1192 1450 1246 pro
1482 1190 1573 1228 me
1601 1174 1798 1238 oretis,
1834 1178 1895 1226 ut

170 1270 324 1323 illius
341 1269 641 1340 quondam
669 1268 793 1335 viri,
816 1284 947 1322 cum
976 1283 1089 1338 quo
1109 1266 1287 1320 ferme
1318 1264 1484 1317 annis
1510 1263 1896 1334 quadraginta

174 1358 270 1411 Dei
316 1358 475 1412 dono
508 1358 525 1392 ¹
562 1358 777 1428 absque
818 1373 1013 1410 amara
1044 1355 1158 1409 ulla
1206 1350 1561 1409 dissensione
1594 1351 1893 1408 familiari-

236 1504 251 1535 ι
285 1499 621 1550 Fossatensis
644 1500 773 1549 Mss.
804 1514 816 1549 :
847 1498 943 1548 Dei
968 1498 1132 1549 domo.

186 1673 551 1680 m~‘—,

1614 1672 1929 1681 "mw.

1956 470 1963 471 ί
2002 461 2090 513 ter
2118 474 2182 513 ac
2209 457 2449 513 dulciter
2472 458 2604 523 vixi,
2639 461 2694 512 et
2719 456 2779 511 in
2799 457 2907 511 hoc
2936 458 3141 513 saeculo
3168 460 3469 515 aemulator
3497 464 3555 514 et
3582 459 3711 514 imi-

2002 551 2155 601 tator
2183 546 2442 612 existam,
2465 551 2522 600 et
2548 544 2610 599 in
2638 546 2831 599 futuro
2855 546 3260 616 omnipotentis
3291 547 3386 601 Dei
3411 548 3713 617 promissis

2002 651 2134 691 cum
2161 635 2361 690 eodem
2388 634 2668 706 perfruar.
2699 635 2883 688 Amen
2922 634 2962 689 ⁸.

2066 886 2081 918 ¹
2112 882 2352 932 Salinas:
2385 884 2441 931 In
2478 882 2658 932 codice
2694 882 2905 944 Reginae
2939 882 3024 929 541
3053 880 3155 929 hoc
3183 878 3543 944 additur‘ﬁnis
3593 893 3713 944 cum

2004 946 2277 994 nonnullis
2307 944 2423 993 aliis
2443 945 2613 993 verbis
2642 945 2709 993 ad
2732 941 3102 992 translationes
3132 942 3366 1006 corporis
3397 941 3449 999 S.
3476 941 3715 1006 Doctoris

2003 1008 2387 1070 pertinentibus
2409 1022 2420 1055 :
2440 1008 2537 1064 Qui
2555 1020 2680 1056 cum
2709 1009 2815 1054 Deo
2832 1009 2994 1055 Patre
3008 1010 3060 1054 et
3081 1005 3301 1070 Spiritu
3313 1009 3499 1070 sancto
3523 1005 3649 1053 vicit
3665 1006 3719 1053 et

2003 1067 2269 1179 gloriatur
2281 1074 2332 1140 et
2345 1074 2525 1143 regnat
2542 1072 2681 1119 Deus
2692 1083 2784 1131 per
2794 1072 2975 1117 omnia
2988 1067 3183 1139 sarcula
3194 1081 3325 1139 saec-11
3334 1067 3571 1117 torum.A
3583 1080 3694 1114 nuen
3704 1102 3717 1115 .

2030 1135 2261 1179 nsititius
2279 1132 2364 1179 hic
2394 1135 2511 1179 tuus
2536 1135 2631 1179 est.
2664 1145 2760 1179 nec
2784 1132 2849 1179 ad
2884 1131 3103 1179 Possrdu
3127 1135 3353 1179 pertinet
3367 1134 3587 1178 textum.
3614 1129 3717 1176 No-

2030 1132 2261 1179 nsititius
2279 1132 2364 1179 hic
2394 1129 2511 1179 linis
2536 1135 2631 1190 est,
2664 1129 2760 1179 nec
2784 1132 2849 1179 ad
2884 1130 3103 1179 Possidii
3126 1130 3353 1192 pertinet
3367 1134 3587 1192 textum.
3614 1129 3718 1176 No-

2005 1200 2118 1241 tum
2133 1197 2212 1241 est
2228 1193 2371 1241 enim
2393 1194 2760 1242 ecclesiastica}
2774 1192 3101 1254 antiquitatis
3118 1190 3389 1254 studiosis,
3411 1192 3466 1239 in
3484 1190 3586 1238 ﬁne
3604 1194 3719 1254 tum

2005 1255 2337 1311 Sermouum,
2364 1260 2473 1303 tum
2504 1255 2757 1313 Vitarum,
2784 1252 2950 1316 quain
2974 1254 3251 1302 Veteribus
3276 1253 3430 1316 edita:
3455 1258 3599 1308 sunt,
3623 1252 3716 1300 ali-

2004 1331 2109 1379 qua
2137 1316 2258 1365 addi
2288 1322 2340 1365 et
2369 1317 2546 1374 inseri,
2574 1317 2711 1365 sicut
2731 1320 2782 1379 et
2802 1315 3114 1379 frequenter
3134 1315 3454 1379 detruncari,
3476 1320 3588 1379 tum
3618 1328 3713 1377 pro

2005 1377 2227 1439 dicentis
2254 1379 2635 1442 seribentisque
2659 1377 3466 1442 arbitrio,acgprosolemnitatis
3489 1378 3713 1435 ratione,

2006 1445 2119 1504 tum
2151 1455 2241 1503 pro
2276 1439 2572 1504 temporum
2603 1441 2931 1490 necessitate.
2965 1439 3138 1499 Quod,
3170 1453 3293 1504 cum
3325 1444 3572 1504 accurate
3606 1452 3718 1487 non

2007 1500 2313 1565 advertitur,
2337 1500 2401 1552 in'
2426 1516 2611 1567 graves
2640 1518 2700 1552 ac
2728 1508 2907 1566 turpes
2939 1515 3145 1552 errores
3180 1500 3422 1564 impellit.
3460 1501 3527 1549 Μ.

685 1988 1322 2119 SANGTI
1435 1801 2193 2120 ΑΙ]Ιέῗέ
2290 1992 3259 2159 ΑΗΘΠΞΤΙΝΙ,

1402 2202 2028 2268 HIPPONENSIS
2094 2202 2523 2269 EPISCOPI

1130 2338 1231 2393 EX
1273 2338 1438 2395 EJUS
1476 2339 1906 2399 POTISSIMUM
1946 2342 2259 2401 SCRIPTIS
2297 2344 2783 2401 CONCINNATA.

1341 2617 1856 2744 LIBER
1968 2524 2397 2746 ΡΡιΙΜ
2413 2622 2617 2748 US

594 2800 668 2849 De
695 2800 877 2865 primis
904 2799 1087 2864 viginti
1115 2814 1299 2849 novem
1330 2800 1480 2851 annis
1511 2802 1813 2867 Augustini,
1846 2806 1910 2855 ab
1942 2806 2056 2869 ejus
2093 2814 2221 2855 ortu
2241 2806 2305 2855 ad
2332 2808 2708 2871 profectionem
2739 2808 2971 2872 ejusdem
3004 2810 3055 2858 in
3094 2809 3311 2860 Italiam.

1810 2958 2117 2969 ~—-——.

760 3060 983 3115 CAPUT
1023 3060 1296 3115 PRIMUM
1315 3104 1327 3117 .

172 3211 191 3261 1
230 3205 553 3273 Augustini
582 3205 791 3273 patria.
823 3206 857 3257 2
882 3203 1095 3261 Natalis
1127 3202 1268 3259 dies.
1317 3208 1347 3258 3
1380 3206 1604 3261 Nomen.
1638 3206 1672 3260 4
1704 3208 1903 3262 Paren-

745 3298 820 3348 tes
858 3297 909 3347 et
944 3294 1347 3359 consanguinei.

244 3440 298 3491 1.
326 3435 605 3490 Aurelius
633 3433 1007 3506 Augustinus,
1039 3434 1125 3488 vir
1153 3434 1346 3489 divino
1371 3451 1609 3491 munere
1639 3438 1900 3493 Ecclesiae

168 3524 444 3590 donatus,
472 3524 776 3594 Tagastam
801 3522 1108 3576 obscurum
1136 3522 1340 3575 Africa:
1369 3523 1647 3593 oppidum
1693 3524 1754 3579 in
1786 3527 1904 3581 Nu-

169 3614 370 3668 midiae
420 3612 845 3667 mediterranea
889 3618 1073 3682 parte,
1109 3611 1262 3665 haud
1302 3614 1503 3681 procul
1538 3613 1820 3668 Madauris
1852 3621 1909 3670 et

172 3700 663 3774 Hippone-Regio
695 3701 889 3767 situm,
921 3707 1053 3755 ortu
1102 3716 1204 3754 suo
1250 3700 1573 3756 nobilitavit
1610 3705 1812 3771 (Poss.,
1846 3707 1907 3758 in

178 3795 309 3846 Vita
328 3796 681 3860 August.,c.
715 3794 735 3844 1
759 3807 772 3857 ;
797 3792 1039 3858 August.
1057 3832 1070 3857 ,
1090 3793 1272 3859 Epist.
1294 3794 1350 3856 7,
1368 3807 1429 3845 η.
1460 3794 1522 3855 6;
1545 3792 1788 3859 Con/ess.
1808 3794 1906 3847 lib.

174 3885 225 3947 2,
278 3898 410 3950 cap.
473 3884 531 3945 3,
590 3895 649 3933 η.
703 3880 778 3949 5).
832 3880 905 3933 Ea
952 3879 1149 3933 civitas
1202 3879 1423 3933 nefario
1482 3880 1906 3935 Donatistarum

173 3970 476 4024 schismati
510 3972 625 4022 tota
659 3967 798 4022 olim
830 3968 1181 4023 adhaeserat:
1216 3968 1311 4022 sed
1358 3983 1510 4022 anno
1542 3968 1769 4023 circiter
1797 3972 1908 4023 tre-

174 4058 498 4114 centesimo
526 4057 964 4129 quadragesimo
990 4073 1141 4111 nono
1166 4059 1555 4111 Cmsarearum
1577 4058 1770 4128 legum
1798 4062 1908 4112 ter-

176 4166 301 4203 rore
334 4149 641 4218 compulsa
685 4146 756 4200 ad
807 4146 1281 4200 communionem
1336 4146 1695 4214 catholicam,
1751 4151 1909 4201 tanto

175 4238 389 4292 deinde
420 4236 756 4291 animorum
777 4235 966 4289 studio
996 4235 1058 4289 in
1089 4252 1217 4290 eam
1251 4235 1491 4302 coaluit,
1516 4240 1580 4290 ut
1599 4251 1750 4290 anno
1782 4241 1912 4306 post

176 4326 544 4398 sexagesimo
568 4324 724 4378 illius
746 4324 945 4379 incola:
977 4324 1047 4378 iis
1078 4325 1371 4378 erroribus
1394 4340 1692 4395 nunquam
1723 4323 1913 4396 impli-

178 4415 275 4470 citi
303 4415 489 4469 fuisse
519 4413 851 4468 viderentur
881 4414 1165 4483 (August.,
1199 4414 1379 4481 Epist.
1417 4415 1504 4478 93,
1536 4429 1592 4467 η.
1628 4413 1734 4483 17).

246 4508 303 4558 2.
340 4505 405 4558 In
429 4504 623 4557 lucem
648 4501 832 4556 editus
862 4507 946 4556 est
968 4500 1325 4571 Augustinus
1356 4501 1543 4556 idibus
1569 4501 1914 4572 novembris,

178 4610 333 4648 anno
367 4591 583 4648 Christi
606 4590 906 4662 (quantum
938 4608 1003 4644 ex
1035 4592 1311 4662 Prospero
1335 4596 1390 4645 et
1424 4590 1677 4646 Possidio
1707 4591 1917 4646 intelli«

182 4684 375 4754 gimns
394 4684 617 4751 (Prosp.
636 4721 650 4746 ,
676 4683 734 4733 in
751 4680 946 4736 Chron.
969 4696 981 4746 ;
1004 4681 1177 4746 Poss.,
1193 4683 1252 4734 in
1280 4682 1407 4735 Vita
1429 4680 1670 4747 August.
1688 4720 1702 4746 ,
1725 4696 1769 4734 c.
1792 4680 1907 4748 30).

182 4770 599 4827 trecentesimo
629 4768 1110 4841 quinquagesimo
1148 4774 1352 4840 quarto
1379 4785 1391 4822 :
1426 4767 1639 4840 quippe
1671 4767 1773 4839 qui
1799 4768 1917 4822 vita

184 4862 424 4915 cesserit
456 4859 665 4929 quinto
699 4857 973 4911 kalendas
1002 4856 1366 4927 septembris,
1386 4873 1537 4911 anno
1560 4857 1755 4910 salutis
1782 4873 1919 4929 qua-

182 4950 653 5018 dringentesimo
697 4946 1020 5018 trigesimo,
1072 4945 1257 5000 aetatis
1311 4962 1429 4999 suae
1497 4946 1917 5017 septuagesimo

184 5045 347 5093 sexto
381 5053 566 5110 prope
609 5036 889 5090 absoluto.
923 5035 1087 5099 Quod
1127 5034 1363 5107 quidem
1405 5035 1667 5106 pluribus
1697 5050 1763 5089 eo
1794 5035 1918 5089 loco

183 5128 621 5183 discutiendum
652 5125 779 5194 erit,
818 5125 918 5180 ubi
948 5125 1018 5180 dc
1068 5130 1329 5196 tempore
1369 5122 1755 5179 conversionis
1800 5124 1920 5196 ejus

186 5218 379 5273 acturi
413 5232 643 5270 sumus.

260 5311 316 5363 3.
355 5307 502 5362 Cum
530 5304 808 5360 celebrari
838 5321 941 5375 per
970 5303 1164 5359 orbem
1198 5303 1387 5375 coepit,
1415 5302 1536 5373 jam
1565 5306 1690 5357 tum
1732 5301 1921 5357 eidem

186 5401 317 5451 erat
362 5410 704 5467 praenomen
747 5394 1021 5449 Aurelio:
1074 5393 1225 5465 quod
1276 5392 1527 5463 perfecto
1574 5391 1692 5459 ille,
1724 5390 1839 5445 sive
1868 5390 1927 5445 id

186 5484 386 5539 infans
436 5488 737 5554 acceperat
765 5480 905 5554 ipsis
949 5482 1019 5536 ab
1051 5480 1435 5547 incunabulis,
1470 5480 1584 5536 sive
1628 5484 1756 5551 post
1792 5479 1925 5534 vita:

191 5572 594 5644 doctrinque
620 5571 830 5627 merito
863 5576 1089 5626 sanctus
1116 5572 1321 5626 Doctor
1350 5569 1589 5642 adeptus
1620 5574 1763 5634 erat,
1786 5583 1929 5622 sem-

195 5679 302 5735 per
327 5664 591 5717 retinuit.
628 5661 772 5716 Nam
797 5660 907 5714 hoc
937 5659 1131 5731 ipsum
1159 5658 1518 5732 praenomine
1551 5657 1756 5712 Paulus
1787 5656 1927 5711 Oro-

200 5752 323 5807 sius
354 5755 413 5809 in
444 5770 566 5810 suae
595 5750 861 5808 Historiae
892 5748 986 5805 Ad
1018 5751 1305 5806 Aurelium
1333 5748 1705 5818 Augustinum
1732 5744 1928 5801 inscri-

2011 3067 2207 3138 ptione
2254 3068 2565 3140 insignivit.
2602 3070 2810 3125 Eodem
2842 3071 3007 3126 illum
3056 3073 3351 3127 exornavit
3391 3072 3577 3144 ipsius
3613 3074 3733 3128 fere

2011 3157 2247 3227 aequalis
2279 3160 2621 3214 Claudianus
2666 3161 2972 3215 Mamertus
3007 3160 3281 3233 (Mamer.,
3312 3162 3377 3216 de
3405 3163 3565 3219 Statu
3608 3165 3732 3219 ani-

2010 3260 2129 3315 mae,
2160 3247 2260 3300 lib.
2290 3249 2344 3310 2,
2372 3263 2491 3317 cap.
2531 3250 2644 3319 l0);
2679 3250 2879 3303 eodem
2911 3250 3254 3305 venerabilis
3284 3251 3434 3306 Beda
3466 3251 3642 3321 (Bcd.,
3674 3256 3736 3307 in

2017 3338 2145 3391 Vita
2174 3338 2237 3393 S.
2279 3338 2537 3406 Cuthb.);
2568 3339 2773 3394 eodem
2802 3342 3082 3411 praeclara
3122 3358 3370 3413 quaeque
3402 3348 3458 3397 et
3483 3343 3736 3414 antiqui-

2012 3441 2111 3480 ora
2140 3428 2549 3497 opusculorum
2581 3429 2760 3499 ipsius
2789 3430 2909 3484 visa
2938 3431 3107 3485 nobis
3142 3432 3434 3486 volumina
3463 3432 3739 3487 decorant

2011 3526 2338 3587 augentque
2368 3518 2754 3587 Augustinum
2772 3559 2785 3573 .

2081 3607 2139 3659 4.
2179 3606 2436 3659 Honestis
2467 3622 2599 3659 eum
2632 3610 2977 3676 prognatum
3008 3608 3350 3677 parentibus
3382 3608 3560 3662 tradit
3592 3610 3732 3662 Pos-

2013 3692 2209 3760 sidius,
2244 3694 2312 3747 de
2362 3694 2675 3748 Curialium
2719 3711 2983 3762 numero,
3015 3696 3120 3750 hoc
3172 3701 3276 3762 est,
3311 3711 3510 3751 eorum
3544 3696 3645 3767 qui
3677 3695 3739 3750 in

2014 3782 2342 3853 municipiis
2384 3783 2557 3837 curia:
2606 3783 2861 3838 officium
2902 3784 3416 3852 administrabant,
3447 3790 3502 3840 et
3536 3785 3739 3839 munia

2014 3872 2393 3943 procurabant
2421 3871 2605 3925 civilia
2637 3874 2836 3942 (Poss.,
2872 3875 2930 3928 in
2970 3875 3096 3930 Vita
3127 3879 3405 3942 August.,
3438 3891 3482 3929 c.
3525 3875 3597 3945 l).
3632 3875 3739 3928 Pa-

2013 3966 2101 4016 tcr
2142 3962 2194 4016 ei
2226 3962 2495 4016 Patricius
2524 3963 2652 4029 fuit,
2688 3964 2984 4034 municeps
3024 3965 3392 4037 Tagastensis
3425 3965 3740 4019 admodum

2015 4052 2221 4118 tenuis,
2254 4051 2450 4123 virque
2483 4051 2677 4106 animo
2725 4052 2910 4123 magis
2939 4069 3115 4124 quam
3163 4054 3368 4124 opibus
3398 4054 3644 4125 pollens,
3678 4059 3743 4107 ut

2016 4141 2137 4212 ipse
2166 4140 2517 4211 Augustinus
2565 4157 2791 4196 summa
2830 4141 3010 4196 animi
3052 4142 3398 4197 demissione
3443 4142 3740 4197 memoria:

2017 4228 2208 4299 prodit
2252 4230 2506 4298 (Confess.
2559 4228 2696 4282 libro
2745 4230 2798 4293 2,
2843 4244 2965 4299 cap.
3013 4232 3065 4296 3,
3116 4246 3176 4285 η.
3222 4230 3275 4299 5)
3318 4246 3331 4283 ε
3386 4228 3487 4299 qui
3535 4228 3740 4283 eadem

2018 4317 2298 4372 modestia
2329 4317 2625 4387 adductus,
2658 4317 2885 4388 publica
2914 4317 2976 4371 in
3007 4318 3277 4371 concione
3312 4317 3495 4371 fassus
3528 4321 3617 4371 est
3644 4317 3743 4371 ali-

2021 4406 2272 4479 quando,
2320 4412 2531 4460 vestem
2574 4406 2887 4477 pretiosam
2932 4407 3071 4460 forte
3124 4406 3463 4477 episcopum
3516 4406 3740 4474 decere,

2021 4494 2260 4549 minime
2304 4511 2436 4548 vero
2480 4495 2888 4565 Augustinum,
2941 4493 3236 4549 hominem
3296 4511 3631 4566 pauperem,
3673 4496 3741 4551 de

2022 4582 2369 4656 pauperibus
2424 4589 2624 4637 natum
2678 4583 3012 4653 parentibus
3073 4584 3269 4653 (Serm.
3335 4587 3457 4653 336,
3511 4600 3574 4641 η.
3636 4588 3742 4656 13).

2025 4674 2155 4727 Erat
2180 4670 2420 4727 Patricio
2453 4671 2700 4725 liberalis
2731 4677 2785 4726 et
2815 4688 3137 4742 propensus
3169 4672 3226 4725 in
3260 4689 3462 4728 omnes
3493 4674 3743 4744 animus,

2025 4766 2083 4816 at
2110 4760 2415 4815 iracundus
2446 4761 2692 4813 multum
2722 4764 2778 4814 et
2807 4760 2985 4815 ferox.
3018 4762 3066 4814 A
3118 4760 3430 4816 christiana
3461 4762 3574 4817 fide
3605 4764 3747 4818 alie-

2024 4867 2132 4905 nus
2163 4850 2257 4904 diu
2289 4865 2419 4903 cum
2460 4848 2675 4911 fuisset,
2710 4848 2813 4902 sub
2854 4852 3105 4904 extrema
3134 4850 3264 4905 vitae
3314 4855 3574 4923 tempora
3606 4870 3746 4908 con-

2027 4956 2237 5005 versus,
2276 4955 2387 4993 una
2416 4954 2544 4993 cum
2590 4938 2700 4992 lide
2730 4942 2914 4991 castos
2963 4942 3022 4992 et
3059 4938 3401 4994 christianos
3432 4957 3626 4995 mores
3658 4941 3745 4995 in-

2027 5029 2152 5084 duit
2201 5030 2456 5099 (Confess.
2518 5027 2657 5081 libro
2714 5029 2765 5093 9,
2809 5042 2928 5096 cap.
2986 5030 3039 5096 9,
3088 5044 3186 5084 nn.
3228 5032 3313 5096 l9,
3363 5031 3476 5101 22).
3520 5029 3745 5084 Patricii

2029 5118 2234 5189 conjux
2263 5116 2497 5171 nomine
2524 5114 2783 5169 Monnica
2812 5116 2915 5185 (sic
2945 5116 3100 5171 enim
3134 5118 3256 5188 ejus
3286 5134 3500 5172 nomen
3531 5117 3745 5189 ubique

2030 5207 2091 5261 in
2120 5205 2371 5277 antiquis
2401 5204 2690 5259 codicibus
2734 5205 3057 5277 pingebant
3086 5206 3326 5276 librarii)
3360 5206 3746 5276 Augustinum

2032 5296 2235 5367 spiritu
2282 5310 2398 5348 non
2445 5293 2635 5347 minus
2675 5311 2850 5366 quam
2881 5311 3049 5349 carne
3089 5294 3410 5366 parturivit.
3446 5296 3650 5349 Multos
3683 5312 3747 5350 ex

2032 5384 2276 5440 Patricio
2323 5383 2547 5455 peperit
2590 5383 2802 5439 liberos
2844 5401 2856 5440 :
2899 5402 3032 5439 nam
3075 5383 3428 5455 Augustinus
3468 5385 3639 5439 matri
3677 5385 3751 5441 ad

2034 5475 2190 5531 Ostia
2216 5473 2483 5527 Tiberina
2516 5472 2750 5528 obeunti
2777 5490 2927 5528 anno
2960 5473 3359 5528 trecentesimo
3391 5474 3750 5545 octogesimo

2036 5569 2234 5619 octavo
2267 5563 2502 5617 fratrem
2533 5579 2700 5618 suum
2734 5563 2978 5617 adfuisse
3012 5568 3250 5616 testatur
3280 5561 3470 5631 (Ibid,
3502 5579 3625 5633 cap.
3662 5567 3745 5631 ll,

2035 5669 2100 5709 η.
2132 5652 2246 5723 27).
2282 5653 2332 5707 Is
2360 5669 2529 5726 porro
2568 5668 2684 5708 non
2724 5652 2868 5706 alius
2897 5650 3124 5706 videtur
3153 5668 3186 5706 a
3217 5651 3474 5724 Navigio,
3507 5653 3607 5725 qui
3638 5669 3753 5707 una

2037 5758 2169 5800 cum
2200 5741 2522 5813 Augustino
2554 5741 2729 5796 fratre
2753 5756 2857 5795 suo
2884 5739 3145 5796 nondum
3173 5746 3512 5814 regenerato
3534 5742 3593 5796 in
3618 5741 3753 5796 villa
