4048 6194
352 337 414 388 (ῑῒ
1567 340 1736 396 VITA
1789 340 1846 394 S.
1893 340 2281 398 AUGUSTINI
2325 341 2664 402 EPISCOPI.
3801 360 3876 408 68

349 458 664 513 Verecundi
708 459 941 529 degens,
992 459 1403 532 philosophicis
1465 461 1590 532 ejus
1637 463 2054 518 dissertationi-

347 548 453 601 bus
481 547 776 612 intererat,
806 548 1069 602 laborans
1097 550 1295 620 splene
1324 549 1526 605 vitioso
1574 551 1670 623 (De
1697 555 1864 607 Beata
1905 555 2051 619 Vita,

344 651 438 690 nn.
465 639 520 701 7,
563 635 643 706 14)
675 653 686 690 :
719 653 831 708 quo
875 637 1027 692 haud
1058 637 1227 693 dubie
1270 644 1430 710 patre
1482 647 1792 711 procreatae
1823 642 2050 696 fuerant

344 725 459 777 illa;
491 724 795 795 Augustini
825 742 890 779 ex
926 726 1095 781 fratre
1125 732 1345 796 neptes,
1374 745 1502 799 quae
1536 729 1648 782 Deo
1679 730 1895 798 pariter
1928 747 2046 785 ser-

343 813 574 868 viebant
603 814 795 884 (Poss.,
838 818 896 868 in
934 817 1061 870 Vita
1089 816 1352 882 August,
1377 833 1423 870 c.
1455 817 1568 886 26),
1614 833 1744 871 cum
1770 819 2046 888 ejusdem,

343 908 410 958 ut
452 902 694 967 videtur,
730 903 908 957 sancti
940 902 1217 958 Antistitis
1248 921 1526 975 germana
1555 921 1770 973 sorore,
1805 923 1933 978 quas
1963 908 2046 963 vi-

346 991 460 1047 dua
508 992 706 1046 relicta
744 992 953 1046 multos
984 1008 1162 1046 annos
1203 992 1263 1046 in
1302 993 1453 1048 diem
1499 1011 1679 1066 usque
1727 995 1919 1051 obitus
1961 997 2048 1051 sui

346 1081 566 1136 Christo
597 1081 846 1156 serviens
877 1080 1208 1134 ancillarum
1245 1081 1344 1135 Dei
1375 1083 1633 1138 coenobio
1663 1083 1893 1153 praefuit
1918 1084 2042 1154 (Au-

341 1175 511 1237 gust.,
547 1172 721 1239 Epist.
758 1172 884 1237 2H,
927 1185 982 1224 η.
1025 1172 1103 1238 li).
1144 1169 1400 1226 Meminit
1437 1188 1668 1243 quoque
1697 1173 2049 1244 Augustinus

345 1257 567 1311 Patricii
597 1258 822 1328 nepotis
854 1258 962 1324 sui,
998 1258 1382 1329 Hipponensis
1423 1260 1682 1314 Ecclesiae
1713 1261 2048 1316 subdiacoui

343 1348 536 1414 (Serm.
569 1348 691 1413 356,
723 1363 785 1401 η.
825 1347 900 1418 3),
932 1347 1021 1401 cui
1053 1353 1109 1402 et
1147 1364 1367 1402 sorores
1415 1353 1579 1403 erant
1616 1350 1959 1421 complures,
1992 1355 2048 1405 et

343 1441 525 1490 mater
561 1436 974 1506 pertinentium
1023 1436 1093 1491 ad
1137 1438 1405 1492 eumdem
1451 1439 1871 1508 possessionem
1910 1455 2046 1493 usu-

343 1526 671 1580 fructuaria.
721 1527 785 1580 In
825 1542 926 1580 suo
976 1527 1127 1596 apud
1185 1527 1577 1582 Verecundum
1635 1543 1853 1582 secessu
1905 1528 2047 1582 duos

341 1616 513 1670 etiam
566 1632 596 1669 e
641 1614 991 1670 consobrinis
1029 1615 1144 1669 suis
1175 1631 1364 1670 secum
1410 1615 1630 1685 habuit,
1659 1616 2046 1671 Lastidianum

341 1710 396 1759 et
441 1704 758 1759 Rusticum.
807 1705 1015 1759 Eadem
1065 1704 1573 1776 consanguinitatis
1628 1707 2045 1761 necessitudine

341 1793 634 1848 devinctus
683 1796 803 1847 erat
853 1792 1172 1863 Augustino
1223 1793 1526 1848 Severinus
1557 1795 1673 1858 ille,
1709 1811 1880 1866 quem
1931 1797 2047 1867 epi-

341 1884 482 1938 stola
512 1883 682 1937 ofﬁcii
712 1887 768 1936 et
797 1881 1086 1936 charitatis
1114 1883 1303 1952 plena,
1338 1882 1404 1936 ad
1455 1881 1711 1936 Ecclesiae
1756 1883 2044 1937 catholicae

342 1973 642 2038 unitatem,
676 1988 742 2026 ex
783 1971 1205 2026 Donatistarum
1250 1970 1492 2025 factione
1534 1973 1831 2026 traducere
1881 1989 2046 2027 cona-

338 2062 508 2116 batur
560 2062 756 2131 (Epist.
811 2060 921 2131 52).
985 2059 1268 2114 Licentius
1323 2060 1568 2132 denique
1640 2060 1792 2114 filius
1846 2062 2046 2116 Roma-

338 2146 498 2201 niani
518 2145 670 2200 illius
698 2144 835 2198 civis
864 2144 1222 2214 Tagastensis
1247 2160 1456 2210 genere
1482 2151 1653 2216 atque
1677 2145 1880 2216 opibus
1910 2145 2046 2199 insi-

337 2236 484 2306 gnis,
516 2251 574 2288 se
615 2235 837 2299 eadem,
870 2249 1042 2304 quam
1086 2233 1456 2304 Augustinus,
1488 2233 1661 2304 stirpe
1700 2225 2042 2305 prognatum

337 2324 562 2378 videtur
589 2323 830 2376 innuere
878 2323 1073 2390 (Epist.
1119 2325 1208 2387 26,
1263 2338 1320 2375 η.
1370 2323 1440 2386 3).
1489 2324 1562 2376 At
1608 2322 1880 2376 Paulinus
1925 2339 2040 2378 uno

338 2412 655 2483 eodemque
685 2411 809 2465 loco
841 2410 1053 2475 scribit,
1085 2408 1353 2480 Alypium
1387 2409 1622 2464 Licentii
1650 2411 1881 2465 fratrem
1915 2428 2036 2466 esse

337 2501 625 2555 consortio
639 2498 955 2570 sanguinis,
969 2497 1354 2569 Augustinum
1365 2515 1496 2553 vero
1511 2499 1764 2569 ejusdem
1793 2499 1852 2553 in
1865 2499 2041 2555 scien-

337 2589 429 2643 tiis
458 2588 796 2658 magistrum
833 2591 889 2641 et
917 2586 1134 2658 ingenii
1165 2592 1410 2641 satorem
1454 2587 1716 2643 existere.
1751 2588 2036 2652 Quamob-

335 2693 458 2732 rem
490 2675 774 2731 Licentius
812 2675 1159 2744 adolescens,
1204 2692 1318 2748 quo
1347 2675 1661 2748 impensius
1699 2677 2038 2749 praeceptori

339 2765 785 2834 adblandirelur,
815 2765 1035 2836 poetica
1073 2764 1302 2818 licentia
1349 2765 1571 2819 locutus
1604 2764 1781 2820 videri
1827 2770 2035 2836 potest,

337 2872 451 2926 qua
480 2871 895 2925 nonnunquam
925 2853 1097 2908 unius
1114 2854 1268 2908 urbis
1290 2853 1439 2909 cives
1464 2870 1581 2908 uno
1608 2855 1883 2926 sanguine
1905 2872 2037 2926 pro-

238 2949 244 2954 ’
335 2947 492 3017 gnati
520 2947 802 3003 dicuntur.
822 2948 950 3001 Hinc
963 2952 1234 3018 suntque!
1257 2947 1325 3001 de
1337 2947 1642 3018 Augustini
1657 2965 1866 3019 genere
1881 2966 2036 3004 com-

333 3037 607 3110 perimus.
637 3036 798 3101 Quod
844 3037 909 3090 ad
958 3035 1135 3106 ipsius
1177 3042 1421 3090 matrem
1453 3036 1773 3091 Monnicam
1813 3038 2034 3103 attinet,

334 3127 492 3180 omni
521 3126 775 3195 profecto
798 3124 1030 3193 dignam
1053 3125 1218 3179 laude
1247 3125 1568 3192 mulierem,
1597 3126 1823 3197 longior
1840 3128 1908 3182 de
1939 3128 2037 3182 illa

333 3214 717 3268 instituendus
783 3218 868 3268 est
914 3229 1122 3282 sermo,
1182 3229 1356 3284 quam
1403 3219 1465 3268 ut
1511 3215 1615 3269 hoc
1674 3215 1796 3270 loco
1849 3216 2028 3286 possit

333 3300 773 3374 comprehendi.

1015 3482 1239 3536 CAPUT
1279 3482 1349 3536 Il.

336 3648 355 3698 l
421 3646 760 3712 Augustinus
805 3644 992 3710 infans
1041 3643 1432 3698 catechumenis
1488 3642 1842 3700 adscribitur.
1884 3649 1914 3700 2
1970 3650 2034 3703 In

398 3735 638 3803 pueritia
668 3733 848 3787 morbo
879 3737 1152 3801 correptus
1184 3733 1520 3801 Baptismum
1546 3732 1782 3801 ﬂagitat.
1808 3736 1837 3789 3
1873 3737 2032 3791 Deum

397 3823 660 3892 puerulus
705 3824 940 3887 invocat,
971 3835 1036 3874 ne
1083 3822 1140 3874 in
1170 3821 1351 3875 schola
1378 3822 1616 3890 vapulet.
1654 3822 1687 3874 4
1727 3825 1787 3876 1η
1825 3825 2033 3879 scholas

401 3910 564 3966 datus
593 3916 654 3965 ut
683 3911 894 3966 litteras
925 3911 1123 3975 discat,
1158 3910 1360 3964 latinas
1389 3914 1557 3965 amat.
1592 3915 1621 3964 5
1654 3914 1865 3968 Grzcas
1894 3914 2027 3971 odit.

405 4002 435 4055 6
467 4001 719 4054 Pueritiar:
748 4002 921 4070 ipsius
948 4003 1148 4054 errata.

404 4183 454 4237 1.
489 4177 853 4234 Sanctissima
895 4182 1064 4248 atque
1113 4177 1329 4246 optima
1368 4175 1580 4230 femina
1617 4193 1745 4231 cum
1776 4177 2031 4249 primum

329 4269 606 4325 infantem
639 4269 806 4323 enixa
834 4270 937 4334 est,
971 4267 1111 4320 nihil
1145 4266 1333 4337 potius
1358 4265 1578 4332 habuit,
1610 4258 1781 4338 quam
1813 4271 1876 4322 ut
1898 4286 2031 4324 eum

329 4359 478 4413 inter
501 4358 934 4412 catechumenos
966 4354 1256 4425 signaculo
1285 4353 1466 4409 crucis
1488 4355 1697 4410 Christi
1719 4357 2027 4430 obsignan-

325 4448 484 4515 dum,
537 4451 595 4500 et
631 4445 868 4516 mystico
918 4444 1032 4498 sale
1080 4443 1462 4498 condiendum
1502 4450 1723 4501 curaret
1765 4449 2021 4518 (Confess.

326 4533 483 4605 libro,
514 4539 563 4603 1,
596 4550 716 4604 cap.
755 4537 839 4600 11,
870 4549 926 4588 n.
965 4533 1082 4602 l7):
1110 4533 1209 4604 qui
1237 4533 1380 4587 ritus
1411 4534 1882 4592 catechumenum
1911 4538 2026 4592 ini-

325 4625 504 4681 tiandi
546 4625 698 4678 inter
744 4623 1023 4677 solemnes
1074 4621 1348 4693 Baptismi
1390 4624 1761 4679 caeremonias
1803 4643 2030 4698 semper

324 4719 600 4781 retentus,
633 4728 856 4768 summa
884 4711 1200 4766 etiamnum
1248 4712 1525 4784 religione
1575 4721 1850 4771 servatur.
1889 4717 2028 4774 Hinc

323 4809 473 4858 certe
504 4802 853 4875 Augustinus
888 4801 1254 4856 Christianam
1299 4802 1638 4874 religionem
1677 4803 1782 4858 sibi
1817 4820 2027 4874 pueru-

323 4897 378 4949 lo
409 4911 441 4948 a
464 4891 798 4965 parentibus
824 4890 1074 4958 insitam,
1102 4897 1158 4947 et
1189 4909 1247 4946 se
1277 4891 1651 4947 christianum
1679 4892 2022 4950 catholicum

323 4988 454 5038 ante
483 4981 655 5037 fuisse
684 4981 1008 5053 proﬁtetur,
1039 4999 1212 5053 quam
1236 4981 1297 5035 in
1329 4981 1769 5038 Manichaeorum
1800 5000 2021 5039 errores

320 5072 612 5128 incidisset
657 5071 749 5143 (De
799 5072 972 5127 Utilit.
1006 5071 1279 5138 credendi,
1309 5087 1366 5125 η.
1412 5069 1488 5141 2).
1520 5071 1794 5127 Audierat
1839 5073 2023 5128 adhuc

317 5178 464 5234 puer
509 5161 577 5216 de
623 5161 734 5214 vita
785 5164 998 5214 aeterna
1037 5160 1199 5214 nobis
1240 5159 1520 5231 promissa
1557 5177 1659 5232 per
1688 5163 2022 5231 mysterium

319 5249 729 5305 Incarnationis
775 5247 1003 5302 Domini
1034 5248 1135 5303 Dei
1159 5249 1358 5319 nostri,
1398 5249 1497 5321 qui
1541 5250 1864 5321 superbiam
1917 5268 2021 5306 no-

319 5345 494 5394 stram
526 5338 849 5395 humilitate
873 5355 974 5393 sua
1006 5343 1308 5392 sanaturus
1340 5338 1568 5393 advenit
1595 5340 1857 5410 (Con/ess.
1885 5341 2021 5395 libro

323 5431 370 5496 l,
404 5443 526 5497 cap,
566 5432 651 5495 11,
684 5445 740 5484 n.
782 5427 884 5498 l7).
924 5428 1116 5499 Itaque
1151 5428 1269 5499 jam
1313 5432 1434 5483 tum
1467 5429 1730 5484 credebat
1772 5428 1833 5482 in
1865 5430 2021 5485 Chri-

318 5520 489 5583 stum,
522 5521 586 5571 ut
613 5523 668 5571 et
695 5517 818 5589 ejus
849 5521 1055 5587 mater,
1086 5522 1144 5571 et
1172 5517 1356 5572 omnis
1387 5518 1610 5584 domus,
1645 5535 1758 5572 uno
1786 5524 2016 5589 excepto

315 5609 510 5676 patre;
542 5607 706 5675 cujus
735 5613 928 5662 tamen
956 5607 1157 5679 iniqua
1191 5605 1421 5661 consilia
1453 5612 1509 5661 et
1537 5605 1898 5660 hortamenta
1921 5607 2017 5677 jus

314 5699 589 5750 maternae
610 5695 837 5766 pietatis
858 5697 1113 5752 evincere
1142 5696 1202 5751 in
1225 5697 1348 5767 ejus
1374 5696 1566 5750 animo
1595 5710 1890 5767 nunquam
1919 5711 2014 5751 va-

315 5778 576 5842 luerunt.
637 5785 812 5842 Porro
881 5785 1283 5842 suavissimum
1334 5785 1468 5840 Jesu
1519 5783 1724 5841 Christi
1777 5800 2009 5854 nomen,

2163 466 2318 536 quod
2348 482 2466 522 una
2494 483 2624 522 cum
2655 468 2800 523 lacte
2831 467 3031 524 matris
3071 469 3395 541 imbiberat,
3426 472 3506 527 sic
3531 473 3641 529 alte
3669 481 3882 532 tenero

2163 555 2286 624 ejus
2310 556 2468 610 cordi
2496 557 2745 626 inhaesit,
2775 563 2839 613 ut
2867 560 3025 614 nulla
3055 559 3257 615 exinde
3284 564 3650 633 quantumvis
3669 565 3876 620 facun-

2158 643 2217 697 di
2247 649 2305 699 et
2333 645 2564 717 expoliti
2597 648 2873 702 sermonis
2898 647 3179 703 lenocinia
3199 666 3330 704 eum
3357 656 3540 706 totum
3573 661 3873 726 raperent,

2160 748 2290 803 quae
2319 749 2434 788 non
2479 736 2602 806 ejus
2645 737 2896 792 nominis
2927 738 3226 794 dulcedine
3273 741 3645 797 condirentur
3675 743 3873 814 (Ibid.,

2160 820 2298 876 libro
2326 824 2380 890 2,
2409 839 2529 894 cap.
2564 828 2617 891 4,
2645 840 2700 880 n.
2729 826 2804 896 8).

2229 967 2285 1020 2.
2319 967 2432 1021 Hac
2479 967 2658 1038 igitur
2684 968 2797 1024 ﬁde
2841 987 2874 1024 a
2921 972 3129 1028 teneris
3171 971 3445 1039 imbutus,
3478 973 3672 1028 nobile
3709 974 3877 1038 illius

2161 1053 2572 1111 documentum
2603 1074 2747 1129 puer
2774 1062 3042 1130 parvulus
3072 1061 3226 1117 dedit
3256 1068 3400 1133 tum,
3430 1079 3563 1118 cum
3588 1064 3877 1119 stomachi

2158 1159 2360 1213 pressu
2388 1151 2682 1217 correptus
2702 1149 3003 1218 repentino
3027 1154 3259 1222 tamque
3281 1153 3629 1217 vehementi,
3651 1160 3716 1208 ut
3732 1170 3872 1224 pro-

2157 1248 2228 1302 pe
2255 1233 2509 1288 animam
2535 1240 2764 1290 acturus
2790 1237 3094 1305 videretur,
3141 1240 3495 1310 Baptismum
3524 1247 3733 1312 quanto
3764 1259 3874 1314 po-

2157 1321 2265 1374 tuit
2289 1321 2427 1376 tidei
2451 1327 2508 1377 et
2534 1324 2740 1379 mentis
2772 1326 2972 1380 ardore
3001 1345 3034 1381 a
3053 1326 3313 1397 piissima
3341 1335 3524 1384 matre
3550 1330 3866 1400 ﬂagitavit:

2159 1426 2286 1480 quae
2315 1410 2713 1467 festinabunda
2741 1413 2897 1468 dedit
2925 1431 3182 1486 operam,
3216 1421 3278 1470 ut
3314 1433 3474 1471 sacro
3518 1434 3691 1488 quam
3737 1421 3874 1490 pri-

2157 1514 2316 1553 mum
2345 1499 2501 1554 fonte
2532 1501 2879 1557 ablueretur.
2912 1504 3120 1558 Verum
3157 1521 3288 1559 cum
3319 1506 3538 1560 interea
3562 1507 3642 1561 vis
3671 1509 3866 1562 morbi

2157 1587 2483 1655 remisisset,
2523 1590 2758 1660 provida
2786 1591 2845 1645 in
2893 1592 3149 1648 futurum
3181 1598 3366 1648 mater
3414 1595 3766 1666 Baptismum
3798 1597 3866 1651 in

2157 1676 2310 1732 aliud
2355 1682 2582 1749 tempus
2630 1679 3008 1736 differendum
3039 1683 3294 1752 putavit;
3325 1685 3504 1738 verita
3545 1684 3759 1740 scilicet
3786 1702 3865 1739 ne

2154 1782 2260 1836 per
2287 1765 2674 1836 impendentis
2702 1770 2883 1823 aetatis
2914 1770 3197 1825 lubricum
3230 1772 3389 1826 novis
3419 1788 3477 1826 se
3514 1772 3611 1826 ille
3639 1773 3866 1828 delictis

2156 1852 2504 1924 inquinaret,
2526 1862 2802 1929 reatuque
2830 1859 2904 1912 ob
2925 1859 3192 1914 violatam
3213 1861 3477 1916 salutaris
3497 1863 3702 1916 lavacri
3725 1880 3864 1917 san-

2155 1943 2410 1998 ctitatem
2428 1946 2642 2016 majore
2666 1948 2842 2002 multo
2862 1948 3231 2019 obligaretur.
3251 1950 3609 2022 Quamquam
3630 1968 3756 2006 eam
3771 1952 3863 2007 di-

2154 2030 2425 2086 lationem
2454 2033 2608 2089 haud
2634 2035 2768 2090 satis
2800 2036 3077 2108 approbat
3104 2037 3490 2108 Augustinus:
3517 2039 3728 2105 Quanto
3745 2056 3861 2094 me-

2153 2122 2280 2188 lius,
2303 2121 2510 2194 inquit,
2542 2128 2592 2178 et
2620 2126 2726 2179 cito
2755 2140 3000 2193 sanarer,
3031 2130 3083 2179 et
3111 2127 3171 2180 id
3196 2131 3447 2192 ageretur
3473 2142 3696 2194 mecum,
3721 2144 3863 2182 meo-

2151 2227 2274 2264 rum
2302 2228 2523 2282 meaque
2561 2214 2872 2284 diligentia,
2899 2220 2958 2269 ut
2984 2220 3197 2285 recepta
3225 2217 3374 2271 salus
3403 2219 3598 2272 animm
3626 2233 3754 2272 meae
3779 2223 3862 2272 tu-

2153 2305 2212 2355 ta
2241 2307 2374 2356 esset
2402 2304 2570 2356 tutela
2602 2307 2718 2368 tua,
2742 2307 2840 2372 qui
2867 2304 3104 2359 dedisses
3133 2304 3295 2360 eam?
3328 2306 3562 2376 (Confess
3626 2305 3763 2361 libro
3804 2309 3858 2372 1,

2151 2405 2272 2458 cap.
2306 2393 2388 2455 11,
2421 2406 2516 2445 nn.
2549 2395 2633 2459 17,
2671 2393 2771 2461 18).

2224 2534 2276 2587 3.
2309 2533 2524 2587 Praeter
2553 2532 2993 2602 institutionem,
3027 2551 3200 2606 quam
3230 2533 3474 2589 habebat
3511 2535 3790 2606 optimam
3822 2551 3860 2588 a

2150 2624 2354 2688 matre,
2387 2622 2559 2676 etiam
2589 2622 2659 2675 ab
2701 2623 3032 2678 hominibus
3075 2623 3419 2695 quibusdam
3457 2624 3589 2695 piis,
3620 2624 3679 2678 in
3709 2641 3859 2694 quos

2148 2710 2268 2780 ipse
2297 2727 2442 2781 puer
2470 2711 2689 2779 incidit,
2718 2712 2912 2766 didicit
2943 2714 3142 2780 Deum,
3171 2718 3450 2784 quantum
3498 2713 3566 2768 de
3610 2713 3708 2767 illo
3749 2730 3858 2784 pro

2149 2801 2326 2854 tutetis
2373 2805 2544 2871 captu
2591 2801 2800 2856 sentire
2842 2807 3086 2873 poterat,
3134 2817 3244 2857 esse
3289 2819 3546 2871 magnum
3593 2803 3858 2872 aliquem,

2150 2890 2247 2957 qui
2269 2893 2468 2958 posset,
2499 2890 2661 2943 etiam
2689 2904 2796 2944 non
2827 2905 3098 2960 apparens
3135 2891 3376 2945 sensibus
3423 2891 3641 2957 nostris,
3673 2906 3859 2944 exau—

2149 2977 2270 3030 dire
2296 2993 2390 3031 nos
2428 2983 2478 3032 et
2505 2978 2787 3033 subvenire
2830 2979 3011 3034 nobis.
3049 2980 3207 3034 Unde
3239 2980 3342 3034 sub
3389 2979 3509 3033 haec
3542 2981 3720 3034 Deum
3775 2979 3859 3033 sic

2148 3065 2459 3137 alloquitur
2491 3083 2504 3121 :
2550 3069 2687 3123 Puer
2714 3070 2848 3138 coepi
2887 3085 3080 3137 rogare
3109 3073 3158 3124 te
3197 3071 3471 3123 auxilium
3497 3073 3546 3123 et
3574 3070 3858 3137 refugium

2147 3170 2320 3209 meum
2339 3172 2353 3222 ;
2372 3160 2422 3210 et
2447 3157 2503 3210 in
2526 3161 2674 3210 tuam
2706 3159 3094 3212 invocationem
3121 3158 3434 3227 rumpebam
3463 3158 3627 3212 nodos
3653 3158 3859 3226 lingua

2146 3259 2306 3310 meae;
2344 3250 2393 3299 et
2435 3246 2694 3314 rogabam
2721 3251 2770 3300 te
2810 3262 3040 3315 parvus,
3080 3263 3185 3302 non
3227 3263 3400 3317 parvo
3437 3247 3654 3316 affectu,
3684 3262 3751 3301 ne
3792 3249 3856 3300 in

2145 3333 2327 3389 schola
2371 3337 2686 3404 uapularem
2717 3352 2731 3389 :
2759 3337 3110 3404 peccabamus
3153 3342 3350 3404 tamen,
3381 3339 3559 3390 minus
3610 3336 3854 3391 scriben-

2146 3423 2234 3490 do,
2269 3428 2365 3477 aut
2395 3423 2630 3490 legendo,
2664 3429 2761 3478 aut
2791 3425 3080 3493 cogitando
3129 3425 3194 3479 de
3232 3427 3451 3495 litteris,
3481 3441 3645 3495 quam
3673 3427 3859 3492 erige-

2147 3511 2307 3566 batur
2335 3528 2368 3566 a
2403 3513 2574 3567 nobis.
2606 3515 2726 3570 Non
2762 3517 2904 3568 enim
2953 3514 3156 3581 deerat,
3186 3516 3424 3581 Domine,
3464 3515 3720 3568 memoria
3765 3516 3856 3568 uel

2144 3602 2437 3668 ingenium,
2471 3618 2588 3670 qua
2615 3618 2711 3658 nos
2750 3603 2944 3658 habere
2980 3604 3203 3657 voluisti
3225 3619 3327 3673 pro
3357 3604 3456 3658 illa
3491 3607 3648 3657 aetate
3673 3604 3849 3668 satis;

2144 3691 2238 3745 sed
2265 3692 2562 3746 delectabat
2589 3693 2770 3747 ludere
2801 3707 2812 3747 :
2850 3699 2900 3748 et
2941 3692 3317 3747 vindicabatur
3343 3695 3402 3746 in
3428 3707 3523 3747 nos
3552 3692 3620 3746 ab
3645 3695 3718 3747 eis
3749 3695 3854 3761 qui

2144 3781 2282 3835 talia
2327 3784 2514 3852 utique
2559 3783 2809 3850 agebant.
2845 3783 2956 3838 Sed
3002 3783 3262 3852 majorem
3301 3798 3458 3851 πυρα»
3498 3785 3713 3850 περσεία
3758 3797 3855 3836 vo—

2143 3875 2367 3934 cantur;
2396 3887 2685 3939 puerorum
2735 3876 2914 3925 autem
2960 3872 3096 3925 talia
3149 3887 3268 3925 cum
3313 3873 3444 3933 sint,
3477 3873 3784 3939 puniuntur
3811 3888 3852 3924 a

2141 3956 2462 4025 majoribus.
2503 3957 2794 4012 Peccabam
2822 3956 3072 4023 faciendo
3102 3962 3286 4010 contra
3321 3961 3594 4026 pracepta
3632 3973 3850 4026 paren-

2143 4050 2257 4098 tum
2285 4049 2335 4099 et
2371 4047 2757 4113 magistrorum
2784 4047 3020 4100 illorum.
3053 4047 3298 4100 Poteram
3335 4048 3477 4100 enim
3502 4052 3687 4116 postea
3718 4046 3854 4100 bene

2141 4137 2227 4188 uti
2245 4135 2462 4200 litteris,
2489 4150 2626 4203 quas
2653 4135 2901 4190 colebant
2928 4139 2988 4189 ut
3017 4135 3274 4190 discerem
3305 4149 3634 4204 quocumque
3661 4139 3851 4190 animo

2139 4223 2226 4276 illi
2261 4226 2382 4278 mei.
2412 4226 2526 4280 Non
2553 4226 2693 4279 enim
2717 4226 2936 4280 meliora
2961 4225 3181 4293 eligens,
3211 4223 3518 4279 inobediens
3546 4240 3715 4293 eram,
3745 4226 3850 4280 sed

2141 4328 2320 4367 amore
2355 4313 2579 4368 ludendi
2605 4313 2794 4385 (Ibid.,
2829 4329 2949 4383 cap.
2999 4316 3052 4380 9,
3086 4329 3179 4368 nn.
3236 4315 3320 4380 14,
3358 4317 3452 4382 l5;
3494 4329 3614 4384 cap.
3665 4316 3749 4382 10,
3780 4330 3842 4368 η.

2143 4403 2250 4472 16).

2207 4538 2261 4591 4.
2297 4538 2541 4608 Uterque
2570 4552 2777 4608 parens
2808 4553 2939 4590 eum
2979 4536 3300 4591 litterarum
3329 4535 3579 4606 peritum
3609 4551 3730 4590 esse
3775 4552 3842 4588 ac

2136 4625 2402 4697 ingenuis
2448 4625 2761 4696 expolitum
2807 4625 3046 4692 artibus,
3096 4625 3462 4679 vehementer
3507 4624 3774 4696 cupiebat
3826 4643 3841 4680 :

2134 4720 2299 4786 pater
2327 4714 2579 4786 quidem,
2603 4713 2760 4785 quod
2792 4713 2891 4768 Dei
2919 4713 3335 4786 propemodum
3367 4712 3692 4782 immemor,
3719 4712 3844 4767 ina-

2138 4805 2234 4860 nia
2277 4806 2384 4860 sibi
2433 4805 2502 4860 de
2541 4805 2659 4859 ﬁlio
2705 4805 3108 4876 polliceretur;
3143 4809 3324 4858 mater
3350 4819 3501 4869 vero,
3537 4804 3687 4875 quod
3734 4804 3841 4858 do-

2135 4894 2331 4949 ctrina:
2363 4898 2530 4966 atque
2557 4893 2908 4965 optimarum
2930 4894 3139 4948 artium
3169 4893 3353 4948 studia
3382 4893 3695 4964 plurimum
3727 4893 3843 4964 ipsi

2135 4985 2206 5039 ad
2247 4985 2426 5038 Deum
2475 4983 2905 5055 adipiscendum
2947 4982 3262 5054 adjumenti
3301 4982 3555 5036 crederet
3595 4983 3846 5038 allatura

2135 5073 2319 5144 (lbid.,
2352 5073 2452 5126 lib.
2491 5075 2542 5136 2,
2576 5088 2694 5142 cap.
2747 5075 2798 5138 3,
2831 5089 2886 5127 η.
2927 5071 3002 5141 8).
3035 5072 3390 5142 Quapropter
3435 5087 3563 5125 cum
3615 5071 3845 5141 ingenii

2134 5161 2222 5216 sui
2272 5160 2558 5232 specimen
2610 5162 2720 5215 cito
2768 5160 3122 5232 praebuisset,
3161 5159 3557 5230 ludimagistro
3594 5159 3844 5214 traditus

2133 5255 2230 5313 est,
2263 5250 2464 5320 primis
2511 5250 2853 5305 imbuendus
2903 5249 3224 5304 litterarum
3273 5247 3588 5315 elementis,
3630 5248 3848 5319 quibus

2132 5339 2393 5394 videlicet
2413 5339 2602 5411 legere
2632 5343 2686 5393 et
2707 5338 2953 5393 scribere
2973 5355 3036 5392 ac
3064 5355 3366 5393 numerare
3387 5337 3624 5392 discitur
3648 5336 3845 5407 (Ibid.,

2131 5430 2226 5484 lib.
2279 5433 2327 5496 1,
2359 5445 2480 5498 cap.
2514 5432 2566 5496 9,
2605 5445 2660 5483 n.
2700 5428 2824 5499 14);
2867 5433 3038 5500 atque
3091 5427 3187 5482 ubi
3233 5443 3336 5499 per
3381 5431 3605 5481 aetatem
3653 5424 3843 5495 licuit,

2130 5518 2426 5574 Madauras
2456 5518 2697 5573 vicinam
2741 5518 2964 5586 urbem,
2998 5517 3334 5572 litteraturae
3364 5521 3537 5587 atque
3568 5513 3845 5570 oratoria:

2129 5606 2266 5662 artis
2288 5608 2672 5680 percipiendae
2704 5606 2888 5679 gratia
2926 5606 3134 5662 missus
3165 5611 3249 5660 est
3277 5604 3465 5677 (lbid.,
3495 5604 3588 5659 lib.
3621 5606 3675 5670 2,
3709 5619 3843 5674 cap.

2127 5699 2184 5768 3,
2216 5712 2272 5753 η.
2305 5696 2384 5771 5).
2420 5698 2632 5752 Verum
2660 5695 3025 5752 deterrebant
3068 5694 3202 5750 inde
3233 5693 3489 5750 animum
3527 5692 3713 5765 pueri,
3744 5692 3848 5747 in-

2123 5785 2293 5859 genio
2348 5787 2478 5844 licet
2530 5803 2595 5843 ac
2647 5785 2925 5843 memoria
2973 5784 3359 5859 praevalentis,
3386 5783 3572 5839 insitte
3622 5781 3834 5855 primis
