4048 6194
199 330 266 369 «tu
1697 325 1907 383 LIBER
1949 328 2243 387 PRIMUS.
3650 334 3720 385 '70

197 448 519 501 litterarum
564 444 913 500 rudimentis
959 446 1351 514 difficultates;
1386 449 1484 503 sed
1516 449 1586 503 ab
1624 450 1735 503 illis
1766 468 1909 521 prae-

193 536 414 602 sertim,
469 536 528 589 in
579 535 794 606 quibus
842 536 1143 601 scribendi,
1201 537 1425 607 legendi
1456 542 1511 591 et
1559 541 1904 594 numerandi

184 630 480 697 praecepta
508 625 837 692 traduntur,
870 624 991 695 ipse
1026 627 1186 680 valde
1217 626 1587 694 abhorrebat;
1640 630 1903 700 quamvis

186 715 314 767 ista;
350 714 531 768 multo
569 715 699 784 plus
756 714 1015 768 utilitatis
1045 716 1306 782 afferant,
1334 733 1507 787 quam
1563 734 1689 789 quia
1735 720 1907 773 bone-

186 804 387 856 stiores
420 803 790 857 etuberiores
819 803 1022 857 litterae
1052 810 1330 874 putantur
1354 806 1542 874 (Ibid.,
1565 808 1658 861 lib.
1696 811 1744 869 1,
1780 824 1899 877 cap.

190 896 276 957 t3,
310 909 408 946 nn.
436 894 529 956 ‘20,
552 894 668 961 2|.)
700 894 901 946 Postea
928 897 1123 947 tamen
1154 911 1283 948 cum
1315 911 1383 949 ex
1432 895 1522 949 his
1554 896 1904 950 difﬁcultati-

184 982 295 1035 bus
323 981 671 1047 emersisset,
700 981 994 1053 aliquanto
1022 984 1393 1053 propensiore
1437 985 1623 1039 studio
1678 986 1750 1039 ad
1782 986 1907 1039 lati-

181 1087 289 1124 nas
320 1070 541 1124 litteras
572 1070 831 1123 animum
864 1071 1103 1141 appulit,
1127 1087 1229 1126 seu
1260 1072 1411 1143 quod
1436 1073 1559 1143 jam
1590 1073 1722 1128 inde
1758 1092 1787 1127 a
1820 1079 1905 1128 tc-

184 1159 345 1213 neris
374 1160 707 1230 unguiculis
746 1160 894 1213 inter
922 1161 1221 1215 arridentis
1253 1162 1491 1216 nutricis
1512 1162 1903 1217 blandimenta

186 1250 254 1303 iis
287 1254 608 1319 utcumque
666 1248 920 1303 imbutus
958 1254 1126 1315 esset,
1170 1266 1268 1303 seu
1299 1250 1453 1320 quod
1482 1256 1782 1321 poetarum
1844 1251 1903 1305 in

189 1338 398 1410 primis
429 1338 810 1391 delectaretur
838 1338 1148 1409 ﬁgmentis,
1188 1338 1529 1410 fabulisque,
1564 1340 1773 1410 quibus
1806 1356 1903 1393 no-

191 1426 465 1482 bilissimi
486 1427 699 1498 quique
734 1428 1002 1481 Romanae
1034 1427 1245 1498 linguae
1277 1433 1534 1482 auctores
1568 1428 1743 1481 libros
1774 1445 1908 1481 suos

190 1521 553 1588 sparserunt.
589 1515 821 1569 Didonis
862 1521 1104 1569 mortem
1138 1533 1251 1570 non
1282 1516 1401 1569 sine
1440 1517 1701 1587 lacrymis
1751 1516 1907 1570 lecti-

190 1606 374 1669 tabat,
414 1609 471 1658 et
504 1605 606 1658 hac
637 1605 745 1657 sibi
795 1604 1036 1658 lectione
1065 1604 1325 1659 interdici
1371 1606 1597 1659 tulisset
1627 1606 1909 1659 molestis-

191 1695 361 1748 sime.
395 1694 506 1758 Qui
527 1697 718 1747 autem
748 1694 831 1747 eis
854 1694 1020 1747 rebus
1053 1694 1462 1761 delectabatur,
1500 1696 1628 1749 licet
1647 1696 1754 1748 hoc
1785 1694 1908 1765 ipso

195 1784 396 1850 miser,
457 1783 531 1836 ob
561 1782 668 1835 hoc
718 1786 911 1836 tamen
952 1784 1116 1837 bona:
1170 1784 1290 1854 spei
1320 1800 1463 1854 puer
1513 1785 1911 1855 appellabatur

195 1873 344 1937 (Ibid
371 1914 387 1939 ,
417 1887 541 1941 cap.
573 1874 658 1937 16,
680 1887 736 1925 η.
772 1874 879 1940 26).
940 1873 1087 1938 Quid
1114 1876 1275 1936 enim,
1310 1873 1407 1939 ait,
1440 1875 1690 1928 miserius
1719 1877 1909 1928 misero

192 1977 297 2014 non
332 1963 624 2014 miserante
652 1975 705 2015 se
735 1962 935 2030 ipsum,
964 1966 1014 2015 et
1054 1964 1209 2029 ﬂente
1240 1962 1467 2016 Didonis
1496 1968 1739 2027 mortem,
1794 1979 1912 2032 qua?

190 2051 357 2119 ﬁebat
385 2050 624 2104 amando
650 2052 903 2115 Eneam;
934 2066 1040 2103 non
1059 2053 1215 2118 ﬂente
1263 2056 1438 2105 autem
1465 2055 1689 2105 mortem
1733 2067 1907 2116 suam,

195 2156 318 2210 quae
344 2140 511 2208 fiebat
546 2155 654 2193 non
682 2138 916 2193 amando
965 2144 1033 2206 te,
1066 2142 1203 2194 Deus
1240 2141 1414 2193 lumen
1464 2141 1640 2195 cordis
1668 2143 1819 2195 mei?
1849 2142 1911 2193 Et

199 2235 395 2282 tamen
436 2228 574 2283 inde
629 2227 711 2281 illi
768 2229 1187 2283 acclamabatur
1217 2228 1277 2282 in
1324 2230 1518 2283 schola
1569 2246 1685 2300 pra:
1715 2230 1912 2283 multis

200 2316 514 2371 coaetaneis
545 2325 603 2371 et
622 2317 1051 2386 condiscipulis.
1083 2319 1202 2373 Non
1228 2322 1276 2371 te
1304 2318 1555 2372 amabam
1580 2324 1631 2375 et
1666 2320 1913 2385 fornica-

203 2408 305 2460 bar
330 2407 432 2460 abs
466 2411 535 2472 te,
568 2411 618 2459 et
660 2408 963 2473 fornicanti
988 2406 1215 2460 sonabat
1239 2408 1497 2475 undique,
1532 2410 1698 2475 Euge,
1744 2410 1911 2473 Euge.

205 2499 472 2551 Amicitia
529 2498 671 2549 enim
726 2496 920 2549 mundi
948 2496 1111 2564 hujus
1140 2498 1433 2561 fornicatio
1485 2503 1562 2551 est
1614 2498 1710 2551 abs
1750 2503 1826 2563 te;
1864 2504 1913 2553 et

204 2586 372 2651 Euge,
422 2586 573 2652 Euge
631 2584 857 2649 dicitur,
910 2589 969 2637 ut
1011 2584 1239 2653 pudeat,
1259 2587 1309 2638 si
1354 2600 1459 2639 non
1500 2588 1578 2639 ita
1632 2587 1783 2640 homo
1837 2590 1911 2641 sit

205 2673 395 2740 (lbid.,
431 2688 553 2742 cap.
588 2676 675 2743 l3,
703 2689 761 2726 η.
785 2676 845 2726 2t
871 2690 884 2738 ;
914 2688 1033 2742 cap.
1069 2676 1153 2739 l7,
1186 2690 1241 2729 η.
1273 2676 1386 2743 2'7).

275 2849 328 2898 5.
364 2843 616 2898 Tametsi
648 2859 781 2897 vero
822 2844 1000 2898 Grmci
1040 2843 1413 2898 texendarum
1446 2844 1769 2899 fabularum
1814 2862 1913 2916 pe-

204 2932 618 2999 ritissimisint,
646 2933 717 2987 ab
746 2933 816 2986 iis
838 2937 1027 2986 tamen
1060 2932 1272 3003 lingua:
1298 2932 1474 3002 ipsius
1504 2933 1915 3003 peregrinitate

204 3023 548 3093 longissime
578 3021 1031 3087 abalienabatur,
1067 3026 1122 3075 et
1154 3022 1463 3075 Homerum
1499 3038 1749 3092 quoque,
1782 3021 1918 3092 lepi-
1960 3064 1965 3069 .

204 3111 288 3165 dis
309 3111 447 3165 licet
486 3111 705 3165 deliriis
733 3111 955 3165 animos
984 3110 1387 3174 obiectantem,
1416 3127 1647 3181 prorsus
1685 3126 1916 3180 respue-

207 3200 319 3253 bat.
369 3200 550 3254 Saavis
600 3199 915 3253 terroribus
961 3216 1023 3254 ac
1063 3199 1250 3270 poenis
1297 3200 1613 3269 urgebatur
1642 3215 1807 3270 puer,
1852 3205 1919 3254 ut

207 3305 422 3359 graecas
472 3290 693 3343 litteras
740 3288 1125 3343 condisceret:
1163 3289 1258 3343 sed
1290 3305 1421 3342 cum
1451 3288 1509 3341 in
1533 3304 1599 3341 ea
1628 3304 1711 3357 re,
1743 3305 1917 3359 quam

205 3379 330 3448 quis
361 3378 579 3433 invitus
608 3378 749 3449 agit,
789 3394 995 3449 parum
1028 3378 1308 3449 proﬁciat,
1353 3378 1505 3431 hisce
1546 3378 1751 3431 litteris
1782 3378 1918 3431 levi-

204 3475 289 3522 ter
315 3469 616 3522 imbutum
648 3483 707 3520 se
737 3466 910 3520 fuisse
931 3467 1140 3521 fatetur
1166 3467 1538 3537 Augustinus.
1577 3468 1754 3537 Hujus
1783 3484 1920 3538 quo-

205 3575 313 3630 que
354 3558 577 3625 lingua:
605 3556 824 3626 inopia,
859 3572 917 3609 se
947 3572 1147 3610 suosve
1180 3557 1489 3627 populares
1518 3556 1811 3611 Africanos
1838 3558 1917 3610 le-

204 3648 409 3719 gendis
440 3646 607 3700 libris
639 3645 708 3699 de
738 3645 930 3699 divina
957 3646 1229 3699 Trinitate
1260 3662 1441 3715 graece
1474 3645 1698 3716 scriptis
1738 3646 1917 3717 impa-

205 3753 291 3789 res
319 3737 502 3790 fuisse
537 3751 652 3788 non
692 3734 1011 3789 dissimulat
1041 3737 1137 3803 (De
1169 3738 1391 3801 Trinit.,
1426 3735 1522 3790 lib.
1552 3739 1603 3803 3,
1644 3752 1700 3791 η.
1740 3738 1811 3806 l).
1846 3738 1921 3791 Ea

206 3833 401 3880 tamen
432 3824 963 3896 quantulacumque
994 3824 1165 3894 graeci
1188 3824 1468 3877 sermonis
1490 3823 1712 3891 notitia,
1745 3842 1919 3896 quam

206 3917 313 3970 sibi
342 3920 802 3986 comparaverat,
853 3930 1033 3985 usque
1064 3913 1205 3967 adeo
1262 3913 1501 3968 feliciter
1529 3930 1666 3968 usus
1716 3918 1817 3981 est,
1858 3918 1919 3969 ut

204 4006 315 4059 nisi
336 4007 466 4076 ipse
496 4020 605 4074 pro
628 4003 822 4057 innata
853 4003 1127 4057 modestia
1159 4004 1281 4074 ejus
1313 4020 1369 4055 se
1400 4002 1602 4057 rudem
1634 4003 1922 4073 professus

206 4102 374 4161 esset,
404 4093 614 4148 litteris
656 4093 855 4163 graecis
886 4092 1145 4163 apprime
1196 4092 1456 4146 eruditus
1485 4092 1665 4146 videri
1694 4092 1921 4162 potuis-

207 4191 308 4239 set.
344 4184 493 4239 Nam
535 4180 671 4250 legit
710 4180 1015 4250 ispiphanii
1059 4180 1549 4234 Commentarium
1590 4180 1659 4234 de
1689 4180 1925 4234 haeresi-

204 4274 332 4340 bus,
386 4277 489 4325 aut
537 4275 690 4324 certe
736 4268 1089 4323 breviarium
1141 4270 1285 4340 ejus,
1334 4269 1593 4323 nondum
1642 4268 1921 4323 latinitate

208 4364 516 4417 donatum.
571 4360 783 4414 Deinde
814 4359 1057 4413 aliorum
1106 4360 1340 4413 Patrum
1398 4375 1715 4428 graecorum
1749 4359 1924 4412 libros

208 4448 513 4517 pervolvit,
545 4464 575 4501 e
606 4447 815 4518 quibus
846 4446 1176 4501 testimonia
1207 4463 1323 4500 non
1354 4462 1537 4517 pauca
1569 4446 1925 4517 deprompsit

210 4538 483 4591 adversus
514 4535 832 4591 haereticos.
864 4536 1119 4606 Denique
1149 4536 1344 4590 crebra
1375 4552 1692 4605 gramarum
1721 4552 1922 4589 vocum

209 4624 636 4696 interpretatio,
679 4641 807 4695 qua:
838 4624 1053 4694 passim
1098 4624 1155 4677 in
1185 4624 1305 4695 ejus
1335 4623 1623 4694 opusculis
1653 4624 1921 4691 occurrit,

213 4730 272 4768 ac
298 4713 697 4783 complurium
722 4712 1030 4783 Scriptura:
1061 4712 1317 4767 locorum
1348 4729 1412 4767 ex
1444 4713 1745 4767 collatione
1775 4712 1927 4767 codi-

214 4820 344 4859 cum
374 4820 699 4874 graecorum
719 4819 847 4857 cum
876 4802 1065 4857 latinis
1094 4801 1397 4867 restitutio,
1431 4802 1776 4857 documento
1804 4818 1923 4856 esse

214 4900 481 4965 possunt,
514 4892 897 4962 Augustinum
930 4892 1078 4947 haud
1108 4891 1187 4945 ita
1217 4891 1579 4946 mediocriter
1603 4908 1784 4964 graece
1815 4892 1923 4946 sci-

214 5000 389 5038 V1558.

286 5159 339 5209 6.
379 5156 568 5209 Vitam
616 5154 713 5208 illa
744 5158 908 5207 aetate
936 5168 1096 5206 suam
1127 5151 1386 5222 agnoscit
1421 5152 1579 5223 justa
1606 5152 1923 5222 reprehen-

214 5246 379 5298 sione
422 5260 542 5299 non
588 5242 854 5309 caruisse,
879 5242 1105 5314 quando
1127 5241 1404 5296 nimirum
1434 5240 1494 5295 in
1534 5242 1813 5295 vanitates
1845 5240 1925 5295 fe-

217 5333 459 5387 rebatur
499 5337 555 5387 et
596 5348 629 5385 a
658 5332 774 5386 Deo
805 5347 908 5384 suo
953 5331 1073 5385 ibat
1119 5330 1301 5395 foras,
1344 5329 1441 5400 qui
1474 5330 1658 5400 magis
1687 5330 1929 5385 timebat

216 5422 639 5477 barbarismum
684 5422 889 5487 facere,
942 5436 1117 5492 quam
1163 5418 1397 5473 cavebat
1426 5435 1545 5472 non
1590 5418 1928 5473 facientibus

218 5512 512 5567 inridere:
546 5528 611 5565 ac
661 5510 1043 5565 nihilominus
1074 5510 1132 5563 in
1164 5507 1509 5579 ejuscemodi
1548 5508 1751 5563 studiis
1807 5507 1926 5561 lau-

219 5602 467 5656 dabatur
495 5602 568 5655 ab
600 5600 687 5667 iis,
720 5599 937 5668 quibus
982 5598 1229 5669 placere,
1260 5602 1397 5652 tunc
1428 5600 1550 5663 erat
1579 5596 1663 5651 illi
1690 5597 1926 5652 honeste

222 5692 429 5746 vivere.
482 5691 603 5745 Non
629 5688 889 5761 prteterit
918 5687 1143 5743 silentio
1173 5688 1267 5741 Vir
1301 5692 1531 5742 sanctus
1561 5690 1766 5741 caetera
1793 5702 1929 5757 pne-

225 5782 367 5835 ritiaa
400 5796 521 5835 sua:
552 5784 775 5835 errata:
809 5793 1008 5833 verum
1033 5776 1179 5833 nihil
1218 5775 1390 5832 habet
1414 5776 1474 5831 in
1500 5776 1593 5833 his
1617 5774 1928 5831 admodum

2018 454 2304 526 singulare
2354 459 2452 508 aut
2499 472 2531 508 a
2583 452 2827 523 vulgatis
2864 469 3174 525 puerorum
3216 453 3472 509 moribus
3511 455 3717 510 abhor-

2017 559 2165 609 rens,
2201 543 2350 614 quod
2382 559 2486 596 nos
2518 548 2856 596 remoretur.

2686 667 2911 721 CAPUT
2956 666 3054 720 lli.

2020 798 2035 847 l
2076 794 2359 848 Madauris
2392 794 2614 848 domum
2638 794 2922 861 remigret,
2940 793 3123 860 ibique
3142 806 3241 860 per
3269 806 3469 846 annum
3500 793 3568 846 ab
3602 798 3722 846 stu-

2085 884 2193 937 diis
2221 886 2475 950 feriatur.
2507 886 2541 936 2
2584 884 2670 937 Em
2708 884 2813 936 otio
2842 884 2901 934 in
2944 882 3225 935 tamur-iam
3249 882 3463 937 incidit.
3496 885 3525 935 3
3566 884 3726 938 Furti

2083 988 2193 1026 sese
2221 974 2505 1038 astringit.

2090 1124 2136 1173 l.
2192 1121 2318 1173 Haec
2358 1121 2473 1174 fere
2503 1124 2654 1184 sunt,
2690 1136 2818 1191 qua:
2861 1120 2929 1174 de
2977 1137 3034 1174 se
3062 1119 3184 1191 ipso
3232 1122 3407 1175 refert
3453 1121 3723 1191 Augusti-

2015 1224 2122 1261 nus
2170 1208 2239 1262 ad
2269 1224 2485 1262 annum
2528 1225 2704 1279 usque
2752 1209 3035 1262 decimum
3084 1209 3351 1279 quintum
3392 1214 3721 1278 exeuntem,

2015 1296 2122 1349 hoc
2170 1301 2274 1363 est,
2307 1312 2486 1367 usque
2534 1297 2603 1350 ad
2636 1296 2935 1351 litterarias
2985 1297 3175 1363 ferias,
3208 1302 3270 1351 ut
3298 1298 3531 1369 quidem
3562 1299 3717 1353 vide-

2014 1388 2127 1450 tur,
2181 1384 2317 1439 anni
2364 1385 2749 1439 trecentesimi
2809 1384 3150 1456 sexagesimi
3199 1386 3356 1439 noni.
3404 1387 3559 1440 Tunc
3609 1387 3721 1441 Ma-

2016 1471 2206 1526 dauris
2234 1473 2533 1542 Tagastam
2562 1488 2816 1526 reversus
2848 1473 3133 1527 decimum
3154 1478 3373 1527 sextum
3402 1474 3588 1527 aetatis
3617 1490 3719 1528 an-

2016 1577 2178 1625 num,
2212 1562 2311 1631 qui
2342 1566 2615 1631 reparata:
2646 1561 2843 1614 salutis
2874 1566 2994 1614 erat
3033 1562 3465 1616 trecentesimus
3493 1566 3723 1633 septua-

2016 1650 2287 1720 gesimus,
2320 1649 2381 1704 in
2430 1654 2669 1719 paterna
2715 1649 2885 1703 domo
2932 1649 3227 1720 transegit,
3263 1649 3588 1704 intermisso
3618 1666 3727 1720 per

2016 1739 2073 1793 id
2100 1744 2325 1809 tempus
2354 1738 2675 1792 studiorum
2710 1754 2898 1801 cursu,
2935 1738 3073 1792 dum
3105 1737 3528 1808 longinquioris
3557 1753 3723 1808 pere-

2017 1828 2349 1899 grinationis
2377 1833 2639 1898 sumptus
2656 1833 3018 1898 pararentur.
3051 1828 3325 1881 Patricius
3347 1828 3501 1882 enim
3528 1828 3723 1897 gloriae

2020 1917 2123 1971 ﬁlii
2153 1916 2413 1987 cupidus,
2448 1922 2617 1986 atque
2660 1916 2852 1969 animo
2899 1916 3100 1985 magis,
3135 1932 3310 1987 quam
3353 1916 3562 1970 divitiis
3600 1917 3727 1987 pol-

2019 2006 2161 2071 lens,
2194 2022 2328 2059 eum
2371 2004 2673 2059 academica
2717 2005 3149 2075 Carthagiuensi
3174 2004 3512 2059 destinabat.
3547 2006 3723 2058 Nemo

2020 2100 2154 2149 tunc
2184 2094 2494 2148 Patricium
2526 2110 2641 2147 non
2670 2094 2926 2163 impense
2960 2092 3245 2159 laudabat,
3277 2094 3432 2164 quod
3462 2098 3726 2165 sumptus

2019 2185 2138 2239 ﬁlio
2170 2184 2516 2238 necessarios
2544 2183 2615 2237 ad
2647 2181 3109 2253 prosequendum
3143 2180 3340 2235 dissita
3368 2181 3465 2235 illa
3494 2182 3553 2236 in
3582 2182 3723 2236 urbe

2022 2273 2341 2328 studiorum
2388 2271 2758 2339 curriculum,
2802 2287 2976 2341 supra
3005 2286 3179 2341 quam
3211 2270 3535 2325 domesticae
3564 2276 3725 2342 pate-

2020 2368 2221 2417 rentur
2265 2362 2578 2426 facultates,
2611 2360 2823 2430 prolixe
2870 2360 3279 2430 suppeditaret.
3332 2361 3525 2431 Neque
3572 2360 3724 2414 enim

2021 2452 2171 2506 ullus
2219 2468 2249 2505 e
2279 2449 2815 2519 communicipibus,
2849 2464 2915 2503 eo
2954 2450 3124 2520 longe
3154 2448 3630 2519 opulentioribus,
3657 2448 3724 2502 ad

2022 2541 2331 2595 liberorum
2363 2538 2551 2593 studia
2572 2538 2959 2609 promovenda
2982 2542 3201 2591 tantum
3222 2554 3372 2591 cura:
3400 2543 3570 2608 atque
3593 2552 3726 2608 ope-

2024 2648 2100 2685 ra:
2132 2630 2475 2684 conferebat.
2512 2628 2718 2681 Verum
2750 2643 2872 2681 non
2896 2627 3134 2696 perinde
3179 2627 3449 2681 sollicitus
3497 2631 3636 2693 erat,
3664 2631 3729 2680 ut

2022 2716 2174 2772 ﬁlius
2204 2732 2305 2787 pro
2336 2715 2519 2769 (etatis
2568 2731 2871 2786 progressu
2915 2715 2976 2768 in
3008 2715 3109 2769 Dei
3147 2714 3355 2768 timore
3404 2715 3723 2785 proﬁceret,

2023 2806 2453 2876 castitatemque
2483 2805 2706 2859 coleret.
2740 2805 2799 2858 Id
2840 2820 3021 2857 unum
3060 2804 3372 2873 spectabat,
3413 2808 3478 2857 ut
3508 2804 3601 2857 ille
3642 2803 3725 2857 di-

2025 2900 2209 2949 sertus
2256 2894 2539 2958 evaderet,
2571 2899 2741 2964 atque
2780 2892 2849 2945 ad
2894 2892 3359 2962 persuadendum
3388 2892 3724 2949 concinnus.

2024 2984 2305 3054 perfectus
2349 2986 2403 3036 et
2451 2982 2662 3051 politus
2709 2981 2969 3048 (Confess.
3026 2980 3120 3034 lib.
3179 2983 3234 3046 2,
3277 2995 3397 3049 cap.
3449 2982 3500 3046 3,
3546 2996 3598 3033 η.
3649 2982 3723 3049 5).

2025 3072 2191 3137 Quid,
2223 3071 2375 3143 quod
2412 3087 2542 3125 cum
2586 3070 2749 3125 illum
2781 3086 2849 3124 ex
2889 3068 3217 3140 prudentiae:
3250 3074 3307 3122 et
3336 3068 3727 3123 mansuetudi-

2026 3162 2113 3216 nis
2160 3160 2485 3232 praescripto
2532 3160 2829 3213 moderata
2869 3159 3168 3213 severitate
3212 3174 3470 3212 coercere
3502 3163 3726 3212 tenere-

2026 3257 2137 3317 tur,
2170 3252 2326 3305 laxas
2356 3250 2413 3304 in
2455 3250 2603 3305 ludis
2634 3254 2689 3303 et
2737 3247 3164 3303 oblectamentis
3212 3247 3465 3301 habenas
3494 3245 3575 3300 illi
3608 3263 3730 3318 per-

2028 3339 2308 3405 mittebat,
2339 3344 2393 3394 et
2414 3340 2671 3394 libertate
2703 3337 3046 3408 licentiaque
3073 3338 3225 3391 ultra
3252 3336 3484 3391 modum
3509 3335 3730 3390 indulta

2027 3429 2196 3484 variis
2220 3444 2351 3483 eum
2375 3428 2776 3497 etfrenatisque
2798 3426 3208 3497 cupiditatibus
3233 3426 3648 3496 obsequentem
3666 3424 3734 3477 si-

2029 3516 2201 3571 nebat
2230 3516 2287 3571 in
2317 3533 2569 3587 praeceps
2595 3517 2779 3587 abripi
2810 3516 2995 3586 (Ibid.,
3030 3530 3083 3568 η.
3119 3516 3200 3583 8).

2100 3625 2151 3679 2.
2184 3623 2298 3678 Sub
2350 3624 2469 3678 haec
2516 3623 2609 3677 ille
2640 3628 2919 3693 tempora,
2955 3621 3163 3693 quibus
3211 3621 3283 3675 ab
3337 3620 3496 3674 omni
3545 3620 3732 3675 schola

2028 3712 2264 3767 feriatus
2303 3712 2418 3766 otio
2462 3711 2775 3777 diffluebat,
2808 3712 2971 3766 foedae
3016 3710 3273 3765 libidinis
3298 3709 3526 3764 aculeos
3563 3725 3733 3779 expe-

2031 3801 2151 3868 riri,
2233 3806 2288 3856 et
2368 3801 2853 3872 quemadmodum
2932 3800 3047 3854 fere
3114 3799 3504 3854 adolescentes
3566 3798 3735 3853 otiosi

2031 3907 2250 3957 omnes,
2302 3890 2656 3962 tyrannicam
2705 3889 3009 3960 voluptatis
3048 3888 3166 3959 pati
3210 3889 3565 3943 servitutem.
3599 3888 3735 3952 Quae

2031 3981 2263 4053 quidem
2295 3980 2473 4051 spinae
2512 3980 2695 4033 subito
2733 3983 3119 4033 excrescentes
3157 3983 3329 4049 caput
3375 3980 3499 4049 ejus
3538 3994 3729 4032 exces-

2032 4076 2264 4124 serunt:
2304 4086 2405 4124 nec
2446 4075 2568 4123 erat
2610 4068 2828 4122 medica
2873 4084 3074 4121 manus
3114 4084 3242 4139 qua:
3274 4067 3399 4122 illas
3442 4069 3733 4123 evelleret.

2032 4159 2151 4213 Imo
2177 4163 2339 4230 pater
2377 4158 2559 4212 ﬁlium
2612 4157 2757 4211 forte
2796 4158 2857 4211 in
2900 4157 3117 4212 balneis
3155 4156 3515 4227 conspicatus
3556 4156 3734 4227 pube-

2031 4253 2301 4315 scentem,
2344 4249 2507 4320 quasi
2546 4264 2613 4301 ex
2660 4248 2782 4318 ejus
2821 4248 3087 4318 conjugio
3127 4251 3363 4317 nepotes
3400 4245 3559 4299 brevi
3607 4261 3734 4316 spc-

2032 4345 2203 4406 raret,
2239 4339 2297 4393 id
2337 4338 2608 4393 Monnicae
2639 4338 2892 4409 gaudens
2928 4336 3215 4391 indicavit.
3250 4335 3371 4388 Non
3404 4334 3483 4388 ita
3511 4334 3734 4405 pridem

2032 4431 2475 4484 catechumenus
2523 4432 2645 4482 erat
2686 4426 2960 4480 Patricius
2998 4442 3009 4478 :
3064 4428 3119 4478 at
3164 4440 3308 4477 uxor
3352 4423 3479 4492 ejus
3526 4422 3737 4493 pietate

2031 4517 2368 4590 provectior,
2428 4518 2491 4571 ad
2554 4516 2675 4570 haec
2716 4514 3104 4586 trepidatione
3162 4529 3225 4567 ac
3280 4512 3487 4566 timore
3544 4516 3738 4566 sancto

2033 4624 2305 4663 concussa
2361 4605 2626 4675 exsilivit,
2670 4605 2849 4658 verita
2910 4603 3123 4657 scilicet
3169 4618 3240 4656 ne
3296 4606 3490 4656 rueret
3544 4601 3733 4655 adole-

2033 4715 2190 4753 scens
2218 4698 2277 4751 in
2316 4690 2552 4767 flagitia.
2593 4695 2730 4749 llinc
2755 4709 2886 4747 eum
2917 4695 3240 4746 sevocatum
3270 4691 3576 4746 admonuit
3605 4706 3734 4745 cum

2033 4786 2411 4842 sollicitudine
2433 4784 2672 4856 ingenti,
2695 4788 2759 4837 ut
2779 4783 2848 4837 ab
2871 4782 3128 4836 obscenis
3147 4782 3460 4848 amoribus,
3489 4781 3735 4835 maxime

2033 4882 2223 4932 autem
2255 4877 2324 4931 ab
2356 4874 2523 4930 alieni
2555 4873 2665 4927 tori
2694 4871 3000 4926 violatione
3030 4872 3381 4926 abhorreret.
3413 4874 3483 4924 At
3510 4870 3615 4924 hos
3642 4869 3736 4923 ille

2032 4966 2304 5033 monitus,
2338 4970 2487 5019 certe
2520 4980 2551 5017 a
2579 4964 2693 5017 Deo
2741 4960 2848 5030 ipsi
2890 4977 2992 5031 per
3038 4960 3341 5014 mulierem
3390 4960 3572 5025 datos,
3608 4974 3738 5011 mu-

2034 5057 2240 5112 liebres
2261 5053 2576 5126 reputabat,
2603 5051 2811 5122 quibus
2838 5050 3233 5120 obtemperare
3255 5049 3594 5119 probrosum
3626 5046 3738 5099 sibi

2034 5163 2153 5201 esse
2180 5146 2426 5199 duceret.
2458 5144 2635 5196 Tanta
2664 5140 2911 5194 caecitate
2943 5139 3059 5193 ibat
3084 5139 3141 5193 in
3186 5154 3464 5209 princeps,
3497 5141 3558 5190 ut
3589 5135 3739 5188 inter

2035 5239 2349 5289 coretaneos
2397 5229 2613 5301 flagitia
2642 5246 2743 5284 sua
2783 5230 2967 5300 palam
2994 5228 3293 5298 jactantes,
3326 5232 3382 5280 et
3410 5226 3478 5279 de
3510 5224 3620 5277 illis
3669 5239 3736 5277 eo

2035 5324 2346 5396 procacius,
2386 5337 2499 5392 quo
2552 5319 2733 5391 magis
2778 5317 3128 5390 propudiosa
3194 5320 3356 5369 erant
3403 5312 3735 5383 gloriantes,

2036 5412 2274 5469 minoris
2304 5428 2436 5467 eum
2484 5409 2777 5465 dedecoris
2824 5424 2984 5462 reum
3028 5422 3147 5460 esse
3194 5404 3483 5474 puderet:
3535 5406 3591 5455 et
3639 5403 3739 5456 ubi

2035 5506 2248 5568 deerat,
2282 5519 2394 5575 quo
2435 5498 2926 5572 proﬁigatissimos
2975 5509 3231 5567 quosque
3277 5492 3625 5563 adaequaret,
3667 5508 3737 5546 ne

2035 5610 2148 5666 quo
2178 5593 2384 5648 castior
2412 5596 2470 5647 et
2507 5588 2878 5653 innocentior,
2908 5602 2976 5639 eo
3015 5583 3291 5653 abjectior
3327 5586 3383 5637 et
3421 5581 3590 5637 vilior
3636 5582 3737 5636 ha-

2034 5684 2284 5751 beretur,
2312 5681 2451 5737 illud
2502 5680 2655 5734 idem
2704 5690 2931 5749 quoque
2978 5672 3438 5749 secommisisse
3487 5672 3741 5743 ﬁngebat

2037 5772 2223 5847 (lbid.,
2264 5788 2356 5827 nn.
2396 5775 2451 5839 7,
2482 5772 2560 5837 8).
2616 5768 2836 5823 Moram
2874 5778 3109 5819 suorum
3160 5763 3380 5834 sordes,
3422 5761 3483 5817 in
3529 5761 3739 5833 quibus
