4048 6194
349 304 409 356 71
1559 294 1734 350 VITA
1775 293 1836 348 S.
1883 289 2270 349 AUGUSTINI
2318 290 2657 348 EPISCOPI.
3795 297 3862 348 ‘72

351 425 569 478 interea
612 422 812 493 jacuit,
845 421 1042 478 multis
1072 421 1194 492 ipse
1224 420 1412 479 verbis
1463 419 1724 492 deplorat
1742 436 1766 498 ε.
1791 435 1904 490 quo
1935 417 2057 489 qui-

353 512 481 567 dem
513 516 875 583 tempore,ut
903 511 1180 583 loquitur,
1197 509 1389 564 satiari
1409 509 1607 564 inferis
1637 507 1845 562 exarsit
1870 506 2052 576 (Ibid.,

350 617 476 672 cap.
522 605 570 669 1,
601 617 657 656 n.
695 601 764 672 1).
801 601 911 656 Nec
941 601 1011 656 de
1049 599 1231 655 nimia
1261 598 1663 655 tantummodo
1694 596 1919 651 licentia
1944 593 2052 648 sibi

354 707 620 748 concessa
661 689 955 762 queritur;
998 689 1093 744 sed
1133 689 1305 743 etiam
1336 689 1488 760 quod
1527 691 1710 742 mater
1739 703 1802 741 ex
1831 702 1945 757 quo
1974 683 2053 737 vi-

351 799 482 838 rum
513 797 686 852 supra
725 784 1040 835 memorata
1071 779 1408 834 referentem
1441 776 1730 844 audiisset,
1761 775 1898 829 satis
1927 791 2050 829 esse

351 871 657 942 putaverit,
695 869 804 940 ipsi
853 867 1100 922 colenda
1143 865 1415 920 castitatis
1460 865 1676 919 monita
1722 863 2050 932 tradidisse,

354 977 542 1032 neque
571 957 927 1029 diligentiam
961 955 1302 1018 adhibuerit,
1335 971 1450 1026 quo
1480 953 1866 1027 pestilentiosa
1893 969 1955 1008 ac
1992 952 2051 1006 in

351 1056 646 1120 posterum
695 1044 1069 1117 periculosior
1111 1043 1312 1113 libido,
1362 1044 1408 1097 si
1456 1043 1698 1098 resecari
1745 1043 1815 1098 ad
1861 1043 2048 1097 vivum

350 1153 470 1192 non
497 1140 743 1206 poterat,
769 1134 978 1204 injecto
1007 1132 1249 1204 legitimi
1296 1132 1548 1204 conjugii
1577 1133 1736 1188 freno
1765 1149 2050 1188 coercere-

350 1231 462 1280 tur.
493 1227 697 1278 Verum
729 1241 796 1278 ea
825 1222 1187 1277 solummodo
1216 1239 1353 1278 cura
1380 1223 1489 1276 fuit
1519 1227 1821 1293 parentum
1850 1221 2049 1292 ipsius,

350 1319 412 1368 ut
444 1318 622 1367 artem
653 1313 798 1367 bene
829 1310 1052 1365 dicendi
1080 1308 1582 1382 persuadendique
1612 1309 1959 1374 addisceret;
1990 1325 2053 1362 ac

353 1408 540 1458 metus
583 1406 723 1464 erat,
771 1417 843 1456 ne
887 1400 1005 1455 tilio
1045 1398 1299 1470 conjugii
1341 1398 1581 1454 vinculis
1627 1403 1763 1454 tunc
1805 1397 2052 1461 astricto.

353 1508 482 1563 spes
510 1491 695 1546 omnis
725 1489 794 1544 de
824 1490 922 1544 illo
949 1493 1223 1560 concepta
1251 1492 1594 1544 vanesceret.
1623 1488 1686 1543 In
1716 1488 1839 1560 ipso
1867 1487 2060 1543 adole-

355 1578 584 1634 scentia
638 1595 755 1633 sua
812 1577 1060 1644 exordio,
1108 1581 1170 1631 ut
1225 1577 1344 1648 ipse
1401 1576 1611 1642 scribit,
1650 1576 1816 1648 petiit
1861 1593 1895 1630 a
1941 1577 2054 1632 Deo

357 1669 697 1736 castitatem,
747 1667 842 1722 sed
891 1666 1040 1722 futili
1080 1666 1328 1738 quodam
1367 1670 1424 1721 et
1461 1666 1729 1737 ambiguo
1770 1671 1925 1721 voto.
1958 1669 2053 1721 Di-

355 1775 566 1825 xeram,
608 1757 709 1826 ait,
749 1759 832 1813 Da
879 1758 1018 1812 mihi
1065 1759 1369 1812 castitatem
1419 1761 1470 1811 et
1515 1758 1915 1825 continentiam,
1962 1757 2057 1811 sed

354 1849 469 1902 noli
495 1847 668 1902 modo.
708 1847 980 1902 Timebam
1010 1849 1152 1900 enim
1193 1861 1259 1901 ne
1299 1863 1381 1901 me
1409 1849 1511 1900 cito
1551 1845 1842 1900 exaudires
1877 1850 1927 1900 et
1951 1847 2056 1900 cito

354 1951 578 1991 sanares
606 1953 640 1990 a
665 1937 846 1990 morbo
872 1938 1327 2006 concupiscentia,
1364 1951 1526 2005 quam
1557 1934 1820 1990 malebam
1848 1936 2058 2006 expleri

353 2042 517 2097 quam
555 2027 835 2093 exstingui
864 2026 1120 2096 (Confess.
1155 2025 1252 2080 lib.
1281 2029 1334 2093 8,
1365 2041 1486 2094 cap.
1520 2029 1577 2092 7,
1606 2039 1662 2079 n.
1701 2028 1803 2093 17).

425 2155 476 2207 3.
510 2153 616 2206 Per
644 2151 797 2205 idem
844 2154 1068 2222 tempus
1111 2166 1225 2222 quo
1270 2149 1426 2204 domi
1463 2149 1775 2204 feriabatur
1819 2148 2052 2215 otiosus,

353 2257 484 2295 cum
512 2240 574 2294 in
603 2239 1076 2294 consuetudinem
1107 2255 1413 2311 pravorum
1455 2238 1678 2310 aliquot
1723 2238 2054 2292 adolescen-

353 2330 498 2384 tium
529 2329 744 2401 pariter
773 2328 1086 2382 otiosorum
1117 2345 1176 2382 se
1205 2327 1471 2390 dedisset,
1501 2328 1573 2383 ab
1601 2328 1671 2382 iis
1697 2327 1758 2382 in
1795 2327 1933 2384 furti
1962 2343 2054 2380 so-

354 2419 615 2474 cietatem
648 2418 960 2473 adductum
1003 2434 1062 2472 se
1090 2416 1263 2472 fuisse
1306 2421 1607 2484 memorat,
1637 2417 1789 2489 quod
1819 2417 1936 2471 solo
1965 2418 2055 2488 ju-

359 2508 529 2564 stitia
555 2506 782 2563 fastidio
810 2523 874 2561 ac
902 2507 1056 2562 velut
1094 2513 1448 2579 exaggerata
1485 2506 1801 2578 iniquitatis
1827 2507 2055 2562 cumulo

353 2597 647 2653 admisisse
695 2597 1030 2663 confitetur;
1077 2613 1208 2652 cum
1259 2595 1316 2651 in
1363 2597 1472 2652 hoc
1522 2595 1674 2650 furto
1717 2595 1871 2650 aliud
1912 2595 2055 2650 nihil

353 2703 527 2759 quam
567 2686 785 2742 furtum
825 2691 1128 2758 quareret,
1173 2702 1238 2740 ac
1287 2686 1408 2741 vitii
1445 2685 1640 2756 potius
1677 2684 2054 2756 turpitudine,

353 2792 528 2849 quam
558 2777 945 2831 emolumento
969 2775 1083 2830 frui
1104 2780 1452 2848 peroptaret.
1481 2775 1681 2842 Arbor,
1705 2774 1910 2846 inquit,
1940 2781 2058 2830 erat

349 2867 508 2936 prius
536 2866 598 2919 in
623 2865 828 2919 vicinia
857 2865 1026 2919 vinea
1070 2870 1285 2931 nostra,
1316 2866 1488 2934 pomis
1514 2868 1728 2934 onusta,
1757 2880 1851 2920 nec
1879 2868 2056 2933 forma

351 2970 445 3010 nec
494 2969 686 3024 sapore
734 2953 1076 3008 illecebrosis.
1121 2954 1216 3009 Ad
1273 2953 1414 3008 hanc
1472 2953 1849 3009 excutiendam
1896 2959 2058 3024 atque

353 3043 744 3114 asportandam
773 3045 1094 3112 nequissimi
1122 3043 1504 3098 adolescentuli
1529 3045 1868 3114 perreximus
1913 3047 2060 3098 nocte

350 3135 693 3202 intempesta,
724 3147 998 3201 quousque
1018 3133 1205 3187 ludum
1234 3133 1298 3187 de
1313 3133 1631 3202 pestilentia
1655 3148 1798 3187 more
1826 3134 1885 3186 in
1915 3135 2058 3188 areis

349 3221 824 3292 produxeramus;
859 3226 907 3275 et
939 3220 1264 3276 abstulimus
1294 3221 1420 3276 inde
1456 3237 1618 3276 onera
1659 3224 1921 3290 ingentia,
1951 3237 2059 3276 non

353 3310 428 3366 ad
474 3315 688 3367 nostras
736 3311 946 3380 epulas,
973 3310 1068 3365 sed
1112 3311 1194 3364 vel
1227 3311 1571 3380 proiicienda
1608 3313 1813 3380 porcis,
1844 3314 2061 3365 etiamsi

352 3400 569 3471 aliquid
592 3400 718 3454 inde
746 3399 1086 3466 comedimus,
1120 3399 1248 3454 dum
1280 3404 1456 3454 tamen
1481 3401 1631 3468 ﬁeret
1657 3417 1691 3454 a
1719 3401 1893 3470 nobis,
1915 3401 2060 3470 quod

350 3505 408 3546 eo
437 3489 640 3554 liberet,
675 3504 777 3557 quo
820 3505 926 3543 non
959 3489 1140 3543 liceret
1177 3488 1362 3558 (Ibid.,
1395 3489 1490 3543 lib.
1532 3489 1588 3554 2,
1635 3504 1756 3558 cap.
1793 3490 1843 3544 4.
1889 3505 1945 3543 n.
1980 3489 2054 3560 9).

352 3583 555 3636 Coram
589 3579 703 3633 Deo
733 3577 1082 3648 expendens,
1117 3578 1246 3649 quis
1279 3577 1508 3632 tandem
1539 3576 1600 3631 in
1628 3577 1778 3632 furto
1808 3583 1923 3632 tam
1954 3577 2059 3632 ini-

353 3687 467 3742 quo
498 3667 677 3723 animi
692 3667 778 3722 sui
801 3667 1037 3722 affectus
1061 3666 1402 3721 exstitisset:
1423 3669 1606 3733 Risus,
1636 3666 1735 3733 ait,
1761 3671 1879 3721 erat
1899 3670 2061 3737 quasi

353 3759 576 3814 titillato
605 3757 782 3827 corde,
813 3756 958 3826 quod
979 3757 1303 3824 fallebamus
1331 3771 1416 3811 eos
1440 3759 1538 3826 qui
1574 3757 1682 3811 hac
1711 3773 1746 3810 a
1769 3757 1921 3811 nobis
1939 3758 2060 3826 ﬁeri

355 3863 459 3902 non
495 3846 793 3916 putabant;
824 3851 876 3900 et
918 3846 1252 3900 vehementer
1288 3845 1562 3900 nolebant.
1598 3845 1746 3902 Illud
1772 3847 1916 3901 solus
1951 3863 2057 3900 non

351 3938 606 4003 facerem,
636 3951 743 3989 non
777 3936 1014 4001 facerem
1053 3937 1266 3989 omnino
1295 3936 1438 3989 solus
1479 3951 1492 3989 :
1539 3951 1620 3989 me
1664 3937 1835 3990 solum
1879 3938 2060 4004 facere

347 4039 575 4094 prorsus
605 4039 710 4078 non
750 4022 954 4090 liberet,
982 4039 1077 4081 nec
1106 4025 1357 4091 facerem.
1392 4025 1436 4080 0
1470 4025 1636 4079 nimis
1666 4026 1888 4080 inimica
1917 4027 2056 4079 ami-

355 4115 505 4180 citia,
537 4112 775 4168 seductio
804 4115 998 4168 mentis
1031 4113 1466 4182 investigabilis;
1495 4129 1562 4168 ex
1591 4115 1716 4168 ludo
1741 4119 1789 4168 et
1807 4115 1928 4184 joco
1956 4129 2056 4168 no-

353 4201 510 4257 cendi
519 4202 782 4268 aviditas,
805 4207 854 4256 et
881 4203 1052 4256 alieni
1070 4202 1260 4256 damni
1278 4205 1552 4272 appetitus
1571 4203 1753 4267 ;nulla
1775 4203 1913 4258 lucri
1931 4206 2056 4270 mei,

353 4292 507 4348 nulla
535 4291 833 4347 ulciscendi
855 4289 1115 4356 libidine;
1135 4290 1232 4346 sed
1251 4307 1369 4345 cum
1389 4291 1612 4359 dicitur,
1642 4293 2056 4360 Eamus,facia-

354 4397 503 4450 mus;
527 4386 576 4436 et
591 4382 763 4452 pudet
782 4397 888 4437 non
908 4395 1017 4437 esse
1038 4380 1401 4450 impudentem
1415 4380 1631 4451 !(1bid.,
1646 4397 1764 4451 cap.
1790 4384 1843 4450 9,
1865 4397 1921 4436 η.
1949 4383 2052 4454 17).

1028 4533 1256 4588 CAPUT
1297 4533 1384 4588 IV.

361 4665 381 4716 1
419 4659 751 4726 Carthagine
775 4658 994 4715 studens
1032 4661 1344 4721 Rhetorica,
1377 4675 1412 4713 a
1444 4659 1678 4730 perditis
1715 4660 2057 4715 scholastico-

425 4764 548 4802 rum
589 4748 829 4802 moribus
858 4748 1129 4804 abhorret.
1162 4751 1195 4802 2
1222 4749 1308 4804 Ibi
1345 4751 1556 4820 impuro
1585 4765 1765 4804 amore
1808 4751 2050 4820 capitur.

431 4841 462 4893 3
487 4836 708 4893 Modum
735 4839 794 4891 in
823 4853 880 4892 eo
909 4838 1194 4906 quemdam
1225 4843 1380 4894 tenet.
1413 4839 1447 4892 4
1475 4837 1817 4894 Adeodatum
1847 4856 1914 4894 ex
1942 4856 2060 4894 con-

427 4927 627 4983 cubina
655 4929 912 4997 suscipit.
943 4931 972 4981 5
1003 4928 1276 4983 Adcodati
1302 4926 1553 4982 mirabile
1577 4928 1869 4995 ingenium,
1895 4943 2059 4982 mors-

427 5033 528 5087 que
555 5018 876 5071 immatura.

431 5128 483 5180 1.
517 5123 862 5195 Comparato
890 5121 1113 5189 viatico,
1143 5121 1480 5178 litterarium
1511 5121 1764 5178 studium
1791 5126 2058 5193 peractu-

353 5231 454 5270 rus
483 5213 886 5285 Carthaginem
917 5212 1115 5284 petiit:
1143 5212 1241 5266 ubi
1269 5228 1386 5268 non
1415 5211 1657 5284 pecunia
1687 5211 1858 5266 modo
1884 5228 2058 5282 quam

353 5308 519 5372 pater
569 5303 643 5358 ad
681 5302 738 5357 id
780 5304 1100 5373 paraverat,
1140 5305 1488 5356 sustentatus
1539 5305 1658 5368 est;
1714 5301 1810 5355 sed
1856 5301 2059 5370 opibus

357 5391 530 5447 etiam
561 5391 925 5456 Romaniani,
957 5389 1092 5445 civis
1119 5389 1478 5460 Tagastensis
1501 5389 1780 5460 primarii,
1805 5390 1905 5461 qui
1925 5405 2058 5444 eum

353 5479 846 5537 adolescentulum
891 5496 1202 5552 pauperem
1245 5479 1318 5533 ad
1355 5478 1657 5550 peregrina
1703 5480 1891 5534 studia
1928 5496 2057 5550 per-

353 5572 607 5639 gentem,
631 5577 689 5626 et
717 5572 907 5639 domo,
940 5575 998 5626 et
1019 5574 1276 5640 sumptu,
1307 5575 1364 5623 et
1390 5567 1541 5639 quod
1571 5568 1701 5638 plus
1729 5574 1833 5626 est.
1863 5569 2056 5624 animo

354 5657 571 5729 excepit
597 5659 815 5725 (Contra
848 5659 1052 5730 Acad,
1085 5658 1180 5714 lib.
1209 5659 1260 5728 2,
1291 5673 1348 5714 n.
1381 5659 1457 5729 3).
1489 5657 1555 5712 In
1583 5656 1688 5712 hac
1716 5657 2058 5730 eloquentia

2163 418 2428 487 palastra
2456 417 2673 488 primas
2702 415 2999 472 confestim
3026 417 3228 483 tenuit,
3251 418 3404 474 unde
3433 435 3551 474 non
3579 419 3701 474 sine
3721 420 3868 475 fastu

2165 512 2222 562 et
2250 507 2496 563 elatione
2527 506 2728 582 animi,
2750 507 2959 578 gaudio
2989 507 3399 580 triumphabat.
3424 509 3652 565 Galeris
3674 516 3866 566 tamen

2160 595 2509 651 scholasticis
2540 597 2888 652 moderatius
2918 613 2976 651 se
3002 597 3256 668 gerebat,
3278 602 3335 653 et
3351 599 3423 653 ab
3449 599 3646 654 insana
3668 617 3868 656 eorum

2158 685 2504 740 abhorrebat
2553 685 2800 752 licentia,
2834 686 2930 758 qui
2972 687 3306 742 Eversorum
3344 703 3576 754 nomen,
3616 688 3869 744 infamia

2159 789 2333 829 causa
2361 773 2470 828 sibi
2493 774 2696 829 merito
2725 774 3084 845 impositum,
3107 775 3264 830 velut
3283 777 3622 831 urbanitatis
3645 777 3870 848 insigne

2158 863 2486 933 petulanter
2513 863 2878 918 ostentabant
2909 865 3162 932 (Con/ess.
3194 865 3288 918 lib.
3341 868 3390 929 3,
3420 881 3540 935 cap.
3577 867 3628 932 3,
3678 882 3734 920 n.
3777 869 3862 936 6).

2160 951 2330 1006 Foeda
2367 956 2425 1006 et
2472 951 2862 1022 intemperans
2894 953 3126 1008 illorum
3157 953 3385 1008 licentia
3420 971 3488 1008 eo
3517 971 3697 1025 usque
3734 971 3870 1025 pro-

2160 1041 2549 1111 grediebatur,
2581 1045 2644 1095 ut
2690 1041 2749 1096 in
2800 1041 3046 1096 aliorum
3085 1048 3504 1114 praceptorum
3543 1043 3761 1098 scholas
3809 1061 3870 1098 os

2160 1131 2411 1185 ferreum
2441 1130 2756 1201 procaciter
2794 1131 3089 1197 inferrent,
3123 1137 3181 1187 et
3207 1132 3267 1186 in
3301 1149 3395 1186 eas
3425 1132 3694 1202 ingressi,
3723 1133 3873 1188 ordi-

2161 1236 2293 1274 nem
2311 1220 2377 1274 ad
2400 1219 2716 1291 profectum
2737 1219 3187 1291 discipuloruma
3207 1221 3495 1292 magistris
3516 1221 3865 1289 institutum,

2159 1307 2372 1364 furiosa
2401 1309 2649 1380 quadam
2691 1309 2878 1365 fronte
2918 1311 3340 1382 perturbarent.
3374 1311 3548 1366 Multa
3593 1312 3649 1366 id
3686 1329 3875 1384 genus

2162 1396 2443 1468 injuriosa
2471 1397 2879 1469 perpetrabant
2908 1399 3054 1454 mira
3083 1399 3428 1454 hebetudine
3459 1404 3516 1455 et
3538 1401 3685 1456 foeda
3711 1401 3874 1457 rabie

2161 1486 2316 1553 caci,
2367 1486 2590 1559 legibus
2651 1492 2803 1542 certe
2849 1487 3213 1558 vindicanda,
3257 1488 3368 1543 nisi
3410 1505 3478 1544 ea
3518 1490 3875 1546 consuetudo

2161 1579 2402 1646 patrona
2444 1576 2869 1647 comprobasset
2913 1577 3076 1647 (Ibid.
3119 1576 3214 1632 lib.
3261 1581 3312 1643 5,
3361 1594 3483 1649 cap.
3534 1581 3589 1646 8,
3640 1597 3702 1636 η.
3765 1580 3872 1650 14).

2162 1666 2307 1720 Inter
2337 1679 2489 1734 quos,
2527 1665 2607 1719 ait
2633 1664 3010 1737 Augustinus,
3039 1666 3286 1721 vivebam
3310 1667 3519 1737 pudore
3546 1668 3874 1738 impudenti,

2164 1756 2297 1823 quia
2329 1755 2456 1808 talis
2485 1769 2590 1808 non
2614 1769 2763 1808 eram
2787 1771 2799 1810 :
2824 1761 2874 1810 ct
2893 1770 3011 1809 cum
3036 1757 3112 1810 eis
3142 1771 3314 1825 eram,
3334 1761 3386 1810 et
3413 1759 3671 1813 amicitiis
3694 1773 3877 1812 eorum

2163 1842 2468 1898 delectabar
2496 1843 2813 1912 aliquando,
2847 1859 2883 1898 a
2911 1859 3138 1912 quorum
3170 1859 3381 1914 semper
3415 1846 3583 1913 factis
3612 1846 3876 1902 abhorre-

2165 1932 2307 1998 bam,
2331 1932 2425 1986 hoc
2452 1935 2528 1986 est
2551 1931 2620 1984 ab
2654 1933 3019 1987 eversionibus
3045 1933 3244 2002 quibus
3258 1939 3511 2004 proterve
3537 1935 3879 1991 insectaban-

2163 2026 2254 2076 tur
2299 2024 2600 2089 ignotorum
2647 2022 3044 2088 verecundiam,
3097 2039 3262 2094 quam
3299 2024 3652 2094 pertubarent
3695 2029 3875 2093 gratis

2161 2109 2460 2176 illudendo,
2490 2115 2654 2180 atque
2697 2111 2824 2165 inde
2846 2110 3116 2182 pascendo
3145 2113 3434 2168 malevolus
3482 2114 3700 2168 laetitias
3741 2129 3876 2169 suas

2165 2198 2344 2269 (Ibid.,
2399 2199 2491 2254 lib.
2544 2202 2597 2263 3,
2631 2215 2751 2270 cap.
2784 2202 2836 2268 3,
2868 2216 2924 2254 n.
2966 2199 3044 2269 6).
3088 2201 3243 2256 Inter
3271 2201 3378 2256 hos
3407 2217 3546 2272 ergo
3587 2201 3879 2257 imbecilla

2162 2290 2299 2341 tunc
2311 2291 2475 2342 atate
2495 2287 2745 2344 discebat
2762 2289 2936 2343 libros
2952 2289 3319 2361 eloquentia,
3333 2290 3394 2345 in
3413 2307 3528 2362 qua
3545 2292 3878 2363 pracellere

2164 2374 2428 2447 cupiebat
2445 2392 2617 2447 prava
2637 2376 2736 2430 illa
2755 2381 2814 2432 et
2833 2377 3048 2432 infelici
3071 2394 3375 2434 succensus
3387 2380 3722 2448 ambitione,
3741 2397 3878 2453 qua.

2163 2465 2338 2520 solius
2353 2465 2551 2536 gloria
2564 2483 2732 2521 causa
2743 2466 3029 2522 desudans
3039 2467 3311 2522 solidiora
3324 2484 3428 2524 sua
3442 2469 3722 2540 gaudiain
3733 2485 3881 2525 aura

2164 2559 2400 2610 ventosa
2422 2555 2689 2610 vanitatis
2716 2556 2987 2611 humana
3017 2557 3257 2612 collocat
3280 2557 3468 2629 (Ibid,
3490 2575 3610 2629 cap.
3640 2561 3694 2626 4,
3713 2576 3769 2615 n.
3792 2561 3876 2629 τ).

2168 2645 2297 2698 Haec
2324 2642 2479 2698 enim
2500 2643 2687 2700 studia
2716 2661 2847 2700 eum
2869 2662 2972 2716 per
2998 2662 3056 2700 se
3085 2645 3373 2702 ducebant
3394 2649 3464 2703 ad
3489 2648 3700 2715 forum,
3718 2651 3882 2720 quod

2165 2731 2262 2786 ille
2285 2732 2407 2803 jam
2436 2737 2559 2788 tum
2590 2734 2898 2805 spectabat,
2931 2738 2997 2789 ut
3025 2734 3103 2789 ibi
3142 2736 3328 2790 clarus
3357 2753 3425 2791 eo
3457 2737 3736 2808 majorem
3768 2739 3884 2793 sibi

2166 2821 2406 2893 gloriam
2428 2828 2804 2894 compararet,
2827 2841 2940 2896 quo
2964 2824 3172 2880 melius
3191 2830 3384 2880 nosset
3403 2826 3577 2881 etiam
3602 2843 3886 2899 oppressa

2166 2910 2402 2966 veritate
2433 2912 2728 2968 mendacio
2757 2913 3124 2984 patrocinari.
3163 2916 3336 2970 Tanta
3377 2920 3474 2980 est,
3507 2915 3586 2970 ait
3620 2915 3767 2970 hanc
3814 2917 3884 2971 in

2165 3015 2310 3067 rem,
2355 3003 2566 3056 cacitas
2612 3003 2884 3057 hominum
2913 3003 2980 3057 de
3008 3005 3243 3059 caecitate
3283 3008 3447 3059 etiam
3475 3006 3829 3074 gloriantium
3863 3009 3884 3061 .'

2169 3089 2424 3156 (Confess.
2458 3090 2554 3144 lib.
2599 3094 2651 3158 3,
2684 3106 2809 3161 cap.
2851 3094 2900 3154 3,
2935 3109 2998 3148 η.
3037 3096 3116 3162 6).

2237 3251 2288 3302 2.
2318 3249 2425 3305 Sed
2449 3249 2588 3322 quid
2619 3251 2844 3306 silentio
2874 3252 3234 3324 praeterimus
3255 3269 3384 3326 qua
3404 3253 3566 3325 prius
3590 3255 3650 3310 in
3671 3256 3883 3313 eodem

2167 3338 2596 3393 Confessionum
2645 3335 2880 3412 suarum
2911 3341 3056 3396 libro
3096 3343 3373 3414 probrosa
3413 3344 3484 3398 de
3521 3361 3582 3398 se
3621 3346 3890 3416 prodidit

2167 3426 2501 3481 memoria?
2528 3427 2753 3483 Scilicet
2780 3429 2965 3484 virum
2999 3438 3258 3487 sanctum
3289 3433 3360 3488 ad
3386 3450 3454 3488 ea
3481 3432 3718 3506 insuper
3746 3452 3886 3507 qua

2164 3513 2254 3568 vix
2285 3514 2426 3570 citra
2449 3516 2719 3572 ruborem
2749 3518 2858 3589 legi
2891 3520 3132 3590 possint,
3153 3523 3216 3576 in
3245 3523 3426 3577 oculis
3454 3523 3713 3579 omnium
3746 3541 3890 3580 con-

2165 3604 2401 3672 fitenda,
2431 3605 2740 3677 singularis
2770 3607 3003 3679 impulit
3032 3611 3210 3665 animi
3240 3611 3540 3669 demissio.
3586 3616 3724 3669 Veni
3747 3616 3890 3672 Car-

2167 3696 2463 3763 thaginem,
2490 3695 2678 3767 inquit
2709 3697 2882 3770 (quod
2917 3699 3022 3754 sub
3053 3700 3269 3756 exitum
3311 3701 3448 3756 anni
3487 3704 3888 3761 trecentesimi

2167 3784 2569 3856 septuagesimi
2597 3786 2865 3842 accidisse
2900 3788 3164 3854 videtur).
3193 3796 3246 3845 et
3291 3793 3768 3862 circumstrepebat
3794 3810 3890 3849 me

2167 3873 2411 3943 undique
2439 3879 2660 3942 sartago
2703 3878 3097 3946 ﬂagitiosorum
3127 3895 3397 3935 amorum.
3434 3882 3684 3937 Nondum
3714 3899 3883 3938 ama-

2169 3962 2311 4028 bam,
2342 3969 2392 4018 et
2418 3979 2602 4018 amare
2631 3967 2904 4032 amabam,
2935 3973 2986 4022 et
3015 3973 3292 4023 secretiore
3319 3969 3628 4039 indigentia
3654 3971 3887 4028 oderam

2165 4067 2246 4104 me
2274 4053 2451 4106 minus
2480 4053 2828 4120 indigentem.
2861 4057 2970 4111 Bui
2991 4059 3155 4111 etiam
3195 4060 3252 4111 in
3281 4073 3513 4113 amorem
3551 4076 3656 4130 quo
3684 4065 3886 4130 cupie-

2168 4141 2290 4194 bam
2334 4143 2460 4211 capi
2497 4157 2512 4196 :
2548 4158 2663 4196 non
2707 4159 2984 4211 amorem,
3029 4145 3356 4216 opinamur,
3402 4148 3638 4203 alterius
3685 4150 3758 4203 ab
3811 4167 3886 4206 ea

2165 4245 2338 4300 quam
2369 4246 2544 4285 unam
2583 4231 2694 4286 sibi
2724 4233 2793 4287 ad
2843 4234 3044 4289 cubilis
3083 4236 3416 4292 sacietatem
3447 4238 3658 4310 adlegit
3692 4256 3706 4294 :
3739 4255 3884 4296 nam

2165 4319 2438 4374 continuo
2481 4321 2883 4394 prosequitur:
2933 4327 3072 4380 Deus
3120 4342 3289 4393 meus,
3320 4329 3695 4383 misericordia
3733 4346 3884 4399 mea,

2166 4415 2368 4479 quanto
2395 4411 2521 4478 felle
2549 4412 2689 4466 mihi
2730 4417 3053 4469 suavitatem
3089 4417 3263 4482 illam,
3295 4422 3347 4472 et
3374 4433 3540 4488 quam
3576 4419 3745 4474 bonus
3773 4421 3886 4476 ad—

2165 4501 2414 4569 spersisti
2435 4501 2454 4554 .'
2484 4503 2616 4568 quia
2643 4505 2693 4555 et
2719 4507 2940 4558 amatus
2969 4518 3088 4558 sum
3110 4510 3160 4559 et
3181 4510 3409 4575 perveni
3427 4509 3628 4562 occulte
3655 4510 3734 4563 ad
3762 4514 3890 4566 vin-

2166 4589 2343 4643 culum
2370 4589 2616 4654 fruendi,
2646 4595 2697 4645 et
2740 4593 3038 4659 colligabar
3075 4595 3227 4649 latus
3276 4598 3592 4651 aerumnosis
3622 4599 3889 4668 nexibus,

2165 4682 2226 4731 ut
2255 4677 2484 4732 caderer
2507 4680 2682 4746 virgis
2699 4682 2893 4748 ferreis
2923 4683 3244 4738 ardentibus
3268 4685 3388 4751 zeli,
3411 4690 3461 4740 et
3487 4689 3893 4758 suspicionum,

2166 4771 2215 4820 et
2233 4769 2506 4834 timorum,
2523 4774 2571 4823 et
2592 4771 2821 4834 irarum,
2845 4775 3008 4843 atque
3027 4775 3280 4828 rixarum
3300 4774 3482 4842 (Ibid.,
3501 4791 3622 4846 cap.
3658 4781 3705 4844 1,
3725 4795 3782 4833 n.
3816 4781 3893 4850 1).

2165 4853 2255 4909 Sic
2305 4871 2510 4926 nempe
2559 4873 2730 4928 super
2768 4865 3099 4930 peccantem
3149 4862 3596 4919 circumvolabat
3631 4865 3824 4922 fidelis
3857 4887 3898 4924 a

2166 4943 2336 5014 longe
2359 4943 2751 5002 misericordia
2773 4949 2898 5016 Dei,
2921 4953 2978 5003 et
3001 4949 3057 5003 in
3082 4951 3348 5005 omnibus
3368 4952 3529 5007 factis
3556 4954 3738 5025 ipsius
3763 4973 3903 5011 ma-

2165 5032 2237 5086 lis
2265 5049 2395 5087 eum
2429 5034 2776 5105 flagellabat.
2810 5039 2994 5092 Ausus
3023 5053 3163 5106 sum,
3189 5040 3285 5106 ait,
3304 5044 3465 5096 etiam
3486 5045 3543 5097 in
3572 5045 3901 5102 celebritate

2166 5121 2563 5178 solemnitatum
2594 5129 2836 5194 tuarum,
2861 5124 3013 5180 intra
3042 5130 3275 5196 parietes
3304 5131 3534 5186 ecclesia
3561 5138 3665 5187 tua
3683 5149 3902 5189 concu-

2161 5225 2370 5280 piscere
2411 5215 2461 5265 et
2489 5227 2647 5278 agere
2693 5216 2964 5282 negotium
3005 5218 3348 5284 procurandi
3387 5221 3604 5285 fructus
3642 5226 3843 5278 mortis
3874 5243 3894 5281 :

2165 5299 2308 5354 unde
2325 5316 2407 5354 me
2433 5301 2730 5357 verberasti
2755 5303 3014 5371 gravibus
3041 5307 3245 5374 panis;
3265 5306 3359 5361 sed
3387 5309 3530 5362 nihil
3557 5309 3631 5364 ad
3656 5313 3898 5381 culpam

2165 5404 2334 5442 meam
2357 5388 2544 5460 (Ibid.,
2575 5407 2697 5460 cap.
2718 5393 2769 5454 3,
2795 5407 2850 5447 n.
2875 5394 2952 5462 ὅ).
2982 5393 3278 5450 Theatrica
3298 5399 3636 5466 spectacula,
3662 5401 3901 5470 quibus

2165 5493 2528 5548 summopere
2554 5479 2780 5534 deditus
2809 5485 2951 5545 erat,
2983 5488 3039 5538 et
3066 5483 3125 5539 in
3155 5484 3366 5555 quibus
3404 5486 3710 5543 libidinum
3742 5506 3902 5545 sua-

2164 5582 2295 5621 rum
2321 5567 2564 5638 exprimi
2582 5568 2847 5624 cernebat
2876 5569 3178 5642 imagines,
3210 5573 3363 5629 illius
3393 5591 3579 5632 mores
3604 5577 3797 5650 magis
3816 5597 3903 5637 ac

2164 5655 2347 5729 magis
2367 5656 2982 5730 labefactabant(1bid.,
2997 5675 3120 5732 cap.
3136 5665 3194 5734 2,
3207 5678 3264 5718 n.
3278 5665 3347 5727 2).
3367 5663 3552 5720 Multis
3566 5672 3696 5738 post
3707 5669 3903 5725 annis
