4048 6194
1658 297 1875 351 LIBER
1918 296 2205 352 PRIMUS.
3606 311 3677 362 74

161 418 215 470 in
269 417 507 486 publica
554 416 833 471 concione
882 432 1055 489 quam
1111 416 1450 489 Carthagine
1498 418 1719 487 habuit,
1759 420 1868 473 fas-

160 522 252 560 sus
282 511 373 559 est
399 522 460 559 se
491 506 599 560 hac
626 504 991 575 potissimum
1024 505 1084 560 in
1114 506 1253 560 urbe
1284 507 1493 561 malam
1526 507 1755 563 duxisse
1784 507 1869 561 vi-

161 596 303 657 tam,
354 591 649 662 fuisseque
702 591 1011 663 aliquando
1047 610 1111 647 ex
1155 593 1223 647 iis
1253 610 1397 665 quos
1447 593 1585 648 dicit
1624 596 1869 665 Aposto-

159 680 244 733 lus
297 680 511 734 stultos
558 683 615 734 et
660 680 1003 747 incredulos,
1047 686 1103 735 et
1150 682 1219 736 ad
1266 698 1436 736 omne
1483 698 1625 752 opus
1656 683 1867 736 bonum

159 768 440 838 reprobos
473 769 695 838 (Enarr.
734 771 789 823 in
819 770 964 823 Psal.
992 772 1078 836 36,
1101 786 1257 825 serm.
1304 773 1355 836 3,
1390 786 1443 824 n.
1482 772 1583 840 19).

227 860 281 911 3.
312 859 586 912 Attamen
620 857 689 911 iis
714 858 1191 929 concupiscentia).
1222 859 1483 914 sordibus
1513 859 1867 931 inquinatus,

162 946 399 1017 elegans
429 951 603 1017 atque
644 946 898 1001 urbanus
929 947 1257 1003 adolescens
1295 948 1473 1003 videri
1500 949 1744 1014 volebat,
1778 950 1870 1003 in-

157 1034 265 1089 sita
302 1035 586 1090 nimirum
618 1036 819 1091 virtuti
846 1036 1275 1107 pulchritudine
1304 1041 1480 1105 tanta,
1524 1041 1589 1091 ut
1617 1038 1714 1109 qui
1745 1054 1868 1091 eam

159 1124 402 1178 minime
451 1126 668 1193 colunt,
723 1126 845 1196 ejus
893 1125 1137 1196 speciem
1170 1143 1287 1197 pra:
1319 1144 1377 1180 se
1425 1126 1571 1181 ferre
1611 1127 1869 1181 omnium

166 1214 419 1268 maxime
455 1214 731 1268 ambiant.
761 1214 951 1269 Padus
976 1220 1140 1285 atque
1166 1217 1495 1281 inhonestus,
1521 1216 1732 1287 inquit,
1763 1218 1873 1271 elc-

170 1319 304 1371 gans
328 1310 379 1358 et
400 1304 646 1358 urbanus
666 1318 776 1358 esse
798 1304 1086 1371 gestiebam
1108 1305 1415 1358 abundanti
1430 1308 1670 1360 vanitate
1691 1306 1868 1374 (Conf.

170 1393 255 1446 lib.
283 1396 342 1459 3,
377 1410 502 1463 cap.
540 1398 586 1459 t,
614 1410 670 1447 n.
699 1394 774 1462 t.)
808 1396 936 1448 Erat
967 1398 1115 1448 certe
1145 1396 1216 1449 ad
1239 1410 1467 1449 omnem
1492 1395 1871 1450 urbanitatem

162 1488 370 1535 natura
402 1481 774 1552 compositus,
808 1482 1065 1553 adeoque
1092 1489 1211 1537 tum
1241 1484 1413 1537 etiam
1444 1500 1572 1537 cum
1605 1485 1876 1555 eloquen-

162 1570 251 1624 tia
283 1570 561 1624 studebat
605 1571 970 1641 Carthagine,
1024 1571 1180 1641 turpi
1231 1571 1365 1625 licet
1411 1588 1606 1627 amore
1650 1578 1872 1643 captus,

161 1659 487 1712 honestatis
518 1660 705 1713 cultor
736 1659 1112 1713 nihilominus
1142 1660 1483 1715 habebatur.
1525 1662 1697 1731 Cujus
1724 1665 1875 1715 extat

158 1748 386 1801 illustre
439 1746 837 1801 testimonium
870 1748 1152 1802 V’incentii
1192 1748 1341 1818 apud
1381 1750 1638 1804 eamdem
1685 1749 1876 1804 civita-

158 1842 273 1889 tem
310 1835 744 1905 Rogatistarum
777 1835 1048 1906 episcopi,
1081 1836 1139 1889 in
1168 1835 1236 1888 iis
1266 1836 1468 1891 litteris
1499 1853 1639 1908 quas
1671 1838 1737 1891 ad
1768 1840 1877 1891 Au-

162 1924 467 1995 gustinum
485 1925 609 1994 jam
633 1924 850 1995 pariter
872 1924 1197 1995 episcopum
1222 1925 1400 1993 dedit,
1416 1925 1512 1979 ubi
1533 1942 1663 1979 eum
1686 1927 1878 1980 laudat

164 2016 220 2067 in
251 2014 379 2067 haec
395 2013 574 2067 verba
602 2030 614 2065 :
642 2014 770 2069 Cum
796 2016 997 2082 optime
1020 2015 1259 2066 noverim
1277 2017 1326 2067 te
1347 2014 1500 2081 longe
1523 2014 1701 2067 adhuc
1721 2031 1754 2067 a
1773 2014 1878 2083 ﬁde

160 2102 474 2155 christiana
496 2102 810 2170 sepositum,
841 2105 891 2154 et
912 2100 1111 2154 studiis
1133 2102 1259 2154 olim
1285 2100 1529 2155 deditum
1550 2103 1874 2170 litterarum,

164 2194 364 2260 quietis
409 2196 461 2244 et
513 2191 809 2244 honestatis
861 2193 1037 2257 fuisse
1087 2191 1343 2244 cultorem
1398 2191 1562 2260 (Inter
1612 2193 1874 2259 August.,

166 2282 341 2350 Epist.
376 2283 471 2345 93,
499 2295 559 2333 η.
594 2277 700 2347 51).
734 2278 894 2332 Enim
926 2294 1056 2332 vero
1087 2294 1201 2332 non
1232 2276 1313 2332 ita
1334 2279 1616 2349 pudorem
1646 2286 1879 2335 exuerat

170 2369 526 2435 adolescens,
560 2371 625 2420 ut
653 2383 799 2437 vago
830 2382 961 2421 eum
994 2383 1058 2420 ac
1088 2367 1415 2437 promiscuo
1445 2383 1637 2422 amore
1666 2368 1877 2439 passim

167 2456 555 2511 contaminari
584 2456 790 2509 liberet
816 2474 830 2520 ;
856 2455 949 2509 sed
980 2456 1234 2525 profecto
1268 2455 1322 2509 in
1353 2456 1727 2511 immoderata
1758 2458 1880 2511 libi-

163 2548 290 2601 dine
309 2545 631 2617 quemdam
652 2544 889 2598 modum
914 2543 1120 2610 tenuit,
1145 2560 1211 2598 eo
1234 2549 1555 2611 contentus,
1580 2546 1732 2617 quod
1756 2551 1878 2600 tum

166 2636 221 2688 in
254 2634 495 2689 homine
545 2634 801 2688 nondum
844 2632 1207 2686 christianam
1248 2633 1586 2703 religionem
1624 2634 1880 2704 professo

167 2725 315 2778 haud
349 2723 693 2777 indecorum
726 2722 1054 2776 videretur:
1088 2722 1189 2775 uni
1222 2722 1507 2793 siquidem
1548 2722 1878 2777 concubina:

169 2813 499 2874 adhaerens,
532 2811 643 2865 tori
673 2810 845 2865 ﬁdem
878 2810 961 2864 illi
987 2827 1103 2864 non
1132 2810 1413 2881 imparem
1445 2811 1733 2881 conjugali
1762 2828 1879 2865 ser-

169 2901 353 2964 vabat,
386 2901 575 2965 Quam
600 2900 787 2971 primo
809 2916 958 2953 anno
982 2916 1099 2953 sua:
1123 2900 1273 2969 apud
1298 2900 1740 2971 Carthaginncm
1758 2916 1883 2970 per-

167 2989 552 3061 egrinationis
619 2993 997 3058 assumptam,
1049 2987 1282 3042 nonnisi
1327 2988 1631 3043 Mediolani
1682 3005 1882 3058 passus

166 3088 249 3134 est
300 3096 335 3134 a
371 3095 432 3133 se
464 3078 679 3144 divelli,
736 3094 866 3131 cum
908 3077 977 3131 ad
1015 3093 1252 3131 uxorem
1297 3077 1614 3132 ducendam
1646 3077 1883 3131 animun

164 3169 496 3240 adjecisset.
533 3169 638 3221 Illa
655 3184 791 3221 vero
820 3167 879 3220 in
911 3166 1155 3220 Africam
1188 3182 1411 3220 reversa
1434 3171 1728 3237 perpetuas
1758 3182 1887 3220 con-

167 3258 437 3313 tinentia
459 3261 598 3310 voto
622 3272 680 3310 se
709 3254 1014 3309 obstrinxit
1032 3254 1215 3324 (Conf.
1240 3255 1335 3309 lib.
1365 3258 1417 3321 6,
1440 3270 1559 3326 cap.
1589 3258 1672 3321 l5,
1698 3270 1752 3308 n.
1775 3256 1883 3325 25.)

174 3350 285 3404 Sua
317 3346 708 3403 nihilominus
737 3345 1065 3399 infelicitate
1097 3344 1496 3415 experiebatur
1534 3345 1886 3415 Augustinus

170 3440 311 3511 quid
335 3439 415 3492 sit
436 3434 791 3491 discriminis
810 3434 961 3489 inter
985 3451 1207 3489 sacrum
1229 3434 1479 3505 conjugii
1502 3434 1706 3499 foedus,
1731 3434 1887 3506 quod

174 3527 397 3583 sobolis
426 3524 807 3596 suscipiendae
838 3540 1006 3577 causa
1034 3522 1232 3589 initur,
1270 3528 1327 3578 et
1356 3523 1647 3578 libidinosi
1678 3524 1890 3577 amoris

174 3622 437 3688 pactum,
469 3613 574 3669 ubi
605 3614 794 3684 proles
823 3612 995 3666 etiam
1026 3616 1223 3667 contra
1247 3617 1551 3683 parentum
1582 3616 1776 3667 votum
1802 3629 1891 3667 na-

173 3707 375 3775 scitur,
407 3703 813 3776 quamvisjam
845 3706 978 3756 nata
995 3703 1081 3757 vel
1105 3701 1175 3756 ab
1198 3701 1391 3756 invitis
1414 3717 1669 3757 amorem
1700 3706 1888 3757 extor-

173 3801 366 3867 queat.

242 3887 295 3940 li.
331 3887 507 3939 Anno
538 3897 657 3935 suae
688 3880 749 3934 in
778 3879 927 3935 dicta
956 3878 1097 3933 urbe
1125 3877 1606 3949 peregrinationis
1632 3878 1775 3931 forte
1805 3894 1890 3931 se-

177 3974 369 4029 cundo
402 3969 635 4025 sustulit
657 3986 721 4024 ex
754 3985 820 4023 ea
840 3968 1047 4030 tilium,
1079 3967 1171 4022 cui
1200 3983 1409 4021 nomen
1440 3965 1548 4020 fuit
1575 3966 1889 4022 Adeodato.

184 4064 323 4116 Nam
360 4062 557 4131 ipsum
590 4074 739 4112 anno
772 4056 1172 4111 trecentesimo
1201 4054 1620 4126 septuagesimo
1649 4054 1893 4109 secundo

180 4156 385 4204 natum
421 4165 566 4214 esse,
616 4147 905 4202 decimum
942 4150 1201 4200 octavum
1233 4144 1412 4198 astatis
1442 4160 1659 4198 annum
1692 4148 1895 4214 agente

183 4238 537 4311 Augustino,
571 4237 657 4290 vel
690 4252 754 4289 ex
784 4252 852 4289 eo
875 4239 1114 4301 constat,
1145 4234 1298 4305 quod
1327 4249 1479 4287 anno
1500 4232 1897 4287 trecentesimo

187 4327 543 4399 octogesimo
585 4325 828 4395 septimo
874 4340 987 4395 quo
1024 4323 1162 4394 ipsis
1202 4322 1569 4377 Paschalibus
1606 4321 1761 4375 feriis
1792 4320 1899 4375 fuit

197 4421 372 4473 sacris
394 4413 724 4472 christianis
752 4412 1031 4478 initiatus,
1069 4426 1356 4466 annorum
1379 4414 1500 4464 erat
1520 4409 1698 4463 ferme
1727 4408 1897 4480 quin-

188 4508 377 4561 decim
407 4505 602 4576 (Ibid,
633 4502 727 4557 lib.
771 4504 823 4568 9,
863 4516 919 4554 η.
966 4500 1072 4570 ut).

262 4600 315 4651 5.
344 4592 703 4665 Augustinus
720 4589 861 4644 nihil
885 4589 942 4642 in
965 4604 1097 4642 eum
1119 4587 1419 4642 contulisse
1440 4604 1513 4648 se,
1531 4590 1738 4658 praeter
1758 4585 1901 4641 deli-

190 4692 349 4741 ctum
367 4681 650 4755 agnoscit.
672 4681 879 4735 Verum
898 4678 1186 4750 praeclaris
1198 4694 1328 4732 eum
1344 4677 1507 4732 donis
1519 4678 1906 4731 cumulaverat

196 4778 368 4841 Deus,
400 4779 461 4828 et
486 4773 631 4827 adeo
663 4770 911 4841 praecoci
938 4769 1217 4823 ditaverat
1233 4767 1489 4838 ingenio,
1521 4771 1587 4821 ut
1616 4765 1903 4821 decimum

195 4872 475 4942 quartum
489 4871 584 4920 aut
601 4864 887 4919 decimum
900 4862 1169 4933 quintum
1183 4877 1395 4915 annum
1408 4859 1904 4931 agens,permultis

192 4958 471 5031 gravibus
497 4960 555 5010 et
574 4954 752 5009 doctis
771 4952 910 5006 viris
926 4952 1044 5021 jam
1072 4954 1195 5004 tum
1227 4950 1607 5004 antecelleret.
1628 4950 1751 5003 Jam
1773 4947 1906 5002 inde

206 5049 277 5103 ab
326 5062 486 5100 anno
514 5042 916 5097 trecentesimo
949 5038 1299 5111 octogesimo
1327 5042 1484 5093 sexto
1513 5037 1744 5110 optima:
1787 5036 1908 5109 spei

199 5152 349 5208 puer
361 5133 515 5205 patri
532 5131 853 5186 videbatur.
877 5130 1016 5184 Eum
1036 5128 1103 5183 ad
1125 5127 1454 5182 eruditailla
1468 5126 1908 5197 colloquia,qua3

200 5242 335 5279 cum
367 5222 571 5277 amicis
594 5220 806 5275 habere
826 5221 1215 5282 consueverat,
1243 5216 1364 5286 jam
1396 5220 1519 5269 tum
1549 5213 1907 5277 admittebat,

203 5316 349 5370 Cum
399 5309 712 5383 aliquando
758 5312 1137 5380 quaereretur,
1194 5303 1458 5376 quisnam
1515 5304 1694 5357 Deum
1750 5302 1810 5355 in
1854 5316 1911 5355 se

205 5402 549 5475 pessideret,
589 5405 649 5454 et
687 5413 852 5452 suam
886 5396 1128 5467 quisque
1169 5408 1342 5464 super
1379 5408 1442 5446 ea
1481 5408 1541 5444 re
1573 5389 1913 5445 sententiam

204 5493 571 5565 protulisset;
595 5486 999 5562 pronuntiavit
1019 5484 1341 5541 Adeodatus
1361 5498 1495 5537 eum
1519 5498 1656 5547 esse,
1686 5480 1786 5552 qui
1807 5480 1917 5552 spi-

204 5585 377 5639 ritum
444 5581 812 5638 immundum
852 5593 966 5632 non
997 5575 1250 5630 haberet.
1283 5572 1441 5638 Quod
1480 5570 1916 5643 pronuntiatum

568 5681 860 5745 PATROL.
914 5673 1163 5741 XXXII.

1981 455 2244 510 Monnica
2257 456 2547 527 responsis
2564 458 2739 512 alioru
2749 476 2803 513 m
2822 460 3078 516 omnium
3094 465 3369 533 prtetulit.
3390 467 3679 531 Qumrenti

1979 545 2257 614 postridie
2307 547 2623 617 Augustino
2666 549 3130 618 explanationem
3169 553 3321 607 illius
3359 558 3676 623 sententiae,

1980 650 2152 703 quam
2184 635 2417 689 fortasse
2450 636 2743 707 aliquanto
2781 640 3067 693 sereniore
3108 645 3165 695 et
3194 645 3522 713 purgatiore
3563 647 3679 718 spi-

1978 721 2094 775 ritu
2125 738 2271 792 puer
2300 722 2564 779 dixisset:
2599 728 2650 779 Is
2676 727 2815 780 mihi
2839 729 3075 796 videtur,
3108 732 3423 800 respondit,
3454 737 3682 789 immun-

1979 808 2108 863 dum
2138 813 2395 881 spiritum
2423 828 2527 866 non
2560 814 2775 883 habere,
2802 818 2898 884 qui
2924 824 3066 871 caste
3090 822 3225 873 rivit
3279 820 3419 874 Cum
3446 822 3682 879 instaret

1978 903 2142 966 pater
2187 914 2359 969 quem
2392 906 2607 955 castum
2652 908 2895 969 vocaret,
2932 922 3138 960 eumne
3182 909 3280 978 qui
3316 910 3459 964 nihil
3489 928 3681 981 pecca-

1982 990 2087 1051 ret,
2135 1003 2206 1040 an
2239 989 2337 1057 qui
2377 989 2447 1042 ab
2478 990 2677 1044 illicito
2710 996 2931 1046 tantum
2963 995 3265 1049 concubitu
3296 1001 3675 1067 temperaret:

1985 1074 2278 1139 Quomodo,
2311 1076 2519 1147 inquit,
2550 1083 2730 1133 castus
2756 1087 2931 1149 potest
2960 1098 3087 1149 esse,
3120 1086 3217 1152 qui
3244 1085 3311 1138 ab
3338 1087 3528 1140 illicito
3558 1093 3679 1141 tan-

1981 1169 2094 1217 tum
2133 1166 2417 1219 concubitu
2441 1168 2715 1227 abstinens
2753 1184 2883 1238 sese,
2911 1174 3114 1225 czeteris
3136 1176 3375 1241 peccatis
3398 1190 3501 1228 non
3533 1176 3679 1230 desi—

1978 1254 2063 1306 nit
2094 1254 2381 1321 inquinari
2407 1256 2434 1307 ?
2470 1256 2565 1308 Ille
2593 1261 2671 1309 est
2706 1273 2828 1310 rere
2860 1265 3059 1324 castus,
3097 1263 3195 1329 qui
3221 1264 3384 1315 Deum
3428 1264 3678 1329 attendit,

1984 1344 2034 1394 et
2062 1341 2136 1394 ad
2156 1344 2335 1410 ipsum
2361 1344 2529 1397 solum
2551 1359 2604 1397 se
2632 1349 2785 1399 tenet.
2816 1345 2976 1409 Quod
2997 1349 3316 1417 Augustino
3338 1350 3415 1403 sic
3447 1353 3681 1421 placuit,

1987 1434 2048 1483 ut
2078 1429 2362 1501 ipsissima
2410 1432 2575 1501 pueri
2607 1434 2777 1487 verba
2822 1436 3225 1504 perscribenda
3265 1440 3552 1493 censuerit
3590 1441 3684 1510 (De

1981 1522 2151 1574 Beata
2184 1522 2318 1586 vita,
2364 1536 2456 1574 nn.
2504 1526 2587 1589 12,
2627 1523 2727 1591 18).
2774 1525 3036 1578 Testatur
3080 1526 3313 1595 pariter,
3362 1545 3427 1581 ea
3459 1544 3587 1598 quae
3625 1527 3683 1584 in

1985 1608 2133 1661 libro
2185 1609 2253 1661 de
2286 1609 2549 1678 Magistro
2598 1610 2933 1665 inseruntur
2980 1630 3045 1667 ex
3089 1615 3364 1668 Adcodati
3421 1633 3682 1687 persona,

1983 1696 2139 1750 illius
2167 1713 2333 1751 sensa
2351 1715 2472 1751 esse
2493 1699 2701 1763 omnia,
2728 1701 2989 1771 quamvis
3006 1706 3127 1754 tum
3152 1703 3434 1757 decimum
3460 1709 3682 1759 sextum

1984 1787 2339 1840 solummodo
2390 1804 2605 1842 annum
2660 1794 2871 1858 ageret.
2934 1790 3104 1845 Addit
3158 1793 3326 1861 plura
3372 1809 3427 1847 sc
3472 1793 3532 1847 in
3578 1794 3684 1848 hoc

1984 1892 2164 1945 puero
2187 1875 2565 1930 admiratione
2590 1876 2856 1947 digniora
2873 1883 3190 1948 expertum,
3214 1880 3439 1952 sibique
3461 1882 3685 1936 horrori

1984 1963 2156 2019 fuisse
2186 1964 2337 2018 iliius
2367 1965 2665 2033 ingenium
2700 1968 2872 2033 (Conf.
2903 1968 2996 2020 lib.
3026 1971 3075 2034 9,
3110 1983 3232 2037 cap.
3266 1972 3316 2034 6,
3350 1986 3406 2023 n.
3445 1973 3555 2041 14.)
3585 1971 3685 2025 Sa-

1985 2056 2275 2106 cramento
2324 2054 2777 2122 regenerationis
2817 2055 3076 2109 initiatus
3119 2063 3203 2112 est
3247 2075 3363 2112 una
3405 2075 3536 2113 cum
3582 2063 3688 2113 Au-

1986 2141 2214 2211 gustino
2242 2145 2423 2213 patre,
2453 2142 2553 2214 qui
2582 2142 2764 2197 tilium
2786 2144 2893 2198 sibi
2919 2145 2976 2198 in
3004 2146 3184 2215 gratia
3205 2146 3413 2201 Christi
3435 2163 3686 2202 cozevum

1985 2231 2047 2285 in
2085 2231 2413 2285 societatem
2443 2236 2719 2302 suscepta)
2744 2250 2776 2286 a
2796 2250 2854 2286 se
2876 2233 3005 2287 vitae
3037 2234 3332 2289 sanctioris
3360 2237 3686 2308 assumpsit,
3714 2238 3725 2248 '

1988 2337 2103 2392 quo
2149 2337 2281 2374 eum
2325 2320 2647 2375 christiana:
2695 2321 3010 2393 disciplina:
3043 2325 3345 2394 praeceptis
3388 2326 3571 2395 magis
3629 2342 3691 2379 ac

1990 2410 2172 2479 magis
2212 2409 2512 2464 imbueret.
2550 2411 2822 2464 ltlonnicze
2857 2411 3127 2466 morienti
3161 2413 3499 2487 apudOstia
3528 2414 3694 2469 Tibe-

1988 2499 2115 2551 rina
2148 2498 2329 2552 adfuit
2356 2498 2681 2553 Adeodatus
2706 2516 2719 2553 :
2748 2516 2995 2570 cumque
3024 2501 3122 2555 illa
3153 2518 3489 2572 supremum
3523 2503 3693 2573 spiri-

1990 2591 2112 2641 tum
2164 2586 2486 2649 efﬂavisset,
2528 2588 2828 2658 repentino
2862 2590 3077 2643 doloris
3110 2590 3329 2662 impetu
3361 2592 3694 2645 exclamavit

1989 2674 2048 2727 in
2088 2674 2424 2743 planctum;
2472 2676 2571 2729 sed
2611 2676 2925 2731 astantium
2965 2677 3150 2731 verbis
3184 2678 3376 2732 statim
3419 2680 3693 2733 coercitus

1988 2764 2165 2817 tacuit
2196 2763 2381 2833 (Ibid.,
2425 2780 2543 2832 cap.
2586 2768 2666 2828 12,
2710 2781 2761 2817 n.
2793 2766 2900 2833 29).
2937 2766 3303 2835 Ite-migrante
3346 2767 3405 2821 in
3445 2767 3692 2823 Africam

1989 2856 2151 2923 patre
2182 2851 2403 2921 trajecit
2435 2868 2665 2922 quoque
2699 2852 2852 2905 ﬁlius
2878 2870 2891 2906 :
2914 2853 3006 2906 hic
3032 2854 3314 2924 siquidem
3346 2860 3535 2925 partes
3566 2873 3696 2911 suas

1991 2941 2232 2994 sustinet
2263 2940 2321 2994 in
2354 2940 2498 2993 libro
2540 2940 2607 2993 de
2640 2940 2926 3010 Magistro,
2962 2958 3132 3012 quem
3178 2943 3238 2996 in
3288 2944 3473 2998 Africa
3515 2945 3698 2999 edidit

1990 3028 2365 3100 Augustinus.
2392 3029 2559 3082 Illum
2586 3028 2644 3082 in
2675 3030 3057 3085 adolescentia
3088 3031 3359 3103 coelojam
3379 3036 3694 3102 maturum,

1993 3117 2161 3172 terris
2190 3121 2538 3187 praemature
2565 3118 2711 3171 Deus
2742 3118 3002 3173 abstulit.
3029 3120 3167 3173 Hinc
3190 3126 3421 3190 parter;
3451 3122 3700 3177 Securior

1995 3223 2133 3272 eum,
2150 3205 2357 3277 inquit,
2382 3206 2650 3273 recordor,
2666 3223 2773 3260 non
2787 3210 2977 3262 timens
2999 3209 3300 3277 quidquam
3312 3212 3581 3278 pueritiae,
3605 3227 3699 3265 nec

1994 3296 2381 3363 adolescentiae,
2434 3311 2527 3349 nec
2584 3298 2799 3351 omnino
2856 3297 3061 3351 homini
3103 3298 3190 3351 illi
3236 3298 3423 3367 (Ibid,
3474 3314 3593 3367 cap.
3642 3300 3694 3365 6,

1996 3400 2051 3438 n.
2082 3382 2206 3453 14);
2242 3383 2396 3455 quod
2435 3383 2650 3437 scilicet
2680 3383 2847 3438 illum
2895 3385 3139 3455 suscepti
3175 3385 3531 3455 Baptismatis
3568 3401 3701 3440 san-

2000 3471 2257 3526 ctitatem
2288 3487 2603 3543 numquam
2635 3472 2892 3537 violasse,
2930 3473 3122 3527 animo
3152 3478 3461 3544 reputaret.

2688 3578 2911 3632 CAPUT
2937 3580 2997 3632 Υ.

2013 3691 2033 3741 1
2063 3686 2405 3753 Augustinus
2420 3688 2579 3753 patre
2599 3683 2819 3737 orbatus
2841 3682 3032 3737 aditur
3053 3684 3381 3751 Carthagine
3400 3685 3703 3755 sumptibus

2075 3775 2287 3837 matris,
2311 3776 2359 3825 et
2390 3787 2485 3841 ope
2505 3773 2848 3825 Romaniani.
2873 3773 2905 3825 2
2930 3773 3084 3827 Lecto
3109 3773 3377 3828 Ciceronis
3396 3776 3701 3839 Hortensio,

2072 3863 2357 3930 sapientia:
2400 3861 2583 3915 studio
2634 3860 2958 3915 incenditur.
3004 3863 3034 3914 3
3078 3861 3390 3930 Scripturas
3420 3879 3605 3918 sacras
3643 3863 3705 3916 ob

2074 3951 2441 4005 demissicrcm
2465 3950 2649 4003 stilum
2673 3949 2917 4016 fastidit.
2948 3950 2979 4003 4
3010 3950 3321 4003 Aristotelis
3342 3953 3640 4019 categorias
3660 3957 3706 4005 et

2079 4053 2257 4093 omnes
2289 4042 2431 4091 artes
2462 4037 2711 4091 liberales
2748 4042 2936 4105 suopte
2967 4038 3180 4103 ingmio
3205 4040 3457 4106 percipit.

2080 4148 2127 4197 1.
2182 4144 2305 4197 Jam
2348 4140 2480 4195 inde
2520 4140 2589 4193 ab
2621 4156 2771 4194 anno
2806 4140 2988 4194 aetatis
3038 4158 3154 4195 suae
3193 4141 3412 4196 decimo
3443 4142 3705 4212 septimo,

2008 4230 2108 4303 qui
2134 4230 2369 4301 quidem
2402 4229 2814 4283 numerabatur
2835 4246 2866 4282 a
2890 4234 3153 4299 reparata
3182 4231 3360 4283 salute
3380 4229 3710 4284 trecentesi-

2006 4336 2136 4375 mus
2166 4317 2620 4389 septuagesimus
2651 4317 2891 4387 primus,
2923 4318 3276 4387 Augustinus
3303 4323 3465 4388 patre
3482 4319 3712 4373 orbatus

2010 4411 2129 4462 erat
2160 4424 2172 4461 :
2216 4422 2491 4476 magnum
2518 4406 2867 4461 adolescenti
2897 4407 3193 4473 damnum,
3227 4423 3339 4477 quo
3371 4407 3429 4461 in
3459 4412 3712 4478 apertam

2010 4496 2354 4561 studiorum,
2378 4499 2549 4565 atque
2575 4496 2714 4549 adeo
2731 4496 3110 4560 fortunarum,
3130 4495 3411 4565 jacturam
3440 4496 3714 4550 adductus

2011 4602 2130 4641 esse
2175 4584 2493 4639 videbatur.
2538 4587 2805 4638 Attamen
2856 4587 3001 4655 (qua;
3044 4589 3167 4637 erat
3214 4585 3488 4639 Monnicae
3538 4585 3716 4639 animi

2010 4672 2375 4746 magnitudo)
2406 4677 2593 4727 mater
2640 4672 2699 4727 in
2738 4672 2838 4726 filii
2885 4673 3170 4743 profectus
3200 4673 3437 4728 sollicite
3475 4674 3692 4728 intenta

2013 4766 2176 4819 illum
2207 4762 2414 4834 quibus
2462 4762 2651 4832 potuit
2692 4760 2883 4814 modis
2932 4761 3244 4833 Cathagine
3275 4762 3423 4816 alere
3455 4779 3713 4833 perseve-

2016 4853 2164 4908 ravit
2191 4869 2203 4905 :
2238 4851 2487 4921 indeque
2519 4851 2614 4903 ille
2646 4849 2918 4903 maternis
2953 4851 3308 4906 mercedibus
3338 4856 3588 4922 emptam
3616 4851 3720 4905 lilii

2021 4958 2141 4997 esse
2195 4938 2580 5010 eloquentiam
2610 4937 2748 4992 dicit
2777 4939 2949 5005 (Conf.
2999 4938 3093 4992 lib.
3126 4944 3178 5001 3,
3220 4956 3263 4993 c.
3297 4944 3349 5005 τ,
3384 4956 3440 4993 n.
3467 4941 3539 5009 7).
3574 4940 3717 5009 Sup-

2020 5029 2298 5103 peditavit
2320 5034 2451 5083 tunc
2469 5044 2698 5099 quoque
2720 5032 3051 5098 sumptuum
3071 5033 3291 5099 partem
3312 5029 3718 5093 Romanianus,

2021 5120 2123 5192 qui
2169 5118 2486 5172 luctuosam
2517 5115 2712 5170 eximii
2742 5116 3117 5171 adolescentis
3148 5117 3443 5171 orbitatem
3476 5117 3721 5169 benevo-

2024 5208 2220 5269 lentia,
2253 5205 2523 5272 consiliis,
2565 5206 2926 5261 facultatibus
2957 5211 3275 5261 sustentare
3304 5206 3587 5275 solarique
3610 5220 3724 5257 non

2024 5295 2257 5353 destitit.
2288 5297 2364 5349 Tu
2383 5298 2543 5365 pater
2563 5294 2831 5361 orbatum,
2857 5294 2934 5349 ait
2951 5295 3324 5365 Augustinus,
3345 5295 3588 5347 anu'citia
3610 5308 3727 5347 con-

2022 5388 2224 5443 solatus
2278 5399 2351 5452 es,
2406 5384 2708 5439 hortatione
2754 5385 3031 5451 animasti,
3075 5399 3171 5453 ope
3208 5382 3473 5450 adjacisti
3510 5381 3727 5451 (Contra

2024 5476 2393 5540 Academicos,
2423 5474 2516 5528 lib.
2548 5477 2601 5541 2,
2630 5491 2684 5529 n.
2731 5475 2802 5542 3).
3080 5530 3081 5533 η

2100 5571 2153 5620 2.
2206 5566 2437 5620 Annum
2483 5564 2665 5620 intutis
2704 5562 3199 5633 undevigesimum
3245 5560 3528 5634 attigerat,
3580 5579 3729 5617 anno

3169 5658 3435 5744 (Τνοίε.)
