4048 6194
393 296 461 348 ’75
1602 298 1768 354 ΥΙΊἌ
1811 299 1870 354 S.
1920 300 2023 356 Alil

2262 301 2302 357 il
2349 302 2682 358 EPISCOPI.
2813 347 2824 356 .
3823 318 3893 366 ’ῖίί

390 414 598 470 Christi
638 417 1036 472 trecentesimo
1067 419 1487 491 septuagesimo
1519 423 1710 489 tertio,
1755 439 1884 478 cum
1911 423 2080 494 juxta

389 509 678 577 receptum
707 505 962 560 discendi
991 507 1251 562 ordinem
1284 509 1345 563 in
1376 509 1660 565 Ciceronis
1692 511 1903 565 librum
1949 528 2082 582 per-

388 595 561 663 venit,
610 595 709 666 qui
741 595 1028 650 Hortensii
1066 597 1296 652 nomine
1333 598 1662 669 inscriptus,
1694 600 2078 654 hortationem

389 684 454 737 ad
503 683 840 754 sapientiam
869 685 1200 740 continebat
1246 687 1428 755 (Conf.
1479 689 1572 742 lib.
1607 691 1656 754 3,
1697 704 1815 757 cap.
1851 691 1903 754 4,
1933 693 2035 742 η.7
2066 705 2079 754 ;

385 773 478 826 lib.
533 775 585 839 6,
635 789 754 843 cap.
813 777 892 841 tl,
944 790 998 828 η.
1055 777 1151 841 18;
1194 775 1416 844 Soliloq.
1470 775 1566 830 lib.
1618 778 1666 841 t,
1702 792 1756 831 η.
1804 779 1905 844 17).
1966 776 2080 830 Etsi

385 878 517 916 vero
571 862 630 917 in
685 880 752 917 eo
813 864 961 917 libro
1006 879 1230 918 summa
1268 863 1598 935 eloquentia
1639 881 1770 920 cum
1832 865 2078 921 admira-

380 950 823 1022 bilijeruditione
851 952 1154 1022 conjuncta
1181 957 1360 1018 esset;
1395 969 1508 1006 non
1541 969 1608 1007 eo
1631 957 1824 1010 tamen
1855 955 2078 1026 legeba-

381 1045 474 1093 tur
491 1041 560 1094 ab
579 1040 914 1110 Augustino,
946 1044 1010 1094 ut
1035 1041 1337 1094 verborum
1361 1041 1643 1096 lenocinia
1673 1048 2076 1114 aucuparetur,

379 1128 477 1181 sed
520 1127 738 1198 abjecta
779 1127 1061 1182 sermonis
1105 1145 1241 1183 cura
1282 1129 1344 1184 in
1385 1146 1474 1184 res
1513 1132 1875 1186 solummodo
1905 1138 2078 1204 atque

377 1216 686 1270 sententias
706 1216 965 1271 animum
984 1217 1332 1274 intendebat.
1362 1220 1492 1289 Ejus
1521 1235 1656 1290 ergo
1685 1221 1816 1275 libri
1836 1221 2076 1276 lectione

374 1309 532 1359 tanta
561 1304 856 1376 sapientiae
893 1306 1176 1361 desiderio
1210 1309 1452 1378 ﬂagrare
1492 1309 1684 1380 coepit,
1732 1313 1796 1364 ut
1824 1327 1942 1380 prae
1976 1310 2077 1366 illa

373 1393 642 1464 cupidine
664 1410 790 1464 spes
820 1411 1020 1449 omnes
1041 1396 1307 1450 mortales
1326 1395 1619 1468 abjiceret,
1645 1398 2036 1470 fastidiretque
2058 1417 2070 1454 :

375 1497 606 1552 surgere
627 1483 752 1552 jam
789 1487 1037 1553 cceperat
1082 1487 1147 1537 ut
1183 1483 1396 1538 rediret
1425 1485 1494 1538 ad
1535 1486 1732 1540 Deum.
1778 1487 2070 1557 Quomodo,

373 1569 472 1635 ait,
504 1571 780 1639 ardebam,
813 1574 950 1626 Deus
982 1587 1150 1639 meus,
1191 1573 1450 1640 quomodo
1478 1573 1735 1629 ardebam
1762 1578 2000 1631 revelare
2037 1594 2071 1631 a

373 1660 598 1712 terrenis
645 1659 719 1712 ad
762 1664 810 1712 te
832 1663 859 1713 ?
889 1661 1004 1714 Hoc
1031 1676 1148 1714 uno
1179 1659 1332 1714 illius
1362 1661 1594 1716 flamine
1625 1663 2066 1730 defervescebat,

371 1747 522 1816 quod
545 1747 752 1802 Christi
768 1763 978 1801 nomen
999 1747 1059 1801 in
1088 1748 1185 1802 illa
1215 1748 1501 1803 Ciceronis
1529 1750 1922 1806 exhortatione
1951 1769 2069 1806 non

368 1840 628 1890 exstaret.
666 1837 934 1902 Quoniam
965 1838 1062 1891 hoc
1090 1852 1298 1906 nomen,
1335 1837 1544 1909 inquit,
1579 1839 1871 1894 secundum
1908 1843 2067 1896 mise-

365 1925 660 1979 ricordiam
707 1931 876 1994 tuam,
925 1927 1167 1988 Domine,
1219 1927 1313 1980 hoc
1372 1943 1560 1981 nomen
1617 1929 1916 1984 Saluatoris
1965 1934 2069 1984 mei

365 2013 498 2066 Filii
544 2016 628 2066 tui
655 2015 712 2067 in
746 2016 864 2083 ipso
902 2015 1079 2069 adhuc
1116 2016 1251 2069 lacte
1274 2018 1489 2082 matris,
1513 2022 1753 2072 tenerum
1782 2034 1871 2073 cor
1893 2035 2065 2074 meum

360 2103 705 2172 praebiberat,
722 2107 770 2156 et
791 2104 899 2157 alte
917 2103 1182 2158 retinebat
1203 2109 1284 2171 ;et
1305 2105 1581 2174 quidquid
1601 2109 1716 2160 sine
1737 2107 1832 2161 hoc
1856 2111 2067 2162 nomine

362 2193 577 2258 fuisset,
629 2194 877 2259 quamvis
909 2193 1208 2246 litteratum
1256 2197 1306 2246 et
1343 2195 1639 2262 expolitum
1667 2199 1718 2248 et
1746 2197 2060 2264 veridicum,

361 2294 467 2332 non
491 2295 572 2332 me
599 2284 768 2334 totum
796 2281 1046 2350 rapiebat
1076 2281 1254 2350 (Conf.
1299 2282 1394 2335 lib.
1425 2285 1478 2351 3,
1501 2299 1546 2338 c.
1580 2285 1634 2349 4,
1662 2299 1717 2337 n.
1748 2286 1822 2356 8).

434 2373 484 2424 3.
533 2369 916 2434 Quamobrem
961 2369 1208 2424 instituit
1246 2370 1503 2424 animum
1536 2372 1781 2442 adjicere
1818 2373 1892 2428 ad
1920 2374 2063 2429 Scri-

361 2460 556 2527 pturas
600 2475 804 2525 sacras,
845 2463 908 2512 ut
937 2459 1132 2530 quales
1162 2459 1299 2530 ipsae
1330 2465 1536 2527 essent,
1569 2463 1906 2531 exploraret.
1952 2464 2059 2518 Sed

360 2546 452 2600 hic
481 2545 644 2601 illum
673 2548 912 2602 offendit
944 2548 1220 2619 impervia
1241 2548 1337 2603 illa
1367 2549 1588 2621 magnis
1617 2557 1674 2605 et
1699 2552 1827 2605 altis
1856 2553 2061 2622 spiritio

359 2633 465 2688 bus
493 2634 844 2706 simplicitas,
880 2636 1136 2708 indigna,
1170 2653 1227 2690 se
1256 2637 1472 2708 judice,
1504 2655 1633 2710 qua:
1659 2639 1934 2695 Tullianae
1967 2641 2055 2695 di-

359 2723 561 2792 gnitati
589 2731 1032 2796 compararetur.
1069 2727 1260 2798 Neque
1290 2743 1422 2781 vero
1451 2726 1499 2780 is
1524 2733 1646 2782 tum
1672 2733 1813 2792 erat,
1855 2729 1954 2800 qui
1985 2730 2056 2784 ad

358 2828 482 2866 eam
516 2812 704 2868 animi.
731 2814 1086 2882 modestiam,
1119 2831 1233 2886 qua
1273 2819 1428 2886 patet
1469 2815 1538 2870 ad
1569 2816 1696 2871 illas
1733 2817 1918 2872 aditus
1956 2818 2057 2872 de-

356 2902 505 2958 mitti
533 2907 739 2974 posset.
773 2904 1198 2975 Dedignabatur
1228 2921 1349 2959 esse
1379 2905 1668 2976 parvulus,
1703 2911 1761 2960 et
1787 2907 2052 2978 turgidus

356 2993 503 3046 fastu
529 2993 636 3046 sibi
665 2992 785 3062 ipse
811 2993 1045 3065 grandis
1076 2993 1372 3048 videbatur
1399 2994 1590 3061 (Ibid,
1623 3011 1666 3049 c.
1702 2999 1754 3059 5,
1788 3011 1847 3050 n.
1879 2996 1953 3067 9).

425 3083 480 3134 4.
503 3081 724 3144 Quanto
742 3083 955 3152 majore
977 3082 1195 3152 ingenii
1217 3082 1446 3136 solertia
1468 3089 1523 3137 et
1542 3084 1847 3154 sagacitate
1869 3084 2053 3140 scien-

357 3168 462 3222 tias
494 3185 694 3224 omnes
733 3170 1084 3240 percipiebat
1121 3171 1260 3224 citra
1292 3171 1469 3224 ullam
1499 3171 1756 3242 magistri
1795 3189 2051 3244 operam,

355 3261 513 3312 tanto
541 3257 808 3328 proniore
846 3259 906 3313 in
937 3258 1322 3329 arrogantiam
1353 3259 1569 3329 impetu
1600 3260 1906 3317 ferebatur.
1939 3265 2054 3316 An-

357 3363 463 3401 nos
497 3347 678 3402 ferme
708 3347 913 3418 viginti
945 3352 1114 3402 natus
1141 3347 1202 3401 in
1230 3347 1547 3402 Aristotelis
1571 3349 1883 3418 categorias
1912 3350 2054 3405 inci-

360 3436 461 3502 dit,
495 3453 636 3508 quas
664 3440 698 3491 ὸ.
733 3437 958 3492 rhetore
987 3436 1419 3506 Carthaginensi
1445 3437 1718 3508 magistro
1749 3454 1871 3505 suo,
1903 3439 2054 3492 aliis-

359 3542 470 3598 que
523 3526 622 3597 qui
683 3527 830 3581 docti
877 3526 1254 3596 habebantur,
1307 3530 1464 3581 tanta
1501 3527 1804 3582 verborum
1845 3545 2052 3600 pompa

359 3615 747 3670 commendari
775 3615 1052 3683 audierat,
1083 3620 1146 3670 ut
1175 3632 1269 3669 eas
1289 3619 1584 3687 tamquam
1606 3616 1745 3688 quid
1775 3634 2050 3686 magnum

363 3709 418 3759 et
445 3704 702 3759 divinum
749 3705 936 3776 legere
983 3709 1348 3776 pcroptaret:
1395 3706 1491 3760 sed
1539 3707 1642 3760 has
1688 3711 1882 3761 tamen
1920 3725 2048 3762 cum

361 3794 513 3847 solus
538 3794 782 3865 legisset,
813 3794 952 3848 adeo
977 3794 1146 3864 plene
1177 3794 1474 3860 intellexit,
1503 3798 1568 3849 ut
1592 3800 1899 3867 postquam
1921 3813 2051 3852 cum

362 3881 475 3936 illis
512 3882 609 3953 qui
639 3883 866 3937 easdem
903 3899 936 3936 a
975 3882 1335 3953 peritissimis
1385 3883 1686 3954 magistris,
1733 3901 1862 3939 cum
1892 3902 2046 3952 voce,

359 3976 481 4025 tum
529 3971 729 4042 ﬁguris
766 3972 824 4026 in
864 3973 1100 4043 pulvere
1139 3971 1376 4044 depictis
1405 3972 1690 4042 expositas
1719 3973 1807 4026 vix
1839 3973 2047 4028 didice-

359 4065 507 4127 rant,
551 4077 874 4116 sermonem
912 4061 1260 4126 contulisset,
1296 4061 1450 4116 aliud
1490 4061 1633 4116 nihil
1661 4062 1732 4116 ab
1762 4062 1842 4116 eis
1874 4080 2047 4134 quam

359 4150 508 4222 quod
545 4150 664 4221 ipse
711 4155 912 4220 suopte
968 4149 1202 4220 ingenio
1232 4150 1607 4222 cognovisset,
1637 4152 1935 4221 acceperit.
1973 4153 2048 4206 Ex

356 4240 461 4294 hac
490 4243 682 4294 tamen
711 4239 951 4294 lectione
980 4256 1096 4294 non
1132 4240 1250 4293 leve
1280 4239 1644 4310 dispendium
1675 4255 1874 4310 passus
1903 4244 2045 4305 erat,

356 4326 427 4380 ob
478 4326 674 4380 falsam
713 4326 808 4380 Dei
851 4325 1098 4397 speciem
1128 4342 1301 4397 quam
1331 4325 1524 4379 animo
1559 4325 1807 4381 imbibit.
1839 4328 2045 4381 Proce-

354 4416 524 4470 dente
552 4421 810 4486 tcmpore
837 4415 975 4486 legit
1003 4414 1218 4485 pariter
1247 4430 1447 4468 omnes
1480 4413 1690 4468 artium
1721 4414 2044 4469 liberalium

350 4505 544 4572 libros,
592 4509 874 4576 quotquot
924 4504 980 4558 in
1016 4504 1168 4557 illius
1205 4519 1408 4557 manus
1438 4508 1753 4571 venerunt;
1795 4509 1850 4558 et
1878 4504 2045 4574 quid-

353 4594 490 4667 quid
522 4593 590 4648 de
633 4595 898 4648 facultate
937 4593 1162 4648 dicendi
1201 4597 1256 4646 et
1294 4592 1630 4658 disserendi,
1663 4593 1945 4663 quidquid
1977 4595 2046 4648 de

351 4679 710 4749 geometricis
736 4680 924 4748 rebus,
947 4677 1229 4750 quidquid
1254 4676 1322 4730 de
1354 4677 1585 4730 musicis
1615 4683 1673 4730 et
1691 4677 1759 4731 de
1787 4678 2043 4732 numeris

350 4768 540 4837 legere
570 4766 774 4837 potuit,
807 4783 910 4837 per
951 4767 1221 4837 seipsum,
1261 4763 1411 4818 facili
1449 4763 1702 4834 negotio,
1743 4765 1902 4819 nullo
1945 4767 2042 4820 lio-

351 4855 575 4909 minum
599 4855 860 4910 tradente
889 4854 1190 4910 intellexit.
1227 4853 1586 4924 Quapropter
1616 4868 1731 4907 non
1763 4855 2045 4908 sentiebat

349 4947 476 5000 illas
505 4949 654 5000 artes
694 4945 780 4999 vel
823 4944 894 4998 ab
943 4943 1209 4998 studiosis
1256 4944 1578 5015 quibusque
1623 4957 1685 4995 ac
1732 4941 2044 5014 ingeniosis

351 5033 682 5090 difficillime
715 5031 954 5105 percipi,
1000 5031 1110 5085 nisi
1147 5047 1278 5086 cum
1317 5031 1546 5085 easdem
1586 5029 1697 5083 illis
1727 5033 2042 5086 conabatur

352 5142 677 5200 exponere;
707 5129 877 5195 atque
909 5127 1031 5177 erat
1064 5122 1160 5176 ille
1192 5121 1693 5177 excellentissimus
1722 5120 1780 5174 in
1807 5122 1909 5188 eis,
1942 5124 2043 5195 qui

348 5219 538 5289 ipsum
586 5217 966 5286 exponentem
1007 5227 1125 5266 non
1168 5211 1386 5266 tardius
1426 5214 1778 5282 sequeretur.
1814 5212 1929 5266 Scis
1967 5219 2038 5275 tu,

350 5305 557 5377 inquit,
580 5304 836 5360 Dominus
854 5305 988 5357 Deus
1004 5316 1171 5370 meus,
1193 5303 1325 5370 quia
1345 5305 1393 5354 et
1411 5301 1654 5354 celeritas
1680 5301 2036 5369 intelligendi,

350 5398 400 5448 et
429 5393 762 5464 dispiciendi
790 5407 1029 5458 acumen,
1062 5390 1262 5444 donum
1291 5394 1441 5444 tuum
1474 5395 1588 5444 est:
1638 5389 1732 5444 sed
1767 5405 1872 5443 non
1916 5391 2042 5446 inde

349 5483 722 5550 sacriﬁcabam
753 5482 870 5538 tibi.
912 5483 1102 5551 Itaque
1129 5480 1266 5534 mihi
1288 5493 1394 5534 non
1413 5478 1489 5533 ad
1513 5494 1690 5548 usum,
1715 5479 1810 5534 sed
1829 5479 1904 5533 ad
1921 5496 2041 5549 per-

347 5573 539 5626 niciem
573 5575 744 5640 magis
772 5572 986 5628 valebat
1018 5568 1204 5638 (Ibid,
1248 5568 1342 5624 lib.
1376 5569 1428 5624 4.
1461 5583 1580 5638 cap.
1621 5569 1708 5639 16,
1736 5583 1792 5623 n.
1830 5570 1897 5623 28
1929 5569 2034 5639 30).

2870 431 3098 485 CAPUT
3129 433 3214 487 Vl.

2199 534 2218 584 1
2262 533 2325 586 In
2361 534 2780 590 Manichaeorum
2814 537 3057 592 haeresim
3088 539 3379 595 delabitur.
3422 545 3454 595 2
3481 543 3790 613 Complures
3826 562 3897 600 ea:

2261 622 2635 686 familiaribus
2649 629 2761 679 suis
2791 628 2849 679 in
2867 643 2983 680 eam
3001 627 3228 696 pellicit.
3254 630 3284 683 3
3299 632 3360 684 In
3381 632 3692 687 auditorum
3713 635 3898 703 gradu

2262 725 2372 764 sese
2400 713 2551 781 apud
2591 715 2912 769 Manicha’os
2954 719 3203 771 continet.
3234 720 3267 772 4
3314 721 3513 776 Novem
3544 737 3714 777 annos
3758 730 3898 778 totos

2261 801 2382 854 illos
2419 801 2598 857 audit.
2631 806 2660 858 3
2702 805 2833 858 Filii
2868 807 2957 858 sui
2992 821 3175 860 casum
3206 807 3360 875 deﬂet
3407 811 3680 878 Monnica,
3738 819 3791 866 et
3832 814 3901 867 de

2261 889 2377 957 ejus
2401 891 2576 945 salute
2605 891 2731 946 bene
2767 907 2985 962 sperare
3014 895 3277 949 divinitus
3295 897 3544 964 jubetur.

2267 1021 2312 1072 1.
2343 1020 2726 1089 Augustinum
2743 1023 2866 1092 jam
2895 1024 3191 1095 sapientiae
3218 1028 3587 1084 vehementer
3611 1031 3892 1102 cupidum

2187 1111 2366 1177 utque
2388 1124 2512 1163 eam
2534 1110 2962 1180 adipisceretur,
2994 1130 3106 1186 quo
3138 1132 3195 1168 se
3233 1121 3479 1172 verteret
3509 1120 3884 1190 nescientem,

2187 1195 2612 1269 interceperunt
2637 1200 2949 1267 Manichaei,
2981 1219 3159 1273 genus
3188 1205 3494 1261 hominum
3522 1211 3764 1279 superbe
3795 1213 3899 1266 de-

2186 1285 2382 1355 lirans,
2414 1289 2640 1342 carnale
2670 1305 2733 1344 ac
2763 1290 2991 1362 loquax,
3025 1298 3226 1348 caetera
3256 1311 3390 1350 vero
3421 1297 3666 1367 speciem
3694 1299 3893 1371 pieta-

2182 1375 2255 1430 tis
2283 1393 2403 1448 prae
2432 1394 2491 1432 se
2528 1378 2715 1435 ferens
2747 1382 2919 1452 (Conf.
2959 1384 3053 1439 lib.
3088 1387 3140 1452 3,
3171 1401 3216 1440 c.
3250 1389 3302 1446 6,
3334 1403 3389 1441 n.
3429 1390 3532 1456 10).
3570 1391 3882 1446 Portenta-

2183 1481 2270 1518 sas
2298 1466 2504 1522 horum
2551 1468 2946 1526 haereticorum
2985 1488 3083 1526 seu
3114 1475 3298 1546 magis
3338 1475 3701 1534 incredibiles
3739 1481 3896 1535 deli-

2180 1554 2451 1624 rationes,
2503 1574 2634 1629 quae
2677 1559 2812 1614 satis
2859 1577 2927 1616 ex
2975 1562 3151 1617 sancti
3194 1564 3440 1620 doctoris
3472 1567 3743 1624 adversus
3784 1586 3889 1625 eos

2179 1645 2668 1702 lucubrationibus
2695 1654 3000 1720 compertae
3045 1656 3196 1718 sunt,
3236 1654 3446 1710 referre
3485 1655 3577 1710 hic
3622 1656 3769 1713 nihil
3805 1659 3896 1714 in.

2178 1738 2398 1790 terest:
2458 1737 2554 1792 sed
2598 1740 2752 1810 quod
2797 1741 2866 1794 ad
2918 1748 3247 1814 susceptum
3292 1745 3594 1815 negotium
3645 1749 3886 1818 attinet,

2177 1825 2387 1894 quibus
2425 1825 2509 1880 illi
2554 1828 2771 1883 artibus
2817 1831 3238 1886 adolescentem
3294 1835 3592 1889 excellenti
3641 1837 3889 1907 ingenio

2175 1913 2482 1983 lirwditum
2523 1918 2879 1987 pellexerint,
2911 1919 3415 1992 implicuerintque
3444 1939 3546 1977 sua
3574 1924 3778 1980 haeresi
3809 1944 3877 1981 ac

2177 2001 2462 2071 societate,
2504 2005 2726 2074 juvabit
2782 2007 3028 2078 ipsomet
3077 2015 3342 2064 narrante
3385 2027 3748 2083 cognoscere.
3813 2017 3896 2070 In’

2174 2090 2376 2160 primis
2399 2109 2529 2147 vero
2547 2093 3236 2151 lenocinabanturanimis
3258 2100 3437 2153 multa
3454 2100 3876 2170 pollicitatione

2175 2181 2445 2235 docendae
2492 2183 2762 2247 veritatis,
2809 2185 3146 2240 catholicam
3179 2187 3478 2242 Ecclesiam
3517 2205 3585 2243 eo
3620 2193 3877 2247 maxime

2175 2271 2405 2326 nomine
2441 2271 2829 2342 criminantes,
2872 2275 3024 2346 quod
3057 2276 3228 2330 fidem
3258 2276 3590 2349 imperaret,
3620 2296 3734 2335 non
3766 2282 3882 2336 do-

2171 2365 2343 2417 ceret.
2388 2361 2462 2415 Ea
2491 2363 2577 2416 vel
2621 2363 2740 2417 sola
2783 2379 2883 2434 spe
2915 2364 3176 2420 delusum
3217 2383 3276 2421 se
3319 2371 3560 2423 testatur
3603 2372 3886 2440 Augusti-

2172 2465 2300 2517 nus,
2331 2466 2397 2504 eo
2454 2452 2608 2522 quod
2637 2452 2756 2506 veri
2787 2452 3115 2509 inveniendi
3143 2456 3384 2526 cupidus
3415 2462 3582 2524 esset,
3622 2464 3682 2513 et
3713 2461 3878 2531 quod

2169 2537 2338 2591 insito
2378 2539 2557 2592 animi
2603 2545 2825 2594 tumore
2872 2557 2974 2596 ceu
3022 2543 3201 2596 aniles
3246 2544 3466 2598 fabulas
3510 2554 3877 2618 computaret

2170 2642 2547 2699 quaecumque
2585 2627 2806 2683 ratione
2844 2646 2962 2685 non
2991 2631 3398 2688 constitissent.
3434 2634 3578 2700 Quid
3604 2638 3747 2690 enim
3790 2653 3879 2692 me

2169 2717 2343 2783 aliud,
2374 2716 2584 2788 inquit,
2615 2719 2831 2785 cogebat
2859 2735 3027 2774 annos
3041 2723 3156 2787 fere
3171 2737 3376 2789 novem,
3399 2729 3582 2792 spreta
3608 2727 3879 2792 religione

2167 2821 2286 2874 quae
2311 2807 2448 2861 mihi
2471 2808 2698 2877 puerulo
2723 2824 2757 2862 a
2772 2810 3091 2878 parentibus
3121 2812 3290 2865 insita
3313 2817 3451 2874 erat.
3486 2813 3721 2868 homines
3749 2817 3877 2870 illos

2166 2897 2321 2964 sequi
2347 2912 2412 2950 ac
2449 2897 2736 2964 diligenter
2772 2898 2996 2965 audire;
3042 2901 3153 2952 nisi
3182 2900 3327 2968 quod
3355 2916 3450 2955 nos
3479 2907 3876 2971 superstitione

2168 2987 2377 3048 terreri,
2410 2990 2460 3038 et
2499 2986 2658 3056 ﬁdem
2687 2987 2839 3041 nobis
2869 2993 2992 3042 ante
3019 2990 3282 3043 rationem
3312 2992 3574 3059 imperari
3602 2992 3871 3060 dicerent,

2163 3090 2218 3127 se
2246 3080 2425 3129 autem
2465 3077 2671 3130 nullum
2695 3092 2934 3145 premere
2968 3077 3042 3131 ad
3070 3075 3256 3147 ﬁdem,
3283 3081 3395 3133 nisi
3429 3081 3586 3148 prius
3616 3081 3875 3136 discussa

2165 3168 2214 3216 et
2241 3165 2474 3218 enodata
2497 3167 2722 3220 veritate
2745 3166 2772 3221 ἲ)
2793 3169 2926 3236 Quis
2954 3182 3060 3220 non
3090 3169 3175 3221 his
3195 3169 3679 3236 pollicitationibus
3709 3173 3880 3226 illice-

2163 3257 2314 3306 retur
2338 3256 2639 3323 praesertim
2665 3255 3012 3310 adolescentis
3042 3258 3253 3311 animas
3286 3259 3518 3327 cupidus
3537 3262 3673 3328 veri,
3701 3265 3875 3316 etiam

2162 3343 2538 3397 nonnullorum
2586 3345 2644 3397 in
2685 3345 2869 3400 schola
2905 3345 3178 3399 doctorum
3222 3347 3494 3401 hominum
3535 3347 3872 3418 disputatio-

2162 3431 2321 3486 nibus
2350 3432 2613 3502 superbus
2637 3437 2685 3486 et
2715 3435 2971 3501 garrulus
2995 3449 3010 3486 :
3034 3434 3246 3503 qualem
3276 3451 3357 3489 me
3387 3441 3512 3490 tunc
3541 3438 3627 3492 illi
3657 3440 3877 3493 invene-

2163 3526 2309 3589 runt,
2355 3526 2688 3591 spernentem
2724 3524 2926 3577 scilicet
2954 3525 3114 3591 quasi
3140 3525 3310 3579 aniles
3337 3525 3579 3593 fabulas,
3613 3531 3664 3580 et
3691 3527 3764 3580 ab
3788 3531 3872 3582 eis

2157 3613 2504 3681 promissum,
2548 3617 2795 3681 apertum
2841 3616 2890 3666 et
2935 3615 3202 3668 sincerum
3241 3630 3426 3668 rerum
3473 3621 3648 3670 tenere
3703 3621 3876 3686 atque

2164 3703 2384 3756 haurire
2427 3703 2724 3770 cupientem
2767 3702 2862 3772 {De
2894 3704 3138 3759 Utilitate
3167 3704 3438 3770 credendi,
3466 3722 3520 3759 n.
3565 3707 3668 3775 2)?
3702 3707 3871 3762 Haud

2162 3790 2342 3844 levior
2365 3795 2486 3844 erat
2529 3789 2599 3844 ad
2643 3790 2906 3844 haeresim
2955 3790 3224 3846 illecebra
3263 3792 3478 3862 species
3519 3792 3750 3863 pietatis
3802 3812 3875 3848 ac

2163 3879 2332 3933 decus
2373 3878 2595 3948 insigne
2632 3878 3014 3946 continentiae,
3046 3880 3200 3950 quod
3245 3881 3385 3934 falso
3441 3897 3557 3951 prae
3605 3897 3663 3934 se
3724 3883 3874 3936 fere~

2161 3969 2300 4023 bant
2327 3968 2637 4035 Manichzei,
2662 3971 2721 4022 in
2749 3985 2974 4038 quorum
3003 3985 3092 4024 ore
3121 3971 3304 4040 laquei
3326 3971 3554 4036 diaboli,
3585 3977 3634 4025 et
3656 3975 3873 4027 viscum

2161 4061 2456 4124 confectum
2486 4060 2861 4112 commta-tione
2888 4059 3225 4129 syllabarum
3269 4062 3502 4114 nominis
3551 4063 3635 4114 tui
3679 4067 3731 4114 et
3764 4064 3873 4116 Do-

2161 4148 2297 4200 mini
2309 4148 2434 4200 Jesu
2454 4147 2680 4215 Christi,
2701 4152 2751 4200 et
2769 4149 3036 4202 Paracleti
3051 4149 3398 4204 consolatoris
3417 4151 3592 4204 nostri
3611 4151 3868 4220 Spiritus

2159 4235 2352 4288 sancti.
2387 4236 2508 4288 Haec
2560 4237 2778 4290 nomina
2805 4251 2912 4289 non
2955 4237 3232 4291 recedebat
3279 4238 3344 4292 de
3392 4254 3480 4293 ore
3517 4255 3722 4310 eorum,
3766 4242 3872 4295 sed

2161 4327 2310 4377 tenus
2339 4338 2466 4377 sono
2494 4327 2542 4376 et
2570 4326 2798 4394 strepitu
2824 4326 3048 4392 linguae;
3071 4331 3122 4380 et
3150 4331 3396 4382 caeterum
3419 4343 3508 4382 cor
3529 4331 3692 4382 inane
3723 4334 3867 4385 veri.

2157 4414 2229 4468 Et
2280 4411 2547 4475 dicebant,
2596 4415 2809 4469 Veritas
2837 4419 2888 4468 et
2922 4417 3124 4469 veritas
3155 4431 3168 4468 :
3213 4421 3262 4470 et
3299 4417 3528 4470 multum
3559 4433 3675 4471 eam
3706 4418 3870 4473 dice-

2160 4501 2288 4555 bant
2323 4501 2430 4571 ipsi
2459 4501 2800 4571 Augustino,
2835 4506 2884 4556 et
2928 4518 3196 4572 nusquam
3225 4509 3342 4558 erat
3396 4507 3452 4558 in
3491 4507 3568 4559 eis
3615 4507 3864 4574 (Con/es.

2159 4589 2254 4650 lib,
2289 4593 2340 4654 3,
2367 4605 2412 4644 c.
2443 4592 2494 4655 6,
2527 4605 2582 4643 n.
2620 4589 2722 4657 10).
2768 4589 2984 4660 Nempe
3022 4591 3143 4645 haec
3173 4592 3289 4645 fere
3319 4591 3490 4646 insita
3519 4597 3607 4647 est
3638 4595 3863 4648 nostris

2157 4678 2364 4732 animis
2391 4677 2606 4748 opinio,
2638 4677 2907 4733 virtutem
2938 4680 3347 4754 veritatemque
3377 4699 3586 4755 magna
3617 4683 3775 4738 inter
3805 4701 3869 4738 se

2157 4765 2570 4820 necessitudine
2600 4765 2892 4834 devinciri,
2924 4783 3112 4839 neque
3143 4770 3289 4824 hanc
3329 4771 3463 4825 inde
3502 4772 3725 4838 abesse,
3759 4775 3868 4828 ubi

2155 4855 2504 4910 castimonia
2559 4855 2735 4910 virtus
2769 4857 3005 4913 eluceat.
3055 4858 3196 4913 Hinc
3242 4860 3597 4932 Augustinus
3655 4864 3869 4918 scribit

2155 4943 2296 4998 duas
2346 4945 2592 4998 maxime
2634 4960 2753 4999 esse
2799 4945 3090 5001 illecebras
3132 4948 3600 5015 Manichaeorum,
3642 4951 3868 5020 quibus

2153 5033 2518 5105 decipiuntur
2559 5034 2794 5104 incauti,
2833 5040 2897 5090 ut
2943 5052 3039 5090 eos
3086 5036 3266 5092 velint
3303 5037 3513 5093 habere
3563 5039 3861 5110 doctores,

2154 5123 2350 5192 altera,
2395 5140 2526 5178 cum
2559 5123 2691 5178 vitae
2737 5128 2904 5179 castae
2942 5141 3004 5179 ac
3052 5127 3444 5182 memorabilis
3483 5128 3865 5185 continentiae

2138 5212 2464 5284 imaginem
2492 5213 2842 5281 praeferunt;
2874 5215 3072 5283 altera,
3120 5231 3252 5270 cum
3297 5216 3618 5288 Scripturas
3651 5233 3861 5289 repre-

2152 5301 2430 5364 hendunt,
2465 5303 2550 5356 vel
2580 5318 2721 5373 quas
2754 5303 2898 5356 male
2926 5303 3272 5374 intelligunt,
3298 5307 3387 5360 vel
3417 5322 3560 5377 quas
3589 5307 3740 5361 male
3774 5308 3864 5363 in-

2151 5389 2334 5462 telligi
2387 5391 2584 5445 volunt
2629 5393 2720 5462 (De
2744 5391 2978 5446 Moribus
3034 5394 3175 5448 Eccl.
3229 5394 3376 5449 cath.
3416 5394 3512 5448 lib.
3563 5397 3609 5458 l,
3649 5411 3713 5450 η.
3777 5398 3858 5468 2).

2152 5477 2597 5534 Commovebant
2618 5494 2751 5533 sane
2774 5479 2896 5550 ejus
2916 5479 3174 5535 animum
3194 5481 3366 5535 etiam
3387 5498 3515 5553 quae
3544 5483 3860 5540 adversum

2152 5567 2359 5624 Christi
2401 5567 2629 5622 Domini
2669 5569 3068 5640 genealogiam
3097 5585 3130 5624 a
3177 5570 3443 5625 Matthaso
3473 5575 3530 5625 et
3563 5573 3714 5627 Luca
3744 5573 3860 5629 de-
