4048 6194
192 328 253 375 ἷῒ
1687 325 1898 379 LIBER
1942 324 2223 387 PRIMVS.
3638 332 3707 382 78

194 443 464 513 scriptam
496 443 568 497 ab
598 444 887 498 haereticis
916 444 1343 511 eﬂ‘utiebantur,
1375 461 1405 499 e
1432 445 1641 517 quibus
1684 463 1814 500 cum
1844 462 1902 499 se

193 531 461 602 expedire
494 548 613 585 non
644 538 837 604 posset
867 533 1024 588 rudis
1050 533 1237 589 adhuc
1264 539 1321 588 et
1350 533 1693 589 Litterarum
1725 552 1904 589 sacra-

192 637 323 675 rum
345 621 678 691 imperitus,
693 622 755 676 in
772 638 973 677 eorum
986 623 1329 678 sententiam
1352 623 1516 678 facile
1537 624 1900 679 concidebat:

192 726 309 781 qua
342 709 411 764 de
442 727 503 764 re
536 715 719 765 exstat
753 711 876 765 haec
906 711 1059 766 illius
1088 712 1159 766 ad
1195 712 1422 783 plebem
1454 728 1778 767 sermonem
1809 714 1901 766 ha-

191 798 385 853 bentis
414 798 639 852 sincera
683 799 959 853 confessio
984 816 996 853 :
1031 799 1249 870 Loquor
1276 800 1449 867 vobis,
1482 801 1780 870 aliquando
1810 802 1902 855 de-

198 894 409 958 ceptus,
443 905 562 943 cum
587 892 769 958 primo
795 905 935 959 puer
959 890 1032 943 ad
1060 890 1275 945 divinas
1296 893 1609 961 Scripturas
1638 897 1762 945 ante
1788 894 1905 946 vel-

194 978 300 1031 lem
324 976 526 1045 aﬂ‘erre
542 993 765 1032 acumen
784 979 1131 1045 discutiendi,
1146 995 1309 1048 quam
1327 982 1579 1049 pietatem
1600 980 1901 1048 quaerendi:

193 1082 291 1133 ego
318 1068 439 1135 ipse
462 1071 654 1120 contra
676 1083 760 1120 me
784 1070 1049 1136 perversis
1077 1069 1314 1122 moribus
1345 1067 1659 1122 claudebam
1674 1070 1905 1138 januam

192 1156 417 1210 Domini
445 1158 583 1210 mei:
616 1172 734 1210 cum
754 1158 978 1226 pulsare
1006 1157 1265 1217 deberem.
1295 1163 1356 1212 ut
1384 1160 1717 1227 aperiretur;
1746 1158 1908 1212 adde-

190 1245 342 1310 bam,
378 1250 439 1297 ut
480 1246 841 1301 clauderetur.
874 1247 1147 1316 Superbus
1177 1250 1318 1301 enim
1357 1248 1621 1301 audebam
1650 1261 1904 1316 quaerere,

190 1334 343 1402 quod
370 1336 488 1388 nisi
510 1335 733 1390 humilis
751 1351 859 1390 non
884 1340 1060 1405 potest
1085 1338 1347 1390 invenire.
1380 1338 1501 1390 Haec
1527 1337 1665 1389 enim
1684 1350 1765 1388 me
1795 1350 1909 1402 per-

191 1421 578 1487 turbaverunt,
612 1438 731 1491 qua:
764 1423 920 1477 modo
950 1423 1100 1477 vobis
1130 1438 1348 1478 securus
1378 1426 1436 1477 in
1463 1426 1675 1477 nomine
1694 1424 1909 1476 Domini

188 1517 238 1565 et
264 1526 517 1580 propono
552 1511 653 1580 (De
683 1511 986 1566 concordia
1018 1511 1267 1566 Matthmi
1296 1516 1352 1566 et
1386 1512 1549 1566 Lucae
1579 1510 1639 1565 in
1666 1511 1908 1565 texenda

190 1599 410 1654 Christi
451 1599 832 1671 genealogia),
877 1606 926 1655 et
972 1616 1178 1670 empono
1221 1601 1408 1667 (Serm.
1444 1604 1531 1668 5t,
1562 1617 1616 1654 n.
1653 1602 1727 1672 6).
1759 1601 1905 1655 Scri-

188 1694 397 1760 pturas
427 1705 656 1760 quoque
689 1689 897 1743 veteris
939 1690 1307 1756 Testamenti,
1338 1693 1395 1743 et
1423 1706 1516 1743 eas
1548 1689 1905 1760 potissimum

188 1779 463 1832 solebant
518 1778 815 1832 Manichazi
862 1778 1203 1849 vituperare,
1249 1794 1312 1831 ac
1368 1795 1433 1831 ea
1489 1777 1908 1849 vituperatione

198 1867 474 1922 inﬁrmos
512 1871 570 1921 et
616 1867 907 1937 parvulos,
940 1883 1058 1921 non
1088 1866 1444 1921 invenientes
1474 1868 1760 1937 quomodo
1799 1866 1910 1921 illis

189 1954 643 2026 responderent,
676 1954 915 2009 irridere
946 1960 1117 2026 atque
1147 1954 1409 2025 decipere
1436 1954 1530 2025 (De
1560 1956 1687 2011 Gen.
1719 1961 1905 2010 contra

190 2045 548 2109 Hanichaeos,
598 2044 692 2097 lib.
736 2047 787 2112 t,
826 2060 880 2098 η.
923 2046 996 2114 2).
1040 2044 1323 2097 Praeterea
1358 2042 1683 2109 difﬁcultas,
1735 2060 1908 2114 quam

190 2135 257 2188 in
292 2133 457 2200 mali,
506 2132 827 2203 praesertim
865 2133 1018 2204 quod
1056 2132 1300 2203 agimus,
1342 2131 1562 2203 origine
1593 2132 1910 2202 detegenda

192 2220 553 2293 patiebatur,
588 2236 720 2274 eum
751 2220 810 2273 in
848 2220 994 2274 hanc
1018 2220 1286 2275 haeresim
1318 2220 1542 2275 induxit
1567 2221 1740 2292 (Conf.
1782 2222 1817 2274 ι,
1856 2224 1906 2287 3,

192 2326 319 2380 cap.
348 2314 407 2377 ‘7,
438 2326 495 2376 n,
524 2311 604 2375 t2)
628 2328 644 2363 :
678 2326 811 2364 nam
836 2326 999 2364 mens
1030 2310 1152 2381 ejus
1176 2311 1281 2364 hac
1310 2310 1683 2381 inquisitione
1714 2310 1912 2365 defati-

195 2406 357 2470 gata,
395 2415 529 2452 cum
562 2399 719 2453 nulla
750 2398 857 2468 ipsi
888 2399 955 2453 ad
988 2415 1115 2453 eam
1146 2400 1237 2453 lux
1268 2399 1588 2469 effulgeret,
1621 2400 1784 2455 facile
1811 2399 1910 2454 ad-

194 2490 377 2544 ducta
410 2493 515 2552 est,
562 2492 625 2541 ut
676 2489 827 2542 malo
870 2504 1067 2542 verum
1112 2492 1507 2559 aeternumque
1535 2489 1908 2559 principium,

201 2578 325 2631 Deo
366 2581 667 2647 tamquam
704 2576 878 2631 solius
911 2577 1048 2631 boni
1077 2577 1359 2648 principio
1390 2578 1739 2631 contrarium
1781 2594 1911 2632 cum

196 2665 431 2720 insanis
455 2664 571 2718 illis
613 2665 1012 2736 deceptoribus
1050 2666 1367 2736 attingeret.
1399 2665 1659 2721 Scientize
1701 2667 1913 2737 quippe

192 2753 475 2825 praesidio
498 2753 821 2820 destitutus,
845 2754 1108 2825 captiosis
1132 2754 1363 2809 illorum
1385 2755 1758 2826 argumentis,
1782 2772 1912 2809 cum

192 2844 270 2897 ab
295 2860 386 2907 eo,
407 2847 757 2913 quaarerent,
787 2843 938 2897 unde
962 2844 1198 2911 malum,
1223 2860 1341 2898 non
1366 2848 1592 2914 poterat
1617 2844 1911 2899 obsistere.

272 2934 325 2985 2.
368 2933 501 2986 Post
531 2931 630 2985 ubi
671 2931 993 2986 Manicheeis
1021 2948 1234 2986 nomen
1269 2932 1502 2987 dederat
1539 2933 1913 3003 Augustinus,

194 3022 347 3075 nihil
382 3021 470 3075 illi
503 3021 795 3092 antiquius
825 3020 948 3086 fuit,
984 3037 1155 3092 quam
1188 3026 1252 3076 ut
1282 3025 1554 3091 suscepta:
1585 3039 1615 3074 a
1642 3037 1698 3074 se
1731 3022 1908 3075 haere-

198 3128 333 3165 seos
354 3110 584 3181 placitis
611 3115 779 3181 atque
800 3110 1075 3163 institutis
1089 3110 1346 3164 animum
1367 3109 1582 3164 affatim
1608 3108 1911 3164 imbueret.

200 3195 337 3248 Illos
361 3194 545 3264 igitur
558 3193 758 3248 sedulo
771 3193 970 3263 audiit,
985 3209 1183 3248 eorum
1202 3193 1477 3265 ﬁgmenta
1493 3193 1686 3248 omnia
1698 3194 1916 3249 curiose

200 3282 531 3354 indagavit,
562 3282 633 3335 iis
672 3282 846 3337 tidem
874 3286 1090 3337 temere
1128 3283 1377 3354 praabuit
1405 3301 1419 3351 ;
1458 3283 1598 3354 quin
1626 3283 1797 3338 etiam
1827 3284 1913 3337 in-

204 3377 433 3426 stanter
463 3388 549 3436 ea,
587 3372 796 3442 quibus
823 3371 1036 3443 potuit,
1066 3372 1366 3442 persuasit,
1397 3376 1452 3426 et
1482 3373 1751 3427 adversus
1776 3372 1917 3427 alios

203 3461 585 3534 pertinaciter
615 3460 983 3532 animoseque
1014 3461 1289 3516 defendit.
1326 3461 1439 3515 Nec
1469 3461 1651 3516 defuit
1679 3462 1915 3515 consilio

199 3556 255 3604 et
294 3549 536 3605 conatui
563 3549 871 3604 temerario
909 3566 1199 3604 successus
1233 3550 1530 3617 secundus,
1568 3567 1745 3621 usque
1776 3552 1915 3604 adeo

200 3647 264 3694 ut
294 3641 476 3694 tidem
504 3638 841 3693 cath‘olicam
878 3638 1199 3693 miserrima
1237 3656 1299 3693 ac
1315 3639 1917 3710 furiosissimaloqua-

200 3731 372 3784 citate
418 3733 666 3782 vastasse
714 3745 792 3787 se,
834 3728 1036 3798 lugens
1076 3734 1346 3799 agnoscat
1375 3732 1468 3793 (De
1495 3732 1639 3783 Dono
1662 3744 1914 3798 perseve-

200 3822 421 3883 rantiaz,
454 3835 513 3872 n.
544 3821 647 3878 53).
684 3817 1014 3887 Complures
1044 3817 1339 3887 imperitos
1369 3817 1633 3871 futilibus
1658 3816 1919 3887 quaestio—

204 3925 349 3962 num
383 3906 634 3977 argutiis
673 3905 980 3977 exagitavit
1011 3906 1185 3976 (Conf.
1221 3907 1313 3960 lib.
1352 3910 1404 3975 3,
1436 3921 1554 3974 cap.
1593 3907 1675 3973 t2,
1707 3922 1764 3959 n.
1805 3908 1915 3975 '21),

205 4003 259 4051 et
287 3996 618 4051 amicorum
642 3995 925 4066 plurimos
956 3993 1177 4065 decepit
1207 4012 1219 4047 :
1254 3994 1611 4065 praecipuum
1642 3993 1794 4047 inter
1823 4010 1916 4047 eos

203 4085 503 4155 Alypium,
541 4084 611 4137 de
656 4100 770 4154 quo
812 4083 959 4137 infra
989 4083 1219 4153 smpius,
1255 4088 1311 4136 et
1335 4083 1756 4137 Romanianum
1789 4083 1917 4137 Mte-

204 4178 480 4228 cenatum
504 4188 692 4237 suum,
728 4172 929 4227 iisdem
961 4172 1249 4226 erroribus
1276 4171 1532 4226 involvit.
1563 4172 1917 4224 Honoratum

206 4278 465 4334 quoque,
511 4261 804 4315 hominem
841 4262 1097 4316 nondum
1129 4260 1363 4332 quidem
1393 4259 1787 4329 christianum,
1819 4260 1917 4314 sed

208 4352 329 4406 veri
380 4350 718 4405 inveniendi
767 4351 955 4405 studio
988 4350 1348 4421 ﬂagrantem,
1389 4348 1728 4415 Manichmis,
1777 4365 1920 4420 quos

210 4441 591 4495 vehementer
621 4437 1035 4504 exsecrabatur,
1070 4436 1393 4492 conciliavit
1441 4436 1672 4490 tandem
1717 4441 1773 4490 et
1815 4437 1918 4490 ad-

204 4528 403 4599 junxit
433 4528 529 4598 (De
564 4529 809 4582 Utilitate
836 4526 1109 4594 credendi,
1139 4543 1194 4581 n.
1218 4526 1292 4594 2).

279 4622 334 4671 3.
371 4618 643 4671 Ceterum
684 4633 749 4670 ex
781 4615 1193 4671 consuetudine
1216 4619 1274 4669 et
1305 4613 1715 4681 familiaritate,
1748 4629 1919 4684 quam

212 4722 348 4759 cum
400 4705 688 4760 hereticis
724 4704 837 4758 illis
884 4708 1247 4758 contraxerat
1294 4702 1669 4774 Augustinus,
1719 4719 1816 4756 eos
1861 4702 1921 4755 in

217 4792 471 4846 aliorum
498 4792 863 4863 opinionibus
878 4790 1237 4846 destruendis
1256 4790 1438 4862 magis
1467 4790 1725 4855 disertos,
1748 4806 1921 4860 quam

216 4882 277 4935 in
302 4882 421 4934 suis
440 4881 762 4935 astruendis
786 4881 983 4935 tirmos
1008 4897 1128 4934 esse
1155 4879 1418 4951 cognovit
1435 4879 1712 4950 (1bid.).ld
1736 4879 1924 4949 ipsum

218 4969 465 5035 obstitit,
498 4969 809 5039 quominus
838 4968 920 5023 eis
948 4969 1179 5040 penitus
1211 4968 1522 5023 adhmreret
1545 4985 1558 5022 :
1584 4968 1723 5023 adeo
1746 4973 1809 5021 ut
1830 4984 1925 5022 eos

217 5063 383 5113 caute
421 5074 488 5111 ac
528 5058 728 5112 timide
767 5064 1119 5130 sequeretur,
1156 5073 1329 5128 seque
1367 5057 1426 5111 in
1466 5073 1706 5111 numero
1746 5057 1926 5111 Audi-

212 5153 409 5202 torum
433 5147 773 5215 contineret,
802 5147 899 5219 qui
929 5147 1137 5218 gradus
1163 5146 1310 5218 apud
1355 5146 1484 5200 illos
1517 5146 1749 5200 intimus
1780 5150 1922 5213 erat,

228 5238 503 5308 idemque
531 5252 715 5307 prope
738 5236 839 5306 qui
859 5236 1412 5291 Catechumenorum
1432 5234 1489 5287 in
1516 5235 1757 5289 Ecclesia
1780 5237 1928 5305 (Con-

225 5332 312 5381 tra
340 5328 477 5382 Litt.
516 5327 699 5392 Μελ,
737 5326 828 5379 lib.
862 5328 914 5391 3,
946 5341 1002 5379 η.
1034 5325 1147 5396 20).
1179 5326 1373 5394 Neque
1404 5323 1558 5377 enim
1585 5323 1931 5379 Manichaeo-

223 5431 357 5470 rum
386 5415 690 5486 presbyter
744 5413 873 5481 fuit,
918 5418 984 5467 ut
1021 5413 1105 5467 illi
1144 5417 1344 5484 postea
1382 5428 1499 5465 non
1529 5428 1698 5466 nemo
1727 5429 1929 5483 expro-

222 5504 408 5558 bravit
441 5504 629 5574 (lbid.)
656 5523 672 5571 ;
701 5519 810 5557 nec
851 5502 1085 5565 Electus,
1125 5502 1233 5557 hoc
1272 5505 1375 5568 est,
1416 5516 1615 5555 eorum
1645 5500 1931 5572 mysteriis

220 5591 504 5649 imitiatus
544 5596 767 5665 (Contra
805 5593 1180 5658 Fortunatam,
1211 5606 1269 5646 η.
1303 5590 1376 5662 3).
1416 5589 1776 5660 Quapropter
1802 5605 1931 5644 cum

2018 447 2269 501 latebant
2308 446 2529 517 ﬂagitia
2574 463 2819 518 quorum
2860 449 3340 505 insimulabantur
3380 450 3708 505 Manichaai:

2013 534 2135 588 111130
2165 535 2315 589 enim
2354 536 2424 590 ad
2472 536 2686 589 Electos
2725 538 3073 607 spectabant.
3106 538 3316 593 Eorum
3346 538 3710 593 solummodo

2014 623 2350 678 interfuerat
2385 624 2649 692 orationi,
2694 625 2755 678 in
2785 642 2899 696 qna
2938 627 3083 680 nihil
3113 632 3277 698 turpe
3307 628 3712 682 animadverte-

2013 719 2119 779 rat,
2151 713 2261 767 nisi
2299 714 2451 785 quod
2483 731 2710 786 semper
2739 716 2811 769 ad
2841 717 3017 771 solem
3046 734 3103 771 se
3134 722 3547 773 converterent.
3582 717 3714 771 Illos

2014 818 2240 873 quoque
2273 804 2686 857 Eucharistiam
2716 803 2970 875 recipere
3002 806 3261 860 audierat
3294 824 3308 873 ;
3353 806 3490 878 quid
3519 811 3713 860 autem

2014 892 2355 961 acciperent,
2380 895 2435 946 et
2464 892 2691 962 quando
2720 893 3057 964 acciperent,
3090 894 3389 965 ignorabat
3417 912 3429 949 :
3454 895 3713 966 quamvis

2014 979 2206 1033 omnia
2245 985 2411 1033 sectas
2458 981 2629 1052 hujus
2666 981 2882 1052 ﬂagitia
2916 982 3151 1052 quidam
3182 1000 3248 1037 ex
3290 983 3623 1038 adversariis
3653 982 3713 1037 in

2015 1084 2146 1121 eum
2177 1068 2544 1136 contulerint,
2573 1069 3020 1123 Catechumenos
3051 1069 3165 1123 sive
3201 1072 3503 1126 Auditores
3543 1070 3716 1126 Mani-

2015 1156 2321 1221 chaeorum,
2366 1156 2654 1225 baptisma
2692 1174 2892 1211 eorum
2942 1159 3222 1228 recepisse
3246 1159 3389 1213 falso
3433 1159 3709 1213 arbitrati.

2016 1246 2376 1315 Singularem
2404 1245 2778 1298 solemnitatis
2800 1246 3083 1300 Paschalis
3110 1248 3326 1301 cultum
3355 1248 3623 1301 hauserat
3642 1248 3712 1301 ab

2016 1334 2258 1390 Ecclesia
2318 1333 2594 1387 catholica
2648 1335 3018 1405 Augustinus,
3071 1352 3245 1405 quem
3297 1336 3446 1390 diem
3504 1338 3711 1391 festum

2016 1422 2306 1476 Manichaai
2324 1422 2481 1475 nulla
2497 1423 2916 1492 propemodum
2936 1423 3282 1493 celebritate,
3303 1425 3474 1478 nullis
3486 1425 3713 1496 vigiliis,

2014 1512 2172 1565 nullo
2203 1510 2516 1581 prolixiora
2552 1511 2795 1581 jejunio,
2837 1512 2996 1565 nullo
3027 1512 3272 1582 denique
3303 1512 3588 1566 festiviore
3618 1530 3714 1584 ap-

2016 1600 2221 1664 paratu
2251 1596 2512 1651 colebant
2542 1600 2767 1667 (Contra
2794 1599 2973 1666 Epist.
3007 1597 3313 1661 Manichzei,
3344 1612 3399 1649 n.
3435 1599 3505 1665 9).
3545 1597 3715 1667 Cujus

2016 1682 2097 1736 rei
2122 1700 2348 1738 causam
2372 1686 2577 1754 smpius
2596 1686 2666 1738 ab
2688 1685 2769 1739 eis
2786 1684 3176 1739 sciscitabatur
3200 1702 3212 1738 :
3241 1685 3333 1738 sed
3356 1685 3585 1739 cumilli
3604 1686 3707 1739 sub

2016 1773 2168 1826 idem
2195 1777 2421 1843 tempus
2447 1774 2738 1828 Manichaei
2759 1773 2848 1827 sui
2873 1778 3119 1827 mortem
3146 1772 3357 1843 insigni
3378 1774 3591 1843 pOmpa
3621 1790 3712 1827 ce-

2015 1862 2321 1924 lebrarent,
2342 1862 2677 1933 religionem
2700 1868 2755 1917 et
2775 1863 3213 1922 venerationem,
3238 1879 3350 1933 qua
3375 1879 3592 1916 sacram
3615 1865 3716 1917 Pa-

2016 1950 2149 2004 scha
2168 1950 2438 2021 prosequi
2460 1955 2846 2017 consueverat,
2873 1951 2931 2003 in
2956 1952 3100 2004 hanc
3122 1950 3243 2019 ipse
3262 1952 3714 2008 transfundebat.

2087 2041 2140 2092 4.
2177 2039 2317 2093 Cum
2350 2038 2408 2092 in
2440 2038 2758 2093 Mauichzeis
2797 2054 2999 2109 parum
3040 2038 3293 2107 praesidii
3332 2044 3389 2092 et
3428 2038 3715 2093 firmitatis

2019 2128 2320 2198 reperiret,
2355 2144 2512 2198 spem
2544 2132 2599 2180 et
2628 2126 2858 2197 negotia
2885 2128 3086 2181 mundi
3116 2142 3234 2181 non
3267 2126 3519 2193 dimisit;
3554 2127 3717 2197 cujus

2020 2234 2213 2273 amore
2244 2215 2428 2270 teneri
2457 2232 2574 2269 non
2603 2215 2837 2282 destitit,
2887 2216 3164 2285 quamdiu
3201 2231 3299 2269 eos
3346 2219 3590 2269 sectatus
3635 2219 3719 2268 est

2023 2306 2112 2376 (De
2144 2304 2389 2358 Utilitate
2425 2303 2696 2361 credendi,
2737 2318 2793 2356 η.
2838 2302 2915 2373 2).
2958 2302 3169 2358 Passim
3208 2305 3447 2355 testatur
3477 2318 3535 2355 se
3563 2305 3718 2355 totos

2022 2407 2225 2445 novem
2255 2406 2432 2444 annos
2475 2389 2911 2444 Manichmorum
2965 2394 3131 2443 sectm
3182 2389 3356 2444 fuisse
3403 2390 3715 2445 addictum.

2021 2479 2351 2534 Videbimus
2382 2494 2512 2533 eum
2545 2477 2692 2532 infra
2729 2477 3032 2531 Mediolani
3063 2478 3460 2532 tantummodo
3503 2478 3571 2531 ab
3602 2476 3714 2531 illis

2021 2568 2312 2623 discessise
2356 2584 2505 2621 anno
2555 2565 2951 2621 trecentesimo
2997 2567 3345 2637 octogesimo
3377 2566 3597 2636 quinto.
3634 2567 3719 2619 Ita

2021 2657 2323 2711 dicendum
2351 2660 2514 2716 esset.
2549 2672 2680 2709 eum
2711 2654 2770 2707 in
2803 2655 2949 2708 hanc
2978 2655 3241 2708 haeresim
3271 2654 3538 2708 incidisse
3567 2670 3717 2707 anno

2023 2745 2421 2799 trecentesimo
2480 2742 2902 2814 septuagesimo
2950 2748 3128 2796 sexto.
3184 2744 3311 2813 Ipse
3361 2742 3717 2812 Augustinus

2023 2851 2229 2888 novem
2260 2834 2349 2887 his
2387 2832 2574 2900 annis,
2606 2832 2815 2902 quibus
2844 2831 3179 2885 Manichazos
3206 2831 3405 2898 audiit,
3438 2848 3495 2885 se
3532 2831 3722 2884 Fausti

2024 2924 2328 2977 adventum
2358 2925 2706 2991 exspectasse
2748 2919 2986 2972 tesiatur
3041 2918 3215 2988 (Conf.
3259 2919 3351 2971 lib.
3400 2921 3450 2985 5,
3506 2934 3627 2988 cap.
3666 2922 3717 2985 6,

2020 3027 2078 3065 n.
2114 3013 2224 3079 l0):
2261 3012 2495 3063 Faustus
2516 3008 2621 3061 iste
2644 3009 2767 3079 jam
2797 3007 3122 3072 advenerat,
3155 3006 3473 3075 Augustino
3506 3022 3720 3060 annum

2027 3100 2207 3154 astatis
2229 3095 2742 3167 undetrigesimum
2766 3099 2970 3164 agente
2986 3094 3173 3163 (lbid.,
3207 3110 3325 3163 cap.
3359 3098 3413 3157 3,
3439 3109 3493 3147 n.
3530 3096 3600 3161 3),
3625 3093 3725 3163 qui

2025 3187 2233 3244 Christi
2272 3191 2393 3241 erat
2441 3185 2874 3239 treeentesimus
2912 3182 3292 3273 octogesimus
3328 3181 3547 3237 tertius.
3611 3183 3719 3235 Hos

2023 3276 2217 3346 itaque
2242 3291 2446 3329 novem
2476 3291 2655 3327 annos
2686 3288 2990 3327 numerare
3018 3270 3291 3325 debemus
3318 3270 3386 3323 ab
3410 3286 3559 3324 anno
3585 3274 3720 3323 teta-

2023 3364 2095 3417 tis
2125 3364 2279 3418 illius
2308 3362 2606 3434 vigesimo,
2641 3361 2848 3417 Christi
2877 3361 3273 3415 trecentesimo
3304 3358 3724 3429 septuagesimo

2026 3458 2229 3524 quarto
2254 3470 2267 3520 ;
2301 3457 2357 3507 et
2386 3453 2454 3507 de
2484 3451 2687 3506 iisdem
2717 3450 2881 3505 annis
2911 3449 3230 3518 intelligere
3256 3448 3411 3518 quod
3441 3446 3564 3517 ipse
3594 3447 3726 3501 scri-

2024 3543 2127 3606 bit,
2163 3558 2221 3596 se
2265 3558 2370 3612 per
2408 3557 2612 3595 novem
2647 3556 2846 3606 annos,
2880 3538 3156 3592 nimirum
3178 3538 3266 3591 ab
3297 3536 3723 3606 undevigesimo

2025 3632 2205 3686 aetatis
2237 3647 2352 3685 sua:
2383 3646 2535 3683 anno
2566 3630 2635 3684 ad
2665 3626 3213 3697 duodetrigesimum
3244 3641 3424 3696 usque
3455 3626 3723 3695 (comple-

2026 3720 2171 3791 tum)
2216 3720 2389 3774 fuisse
2425 3718 2722 3773 seductum
2754 3721 2811 3771 et
2838 3716 2980 3770 alios
3011 3715 3296 3770 seduxisse
3328 3715 3508 3784 (Ibid.,
3541 3715 3615 3768 lib
3668 3716 3724 3782 4,

2025 3826 2143 3880 cap.
2173 3814 2221 3876 t,
2255 3826 2309 3863 η.
2351 3808 2422 3879 1).
2446 3809 2529 3862 Ita
2556 3807 2746 3860 videre
2769 3805 2919 3871 licet,
2953 3820 3107 3871 eum,
3138 3820 3267 3858 cum
3299 3804 3552 3874 primum
3579 3801 3727 3857 Cice-

2023 3900 2180 3954 ronis
2213 3897 2578 3953 Hortensium
2610 3894 2750 3966 legit
2780 3911 2929 3948 anno
2963 3893 3147 3947 astatis
3186 3893 3408 3947 decimo
3440 3908 3593 3946 nono
3626 3896 3727 3945 aut

2028 3988 2325 4060 vigesimo,
2351 3987 2408 4040 in
2424 3985 2863 4040 Manichaeorum
2892 3982 3152 4038 haeresim
3170 3982 3342 4035 fuisse
3369 3981 3722 4051 prolapsum.

2031 4077 2221 4149 Neque
2250 4092 2383 4130 vero
2410 4076 2599 4130 statim
2632 4075 2702 4128 ab
2734 4089 2883 4127 anno
2912 4071 3187 4142 vigesimo
3218 4076 3410 4126 octavo
3445 4074 3541 4123 aut
3570 4069 3725 4139 vige-

2029 4166 2174 4219 simo
2206 4182 2359 4219 nono
2393 4182 2449 4219 se
2477 4165 2547 4220 ab
2579 4164 2688 4218 illis
2714 4162 2951 4217 omnino
2972 4160 3267 4231 disjuuxit,
3298 4159 3395 4213 sed
3426 4175 3523 4212 eos
3552 4157 3728 4228 pluri-

2027 4271 2187 4308 mum
2221 4253 2456 4308 fastidiit
2485 4270 2497 4321 ;
2527 4268 2713 4324 neque
2739 4252 2816 4305 sic
2843 4254 3087 4305 sectatus
3113 4252 3214 4307 est,
3248 4247 3358 4300 nisi
3385 4246 3522 4299 dum
3557 4245 3725 4316 quid—

2027 4343 2183 4414 piam
2240 4342 2449 4397 melius
2492 4341 2601 4412 ipsi
2645 4344 2965 4395 occurreret
3013 4338 3193 4405 (Ibid.,
3250 4336 3384 4389 libro
3420 4338 3471 4404 5,
3516 4351 3633 4404 cap.
3671 4338 3723 4397 7,

2024 4449 2119 4487 nn.
2161 4436 2244 4498 t2,
2281 4433 2384 4499 t3).

2098 4525 2149 4576 5.
2203 4520 2523 4575 Monnicam
2571 4516 2876 4587 Augustini
2930 4516 3119 4586 lapsus
3167 4513 3228 4567 in
3275 4511 3543 4567 haeresim
3587 4512 3727 4565 adeo

2029 4607 2306 4663 nefariam
2352 4604 2684 4676 gravissimo
2738 4604 2926 4657 dolore
2976 4591 3235 4672 pe‘rculit.
3275 4600 3648 4654 Aberrantem
3698 4616 3730 4651 a

2033 4697 2141 4751 fide
2156 4696 2342 4750 tilium
2360 4698 2545 4749 mater
2565 4710 2679 4747 non
2703 4690 2895 4745 mitius
2912 4689 3177 4755 deﬂebat,
3202 4704 3374 4759 quam
3397 4688 3442 4741 si
3461 4704 3727 4759 supremo

2030 4785 2230 4839 funere
2262 4784 2596 4838 extulisset:
2649 4781 2765 4834 imo
2808 4782 2966 4832 tanto
3006 4776 3282 4844 acerbius,
3316 4782 3530 4847 quanto
3560 4776 3726 4829 intel-

2032 4873 2237 4945 ligeret
2266 4870 2397 4926 vitae
2440 4869 2668 4924 mortali
2703 4873 2975 4939 prmstare
3004 4866 3410 4933 immortalem,
3442 4866 3602 4936 cujus
3634 4864 3730 4918 ille

2033 4978 2193 5033 spem
2241 4960 2436 5015 lethali
2464 4960 2745 5013 haereseos
2773 4958 3008 5010 vulnere
3048 4955 3107 5008 in
3140 4972 3197 5009 se
3232 4954 3541 5024 peremisse
3572 4952 3728 5007 vide-

2034 5052 2233 5106 batur:
2259 5053 2388 5107 Cum
2405 5064 2506 5119 pro
2534 5064 2615 5102 me
2644 5050 2790 5115 ﬂeret
2814 5046 2887 5099 ad
2910 5050 2958 5099 te
2974 5050 3144 5099 mater
3163 5060 3300 5108 mea,
3324 5042 3532 5113 inquit,
3554 5042 3730 5110 ﬁdelis

2037 5146 2150 5207 tua,
2190 5141 2424 5210 amplius
2456 5153 2619 5205 quam
2649 5139 2773 5204 ﬂent
2806 5140 3004 5189 matres
3034 5149 3287 5202 corporea
3323 5134 3521 5199 funera
3543 5129 3727 5199 (lbid.,

2037 5232 2131 5285 lib.
2165 5233 2215 5297 3,
2258 5244 2376 5297 cap.
2415 5230 2497 5289 tt,
2544 5242 2601 5280 n.
2666 5226 2768 5293 19).
2802 5224 2959 5278 Illius
2998 5221 3425 5276 conversionem
3467 5217 3729 5288 plurimis

2040 5338 2071 5375 a
2100 5322 2215 5373 Deo
2260 5315 2521 5386 lacrymis
2548 5313 2879 5385 postulavit.
2906 5310 3267 5377 Precabatur,
3291 5310 3582 5379 :quotquot
3596 5306 3728 5386 ido-

2041 5426 2181 5465 neos
2208 5404 2558 5470 inveniebat,
2582 5409 2646 5458 ut
2664 5418 2794 5457 cum
2812 5401 2930 5456 ﬁlio
2952 5413 3273 5454 sermonem
3315 5380 3638 5450 conferrent
3658 5395 3729 5449 ad

2044 5512 2265 5555 errores
2284 5493 2438 5549 illius
2458 5492 2824 5561 refellendos,
2852 5494 3029 5561 utque
3051 5504 3181 5543 eum
3201 5483 3450 5539 veriiatis
3474 5484 3733 5539 doctrina

2042 5586 2365 5643 imbuentes
2394 5599 2428 5637 a
2456 5581 2697 5637 falsitate
2741 5582 3090 5633 revocarent.
3133 5572 3237 5629 Sed
3269 5571 3513 5627 nimium
3550 5571 3732 5627 adhuc
