4048 6194
353 360 424 411 ’79
1555 355 1726 411 νιΤΑ
1781 356 1834 410 S.
1879 354 2041 412 AUGI

2219 355 2263 410 il
2325 355 2661 411 EPlSCOPl.
3792 361 3860 409 80

352 479 660 534 indocilem
681 479 842 534 illum
862 478 1102 534 faciebat
1125 478 1467 550 arrogantia,
1492 495 1604 551 qua
1625 479 1854 534 haeresis
1876 479 2049 548 hujus

351 570 568 624 novitas
595 586 726 624 eum
756 569 1008 624 inﬂabat.
1057 568 1196 624 Hinc
1225 573 1451 624 sanctus
1483 569 1716 640 quidam
1752 569 2048 638 episcopus

353 658 422 714 ab
465 675 531 712 ea
577 663 802 729 rogatus
830 662 894 712 ut
930 674 1062 712 cum
1114 657 1232 712 tilio
1267 657 1705 728 collequeretur,
1747 657 2047 723 recusavit,

351 764 599 818 eumque
651 745 914 818 perlectis
957 745 1400 800 Manichaeorum
1448 745 1607 799 libris
1648 761 1776 798 suos
1815 744 2048 798 tandem

351 853 570 890 errores
597 836 1088 907 deprehensurum
1109 833 1429 888 afﬁrmavit.
1461 833 1717 904 Cumque
1739 832 1835 885 illa
1865 832 2048 902 magis

351 941 414 979 ac
443 925 624 996 magis
664 925 917 991 instaret,
957 924 1106 980 Vade
1134 922 1339 993 inquit,
1371 938 1405 975 a
1441 937 1558 988 me;
1591 924 1672 975 ita
1699 923 1886 975 vivas:
1927 923 2050 990 ﬁeri

349 1016 490 1067 enim
518 1029 623 1067 non
660 1017 852 1082 potest,
893 1016 954 1064 ut
983 1013 1137 1079 ﬁlius
1167 1013 1399 1064 istarum
1433 1011 1800 1080 lacrymarum
1825 1014 2038 1081 pereat.

349 1101 508 1165 Quod
530 1101 627 1154 illa
641 1115 977 1170 responsum
999 1099 1177 1152 divini
1198 1099 1378 1153 instar
1392 1099 1608 1153 oraculi
1629 1098 1846 1169 accepit
1861 1101 1897 1165 (l
1905 1099 2000 1152 bid
2007 1139 2044 1166 .,

347 1206 467 1258 cap.
505 1192 589 1255 12,
639 1205 694 1243 n.
737 1189 848 1258 21).
894 1189 1028 1242 Eam
1078 1187 1262 1242 adhuc
1310 1203 1482 1257 super
1528 1186 1632 1241 filii
1669 1188 1848 1242 salute
1901 1189 2047 1242 Deus

346 1294 477 1331 cum
503 1275 630 1330 aliis
654 1277 914 1347 pluribus
945 1276 1150 1342 modis,
1177 1281 1300 1330 tum
1329 1276 1575 1330 maxime
1605 1276 1826 1330 somnio
1845 1291 2046 1330 conso-

346 1367 492 1421 latus
519 1371 622 1421 est.
658 1369 798 1422 Cum
830 1365 984 1421 enim
1014 1369 1160 1419 esset
1196 1382 1436 1420 mcerore
1467 1365 1742 1432 confecta,
1776 1365 2045 1436 juvenem

346 1455 737 1525 splendidum,
769 1455 1032 1516 hilarem,
1065 1457 1121 1508 et
1149 1452 1430 1508 renidenti
1456 1454 1614 1508 vultu
1635 1452 1708 1507 ad
1729 1469 1787 1507 se
1813 1453 2042 1507 venien-

347 1550 464 1599 tem
493 1544 653 1611 vidit,
685 1543 784 1615 qui
814 1560 944 1598 cum
973 1543 1044 1598 ab
1075 1542 1448 1614 eajmaestitiaa
1483 1558 1677 1597 causas
1708 1541 2040 1613 quassiisset.

340 1633 512 1702 jussit
546 1633 704 1688 illam
735 1649 932 1687 securo
964 1649 1085 1686 esse
1119 1632 1332 1698 animo,
1365 1631 1650 1703 simulque
1681 1631 1926 1697 monuit,
1955 1630 2042 1685 vi-

346 1722 508 1776 deret
548 1727 604 1776 et
653 1721 990 1787 attenderet,
1024 1737 1216 1775 secum
1255 1720 1439 1775 filium
1489 1721 1692 1776 eodem
1748 1719 1858 1774 loci
1915 1735 2045 1773 cou-

344 1810 558 1864 sistere.
585 1811 746 1874 Quod
772 1826 901 1864 cum
931 1810 1025 1864 illa
1054 1809 1170 1863 tilio
1202 1813 1505 1876 narrasset,
1529 1814 1586 1864 et
1607 1810 1728 1880 ipse
1751 1808 2044 1862 somnium

343 1899 412 1953 ad
454 1915 512 1952 se
555 1899 781 1953 trahere
811 1902 1132 1964 conaretur,
1168 1898 1494 1970 diceretque
1525 1899 1633 1952 hoc
1669 1897 1786 1952 viso
1825 1897 2045 1968 signiﬁ-

342 1988 458 2041 cari
489 1992 729 2042 matrem
759 1987 820 2040 in
851 2003 1013 2041 suam
1062 1986 1371 2058 aliquando
1415 1990 1659 2040 tractum
1701 1986 1772 2040 iri
1819 1991 2044 2040 senten-

340 2079 510 2143 tiam;
553 2077 651 2130 illa
677 2076 949 2130 continuo
991 2076 1132 2130 citra
1159 2076 1612 2142 haesitationem,
1642 2077 1778 2137 Non,
1807 2075 1998 2147 inquit
2025 2092 2040 2142 ;

347 2180 452 2218 non
482 2165 624 2218 enim
651 2163 788 2216 mihi
824 2162 1031 2216 dictum
1057 2167 1153 2230 est,
1207 2163 1308 2217 Ubi
1336 2164 1445 2231 ille,
1485 2163 1564 2216 ibi
1594 2167 1643 2216 et
1675 2167 1764 2228 tu;
1797 2162 1910 2228 sed,
1943 2163 2044 2217 Ubi

345 2259 404 2307 tu
432 2253 511 2307 ibi
546 2257 595 2306 et
624 2253 713 2306 ille
744 2250 932 2322 (Ibid,
966 2267 1086 2321 cap.
1135 2254 1219 2320 11,
1258 2266 1314 2305 n.
1361 2253 1477 2320 20).
1513 2253 1626 2305 lloc
1665 2249 2042 2320 extemporali

343 2340 541 2395 matris
588 2355 879 2410 responso,
923 2354 1051 2409 quas
1082 2339 1335 2410 speciosa
1363 2339 1540 2409 ipsius
1570 2339 2040 2410 interpretatione

344 2430 574 2485 turbata
611 2445 724 2484 non
759 2429 968 2495 fuerat,
1009 2429 1401 2482 vehementius
1431 2444 1606 2499 quam
1637 2428 1894 2498 ejusdem
1924 2427 2041 2482 viso

341 2523 636 2590 permotus
658 2522 759 2572 est.
789 2517 1044 2588 Contigit
1061 2517 1210 2571 istud
1243 2534 1444 2571 novem
1463 2517 1885 2588 propemodum
1911 2520 2041 2571 ante

344 2609 528 2675 annis,
560 2623 732 2679 quam
761 2607 1114 2677 Augustinus
1143 2622 1208 2660 ex
1239 2606 1373 2660 limo
1403 2606 1671 2678 profundi
1701 2623 1764 2660 ac
1791 2607 2042 2661 tenebris

343 2697 601 2751 falsitatis
639 2696 698 2750 in
742 2695 946 2766 quibus
969 2695 1213 2765 jacebat,
1245 2700 1580 2766 emergeret.
1611 2695 1772 2766 Saepe
1801 2695 2041 2749 tentavit

343 2801 672 2856 exsurgere,
720 2785 817 2838 sed
867 2784 1034 2838 altius
1085 2800 1312 2854 semper
1353 2784 1820 2855 immergebatur.
1877 2783 2037 2838 Haud

343 2874 552 2927 scimus
609 2890 680 2927 an
729 2871 790 2925 hi
836 2887 1041 2926 novem
1089 2872 1244 2939 anni,
1290 2876 1356 2925 ut
1403 2871 1498 2925 alii
1555 2888 1748 2942 supra,
1794 2872 2038 2926 adventu

345 2963 531 3017 Fausti
578 2961 980 3027 terminentur,
1023 2965 1152 3014 ante
1197 2961 1360 3031 cujus
1407 2977 1715 3022 accessum,
1768 2960 1922 3014 illius
1971 2961 2040 3014 ad

341 3051 751 3121 emergendum
780 3053 1014 3121 conatus
1058 3065 1173 3102 non
1217 3050 1496 3119 legimus:
1529 3066 1604 3103 an
1631 3066 1763 3104 vero
1795 3067 1862 3104 eo
1892 3053 2039 3103 tem—

343 3157 502 3211 pore,
543 3155 657 3210 quo
698 3155 731 3191 a
787 3138 1106 3192 Manicheeis
1152 3137 1406 3192 discessit
1443 3155 1595 3192 anno
1643 3137 2040 3192 trecentesimo

341 3228 688 3298 octogesimo
719 3225 919 3298 quinto
948 3247 963 3294 ;
997 3235 1076 3280 an
1114 3227 1360 3298 denique
1388 3227 1504 3294 illo,
1535 3245 1650 3299 quo
1689 3229 1937 3298 perfecte
1971 3232 2040 3286 ad

343 3319 522 3372 Deum
551 3331 855 3370 conversus
879 3320 980 3383 est,
1005 3331 1155 3370 anno
1179 3315 1436 3370 videlicet
1467 3316 1865 3372 trecentesimo
1889 3323 2042 3374 octo-

343 3407 560 3479 gesimo
592 3412 770 3462 sexto.

1003 3521 1226 3576 CAPUT
1267 3521 1378 3576 νη.

352 3635 370 3684 1
411 3633 656 3699 Tagastae
674 3631 1085 3698 grammaticam
1113 3628 1262 3682 docet
1282 3629 1374 3682 ubi
1403 3629 1702 3684 auditorem
1733 3630 1888 3685 habet
1912 3633 2043 3702 Aly-

413 3722 584 3790 pium.
617 3721 650 3772 2
690 3721 873 3774 Amici
902 3722 1066 3771 morte
1096 3716 1292 3771 incidit
1321 3720 1378 3772 in
1415 3721 1714 3774 maximum
1741 3721 1960 3786 luctum,
1993 3727 2043 3776 et

422 3813 659 3876 Tagasta
687 3808 866 3862 dolore
888 3811 1158 3876 premente
1185 3806 1411 3861 excedit.
1447 3810 1476 3861 3
1504 3810 1792 3876 Regressus
1817 3811 2043 3866 Cartha-

419 3901 614 3964 ginem,
642 3896 722 3950 ibi
755 3896 1078 3949 rhetoricam
1096 3893 1408 3965 proﬁtetur.

424 4026 469 4076 1.
506 4023 646 4076 Tum
683 4019 1035 4091 Augustinus
1072 4021 1371 4090 Tagastam
1413 4021 1557 4075 forte
1594 4021 1864 4090 redierat,
1910 4040 2038 4080 cum

349 4111 637 4166 somnium
699 4127 872 4181 supra
909 4115 1290 4164 memoratum
1331 4115 1515 4165 mater
1553 4111 1755 4166 habuit
1794 4129 1807 4166 :
1868 4131 2042 4185 quam

348 4201 540 4255 scribit
566 4201 674 4255 hoc
701 4201 819 4253 viso
848 4198 988 4253 adeo
1028 4198 1200 4252 fuisse
1242 4204 1573 4262 recreatam,
1615 4205 1679 4254 ut
1718 4199 1904 4271 ip-um
1936 4203 2041 4257 sub

347 4291 549 4346 eodem
575 4295 718 4344 tecto
749 4289 976 4360 degere,
1001 4291 1056 4342 et
1085 4288 1270 4349 eidem
1297 4305 1508 4343 mensae
1539 4289 1872 4345 accumbere
1904 4291 2044 4345 sive-

347 4380 422 4434 rit
442 4399 459 4445 ;
483 4379 636 4450 quod
659 4378 891 4449 quidem
923 4376 1176 4431 Monnica
1207 4379 1356 4431 nolle
1386 4378 1680 4448 aliquanto
1711 4384 1841 4432 ante
1871 4395 2044 4449 coepe-

349 4474 455 4533 rat,
476 4465 1141 4522 tantumillamhmresim
1164 4465 1593 4520 exhorrescebat
1608 4465 1841 4535 (Confes.
1859 4467 1956 4521 lib.
1986 4472 2040 4534 3,

347 4573 465 4626 cap.
507 4559 588 4622 11,
620 4572 676 4609 n.
708 4558 785 4624 9).
813 4555 897 4610 Ad
929 4555 1025 4609 illa
1055 4554 1246 4625 itaque
1275 4557 1534 4624 tempora
1557 4555 1933 4609 revocandum
1963 4556 2040 4609 vi-

349 4644 533 4710 detur,
576 4643 725 4714 quod
757 4644 875 4713 ipse
909 4643 1104 4712 refert,
1150 4659 1208 4697 se
1247 4643 1308 4696 in
1360 4643 1606 4712 patriam
1654 4659 1967 4710 reversum,
2009 4661 2043 4698 ει

349 4733 703 4787 Romaniano
735 4737 1058 4804 susceptum
1093 4733 1266 4787 fuisse
1303 4731 1573 4802 hospitio,
1605 4736 1661 4786 et
1689 4748 1870 4802 usque
1902 4733 2041 4787 adeo

349 4823 472 4892 ejus
507 4821 754 4875 amicitia
784 4826 840 4875 et
882 4822 1152 4876 familiari
1190 4820 1602 4876 consuetudine
1646 4821 2039 4892 honestatum,

348 4914 412 4964 ut
455 4909 610 4964 illius
636 4909 866 4964 honoris
903 4917 960 4965 et
987 4911 1276 4982 dignitatis
1333 4911 1531 4966 eadem
1571 4911 1631 4964 in
1669 4911 1809 4965 urbe
1856 4913 2041 4982 Taga-

349 4999 525 5055 stensi
545 4998 730 5053 socius
751 5016 812 5053 ac
833 4998 1115 5070 particeps
1139 5017 1259 5054 esse
1287 5001 1576 5056 videretur
1595 5001 1817 5068 (Contra
1835 5002 2042 5055 Acade-

347 5093 530 5155 micos,
564 5087 658 5143 lib.
703 5090 752 5149 2,
789 5103 844 5142 n.
904 5089 973 5157 3).
1020 5088 1266 5143 Suorum
1310 5089 1463 5144 haud
1503 5089 1673 5144 dubie
1721 5089 2042 5144 studiorum

351 5183 563 5234 metam
587 5176 869 5248 attigerat,
893 5176 1028 5231 dum
1048 5177 1386 5248 Carthagine
1403 5177 1672 5245 discessit,
1693 5179 2045 5248 spectabant-

350 5285 460 5339 que
489 5265 673 5322 studia
699 5265 795 5320 illa
825 5264 1009 5320 forum
1038 5264 1370 5335 litigiosum.
1409 5267 1547 5321 Eum
1577 5271 1770 5322 tamen
1787 5271 1886 5321 aut
1909 5283 2041 5322 cau-

350 5373 438 5410 sas
463 5357 666 5429 egisse,
699 5359 799 5410 aut
827 5358 1007 5409 artem
1037 5369 1199 5407 suam
1227 5352 1288 5407 in
1319 5353 1429 5407 alia
1459 5371 1540 5421 re,
1572 5372 1744 5427 quam
1783 5355 1841 5409 in
1871 5355 2041 5410 disci—

348 5445 499 5516 pulis
572 5443 921 5508 erudiendis,
975 5443 1278 5498 collocasse
1334 5458 1453 5496 non
1509 5444 1773 5514 legimus.
1861 5445 2044 5516 (Σαερῆ

348 5534 541 5605 itaque
565 5535 766 5590 docere
795 5535 854 5588 in
883 5532 1067 5606 patria
1108 5533 1334 5605 (Con/es.
1378 5532 1466 5587 lib.
1511 5534 1565 5600 4,
1607 5550 1727 5604 cap.
1772 5537 1826 5602 4,
1858 5551 1914 5589 n.
1945 5537 2036 5604 7):

349 5622 547 5679 scribit
575 5623 863 5680 Possidius
889 5640 1020 5678 eum
1051 5622 1131 5678 ibi
1159 5622 1416 5679 docuisse
1438 5623 1867 5694 grammaticam
1899 5625 2042 5696 (Pos-

2154 477 2350 544 sidius,
2382 480 2440 532 in
2477 480 2602 533 Vita
2628 478 2862 545 August.
2897 492 2944 532 c.
2981 478 3046 547 l).
3077 479 3147 531 At
3166 477 3556 549 cumipsemet
3583 479 3859 551 Augusti-

2158 581 2264 618 nus
2297 582 2354 618 sc
2394 566 2454 619 in
2494 565 2604 620 illis
2642 566 2806 620 annis
2844 566 3189 621 rhetoricam
3219 568 3536 636 professum
3565 584 3685 623 esse
3729 585 3854 623 me-

2157 658 2343 708 morat
2388 655 2615 724 (Confes.
2650 657 2745 710 lib.
2787 656 2841 721 4,
2881 671 3002 725 cap.
3043 658 3097 722 2,
3129 672 3184 709 n.
3218 657 3298 727 2),
3331 656 3374 709 si
3416 657 3519 712 hoc
3543 657 3758 712 dictum
3793 674 3860 712 ex

2156 742 2301 796 serie
2328 743 2671 797 narrationis
2694 743 3107 814 interpreteris,
3134 743 3420 798 videbitur
3445 761 3570 799 eam
3599 746 3858 817 Tagastae

2155 829 2432 885 docuisse.
2467 831 2592 886 Non
2617 831 2822 886 desunt
2851 837 3044 885 tamen
3069 831 3534 902 gravissimarum
3565 833 3859 888 rationum

2156 925 2471 989 momenta,
2489 935 2619 992 quae
2639 920 2694 974 id
2711 922 2779 974 de
2800 920 3140 991 Carthagine
3161 919 3603 991 intelligendum
3631 937 3862 992 persua-

2156 1007 2348 1068 deant,
2396 1012 2460 1062 ut
2520 1007 2758 1063 inferius
2806 1009 3188 1063 ostendemus.
3229 1010 3478 1080 Tempus
3524 1016 3696 1077 certe,
3739 1026 3859 1080 quo

2155 1097 2584 1167 grammaticam
2611 1096 2866 1164 docebat,
2896 1113 3013 1152 non
3041 1097 3526 1164 obscureindicat,
3551 1098 3687 1152 dum
3718 1099 3859 1152 scri-

2153 1185 2238 1240 bit
2278 1203 2356 1252 se,
2390 1187 2568 1240 instar
2606 1187 2976 1241 adolescentis
3015 1186 3263 1257 prodigi,
3297 1187 3588 1241 exclusum
3621 1188 3796 1242 fuisse
3828 1205 3862 1242 a

2156 1275 2378 1346 siliquis
2412 1291 2738 1345 porcorum,
2785 1291 2927 1346 quos
2976 1278 3045 1330 de
3083 1275 3306 1346 siliquis
3360 1275 3628 1347 pascebat
3683 1275 3853 1344 (Ibid.

2156 1364 2251 1418 lib.
2278 1366 2330 1430 3,
2362 1379 2481 1432 cap.
2516 1367 2570 1426 6,
2600 1379 2657 1418 η.
2689 1367 2796 1433 11).
2836 1363 2940 1418 Ubi
2968 1379 3100 1418 mox
3138 1364 3209 1419 de
3251 1364 3755 1435 grammaticorum
3799 1369 3860 1418 et

2153 1455 2451 1522 poetarum
2487 1452 2690 1506 fabulis
2729 1452 3196 1524 loquiturz'quas
3240 1453 3411 1507 etiam
3465 1453 3850 1524 Hieronymus

2153 1556 2457 1611 porcorum
2487 1557 2588 1596 seu
2624 1541 2955 1596 diemonum
2984 1541 3175 1596 cibum
3216 1546 3512 1613 nuncupat
3542 1544 3743 1612 (Epist.
3784 1542 3862 1596 ad

2152 1631 2308 1684 Dam.
2341 1629 2406 1683 de
2433 1631 2568 1683 Filio
2610 1631 2884 1700 prodigo).
2924 1631 3133 1685 Eodem
3170 1631 3438 1702 pertinet,
3470 1629 3580 1684 nisi
3619 1647 3720 1684 nos
3751 1631 3859 1684 fal-

2152 1717 2347 1784 limur,
2397 1719 2548 1788 quod
2587 1718 2708 1789 ipse
2754 1718 3108 1789 Augustinus
3150 1718 3329 1773 dicit:
3371 1718 3766 1775 Seducebamur
3807 1726 3856 1774 et

2153 1806 2551 1874 seducebamus,
2572 1809 2709 1874 falsi
2721 1804 2885 1878 atque
2901 1810 3151 1875 fallentes
3168 1811 3227 1862 in
3242 1811 3413 1862 variis
3427 1808 3822 1878 cupiditatibus
3838 1826 3851 1873 ;

2152 1901 2200 1950 et
2220 1897 2402 1965 palam
2415 1912 2516 1966 per
2537 1897 2833 1964 doctrinas,
2864 1912 3000 1965 quas
3021 1897 3268 1952 liberales
3293 1902 3504 1963 vocant,
3538 1899 3736 1952 occulte
3757 1913 3853 1951 au-

2153 1989 2256 2039 tem
2274 1986 2418 2052 falso
2437 1987 2647 2040 nomine
2666 1987 3073 2055 religionis.Hic
3093 1987 3333 2056 superbi,
3358 1987 3439 2040 ibi
3455 1988 3844 2056 superstitiosi,

2152 2075 2347 2142 ubique
2375 2077 2522 2128 vani.
2557 2077 2672 2130 Hac
2687 2077 2976 2145 popularis
3005 2077 3192 2142 gloriae
3221 2079 3483 2130 sectantes
3511 2077 3859 2138 inanitatem,

2150 2177 2318 2229 usque
2345 2163 2418 2216 ad
2446 2163 2734 2218 theatricos
2769 2166 3016 2233 plausus,
3054 2169 3106 2219 et
3133 2167 3461 2219 contentiosa
3499 2166 3765 2229 carmina,
3802 2169 3854 2218 et

2151 2266 2372 2318 agonem
2417 2267 2734 2306 coronarum
2771 2254 3074 2323 fenearum,
3101 2257 3150 2307 et
3195 2254 3620 2323 spectaculorum
3651 2267 3854 2320 nugas,

2150 2343 2201 2391 et
2230 2341 2698 2409 intemperantiam
2728 2341 3056 2396 libidinum:
3099 2343 3226 2397 illac
3270 2347 3449 2396 autem
3493 2344 3726 2412 purgari
3753 2357 3851 2396 nos

2151 2427 2218 2480 ab
2250 2429 2368 2482 istis
2409 2429 2660 2483 sordibus
2703 2435 3004 2499 expetentes
3033 2447 3151 2485 cum
3193 2433 3268 2486 eis
3309 2434 3406 2501 qui
3442 2433 3856 2501 appellarentur

2150 2516 2320 2570 Electi
2347 2521 2396 2570 et
2420 2518 2625 2583 Sancti,
2659 2518 2973 2586 afferremus
3002 2535 3167 2587 escas,
3200 2519 3266 2574 de
3286 2521 3482 2588 quibus
3506 2520 3658 2573 nobis
3680 2522 3738 2573 in
3770 2521 3854 2585 of-

2147 2606 2310 2672 ﬁcina
2334 2607 2635 2674 aqualiculi
2653 2609 2742 2660 sui
2765 2607 3104 2674 fabricarent
3125 2609 3340 2675 angelos
3361 2613 3411 2663 et
3431 2609 3572 2676 deos,
3594 2624 3689 2677 per
3711 2623 3852 2678 quos

2150 2693 2536 2760 liberaremur;
2560 2702 2610 2749 et
2635 2697 2882 2750 sectabar
2900 2699 3008 2750 ista
3033 2702 3193 2766 atque
3211 2698 3480 2763 faciebam
3508 2713 3626 2751 cum
3654 2699 3850 2751 amicis

2148 2779 2302 2846 meis,
2327 2794 2430 2847 per
2448 2795 2528 2832 me
2557 2795 2619 2834 ac
2644 2795 2846 2833 mecum
2867 2780 3098 2850 deceptis
3131 2779 3376 2850 (Confes.
3415 2781 3506 2834 lib.
3540 2783 3595 2849 4,
3627 2796 3751 2850 cap.
3795 2785 3848 2847 1,

2148 2882 2204 2920 n.
2246 2871 2318 2935 1).
2354 2869 2498 2920 Dum
2528 2868 2779 2938 Tagastae
2815 2867 3063 2936 doceret,
3114 2869 3432 2922 auditorem
3475 2869 3676 2923 habuit
3713 2871 3861 2939 Αιγ-

2148 2955 2333 3026 pium,
2365 2957 2652 3026 praeclarae
2675 2955 2881 3010 indolis
2911 2961 2966 3010 et
2991 2956 3223 3027 optimm
3249 2957 3370 3028 spei
3394 2957 3851 3025 adolescentem,

2152 3059 2215 3098 ex
2261 3043 2601 3114 primatibus
2657 3045 2910 3115 Tagastae
2976 3045 3418 3117 municipalibus
3471 3045 3782 3104 oriundum
3836 3063 3851 3100 :

2151 3148 2324 3203 quem
2354 3138 2414 3187 ut
2443 3133 2562 3204 ipse
2589 3133 2800 3188 eximia
2827 3133 3101 3188 charitate
3139 3134 3644 3206 complectebatur,
3677 3136 3750 3189 ob
3781 3151 3855 3189 ea

2151 3223 2425 3276 virtutum
2445 3221 2778 3292 specimina,
2807 3239 2935 3294 quas
2952 3225 3076 3294 jam
3096 3224 3294 3293 tumin
3323 3239 3390 3278 eo
3407 3223 3740 3290 elucebant;
3764 3223 3848 3278 sic

2150 3310 2220 3364 ab
2251 3310 2346 3365 illo
2370 3311 2617 3366 vicissim
2641 3313 2890 3366 multum
2915 3311 3184 3367 dilectum
3211 3329 3268 3367 se
3298 3311 3456 3380 dicit,
3488 3329 3554 3367 eo
3576 3313 3727 3385 quod
3759 3312 3847 3366 illi

2150 3399 2337 3455 bonus
2375 3405 2432 3454 et
2459 3400 2656 3455 doctus
2683 3401 2987 3455 videretur.

2219 3493 2270 3545 2.
2301 3491 2520 3546 Mortuo
2549 3506 2653 3560 per
2693 3490 2753 3545 id
2783 3496 3010 3562 tempus
3040 3491 3242 3555 amico,
3277 3491 3437 3561 cujus
3472 3506 3679 3546 nomen
3708 3491 3854 3546 reti-

2150 3584 2257 3640 cet,
2301 3580 2470 3650 longe
2499 3579 2849 3645 charissimo,
2884 3581 3124 3650 Tagasta
3148 3580 3395 3650 migrare
3443 3579 3847 3650 Carthaginem

2152 3669 2348 3723 dolore
2379 3667 2738 3738 opprimente
2767 3669 3096 3738 compulsus
3113 3674 3216 3722 est.
3248 3670 3313 3723 In
3342 3669 3475 3738 illis,
3500 3668 3706 3739 inquit,
3752 3684 3856 3722 an-

2150 3761 2257 3825 nis,
2300 3773 2403 3826 quo
2426 3760 2665 3826 primum
2703 3763 2934 3826 tempore
2967 3759 3023 3810 in
3053 3760 3348 3825 municipio
3377 3773 3480 3827 quo
3511 3762 3672 3812 natus
3698 3771 3850 3824 sum,

2147 3847 2332 3901 docere
2360 3862 2639 3916 cmperam,
2683 3861 3121 3915 comparaveram
3164 3848 3418 3914 amicum,
3445 3848 3694 3901 societate
3729 3851 3859 3900 stu-

2149 3934 2363 3989 diorum
2390 3935 2551 3988 nimis
2576 3934 2818 4002 charum,
2839 3949 3074 3988 cocevmn
3104 3935 3240 3988 mihi
3269 3939 3317 3988 et
3339 3938 3855 4003 conflorentemﬂore

2149 4023 2532 4078 adolescentiae.
2567 4025 2770 4077 Mecum
2797 4040 2932 4092 puer
2970 4028 3232 4092 creverat,
3275 4029 3325 4077 et
3353 4027 3565 4093 pariter
3605 4026 3664 4077 in
3701 4023 3863 4078 scho-

2151 4113 2260 4166 lam
2288 4114 2540 4179 ieramus,
2581 4115 2900 4181 pariterque
2928 4113 3244 4167 luseramus.
3301 4113 3406 4168 Sed
3447 4112 3684 4166 nondum
3730 4120 3854 4167 erat

2150 4203 2226 4255 sic
2273 4203 2496 4266 amicus,
2535 4216 2848 4270 quanquam
2877 4216 2941 4254 ne
2989 4205 3113 4255 tunc
3145 4202 3382 4270 quidem,
3413 4203 3578 4256 sicuti
3615 4206 3692 4256 est
3720 4218 3855 4256 vera

2151 4291 2429 4354 amicitia;
2459 4291 2588 4357 quia
2615 4303 2722 4342 non
2746 4294 2822 4342 est
2849 4305 2998 4354 vera,
3029 4291 3140 4343 nisi
3165 4305 3283 4344 cum
3310 4306 3425 4344 eam
3455 4295 3510 4344 tu
3533 4292 3856 4358 agglutinas

2151 4382 2292 4433 inter
2311 4379 2624 4433 inhaerentes
2646 4379 2746 4432 tibi
2765 4380 3031 4433 charitate
3056 4379 3263 4447 diffusa
3287 4381 3343 4433 in
3369 4379 3621 4433 cordibus
3646 4382 3857 4434 nostris

2145 4484 2246 4537 per
2279 4468 2546 4536 Spiritum
2573 4472 2839 4533 sanctum,
2873 4470 2969 4535 qui
3015 4467 3177 4521 datus
3205 4472 3285 4522 est
3322 4465 3491 4521 nobis.
3537 4467 3644 4523 Sed
3668 4473 3858 4522 tamen

2151 4555 2324 4609 dulcis
2354 4560 2470 4609 erat
2498 4557 2680 4622 nimis,
2731 4560 2914 4609 coacta
2957 4557 3171 4622 fervore
3214 4557 3478 4626 parilium
3518 4556 3861 4613 studiorum.

2151 4647 2290 4700 Nam
2315 4649 2414 4698 eta
2435 4643 2541 4713 [ide
2563 4659 2709 4711 vera,
2740 4659 2904 4712 quam
2926 4660 3031 4698 non
3052 4647 3383 4711 germanitus
3411 4650 3460 4699 et
3481 4648 3700 4715 penitus
3724 4646 3862 4699 udo-

2152 4733 2346 4788 lesoens
2367 4734 2593 4796 tenebat,
2626 4732 2949 4802 deﬂexa-am
2978 4749 3071 4802 ego
3088 4750 3206 4788 eum
3236 4737 3293 4787 in
3322 4737 3731 4804 superstitiosus
3763 4737 3862 4802 fa-

2153 4822 2316 4876 bellas
2346 4830 2394 4877 et
2418 4824 2769 4891 perniciosas,
2797 4828 3020 4892 propter
3047 4839 3182 4891 quas
3211 4823 3503 4892 plangebat
3532 4839 3613 4877 me
3642 4829 3820 4877 mater
3840 4869 3852 4881 .

2151 4913 2352 4966 Mecum
2375 4912 2492 4980 jam
2529 4912 2746 4966 errabat
2775 4914 2834 4966 in
2872 4914 3051 4966 animo
3081 4913 3232 4966 homo
3271 4913 3380 4977 ille,
3425 4917 3476 4966 et
3509 4927 3614 4966 non
3638 4917 3864 4981 poterat

2152 5003 2337 5055 anima
2366 5016 2482 5054 mea
2501 5003 2616 5055 sine
2643 5002 2755 5056 illo.
2782 5003 2853 5056 Et
2880 5016 2991 5055 ecce
3017 5006 3074 5054 tu
3096 5002 3375 5054 imminens
3407 5001 3565 5055 dorso
3585 5001 3864 5067 fugitivo-

2150 5107 2272 5144 rum
2303 5095 2533 5157 tuorum,
2568 5093 2704 5144 Deus
2732 5090 2997 5144 ultionum
3025 5093 3074 5142 et
3099 5091 3223 5155 fons
3253 5089 3758 5143 misericordiarum
3784 5092 3866 5143 si-

2153 5180 2282 5244 mul,
2312 5182 2409 5248 qui
2428 5182 2690 5234 convertis
2719 5193 2812 5233 nos
2843 5178 2916 5232 ad
2936 5182 2984 5232 te
3012 5179 3167 5232 miris
3197 5179 3406 5246 modis;
3442 5193 3555 5232 ecce
3578 5176 3868 5233 abstulisti

2153 5269 2416 5322 hominem
2446 5268 2511 5322 de
2531 5270 2628 5322 hac
2658 5271 2790 5333 vita,
2815 5283 2934 5321 cum
2960 5269 3056 5320 vix
3077 5268 3396 5337 explevisset
3421 5283 3625 5320 annum
3643 5269 3700 5319 in
3722 5271 3866 5321 ami-

2152 5359 2283 5411 citia
2311 5372 2446 5423 mea,
2470 5359 2629 5411 suavi
2658 5358 2795 5410 mihi
2824 5371 2988 5425 super
3013 5371 3191 5410 omnes
3221 5358 3519 5410 suavitates
3549 5357 3700 5409 illius
3730 5358 3866 5410 vitae

2151 5462 2295 5501 mex.
2330 5447 2462 5512 Quis
2483 5446 2668 5501 laudes
2691 5451 2813 5501 tuas
2838 5451 3114 5500 enumerat
3142 5461 3282 5500 unus
3311 5449 3370 5499 in
3388 5461 3442 5500 se
3467 5461 3572 5500 uno
3601 5460 3741 5514 quas
3767 5461 3867 5499 ex-

2149 5541 2333 5606 pertus
2363 5539 2490 5592 est?
2518 5535 2660 5603 Quid
2688 5540 2811 5590 tunc
2842 5537 3042 5602 fecisti,
3078 5539 3212 5590 Deus
3243 5551 3408 5596 meus.
3442 5540 3492 5590 et
3518 5550 3682 5605 quam
3708 5536 3860 5589 inve-

2151 5626 2422 5692 stigabilis
2441 5625 2667 5694 abyssus
2678 5624 3014 5696 judiciorum
3032 5628 3242 5679 tuorum
3256 5623 3284 5679 ?
3303 5625 3434 5680 Cum
3465 5626 3605 5678 enim
3635 5623 3860 5679 labora-
