4048 6194
197 231 249 282 81
1685 232 1897 287 LIBER
1952 233 2235 288 Pennis.
3433 208 3448 217 ’
3649 236 3717 287 82

199 357 276 406 ret
301 352 397 405 ille
410 349 676 419 febribus,
697 351 878 420 jacuit
900 351 998 405 diu
1018 352 1133 406 sine
1148 365 1306 405 sensu
1328 354 1384 405 in
1405 352 1599 406 sudore
1620 354 1824 407 lethali.
1845 356 1915 409 Et

199 457 317 494 cum
340 441 742 510 desperaretur,
768 440 1079 509 baptizatus
1100 443 1538 509 estnesciens,me
1548 457 1654 496 non
1669 448 1913 511 curante,

198 536 247 582 et
266 533 629 599 praesumente
650 529 711 582 id
728 531 961 583 retinere
970 531 1155 599 potius
1175 532 1413 583 animam
1436 531 1573 599 ejus,
1599 531 1743 600 quod
1774 548 1807 585 a
1834 548 1914 585 me

202 622 508 688 acceperat,
538 632 641 671 non
682 617 833 687 quod
869 619 927 671 in
956 619 1239 672 nescientis
1274 633 1491 686 corpore
1518 617 1702 688 fiebat.
1737 620 1915 686 Longe

195 713 381 761 autem
394 708 837 767 alitereratmam
850 711 1118 761 recreatus
1131 710 1284 773 est,et
1294 708 1477 760 salvus
1488 708 1915 773 factus.Statim-

194 813 295 866 que
316 802 384 850 ut
392 798 639 866 primum
660 812 781 849 cum
801 811 858 849 eo
878 796 1025 864 loqui
1038 797 1198 865 potui
1209 796 1236 863 ί
1238 798 1393 864 potui
1410 801 1589 849 autem
1603 812 1729 850 mom
1751 803 1809 849 ut
1826 798 1915 850 ille

190 888 399 956 potuit,
417 885 637 954 quando
648 900 756 939 non
768 884 1125 949 discedebam,
1139 890 1189 938 et
1204 885 1740 953 nimispendebamus
1752 901 1818 938 ea:
1836 888 1915 938 in-

198 977 251 1028 ri
255 976 411 1042 cem),
429 976 638 1028 tentavi
648 973 801 1043 apud
813 975 964 1027 illum
979 973 1228 1038 irridere,
1244 978 1506 1041 tanquam
1518 978 1566 1026 et
1578 975 1669 1027 illo
1681 976 1913 1027 irrisuro

193 1078 404 1118 mecum
425 1065 791 1131 Baptismum,
816 1078 969 1131 quem
990 1066 1268 1131 acceperat
1282 1067 1454 1116 mente
1473 1068 1635 1132 atque
1648 1078 1805 1117 sensu
1828 1063 1914 1115 ab-

191 1154 556 1214 sentissimus,
580 1152 679 1207 sed
700 1158 878 1207 tamen
893 1153 1014 1221 jam
1035 1168 1089 1207 se
1109 1154 1374 1222 accepisse
1404 1153 1694 1207 didicerat.
1726 1154 1914 1207 Atille

194 1244 269 1296 ita
305 1258 391 1295 me
419 1243 707 1295 ese/torruit
742 1246 804 1296 ut
840 1244 1139 1309 inimicum,
1173 1242 1561 1310 admonuitque
1587 1241 1833 1295 mirabili
1862 1249 1913 1298 et

192 1333 485 1399 repentina
506 1330 777 1398 libertate,
805 1333 867 1383 ut
895 1331 944 1383 si
967 1331 1172 1383 amicus
1197 1345 1306 1383 esse
1326 1331 1534 1397 vellem,
1558 1331 1695 1383 talia
1711 1330 1817 1384 sibi
1836 1332 1913 1383 di-

194 1436 311 1473 cere
342 1420 663 1474 desinerem.
705 1421 818 1486 Ego
857 1423 1034 1472 autem
1069 1421 1406 1488 stupefactus
1441 1423 1605 1487 atque
1638 1419 1904 1484 turbatus,

190 1510 394 1563 distuli
416 1523 598 1562 omnes
618 1512 793 1561 motus
813 1521 972 1568 meos,
997 1512 1057 1560 ut
1078 1508 1461 1560 convalesceret
1471 1509 1653 1577 prius,
1674 1512 1911 1575 essetque

189 1598 421 1651 idoneus
454 1597 668 1650 viribus
695 1595 1046 1660 valetudinis,
1079 1610 1197 1648 cum
1228 1610 1331 1663 quo
1362 1611 1518 1662 agere
1534 1611 1745 1665 possem
1767 1596 1911 1665 quod

186 1687 401 1740 rellem.
442 1685 548 1741 Sed
576 1686 666 1739 ille
695 1685 951 1753 abreptus
982 1684 1262 1737 demmtize
1290 1699 1436 1749 mea,
1468 1687 1529 1737 ut
1561 1685 1711 1753 apud
1738 1689 1785 1736 te
1807 1700 1910 1738 ser-

186 1780 418 1829 varetur
459 1775 812 1829 consolationi
848 1788 992 1837 meae,
1032 1777 1154 1841 post
1186 1787 1389 1842 paucos
1430 1773 1542 1826 dies
1576 1788 1657 1825 me
1695 1773 1910 1827 absente

184 1866 461 1934 repetitur
488 1861 753 1928 febribus,
786 1866 837 1915 et
862 1860 1201 1928 defungitur.
1238 1861 1349 1927 Quo
1371 1860 1551 1914 dolore
1571 1862 1910 1915 contenebra-

187 1960 305 2007 tum
335 1958 417 2007 est
460 1967 550 2005 cor
586 1966 780 2016 meum,
819 1954 870 2003 et
912 1949 1187 2018 quidquid
1214 1950 1563 2019 aspiciebam,
1597 1965 1739 2004 mors
1769 1955 1906 2005 erat.

184 2045 255 2095 Et
284 2046 411 2095 erat
442 2040 583 2093 mihi
606 2042 799 2108 patria
825 2040 1174 2108 supplicium,
1206 2043 1256 2091 et
1286 2042 1516 2107 paterna
1547 2037 1735 2091 domus
1763 2039 1908 2091 mira

186 2130 527 2196 infelicitas;
589 2133 641 2182 et
709 2128 983 2197 quidquid
1037 2143 1157 2180 cum
1214 2127 1308 2181 illo
1365 2129 1905 2192 communicaveram,

183 2221 305 2272 sine
350 2218 449 2271 illo
498 2220 559 2271 in
608 2218 909 2271 cruciatum
952 2219 1237 2269 immanem
1290 2220 1545 2270 verterat.
1599 2216 1752 2271 Solus
1809 2218 1908 2282 ﬂe-

185 2314 273 2361 tus
306 2312 433 2360 erat
462 2306 639 2360 dulcis
673 2306 812 2357 mihi
840 2308 889 2357 et
917 2308 1243 2358 successerat
1272 2305 1443 2357 amico
1474 2318 1585 2356 meo
1613 2304 1671 2355 in
1700 2303 1907 2356 deliciis

185 2397 369 2449 animi
410 2395 519 2447 mei
566 2393 839 2461 (Confess.
886 2392 981 2446 lib.
1031 2393 1086 2459 4,
1132 2407 1187 2445 n.
1234 2390 1379 2455 7-9).
1428 2389 1694 2445 Pluribus
1724 2390 1909 2443 adhuc

182 2484 633 2540 acerbissimum
664 2482 941 2547 dolorem,
973 2497 1086 2553 quo
1116 2486 1238 2535 tum
1266 2481 1562 2551 perculsus
1583 2484 1687 2548 est,
1709 2496 1905 2551 prose-

180 2576 411 2647 quitur.
445 2573 616 2627 lllum
647 2570 922 2625 divinitus
950 2570 1139 2624 curari
1169 2586 1335 2640 posse
1365 2586 1483 2623 non
1510 2573 1632 2623 erat
1653 2569 1905 2635 nescius;

179 2665 285 2719 sed
320 2678 515 2734 neque
546 2660 834 2727 voluntas,
868 2675 1055 2729 neque
1085 2659 1323 2713 facultas
1365 2658 1491 2728 opis
1530 2658 1907 2729 implorandae

179 2754 411 2817 aderat,
445 2749 581 2821 quia
613 2751 761 2803 Deus
790 2748 982 2802 animo
1012 2747 1214 2818 ipsius,
1244 2763 1375 2801 cum
1405 2747 1475 2801 de
1504 2764 1572 2800 eo
1602 2746 1905 2817 cogitabat,

179 2859 305 2897 non
336 2845 465 2895 erat
489 2838 709 2909 aliquid
738 2837 982 2892 solidum
1012 2842 1067 2891 et
1095 2836 1351 2902 ﬁrmum,
1376 2836 1475 2890 sed
1502 2850 1709 2889 vanum
1733 2835 1909 2903 phan-

178 2929 578 3001 tasma(Ibid.,
602 2929 695 2982 lib.
716 2929 769 2994 4,
792 2943 911 2997 cap.
929 2931 1057 2993 '7,n.
1087 2927 1189 2993 12).
1211 2924 1432 2979 Nimius
1450 2924 1682 2978 tandem
1698 2939 1908 2977 maeror

182 3037 327 3075 eum
357 3022 591 3074 mutare
624 3018 830 3081 solum,
866 3020 921 3069 et
951 3014 1353 3084 Carthaginem
1385 3013 1571 3068 redire
1602 3012 1902 3083 compulit.

180 3112 328 3177 Fugi
357 3108 427 3161 de
449 3108 663 3177 patria,
694 3104 899 3176 inquit.
934 3106 1116 3159 Minus
1136 3106 1277 3157 enim
1296 3119 1415 3157 eum
1438 3102 1747 3173 quasi-ebant
1769 3103 1910 3155 oculi

182 3200 314 3260 mei,
349 3197 451 3251 ubi
478 3195 664 3249 videre
692 3210 799 3248 non
827 3194 1084 3260 solebant,
1114 3196 1277 3260 atque
1304 3208 1338 3245 a
1371 3192 1690 3259 Tagastensi
1709 3190 1907 3259 oppido

182 3289 313 3341 teni
350 3285 757 3352 Carthaginem
795 3279 987 3349 (Ibid)
1022 3298 1034 3335 :
1075 3280 1175 3335 ubi
1223 3284 1449 3351 tempus
1489 3282 1545 3333 et
1590 3278 1907 3332 amicorum

182 3372 549 3429 consuetudo
582 3370 842 3424 dolorem
874 3368 1052 3440 ipsius
1090 3367 1301 3422 sensim
1343 3366 1681 3437 mitigarunt
1719 3367 1903 3438 (Ibid,

183 3479 304 3533 cap.
343 3464 405 3526 8,
432 3478 488 3514 η.
531 3460 637 3529 13).

256 3556 312 3607 3.
353 3551 474 3605 Nec
512 3565 647 3603 vero
678 3547 830 3601 solus
862 3547 929 3601 de
968 3546 1137 3600 amici
1166 3549 1351 3599 morte
1382 3545 1546 3599 dolor
1573 3561 1703 3599 eum
1730 3546 1907 3614 Taga-

189 3645 270 3694 sta
300 3638 503 3708 coegit
534 3635 805 3690 excedere
840 3652 853 3689 :
898 3634 1094 3689 scribit
1125 3635 1279 3688 enim
1311 3634 1470 3697 alibi,
1501 3651 1557 3687 se
1586 3633 1910 3688 illustrioris

189 3726 572 3800 professionis
594 3724 782 3795 gratia
802 3722 1203 3794 Carthaginem
1226 3738 1508 3777 remeasse
1532 3724 1746 3791 (Contra
1766 3724 1909 3777 Aca-

188 3820 450 3877 demicos,
486 3815 582 3868 lib.
616 3817 670 3882 2,
702 3829 751 3867 n.
793 3814 878 3881 3);
910 3812 1024 3865 sive
1053 3811 1206 3881 quod
1237 3811 1500 3865 oratoriae
1541 3810 1677 3864 artis
1707 3810 1789 3864 ibi
1817 3811 1913 3865 do-

190 3905 395 3959 cendae
428 3902 624 3957 studio
665 3901 933 3955 incitatus
970 3900 1063 3967 sit,
1101 3917 1232 3954 cum
1271 3904 1440 3955 antea
1478 3900 1913 3971 grammaticam

188 3996 454 4066 Tagastae
488 3991 769 4057 traderet;
802 3990 918 4044 sive
960 3990 1115 4061 quod
1159 3989 1414 4060 ejusdem
1464 3989 1600 4043 artis
1638 3989 1913 4059 professio

192 4081 551 4153 Carthagine
574 4080 717 4134 urbe
738 4078 1034 4150 primaria,
1058 4095 1232 4150 quam
1254 4081 1507 4149 Tagastae.
1530 4079 1770 4132 obscuro
1793 4094 1916 4132 mu-

192 4170 437 4243 nicipio,
472 4170 623 4223 foret
644 4169 1000 4223 honoratior.
1035 4168 1170 4223 Initi
1197 4184 1229 4221 a
1260 4185 1317 4222 se
1340 4167 1581 4234 consilii,
1605 4172 1917 4238 conceptae-

193 4276 309 4331 que
352 4258 481 4329 spei
517 4274 700 4311 unum
736 4274 799 4311 ac
841 4258 1023 4311 solum
1066 4257 1490 4311 Romanianum
1530 4255 1821 4310 conscium
1863 4261 1918 4309 et

192 4348 553 4419 participem
584 4346 744 4413 fecit;
778 4346 880 4418 qui
910 4346 1147 4418 quidem
1177 4346 1568 4402 Romanianus
1598 4363 1791 4401 amore
1817 4364 1916 4417 pa-

195 4438 325 4492 tria:
376 4437 585 4490 ductus
631 4435 692 4489 in
738 4452 853 4507 qua
895 4440 1031 4489 tunc
1073 4435 1309 4489 docebat
1344 4434 1720 4505 Augustinus,
1755 4434 1918 4489 illum

195 4524 395 4592 primo
423 4523 497 4576 ab
524 4523 631 4577 hac
660 4523 943 4577 sententia
974 4522 1260 4578 dimovere
1287 4528 1525 4578 conatus
1554 4527 1666 4589 est;
1702 4523 1796 4577 sed
1824 4522 1918 4576 ubi

197 4614 473 4667 evincere
502 4611 880 4666 adolescentis
909 4611 1277 4682 cupiditatem
1307 4612 1376 4667 ad
1409 4629 1475 4665 ea
1507 4628 1634 4683 qua:
1654 4611 1922 4666 videban-

200 4706 300 4755 tur
330 4699 585 4755 meliora
616 4700 925 4766 tendentis,
959 4699 1237 4771 nequivit,
1268 4717 1332 4754 ex
1360 4701 1795 4755 dehortatorein
1820 4701 1918 4755 ad-

196 4790 467 4859 jutorem
514 4786 657 4840 mira
700 4787 1116 4842 benevolentiae
1165 4787 1562 4842 moderatione
1593 4805 1919 4851 conversus,

203 4880 607 4931 commeatum
639 4875 719 4928 illi
750 4875 1134 4930 necessarium
1167 4875 1576 4947 suppeditavit;
1609 4882 1665 4931 et
1685 4877 1783 4949 qui
1814 4877 1921 4931 ibi-

202 4968 342 5020 dem
375 4965 666 5019 cunabula
694 4970 749 5018 et
774 4964 935 5035 quasi
966 4964 1169 5019 nidum
1198 4965 1514 5020 studiorum
1540 4966 1661 5036 ejus
1685 4966 1918 5031 foverat,

195 5057 325 5126 jam
362 5055 558 5108 volare
590 5053 852 5107 audentis
881 5053 1217 5108 sustentavit
1240 5053 1565 5110 rudimenta
1594 5055 1789 5125 (Ibid).
1825 5056 1927 5109 Ve-

204 5145 299 5198 nit
336 5144 535 5213 itaque
578 5142 987 5212 Carthaginem
1031 5143 1378 5198 rhetoricam
1416 5144 1533 5198 illic
1568 5143 1926 5214 professurus

206 5232 540 5299 (Possidius,
576 5233 633 5285 in
671 5232 799 5285 Vita
838 5232 1097 5299 August,
1147 5247 1192 5286 c.
1247 5233 1322 5301 1);
1376 5236 1431 5285 et
1479 5237 1659 5287 artem
1706 5232 1924 5287 animo-

207 5338 345 5376 rum
377 5321 673 5375 victricem
703 5320 881 5373 victus
914 5320 1035 5391 ipse
1064 5321 1349 5375 commodi
1378 5325 1434 5374 et
1452 5321 1684 5375 honoris
1704 5320 1930 5392 cupidi-

208 5417 334 5463 tate
364 5411 655 5465 vendebat
688 5410 949 5477 (Confess.
984 5410 1079 5463 lib.
1100 5412 1153 5476 4,
1180 5425 1301 5479 cap.
1326 5412 1378 5475 2,
1397 5425 1452 5463 n.
1478 5408 1550 5481 2).
1579 5410 1733 5463 Haud
1755 5410 1832 5464 ita
1854 5414 1931 5463 ta-

217 5514 357 5553 men
388 5504 615 5570 quaestu
648 5503 707 5552 et
737 5499 898 5553 lucro
926 5498 1259 5566 ducebatur,
1291 5497 1428 5568 quin
1461 5513 1581 5569 prae
1613 5497 1716 5552 hoc
1735 5499 1933 5555 mallet

2023 354 2206 409 bonos
2245 355 2455 410 habere
2495 355 2821 426 discipulos,
2858 360 2922 411 ut
2961 356 3130 425 vulgo
3167 354 3505 427 appelantur
3533 353 3669 408 boni
3702 370 3714 407 :

2023 460 2151 498 cum
2170 449 2503 499 consuetam
2524 445 2988 499 scholasticorum
3009 443 3537 515 Carthaginensium
3552 442 3721 496 licen-

2022 533 2161 587 tiam
2183 534 2330 587 ferre
2352 550 2467 587 non
2492 539 2682 604 posset
2711 533 2900 603 (Ibid,
2935 534 3028 588 lib.
3062 537 3114 598 5,
3147 548 3267 602 cap.
3300 536 3352 599 8,
3374 549 3428 586 η.
3461 532 3563 601 14).
3591 531 3721 586 lllos

2025 624 2158 678 artis
2188 624 2486 678 rhetorica:
2527 624 2684 679 dolos
2727 624 2848 677 sine
2891 624 3019 677 dolo
3064 622 3316 687 docebat,
3359 636 3474 675 non
3513 620 3721 690 quibus

2022 714 2384 768 innocentem
2410 714 2466 767 in
2488 713 2687 782 capitis
2705 712 3009 767 discrimen
3024 711 3385 776 adducerent,
3403 710 3499 764 sed
3514 710 3721 781 quibus

2024 802 2332 873 aliquando
2373 810 2673 856 nocentem
2706 818 2736 856 e
2769 801 3120 872 judiciorum
3156 798 3373 869 laqueis
3411 798 3722 853 eximerent

2024 892 2205 961 (Ibid,
2240 892 2335 945 lib.
2364 894 2417 956 4,
2451 907 2569 960 cap.
2608 894 2663 955 2,
2700 908 2754 943 η.
2795 891 2867 958 2).
2913 889 3001 944 Sic
3040 889 3177 943 dum
3218 888 3277 941 in
3308 886 3523 941 lubrico
3550 887 3719 941 vacil-

2024 982 2165 1034 laret
2194 980 2568 1049 Augustinus,
2600 978 2779 1050 ipsius
2806 979 2968 1045 ﬁdes,
2991 994 3162 1048 quam
3186 977 3244 1031 in
3270 977 3367 1031 illo
3392 977 3719 1046 magisterio

2024 1069 2343 1135 exhibebat,
2373 1069 2528 1122 velut
2560 1068 2619 1121 in
2652 1066 2986 1121 densissimo
3020 1066 3178 1119 fumo
3217 1065 3559 1119 scintillabat
3611 1067 3720 1120 Na-

2023 1161 2144 1209 ctus
2189 1171 2360 1226 porro
2411 1160 2494 1208 est
2537 1153 2876 1223 Carthagine
2922 1152 3139 1206 nobiles
3187 1152 3473 1206 auditores
3522 1154 3723 1205 Roma-

2021 1244 2181 1298 niani
2213 1243 2533 1298 Maecenatis
2565 1242 2653 1296 sui
2682 1242 2831 1296 ﬁlios
2862 1242 2919 1294 in
2946 1240 3165 1311 primis,
3193 1240 3506 1295 Licentium
3534 1240 3721 1295 videli-

2020 1338 2128 1399 cet,
2161 1338 2332 1403 atque
2374 1333 2495 1403 ejus
2529 1332 2761 1386 fratrem
2802 1334 2960 1396 natu,
2998 1330 3081 1383 uti
3118 1329 3363 1398 videtur,
3406 1329 3718 1397 minorem;

2021 1422 2303 1492 siquidem
2332 1421 2377 1473 is
2408 1437 2551 1491 puer
2578 1424 2942 1489 nuncupatur
2958 1419 3027 1473 ab
3049 1418 3365 1488 Augustino
3386 1435 3513 1472 cum
3534 1419 3723 1473 Licen-

2021 1512 2123 1580 tio,
2146 1515 2344 1581 utpote
2367 1511 2539 1579 paulo
2563 1514 2727 1563 aetate
2754 1508 3133 1579 provectiore,
3159 1508 3482 1578 disputante
3506 1506 3725 1577 (Contra

2018 1601 2301 1667 Academ.,
2338 1600 2433 1652 lib.
2466 1600 2521 1665 2,
2549 1614 2641 1651 nn.
2682 1601 2767 1665 16,
2800 1598 2904 1667 19).
2940 1596 3208 1667 Eulogius
3231 1595 3724 1667 quoqueinsignis

2020 1686 2676 1758 rhetorCarthaginensis
2690 1686 2756 1740 ad
2773 1688 2916 1739 hanc
2931 1684 3195 1739 addiscen
3204 1684 3335 1738 dam
3347 1688 3721 1755 artem,quam

2022 1779 2080 1832 in
2114 1778 2211 1832 illa
2241 1777 2467 1830 civitate
2506 1776 2653 1830 circa
2688 1790 2904 1828 annum
2945 1773 3408 1828 trecentesimum
3444 1773 3725 1844 octogesi-

2022 1883 2183 1922 mum
2218 1870 2440 1919 sextum
2471 1864 2862 1935 proﬁtebatur,
2895 1862 3212 1932 Augustino
3244 1860 3516 1931 magistro
3559 1878 3721 1915 usum

2020 1957 2192 2011 fuisse
2218 1954 2536 2025 reperimus
2569 1954 2659 2021 (De
2688 1953 2830 2007 Cura.
2852 1966 2952 2020 pro
2981 1952 3205 2004 mortuis
3236 1950 3488 2017 gerenda,
3524 1966 3577 2003 η.
3616 1953 3715 2015 13).

2023 2045 2282 2116 Denique
2311 2042 2570 2113 Alypius,
2603 2040 2703 2111 qui
2735 2040 2919 2094 eidem
2950 2038 3175 2093 docenti
3203 2040 3458 2109 Tagastae
3486 2054 3719 2107 operam

2020 2134 2275 2198 dederat,
2296 2130 2633 2201 Carthagine
2654 2145 2884 2200 quoque
2904 2127 3065 2181 illum
3089 2127 3286 2181 audire
3303 2126 3719 2197 perseveravit:

2021 2220 2249 2277 tametsi
2284 2219 2437 2274 enim
2469 2217 2807 2290 verecundia
2840 2215 3016 2286 patris
3043 2217 3153 2283 sui,
3181 2215 3271 2268 cui
3301 2231 3430 2269 cum
3454 2214 3719 2284 Augusti-

2021 2326 2096 2363 no
2124 2308 2269 2361 forte
2303 2310 2423 2359 erat
2453 2306 2713 2376 quaedam
2746 2304 3019 2369 simultas,
3053 2303 3411 2374 aliquantum
3433 2302 3554 2372 ejus
3582 2301 3724 2355 exci-

2020 2397 2249 2467 piendis
2294 2394 2759 2466 prtelectionibus
2804 2392 3166 2458 abstinuerit;
3218 2391 3398 2446 nihilo
3439 2389 3620 2445 secius
3663 2390 3720 2443 in

2020 2487 2067 2557 ej
2080 2503 2141 2539 us
2167 2484 2515 2539 auditorium
2544 2482 2825 2547 veniebat,
2852 2487 2908 2536 et
2938 2498 3003 2536 eo
3028 2480 3304 2551 tantisper
3332 2480 3526 2534 audito
3547 2478 3723 2532 disce-

2021 2576 2190 2629 debat
2207 2576 2464 2643 (Confess.
2490 2574 2582 2627 lib.
2603 2576 2655 2638 6,
2680 2588 2799 2641 cap.
2822 2576 2876 2638 7,
2900 2588 2992 2626 nn.
3024 2575 3110 2637 11,
3134 2572 3240 2640 12).
3261 2568 3509 2639 Contigit
3530 2573 3719 2621 autem

2022 2659 2345 2730 aliquando,
2374 2662 2438 2711 ut
2456 2657 2808 2728 Augustinus
2828 2658 2886 2711 in
2905 2657 3239 2727 exponenda
3264 2656 3503 2710 lectione
3526 2654 3723 2708 simili-

2019 2748 2281 2803 tudinem
2312 2765 2345 2801 a
2382 2747 2532 2802 ludis
2563 2746 2909 2801 circensibus
2939 2747 3166 2800 ductam
3204 2745 3519 2810 adhiberet,
3558 2759 3719 2797 arre-

2019 2841 2229 2909 ptaque
2262 2836 2579 2903 occasione,
2607 2852 2724 2889 non
2749 2836 3034 2901 consulto,
3057 2835 3189 2888 huic
3211 2833 3475 2887 amentiae
3497 2831 3719 2886 deditos

2018 2926 2271 2981 mordaci
2296 2931 2604 2980 scommate
2636 2926 3010 2979 subsannaret
3041 2939 3053 2976 :
3087 2922 3325 2993 Alypius
3355 2938 3421 2974 ea
3447 2924 3599 2991 peste
3629 2919 3716 2972 in-

2017 3016 2195 3070 fectus
2226 3015 2286 3070 id
2314 3015 2373 3069 in
2404 3031 2463 3069 se
2492 3014 2702 3084 rapuit,
2735 3018 2791 3067 et
2819 3012 2927 3066 sibi
2949 3010 3069 3077 uni,
3100 3010 3251 3082 quod
3273 3009 3625 3080 Augustinus
3649 3008 3718 3062 de

2018 3104 2301 3159 industria
2327 3120 2445 3157 non
2478 3103 2715 3168 dixerat,
2750 3102 2965 3156 dictum
3004 3100 3264 3155 credidit.
3297 3100 3357 3154 Id
3392 3104 3583 3152 tamen
3612 3099 3717 3151 ho-

2020 3198 2213 3249 nestus
2259 3194 2587 3248 adolescens
2636 3208 2751 3246 non
2797 3191 2867 3246 ad
2910 3191 2963 3245 ei
3002 3191 3471 3255 succenscudum,
3516 3188 3613 3242 sed
3645 3188 3715 3242 ad

2018 3301 2150 3338 eum
2191 3283 2486 3337 ardentius
2526 3281 2885 3352 diligendum
2925 3281 3160 3351 accepit,
3201 3285 3255 3333 et
3294 3297 3327 3333 a
3370 3279 3515 3332 circo
3557 3278 3749 3331 dein-'

2018 3391 2148 3444 ceps
2173 3370 2476 3437 abstinuit;
2510 3386 2574 3425 ac
2599 3371 2829 3425 demum
2860 3386 2893 3423 a
2921 3374 3079 3440 patre
3110 3370 3423 3423 reluctante
3452 3368 3720 3437 impetra-

2020 3464 2117 3530 vit,
2151 3465 2216 3516 ut
2245 3460 2564 3531 Augustino
2594 3460 2870 3529 magistro
2910 3458 2995 3512 uti
3034 3457 3143 3513 sibi
3183 3457 3379 3511 liceret
3410 3474 3422 3510 :
3458 3457 3567 3510 hoc
3597 3457 3717 3510 solo

2019 3551 2233 3617 infelix,
2273 3550 2426 3622 quod
2462 3550 2607 3621 ejus,
2641 3564 2815 3619 quam
2847 3548 3210 3601 ostentabant
3240 3545 3552 3612 Manichaai,
3584 3562 3718 3598 con-

2019 3640 2273 3697 tinentiae
2313 3638 2497 3710 specie
2536 3638 2787 3700 delusus,
2834 3652 3036 3690 eorum
3083 3652 3141 3690 se
3183 3633 3581 3705 superstitione
3619 3649 3721 3704 per

2020 3731 2077 3785 id
2106 3735 2331 3800 tempus
2363 3726 2613 3782 involvit.

2669 3832 2891 3889 CAPUT
2929 3832 3073 3885 Vill.

2026 3948 2076 3999 1.
2109 3943 2451 4012 Augustinus
2482 3956 2646 4011 quam
2677 3942 2827 4007 longe
2852 3939 3103 3993 abhorret
3130 3954 3165 3991 a
3194 3939 3395 4004 magia.
3423 3940 3457 3990 2
3479 3940 3552 3991 De
3571 3936 3723 3991 Albi-

2096 4034 2236 4087 cerio
2265 4031 2436 4085 ariolo
2465 4029 2791 4099 stupendum
2819 4028 3105 4098 quidpiam
3124 4031 3398 4080 memorat.
3426 4029 3456 4081 3
3482 4026 3724 4080 Astrolo-

2095 4124 2198 4190 θέω
2219 4120 2539 4191 Ῑυάἰοίανίω
2559 4120 2685 4189 plus
2715 4120 2879 4172 nimio
2915 4118 3173 4182 tribuens,
3205 4116 3273 4170 ab
3302 4131 3362 4169 ea
3388 4131 3487 4185 per
3522 4113 3723 4168 Vindi—

2096 4213 2314 4265 cianum
2344 4214 2395 4263 et
2422 4208 2743 4266 Nebridium
2773 4208 2993 4261 avocari
3022 4221 3125 4259 non
3155 4208 3347 4274 potest.
3383 4205 3415 4256 4
3447 4202 3722 4255 Firminus

2096 4316 2213 4354 eum
2243 4301 2339 4354 hoc
2363 4314 2542 4353 errore
2578 4299 2814 4351 nesciens
2853 4296 3097 4349 exsolvit.
3139 4297 3168 4347 5
3208 4292 3363 4347 Libri
3397 4291 3463 4345 de
3499 4291 3724 4344 Pulchro

2098 4395 2146 4444 et
2178 4390 2322 4458 Apto
2357 4388 2432 4443 ad
2460 4389 2701 4442 Hierium
2729 4387 2940 4456 scripti.

2104 4520 2149 4570 1.
2193 4513 2394 4570 Priscis
2429 4512 2810 4567 litteratorum
2852 4507 3110 4563 moribus
3148 4508 3441 4575 acceptum
3482 4507 3621 4569 erat,
3663 4506 3728 4557 ut

2030 4605 2323 4678 proposito
2365 4602 2592 4674 publice
2631 4598 2890 4672 praemio,
2934 4612 3125 4651 coram
3168 4598 3339 4664 atque
3378 4593 3440 4647 in
3484 4592 3725 4658 theatro,

2030 4694 2281 4749 carmine
2320 4694 2697 4757 decertarent,
2730 4688 3029 4743 adiuventa
3058 4682 3453 4739 exercitatione
3483 4681 3553 4735 ad
3586 4681 3725 4735 libe-

2034 4784 2181 4836 rales
2207 4786 2356 4835 artes
2386 4779 2675 4841 fovendas,
2710 4776 2913 4831 alenda
2942 4774 3150 4840 studia,
3182 4790 3245 4828 ac
3274 4772 3544 4843 praeclara
3573 4786 3728 4841 quaa-

2034 4889 2145 4944 que
2186 4871 2419 4943 ingenia
2454 4871 2697 4924 honesta
2733 4866 3098 4920 aemulatione
3139 4863 3393 4919 acuenda
3431 4862 3730 4915 stimulan-

2034 4962 2239 5031 daque.
2277 4960 2377 5014 Hic
2403 4958 2568 5013 ludus
2598 4956 2866 5010 solemnis
2895 4971 3023 5008 cum
3051 4957 3197 5007 esset
3227 4950 3589 5022 Carthagine,
3622 4951 3734 5004 Au-

2034 5050 2294 5122 gustinus
2325 5064 2427 5102 seu
2456 5047 2675 5101 ratione
2708 5046 2829 5116 ejus
2860 5043 3012 5114 quod
3043 5041 3422 5113 capessiverat
3456 5036 3731 5103 muneris,

2035 5156 2132 5193 seu
2170 5136 2495 5193 ostentandi
2524 5134 2743 5205 ingenii
2770 5137 2867 5187 aut
2895 5131 3238 5187 ventitanda:
3265 5129 3402 5183 artis
3430 5143 3619 5193 causa,
3651 5125 3735 5179 lu-

2038 5228 2258 5281 dicrum
2306 5225 2446 5279 illud
2497 5227 2784 5277 certamen
2826 5221 2972 5275 inire
3020 5219 3331 5275 constituit.
3382 5218 3498 5271 Hoc
3541 5229 3733 5268 secum

2038 5314 2337 5371 meditanti
2359 5312 2591 5385 quidam
2613 5328 2851 5383 aruspex
2874 5310 3127 5376 mandat,
3153 5307 3289 5380 quid
3314 5305 3419 5361 sibi
3439 5305 3572 5359 dare
3592 5318 3736 5357 mer-

2040 5406 2194 5460 cedis
2222 5405 2410 5470 vellet,
2443 5406 2508 5456 ut
2537 5418 2593 5456 se
2624 5404 2963 5472 procurante
2994 5398 3265 5453 vinceret.
3300 5396 3508 5448 Verum
3537 5395 3733 5464 Augu-

2041 5494 2222 5552 stinus
2247 5493 2395 5550 foeda
2425 5491 2523 5548 illa
2554 5494 2905 5545 sacramenta
2937 5488 3245 5543 detestatus
3272 5489 3329 5537 et
3355 5482 3735 5549 abominatus,
