4048 6194
299 261 366 312 83
1482 258 1652 313 VITA
1705 259 1758 313 S.
1818 259 2204 316 AUGUSTINI
2267 256 2604 312 EPISCOPI.
3741 255 3812 308 8i-

298 381 610 453 respondit,
650 395 946 451 nunquam
987 396 1067 450 se,
1109 381 1238 436 licet
1279 397 1486 437 corona
1522 382 1619 437 illa
1649 383 1794 438 foret
1823 398 1996 436 aurea

300 473 355 524 et
384 468 744 535 immortalis,
776 469 861 522 vel
891 484 1143 524 muscam
1172 470 1422 525 victoria:
1447 487 1564 526 suae
1595 471 1777 542 gratia
1807 470 1999 524 necari

298 559 714 629 permissurum
740 558 911 628 (Conf.
935 558 1032 613 tib.
1053 561 1106 626 4,
1125 575 1244 630 cap.
1269 563 1322 626 2,
1342 576 1392 614 n.
1412 560 1489 630 3).
1510 560 1668 624 Quod
1689 559 1816 614 ideo
1835 549 1994 624 dixit,

299 647 437 719 quia
480 647 541 701 in
591 646 950 702 exsecrandis
996 647 1109 701 illis
1147 648 1433 702 sacriﬁciis
1477 648 1689 702 ariolus
1731 646 2002 700 animalia

300 741 606 790 necaturus
654 741 795 802 erat,
843 741 904 790 ut
948 736 1100 790 hisce
1140 735 1333 808 impiis
1363 736 1681 790 honoribus
1711 735 2003 788 daemones

298 825 618 895 Augustino
655 825 1065 895 sutfragaturos
1105 825 1388 879 invitaret.
1427 827 1696 877 Attamen
1735 823 1838 878 hac
1869 841 2005 877 con-

299 917 516 984 tempta
546 913 969 984 superstitione,
1003 911 1220 981 ingenii
1252 911 1468 965 viribus
1501 927 1772 966 coronam
1802 912 2004 982 agoni-

301 1003 496 1057 sticam
542 1001 869 1072 reportavit,
919 1016 1093 1070 quam
1138 1017 1171 1053 a
1219 998 1551 1053 Vindiciano
1592 1000 1836 1066 medico,
1880 1004 2003 1054 tum

298 1090 658 1161 proconsule,
707 1087 877 1158 capiti
927 1103 1029 1140 suo
1085 1103 1198 1142 non
1262 1104 1398 1141 sano
1454 1087 1780 1159 impositam
1828 1088 2003 1142 fuisse

299 1178 512 1232 scribit.
551 1179 616 1230 Et
642 1177 763 1230 haec
795 1175 1028 1247 quidem
1060 1193 1126 1231 ex
1156 1177 1426 1231 narrandi
1459 1177 1680 1244 ordine,
1712 1193 1885 1249 quem
1919 1182 2003 1231 te-

301 1271 398 1321 net
426 1265 800 1337 Augustinus,
822 1265 881 1318 in
906 1267 1046 1320 illud
1070 1270 1295 1338 tempus
1315 1283 1428 1337 quo
1457 1268 1710 1338 Tagastae
1740 1267 1998 1331 docebat,

302 1355 600 1410 referenda
619 1359 972 1426 putaremus,
1001 1355 1110 1408 nisi
1130 1354 1419 1410 Possidius
1441 1359 1632 1426 aperte
1658 1355 2003 1424 signiﬁcaret

302 1461 436 1500 eum
476 1445 655 1498 solam
696 1444 1129 1514 grammaticam
1165 1445 1420 1515 Tagastae
1468 1443 1639 1498 fuisse
1679 1444 1997 1514 professum

305 1534 618 1600 (Possidius,
651 1537 706 1588 in
752 1536 878 1588 Vita
915 1535 1174 1603 August,
1225 1551 1271 1589 c.
1326 1533 1404 1603 l);
1459 1538 1515 1587 et
1563 1533 1672 1588 nisi
1718 1538 2000 1588 constaret

305 1623 652 1688 Numidiam,
686 1623 743 1676 in
773 1640 885 1694 qua
918 1623 1023 1677 sila
1048 1628 1132 1677 est
1162 1625 1419 1694 Tagasta,
1450 1640 1565 1677 non
1592 1641 1622 1677 a
1645 1624 2000 1694 proconsule,

303 1717 368 1765 ut
398 1712 819 1782 Carthaginem,
852 1712 949 1766 sed
974 1729 1003 1765 a
1027 1713 1311 1766 consulari
1332 1712 1504 1766 fuisse
1527 1711 2001 1767 administratam.

302 1802 533 1856 Accedit
560 1802 722 1868 illud,
766 1801 916 1873 quod
952 1802 1234 1872 ejusmodi
1263 1801 1573 1856 certamina
1603 1801 1892 1872 primariis
1923 1801 2001 1855 ci-

301 1890 569 1945 vitatibus
607 1890 789 1961 magis
838 1890 1197 1945 conveniant.
1245 1891 1328 1945 Ita
1371 1890 1596 1945 videtur
1649 1890 2004 1962 Augustinus

301 1979 590 2050 prioribus
638 1980 790 2034 hisce
835 1979 1021 2051 quarti
1063 1979 1196 2034 libri
1241 1979 1669 2035 Confessionum
1722 1979 2003 2050 capitibus

303 2068 501 2122 ordine
533 2085 726 2122 rerum
757 2085 820 2122 ac
849 2074 1177 2139 temporum
1221 2068 1459 2123 minime
1507 2073 1750 2137 servato,
1790 2068 2004 2140 passim

302 2161 473 2228 atque
515 2157 1017 2212 indiscriminatim
1062 2173 1312 2223 narrare,
1354 2174 1484 2228 qua:
1527 2156 1636 2226 ipsi
1677 2157 2005 2210 acciderunt

303 2246 374 2300 ab
421 2261 571 2300 anno
615 2245 797 2300 artatis
850 2244 1279 2315 undevigesimo
1325 2246 1394 2298 ad
1445 2243 2001 2315 duodetrigesimum

303 2348 506 2403 usque,
539 2337 606 2386 ut
633 2331 752 2402 ipse
787 2331 976 2386 innuit
1011 2331 1175 2386 initio
1219 2332 1422 2403 capitis
1469 2332 1641 2403 primi
1687 2348 1700 2387 :
1755 2347 2003 2403 quorum

301 2420 576 2490 pleraque
605 2419 758 2473 haud
797 2420 970 2474 dubie
1011 2420 1378 2492 contigerunt
1420 2425 1550 2490 post
1588 2421 1712 2490 ejus
1754 2421 2002 2475 reditum

304 2508 736 2579 Carthaginem;
775 2509 936 2580 cujus
966 2514 1159 2564 tamen
1192 2510 1348 2563 nulla
1385 2513 1560 2564 exstat
1595 2511 1810 2564 mentio
1840 2510 2004 2581 prius

304 2613 475 2668 quam
501 2597 684 2668 capite
713 2598 848 2652 libri
874 2599 1130 2669 ejusdem
1161 2598 1423 2669 septimo.

373 2691 427 2741 ‘2.
462 2686 614 2741 Vidit
643 2687 701 2741 in
731 2686 844 2740 illis
873 2688 1037 2741 annis
1067 2687 1407 2757 Carthagine
1435 2686 1750 2751 hominem,
1783 2688 1873 2741 cui
1907 2689 2001 2742 Al-

301 2774 513 2830 bicerio
540 2791 774 2837 nomen,
816 2781 976 2830 tanta
1017 2776 1309 2830 divinandi
1350 2777 1582 2829 solertia
1628 2777 1999 2844 celebratum,

301 2867 366 2918 ut
394 2880 520 2918 eam
541 2865 613 2918 ob
634 2880 861 2918 causam
884 2881 1000 2918 non
1021 2864 1203 2918 solum
1226 2864 1297 2918 ab
1317 2863 1586 2934 imperita
1606 2864 1998 2930 multitudine,

302 2951 398 3006 sed
444 2951 616 3006 etiam
663 2952 732 3005 ab
777 2952 1013 3006 eruditis
1057 2952 1191 3005 viris
1232 2952 1646 3006 conveniretur.
1695 2952 2001 3022 Quidpiam

301 3039 454 3093 inter
480 3041 592 3094 alia
621 3041 688 3095 de
718 3041 827 3094 hoc
857 3041 1035 3095 ariolo
1076 3041 1373 3095 memoria:
1405 3041 1596 3112 prodit
1626 3041 1999 3113 Augustinus,

305 3129 457 3198 quod
495 3128 801 3182 insolentia
837 3146 938 3182 sua
981 3135 1035 3183 et
1074 3129 1469 3199 magnitudine
1515 3130 1685 3184 ﬁdem
1734 3147 2002 3202 superare

304 3215 582 3270 videatur.
617 3217 758 3270 Nam
790 3232 903 3270 uno
935 3233 1000 3270 ex
1032 3217 1337 3287 Augustini
1367 3217 1659 3288 discipulis
1682 3235 1812 3272 eum
1835 3220 2003 3272 laces-

305 3309 460 3357 sente
506 3320 570 3358 ac
613 3305 939 3374 petulanter
986 3310 1224 3376 rogante
1272 3309 1332 3358 ut
1375 3306 1624 3360 ediceret
1666 3306 1998 3374 Albicerius,

304 3393 441 3464 quid
471 3392 592 3464 ipse
629 3393 726 3464 qui
760 3393 995 3464 rogabat
1022 3410 1211 3447 secum
1247 3393 1440 3447 animo
1468 3393 1671 3448 tacitus
1705 3396 1951 3451 volveret
1984 3415 1996 3452 :

304 3481 523 3552 Virgilii
552 3499 776 3537 versum
827 3499 959 3537 eum
1006 3482 1256 3553 cogitare
1298 3482 1616 3554 respondit.
1662 3483 1822 3548 Quod
1869 3502 2000 3540 cum

300 3570 543 3625 inﬁciari
599 3587 713 3625 non
769 3576 964 3642 posset
1016 3573 1367 3640 adolescens,
1424 3571 1675 3642 perrexit
1721 3589 1999 3644 qumrere,

303 3659 566 3731 quisnam
600 3659 645 3713 is
676 3676 870 3715 versus
898 3666 1046 3714 esset
1095 3677 1106 3714 :
1151 3659 1464 3716 Albicerius
1509 3661 1768 3732 quamvis
1810 3678 1999 3733 gram-

301 3750 523 3804 matica:
553 3749 802 3803 scholam
831 3750 919 3803 vix
950 3749 1228 3803 transiens
1254 3749 1485 3803 vidisset
1515 3749 1840 3821 aliquando,
1876 3768 2000 3805 ver-

301 3855 425 3893 sum
467 3839 657 3909 ipsum
702 3838 971 3891 continuo
1013 3839 1256 3892 fidenter
1285 3843 1341 3892 et
1375 3839 1624 3909 jocunde
1655 3839 1995 3895 decantavit.

303 3925 626 3980 Flaccianus
654 3941 883 3996 quoque
921 3926 1008 3979 vir
1053 3926 1418 3992 clarissimus,
1469 3928 1568 3997 qui
1605 3929 2000 3997 proconsulari

299 4029 538 4067 munere
569 4011 628 4065 in
662 4012 849 4066 Africa
877 4012 1108 4066 functus
1147 4018 1252 4080 est,
1285 4029 1413 4067 cum
1446 4013 1515 4067 de
1543 4013 1721 4068 fundo
1755 4016 1998 4070 emendo

298 4101 592 4173 cogitaret,
625 4101 887 4172 quaasivit
925 4118 991 4156 ex
1036 4101 1236 4156 eodem
1275 4101 1576 4168 Albicerio,
1623 4109 1886 4173 possetne
1917 4105 1999 4159 in-

299 4191 444 4246 itum
471 4209 505 4246 a
535 4208 594 4246 se
617 4191 686 4246 de
715 4207 774 4244 re
805 4191 1056 4262 gerenda
1075 4190 1377 4245 consilium
1405 4191 1626 4262 aperire
1652 4207 1665 4246 :
1688 4192 1782 4246 ille
1807 4193 1997 4248 statim

299 4286 352 4335 et
381 4280 600 4352 negotii
626 4296 826 4353 genus,
855 4284 911 4334 et
937 4280 1127 4352 ipsum
1148 4280 1311 4334 fundi
1337 4296 1545 4334 nomen
1569 4281 1996 4351 pronuntiavit;

298 4387 428 4425 cum
469 4371 550 4424 ita
591 4375 740 4424 esset
771 4369 1109 4435 absurdum,
1149 4375 1214 4423 ut
1241 4369 1330 4422 vix
1362 4369 1485 4439 ejus
1517 4368 1841 4424 Flaccianus
1874 4370 1995 4442 ipse

297 4457 666 4514 meminisset.
707 4457 1032 4512 Flaccianus
1071 4462 1285 4524 tamen,
1321 4457 1436 4510 alta
1472 4462 1663 4511 mente
1694 4459 1989 4528 praeditus,

295 4547 436 4601 illud
467 4546 830 4601 divinationis
859 4563 1040 4617 genus
1076 4545 1391 4608 deridebat,
1428 4547 1583 4617 quod
1614 4547 1863 4618 cuipiam
1895 4549 1993 4604 ab-

288 4635 601 4708 jectissimo
645 4635 872 4705 spiritui
914 4635 1228 4703 tribuebat;
1280 4652 1393 4706 quo
1438 4635 1533 4690 ille
1577 4636 1826 4704 afﬂatus,
1873 4637 1995 4691 haec

293 4724 638 4795 respondere
667 4724 862 4778 solitus
892 4729 1040 4780 esset
1072 4741 1086 4778 :
1115 4723 1328 4796 quippe
1355 4740 1485 4778 cum
1515 4730 1601 4780 sat
1629 4725 1908 4780 acuminis
1938 4732 1995 4782 et

292 4810 620 4866 subtilitatis
641 4811 775 4866 insit
790 4812 1168 4876 daemonibus,
1192 4813 1364 4868 etiam
1387 4814 1458 4868 ad
1475 4830 1542 4868 ea
1562 4830 1689 4885 qua:
1707 4813 1766 4868 in
1781 4831 1994 4869 memo-

293 4902 437 4956 riam
468 4904 719 4954 nostram
749 4901 1110 4964 incurrerint,
1153 4902 1567 4972 cognoscenda.
1609 4902 2016 4967 Quamobrem~

291 4988 628 5044 hortabatur
655 5004 754 5043 eos
790 4988 890 5060 qui
929 4989 998 5044 de
1033 4989 1141 5043 hoc
1177 4989 1408 5044 fatidico
1440 4991 1834 5062 loquerentur,
1867 4992 1990 5046 ani-

291 5097 416 5135 mos
446 5085 508 5134 ut
537 5095 666 5134 suos
694 5079 776 5133 illi
804 5079 1144 5134 divinationi
1173 5081 1532 5150 praeferrent,
1562 5097 1770 5152 eosque
1801 5082 1883 5137 ita
1903 5099 1990 5137 ro-

287 5170 578 5237 borarent,
613 5174 674 5224 ut
700 5170 906 5224 horum
935 5168 1308 5224 invisibilium
1333 5170 1480 5224 aeris
1501 5169 1807 5242 spirituum
1828 5175 1988 5226 natu-

289 5275 411 5314 ram
457 5263 690 5331 possent
735 5257 1156 5312 transcendere.
1206 5259 1396 5328 quue
1447 5258 1666 5312 facilius
1715 5258 1767 5312 id
1817 5276 1985 5315 omne

287 5347 439 5401 credi
492 5350 715 5418 poterat
762 5344 1040 5401 daemonis
1096 5360 1215 5398 esse
1269 5343 1605 5415 ludibrium,
1661 5347 1813 5419 quod
1867 5365 1984 5404 non

287 5435 547 5490 omnium
582 5436 753 5491 modo
792 5433 1161 5490 scientiarum
1205 5433 1666 5505 imperitissimus
1716 5441 1834 5491 erat
1878 5437 1984 5493 iste

285 5521 618 5590 Albicerius,
664 5523 760 5579 sed
807 5522 978 5578 etiam
1027 5519 1262 5594 ﬂagitiis
1297 5526 1470 5593 atque
1511 5522 1669 5578 omni
1708 5523 1980 5580 dedecore

2104 380 2363 446 infamis;
2391 384 2447 433 et
2470 377 2518 431 si
2545 377 2886 449 quandoque
2914 375 3139 432 veritati
3169 380 3550 446 congruenter
3567 391 3805 447 respon-

2107 469 2297 536 debat,
2329 483 2478 538 saepe
2509 471 2700 521 tamen
2729 465 3150 520 allucinabatur
3175 464 3401 536 (Contra
3429 466 3799 532 Academicos,

2109 559 2203 613 lib.
2237 562 2285 624 1,
2311 573 2404 611 nn.
2444 560 2526 622 t7,
2564 554 2672 625 18).

2182 649 2231 700 3.
2284 647 2405 700 Non
2453 644 2687 716 perinde
2734 643 2805 697 ab
2849 641 3175 713 astrologia,
3228 658 3400 713 quam
3441 641 3808 713 judiciariam

2111 739 2329 801 vocant,
2362 739 2532 806 atque
2562 750 2596 786 a
2623 731 2813 802 magia
2851 731 3195 786 abhorrebat
3229 731 3611 801 Augustinus;
3653 732 3810 802 quod

2110 824 2209 878 illa
2252 824 2438 878 nullas
2482 823 2549 877 ad
2601 821 2976 876 divinandum
3023 821 3322 875 adhiberet
3368 835 3582 890 preces,
3623 821 3814 873 nullas

2109 911 2437 967 immolaret
2480 910 2712 977 hostias,
2761 909 2920 963 omni
2963 925 3092 963 cum
3142 909 3403 963 daamone
3447 908 3814 969 commercio,

2113 1002 2384 1072 omnique
2417 1002 2645 1056 demum
2679 997 3070 1068 superstitioso
3103 998 3216 1051 ritu
3245 1014 3436 1051 carere
3459 997 3567 1051 sibi
3590 996 3814 1050 videre-

2111 1095 2224 1145 tur.
2255 1092 2326 1144 Ea
2355 1093 2588 1162 propter
2615 1089 2820 1158 planos
2848 1087 2996 1153 illos,
3031 1102 3172 1158 quos
3203 1085 3341 1140 olim
3371 1084 3814 1139 mathematicos

2110 1179 2494 1250 appellabant,
2525 1177 2820 1231 consulere
2852 1191 2969 1229 non
3007 1174 3312 1228 desistebat
3363 1190 3375 1227 :
3417 1174 3572 1245 quod
3617 1179 3816 1227 tamen

2113 1267 2419 1322 christiana
2445 1270 2502 1321 et
2523 1282 2656 1320 vera
2681 1265 2862 1335 pietas
2891 1263 3119 1334 repellit
3147 1268 3203 1317 et
3223 1263 3477 1317 damnat.
3502 1264 3668 1317 Grata
3689 1266 3820 1316 erat

2109 1357 2262 1411 haud
2290 1355 2461 1410 dubie
2492 1352 2837 1408 adolescenti
2857 1353 2992 1407 trita
3017 1351 3114 1406 illa
3137 1367 3334 1406 eorum
3361 1351 3659 1406 hominum
3682 1369 3813 1406 ora-

2110 1446 2212 1512 tio,
2236 1460 2348 1516 qua
2363 1443 2552 1514 pravis
2573 1441 2977 1513 cupiditatibus
2999 1440 3230 1511 egregie
3257 1441 3776 1495 adblandiebantur
3805 1459 3818 1496 :

2111 1538 2185 1589 De
2210 1535 2334 1588 creto
2365 1533 2466 1586 tibi
2493 1537 2568 1586 est
2597 1531 2927 1586 inevitabilis
2959 1545 3124 1585 causa
3161 1531 3458 1600 peccandi;
3507 1534 3581 1595 et,
3637 1533 3823 1585 Venus

2112 1625 2205 1677 hoc
2230 1623 2378 1688 fecit,
2410 1625 2506 1674 aut
2530 1621 2819 1685 Saturnus,
2850 1624 2948 1673 aut
2977 1620 3125 1674 Mars
3161 1638 3178 1673 :
3209 1621 3412 1674 scilicet
3441 1623 3501 1674 ut
3528 1621 3678 1674 homo
3699 1623 3823 1674 sine

2110 1711 2271 1780 culpa
2298 1713 2391 1778 sit,
2423 1725 2547 1764 caro
2572 1714 2622 1763 et
2652 1711 2876 1776 sanguis
2917 1713 2966 1760 et
3005 1709 3241 1778 superba
3282 1708 3542 1777 putredo;
3586 1709 3820 1778 culpan-

2111 1800 2212 1854 dus
2241 1801 2315 1854 sit
2338 1803 2515 1853 autem
2544 1799 2660 1852 caeli
2689 1814 2749 1851 ac
2768 1797 3008 1852 siderum
3029 1801 3239 1851 creator
3258 1801 3308 1851 et
3327 1797 3606 1852 ordinator
3629 1800 3816 1864 (Conf.

2110 1889 2206 1944 lib.
2239 1890 2294 1955 4,
2324 1904 2444 1957 cap.
2480 1891 2534 1956 3,
2563 1903 2619 1941 η.
2647 1888 2719 1956 4).
2754 1889 2940 1958 Atque
2969 1890 3036 1940 ut
3064 1891 3188 1940 erat
3211 1884 3446 1958 ingenio
3477 1885 3547 1940 ad
3580 1903 3820 1940 omnem

2111 1977 2203 2032 cui
2233 1993 2353 2030 sese
2383 1976 2750 2048 applicuisset
2796 1974 3158 2046 disciplinam
3199 1979 3470 2046 prompto
3520 1974 3819 2046 expedito-

2112 2083 2246 2137 que,
2277 2070 2500 2120 tantum
2529 2065 2587 2120 in
2612 2064 2918 2136 nugatoria
2945 2063 3030 2118 illi
3054 2063 3346 2119 divinandi
3369 2069 3489 2118 arte
3511 2064 3820 2134 profecisse

2112 2155 2430 2222 videbatur,
2459 2158 2523 2208 ut
2550 2153 2727 2208 veluti
2756 2152 3138 2224 peritissimus
3167 2152 3326 2206 illius
3356 2153 3427 2207 ab
3455 2152 3692 2206 curiosis
3724 2152 3818 2206 fu-

2112 2249 2375 2299 turorum
2397 2247 2704 2297 eventuum
2723 2241 3160 2314 inquisitoribus
3181 2241 3472 2296 interdum
3495 2243 3824 2295 consulere-

2111 2338 2222 2388 tur.
2273 2333 2491 2404 Agebat
2535 2348 2639 2403 per
2681 2331 2737 2386 id
2785 2337 3012 2402 tempus
3055 2330 3394 2401 Carthagine
3425 2329 3823 2397 Vindicianus,

2114 2422 2213 2493 qui
2241 2439 2346 2493 pro
2371 2423 2603 2476 consule
2634 2425 2772 2486 erat,
2806 2437 2986 2491 eoque
3021 2420 3252 2474 nomine
3273 2419 3472 2474 victori
3494 2419 3822 2489 Augustino

2113 2527 2380 2565 coronam
2413 2527 2583 2582 supra
2624 2515 2999 2564 memoratam
3036 2509 3390 2579 imposuerat
3424 2508 3604 2578 (Ibid,
3637 2524 3698 2561 n.
3743 2511 3822 2576 5).

2114 2601 2198 2653 vir
2228 2616 2394 2670 sagax
2427 2599 2664 2654 medicae
2693 2599 2830 2654 artis
2858 2598 3254 2670 peritissimus,
3277 2603 3450 2670 atque
3483 2597 3542 2651 in
3563 2613 3629 2651 ea
3649 2597 3823 2651 nobi-

2113 2688 2382 2753 lissimus,
2415 2687 2486 2740 de
2515 2703 2628 2758 quo
2658 2686 2883 2741 disertis
2913 2686 2971 2741 id
3000 2687 3186 2740 verbis
3223 2686 3390 2740 affert
3421 2702 3435 2739 :
3468 2686 3754 2742 Consultus
3785 2703 3824 2738 a

2114 2777 2367 2845 quodam,
2402 2775 2606 2847 inquit,
2637 2775 2814 2829 dolori
2842 2775 2959 2844 ejus
2990 2774 3245 2828 adhiberi
3247 2775 3422 2844 jussit
3447 2774 3590 2843 quod
3610 2776 3667 2827 in
3689 2779 3826 2828 tem-

2107 2880 2238 2934 pore
2263 2880 2553 2932 congruere
2580 2864 2895 2928 videbatur;
2938 2863 3248 2917 adhibitum
3287 2865 3498 2917 sanitas
3535 2868 3826 2917 consecuta

2112 2960 2208 3008 est.
2227 2953 2431 3008 Deinde
2449 2957 2568 3021 post
2587 2967 2755 3006 annos
2773 2951 3173 3022 aliquoteadem
3186 2967 3378 3005 rursus
3399 2953 3636 3020 corporis
3649 2966 3821 3005 causa

2111 3049 2389 3109 commota,
2423 3043 2515 3096 hoc
2545 3042 2686 3095 idem
2715 3042 2804 3095 ille
2828 3043 3049 3110 putavit
3077 3040 3476 3106 adhibendum;
3506 3039 3824 3094 adhibitum

2109 3133 2271 3186 vertit
2298 3133 2357 3185 in
2383 3131 2556 3200 pejus.
2598 3133 2833 3185 Miratus
2877 3132 3111 3184 recurrit
3154 3129 3228 3182 ad
3267 3129 3552 3194 medicum,
3606 3129 3822 3182 indicat

2109 3223 2334 3287 factum.
2378 3221 2454 3274 At
2486 3221 2596 3285 ille,
2639 3225 2700 3274 ut
2728 3224 2846 3274 erat
2877 3221 3194 3286 acerrimus,
3229 3221 3308 3273 ita
3338 3219 3657 3288 respondit:
3689 3220 3825 3274 Ideo

2110 3311 2248 3363 male
2276 3314 2524 3378 acceptus
2554 3323 2626 3376 es,
2662 3311 2794 3377 quia
2825 3324 2918 3375 ego
2946 3324 3050 3362 non
3078 3309 3256 3377 jussi;
3294 3314 3354 3362 ut
3381 3324 3557 3362 omnes
3587 3311 3683 3377 qui
3709 3325 3816 3362 au-

2110 3398 2335 3462 dissent,
2362 3413 2666 3466 parumque
2705 3398 2972 3451 hominem
3000 3403 3234 3463 nossent,
3269 3413 3374 3452 non
3403 3413 3520 3450 eum
3550 3403 3666 3450 arte
3703 3413 3817 3451 me-

2110 3487 2339 3541 dicinali
2364 3485 2546 3554 ﬁdere,
2575 3486 2671 3539 sed
2696 3489 2871 3540 nescio
2903 3502 3012 3554 qua
3041 3487 3237 3540 illicita
3263 3489 3504 3556 potentia
3530 3490 3815 3556 putarent.

2115 3575 2262 3629 Unde
2290 3590 2408 3628 cum
2433 3579 2566 3628 esset
2590 3590 2625 3627 a
2648 3574 2973 3644 quibusdam
2998 3579 3184 3644 postea
3211 3575 3547 3644 stupentibus
3577 3577 3815 3628 interro-

2107 3668 2288 3732 gatus,
2320 3665 2535 3733 aperuit
2563 3662 2707 3731 quod
2729 3679 2833 3718 non
2861 3664 3256 3732 intellexerant,
3289 3663 3533 3718 videlicet
3552 3662 3637 3717 illi
3655 3666 3817 3717 κεαίί

2101 3752 2223 3820 jam
2252 3767 2359 3805 non
2387 3753 2480 3806 hoc
2511 3767 2565 3804 se
2591 3753 2763 3817 fuisse
2785 3752 3072 3820 jussurum
3103 3753 3300 3821 (Epist.
3332 3754 3452 3818 138,
3483 3767 3537 3805 η.
3573 3751 3644 3818 3).
3680 3752 3818 3805 Hzec

2108 3840 2177 3893 de
2213 3839 2543 3893 Vindiciano
2573 3839 2926 3910 Augustinus
2958 3855 2972 3894 :
3009 3839 3109 3911 qui
3139 3855 3269 3893 cum
3300 3839 3358 3894 in
3387 3840 3557 3910 hujus
3587 3840 3690 3894 viri
3725 3839 3814 3894 fa-

2107 3928 2493 3982 miliaritatem
2541 3945 2662 3982 sese
2705 3928 2956 3999 penitius
3011 3928 3377 3995 insinuasset,
3426 3929 3591 4000 eique
3637 3945 3817 3982 suum

2107 4033 2243 4087 erga
2301 4017 2800 4072 Genethliacorum
2858 4019 3034 4072 libros
3095 4018 3347 4072 studium
3405 4017 3464 4071 in
3520 4017 3814 4088 colloquio

2107 4105 2460 4177 aperuisset,
2519 4107 2661 4160 nihil
2714 4107 2809 4161 ille
2865 4107 3153 4179 reliquum
3209 4107 3379 4168 fecit,
3440 4122 3554 4178 quo
3613 4107 3812 4160 adole-

2106 4200 2356 4249 scentem
2408 4195 2476 4249 ab
2525 4195 2909 4250 ludiﬁcatoria
2950 4199 3068 4250 arte
3117 4200 3406 4261 avocaret;
3457 4195 3703 4265 benigne
3745 4213 3816 4249 ac

2105 4288 2338 4354 paterna
2366 4283 2513 4356 (erat
2543 4284 2698 4338 enim
2741 4284 2829 4338 vir
2873 4284 2928 4338 id
2968 4284 3246 4354 temporis
3289 4283 3601 4338 admodum
3640 4286 3812 4336 astate

2105 4374 2425 4444 provectus)
2490 4390 2623 4428 eum
2687 4373 3042 4439 adhortatus,
3108 4377 3173 4426 ut
3237 4389 3308 4426 ne
3373 4388 3567 4427 curam
3632 4376 3812 4442 atque

2104 4477 2337 4532 operam
2383 4462 2554 4516 rebus
2597 4461 2834 4516 utilibus
2872 4460 3268 4526 necessariam,
3307 4459 3542 4514 vanitati
3580 4458 3663 4512 illi
3689 4459 3813 4513 fru-

2103 4554 2219 4604 stra
2266 4550 2644 4620 impenderet.
2690 4550 2890 4604 Aiebat
2937 4566 2995 4604 se
3037 4565 3264 4620 quoque
3315 4549 3472 4603 inani
3514 4548 3646 4602 huic
3689 4553 3811 4602 stu-

2104 4638 2197 4692 dio
2230 4655 2410 4710 usque
2441 4639 2583 4691 adeo
2607 4638 2729 4708 jam
2767 4637 2900 4692 inde
2937 4655 2969 4691 a
3011 4638 3195 4708 prima
3225 4641 3388 4692 mtate
3430 4637 3708 4703 deditum,
3741 4641 3814 4691 ut.

2101 4725 2273 4780 etiam
2296 4743 2361 4780 ex
2381 4742 2446 4780 eo
2468 4732 2750 4798 quazstum
2771 4727 2954 4782 facere
2974 4727 3348 4782 deliberaret:
3375 4742 3570 4780 verum
3593 4729 3814 4780 retecta

2103 4813 2226 4884 ejus
2255 4813 2390 4868 artis
2429 4813 2629 4868 fraude
2677 4815 2932 4870 animum
2979 4816 3046 4870 ad
3094 4817 3437 4871 medicinam
3483 4814 3808 4886 appulisse;

2101 4903 2254 4974 quod
2293 4902 2596 4973 indignum
2628 4904 2932 4975 judicaret,
2967 4905 3304 4960 deludendis
3338 4904 3811 4976 decipiendisque

2101 4991 2428 5046 hominibus
2453 4991 2665 5047 victum
2685 4993 2793 5048 sibi
2814 5009 3015 5064 parare
3045 5011 3057 5048 :
3082 4995 3313 5049 tametsi
3334 4994 3468 5048 huic
3485 4993 3814 5065 qualicum-

2099 5097 2209 5152 que
2238 5081 2553 5152 disciplina:
2584 5082 2966 5153 percipiendae
3004 5082 3158 5137 haud
3198 5083 3479 5155 imparem
3523 5099 3582 5136 se
3623 5081 3808 5138 fuisse

2098 5170 2464 5233 existimaret,
2495 5171 2598 5242 qui
2637 5170 2811 5227 libros
2843 5172 3200 5242 Hippocratis
3237 5177 3404 5244 captu
3447 5172 3616 5242 longe
3653 5171 3810 5226 difﬁ-

2094 5259 2390 5314 cillicimos
2410 5259 2531 5314 sine
2553 5275 2762 5332 magno
2783 5260 3014 5332 negotio
3032 5261 3284 5333 legisset,
3309 5266 3476 5334 atque
3494 5260 3777 5315 intellexis
3791 5290 3810 5301 ο

2093 5354 2179 5404 set
2212 5366 2224 5403 :
2257 5365 2372 5420 quo
2401 5349 2582 5421 magis
2606 5349 2690 5404 illi
2716 5349 3031 5417 videbatur,
3055 5350 3442 5422 Augustinum
3465 5365 3534 5405 ea
3552 5349 3806 5420 abjicere

2093 5437 2324 5506 debere,
2345 5438 2416 5492 ad
2439 5455 2566 5511 quae
2587 5438 2854 5493 sectanda
2875 5439 3032 5494 nulla
3049 5439 3130 5494 rei
3149 5439 3447 5494 familiaris
3463 5439 3804 5493 necessitate

2090 5525 2446 5598 adigeretur;
2467 5528 2680 5600 quippe
2700 5527 2793 5582 cui
2814 5533 3023 5598 prmsto
3040 5533 3186 5583 esset
3199 5545 3289 5582 ars
3305 5528 3610 5595 rhetorica,
3627 5528 3800 5599 cujus
