4048 6194
188 266 243 314 ἒ.ῑρ
1678 263 1887 318 LIBER
1931 264 2195 320 PRIMUS
2210 306 2221 319 .
3636 268 3703 318 86

189 383 599 439 honestissima
630 384 986 455 professione
1015 399 1131 438 non
1163 384 1335 438 modo
1360 385 1534 439 vitam
1566 390 1900 452 sustentare,

188 473 280 527 sed
314 479 375 527 et
410 473 751 544 dignitatem
785 488 996 543 augere
1023 478 1233 543 posset.
1264 472 1438 543 Atqui
1468 477 1533 527 ut
1561 478 1681 527 erat
1708 474 1902 528 Vindi-

186 562 335 617 ciani
372 578 586 628 sermo,
620 562 743 615 sine
784 562 1093 616 verborum
1134 562 1310 627 cultu,
1346 561 1634 615 vivacitate
1675 566 1903 617 senten-

184 653 400 706 tiarum
437 651 729 722 jucundus
768 658 828 704 et
864 650 1081 721 gravis;
1127 650 1389 705 assiduus
1429 649 1797 722 intentusque
1837 668 1904 706 ex

186 742 307 811 ejus
342 757 445 794 ore
494 739 782 811 pendebat
825 740 1200 810 Augustinus,
1245 739 1445 810 aquis,
1488 740 1573 793 uti
1614 756 1719 810 par
1762 746 1903 809 erat,

185 828 427 884 auribus
458 829 748 899 excipiens
770 844 1151 900 quacumque
1172 829 1243 883 ab
1264 829 1587 883 venerando
1609 845 1763 895 sene,
1786 846 1904 884 non

184 920 378 972 solum
411 917 721 983 monitore,
755 918 869 981 sed,
897 918 952 972 id
984 918 1137 988 quod
1169 919 1355 988 majus
1384 923 1488 981 est,
1514 922 1747 987 experto
1778 919 1905 972 doc-

186 1012 312 1060 tore
354 1007 704 1061 dicerentur.
755 1006 863 1060 Sed
903 1006 1045 1060 illud
1090 1006 1151 1059 in
1198 1005 1400 1076 primis
1438 1006 1695 1059 obstabat
1735 1022 1905 1076 argu-

185 1100 452 1150 mentum
466 1137 479 1161 ,
495 1095 807 1165 quominus
827 1095 899 1149 ab
922 1093 1199 1148 sententia
1220 1094 1458 1165 pristina
1479 1094 1776 1149 decederet
1794 1099 1905 1149 Au-

182 1184 461 1253 gustinus
483 1200 497 1237 :
523 1183 661 1247 Qua
695 1199 867 1237 causa
898 1200 1035 1254 ergo
1066 1184 1294 1249 faceret,
1323 1188 1385 1237 ut
1408 1184 1587 1236 multa
1613 1184 1747 1239 inde
1773 1201 1904 1237 vera

183 1271 736 1342 pronuntiarentur.
785 1272 1049 1327 Diluebat
1086 1272 1319 1344 quidem
1355 1271 1496 1325 illud
1536 1272 1905 1327 Vindicianus

185 1361 399 1430 quibus
426 1364 655 1431 poterat
681 1360 890 1429 modis,
923 1361 1064 1416 illud
1093 1360 1498 1431 quodcumque
1533 1366 1653 1415 erat
1683 1361 1903 1415 divina-

184 1450 366 1503 tionis
393 1450 457 1502 in
489 1466 757 1503 arcanam
790 1450 1097 1521 quamdam
1129 1449 1244 1504 vim
1272 1448 1438 1504 sortis
1468 1454 1687 1505 natura
1712 1466 1903 1505 rerum

180 1538 433 1592 inditam
476 1538 801 1593 refundens.
827 1540 889 1595 Si
905 1542 1045 1593 enim
1076 1540 1141 1593 de
1154 1542 1379 1609 paginis
1408 1544 1574 1609 poetae
1599 1540 1906 1609 cujuspiam

178 1629 349 1694 longe
390 1627 551 1681 aliud
594 1632 835 1682 canentis
874 1634 1037 1698 atque
1070 1630 1416 1695 intendentis,
1457 1644 1575 1682 cum
1612 1632 1755 1695 forte
1783 1632 1904 1697 quis

173 1717 451 1781 consulit,
469 1717 801 1771 mirabiliter
823 1734 1081 1772 consonus
1102 1720 1308 1783 negotio
1328 1733 1467 1786 saepe
1490 1734 1674 1771 tersus
1696 1721 1899 1784 exiret;

178 1806 513 1859 mirandum
539 1821 647 1859 non
676 1821 787 1860 esse
814 1807 1048 1873 dicebat,
1081 1808 1131 1859 si
1160 1820 1227 1859 ea:
1253 1807 1439 1859 anima
1468 1806 1705 1860 humana
1740 1823 1899 1877 supe-

176 1898 329 1949 riore
367 1895 559 1963 aliquo
596 1896 879 1963 instinctu,
923 1896 1184 1966 nesciente
1226 1894 1363 1962 quid
1401 1896 1459 1947 in
1499 1910 1554 1948 se
1590 1898 1757 1962 ﬁeret,
1795 1912 1902 1950 non

173 1988 324 2049 arte,
360 1983 461 2037 sed
488 1986 632 2037 sorte
656 1988 870 2037 sonaret
900 1983 1135 2051 aliquid,
1161 1984 1305 2051 quod
1328 1982 1714 2051 interrogantis
1742 1986 1900 2040 rebus

172 2076 467 2141 factisque
494 2075 795 2127 concineret
820 2074 1005 2141 (Conf.
1041 2073 1135 2126 lib.
1166 2076 1221 2138 4,
1256 2089 1377 2141 cap.
1406 2077 1459 2135 3,
1489 2090 1543 2127 η.
1580 2074 1651 2140 5).

245 2164 311 2214 4.
365 2160 789 2230 lngerebantur
836 2160 955 2214 hac
1002 2160 1127 2231 ejus
1170 2160 1362 2214 animo
1402 2160 1552 2213 haud
1597 2160 1769 2215 dubie
1802 2155 1902 2216 Dei

174 2255 327 2304 nutu
356 2265 373 2303 :
404 2250 506 2304 sed
541 2266 729 2320 neque
760 2249 1125 2304 Vindicianus
1146 2255 1344 2303 acutus
1374 2250 1467 2303 ille
1498 2266 1688 2316 senex,
1714 2267 1900 2322 neque

175 2339 499 2394 Nebridius
532 2339 620 2393 illi
651 2339 707 2392 in
738 2339 939 2410 primis
976 2340 1201 2405 charus,
1234 2344 1425 2409 atque,
1463 2344 1529 2392 ut
1559 2340 1678 2409 ipse
1708 2341 1897 2407 habet,

174 2429 473 2484 mirabilis
502 2429 713 2483 anima
746 2430 1092 2493 adolescens,
1122 2428 1281 2482 valde
1305 2428 1489 2483 bonus
1509 2434 1565 2483 et
1584 2429 1745 2483 valde
1767 2445 1901 2483 cau-

174 2525 293 2585 tus,
324 2518 434 2590 qui
463 2522 650 2572 totum
680 2517 822 2571 illud
852 2516 1220 2571 divinationis
1249 2532 1429 2587 genus
1460 2516 1750 2585 irridebat,
1776 2533 1901 2587 per-

172 2608 430 2662 suadere
472 2607 560 2660 illi
591 2612 714 2661 tum
747 2610 1075 2677 potuerunt,
1106 2610 1172 2659 ut
1207 2606 1442 2675 hujusce
1475 2606 1613 2659 artis
1644 2607 1899 2660 studium

171 2697 467 2764 abjiceret
509 2695 954 2766 repudiaretque
995 2695 1184 2765 (lbid.,
1224 2695 1317 2748 lib.
1358 2699 1413 2759 7,
1456 2711 1577 2764 cap.
1620 2698 1673 2756 6,
1704 2712 1763 2749 n.
1812 2698 1890 2762 8).

171 2786 413 2841 Scilicet
445 2801 581 2838 eum
612 2786 796 2838 multo
829 2785 1079 2855 amplius
1114 2783 1379 2837 movebat
1418 2799 1620 2838 eorum
1653 2784 1898 2837 auctori-

168 2880 280 2942 tas,
314 2874 424 2946 qui
452 2873 641 2945 ipsam
667 2878 847 2928 artem
877 2878 1232 2940 tractassent,
1264 2889 1437 2944 quam
1468 2889 1669 2927 eorum
1700 2872 1896 2943 opinio

171 2965 274 3036 qui
308 2979 445 3017 eam
477 2963 925 3018 criminarentur
953 2962 1129 3017 nullis
1157 2962 1323 3016 certis
1361 2962 1489 3016 fulti
1518 2961 1894 3032 argumentis,

171 3054 393 3125 quibus
429 3052 673 3124 quidem
702 3051 922 3122 liquido
950 3051 1057 3122 ipsi
1086 3056 1408 3122 appareret,
1430 3050 1750 3105 temeritate
1780 3065 1897 3103 sor—

169 3143 244 3196 tis
279 3142 510 3213 potius,
535 3157 709 3213 quam
740 3142 857 3195 ulla
877 3145 1028 3195 certa
1052 3140 1297 3208 ratione,
1325 3155 1389 3194 ex
1423 3140 1674 3194 siderum
1704 3139 1897 3208 positu

170 3236 619 3303 conspectuque
635 3230 826 3284 futura
840 3230 1128 3284 interdum
1141 3228 1516 3300 pranuntiari
1533 3228 1689 3298 (Ibid.
1702 3270 1717 3297 ,
1731 3229 1823 3283 lib.
1839 3230 1894 3288 4,

169 3336 295 3390 cap.
336 3324 393 3383 3,
440 3336 502 3373 n.
538 3321 610 3388 6).
658 3319 959 3372 Harebant
1000 3323 1197 3372 tamen
1236 3317 1515 3388 pervicaci
1560 3317 1691 3372 licet
1726 3322 1895 3388 atque

174 3408 490 3463 obﬁrmato
539 3413 662 3461 tum
712 3406 929 3475 animo,
965 3422 1253 3461 sermones
1300 3407 1639 3476 Vindiciani,
1689 3406 1896 3478 quibus

178 3497 362 3551 veluti
405 3497 478 3552 ad
522 3496 841 3567 pleniorem
882 3496 1249 3551 imbuebatur
1294 3496 1747 3567 inquisitionem,
1782 3513 1895 3566 qua

176 3603 233 3640 se
260 3588 392 3657 ipse
422 3586 739 3655 aliquando
771 3601 968 3640 errore
1000 3586 1267 3641 liberaret
1299 3602 1311 3639 :
1336 3586 1574 3657 jamque
1602 3586 1663 3639 in
1694 3586 1893 3640 Nebri-

174 3674 254 3728 dii
296 3674 657 3728 sententiam
706 3674 856 3728 ﬂecti
904 3679 1170 3745 caperat,
1211 3674 1311 3745 qui
1347 3690 1464 3729 non
1506 3677 1895 3728 asseveranter

176 3764 438 3835 quidem,
472 3764 577 3817 sed
622 3763 819 3817 crebro
858 3763 1233 3819 nihilominus
1270 3768 1443 3835 atque
1470 3763 1782 3818 identidem
1814 3762 1894 3818 di-
1930 3800 1935 3803 -

178 3854 367 3920 cebat,
403 3869 526 3907 non
556 3868 679 3906 esse
711 3854 885 3907 ullam
915 3859 1094 3908 artem
1128 3854 1319 3908 futura
1356 3852 1730 3924 pravidendi,
1759 3869 1892 3907 con-

172 3943 430 4012 jecturas
460 3946 657 3996 autem
688 3942 989 3996 hominum
1028 3943 1239 3997 habere
1265 3958 1417 4013 sape
1447 3943 1562 3996 vim
1594 3942 1759 3996 sortis
1794 3959 1806 3996 :
1840 3946 1897 3996 et

178 4033 363 4087 multa
410 4029 679 4096 dicendo,
720 4030 830 4084 dici
878 4032 1151 4102 pleraque
1197 4036 1458 4092 ventura,
1511 4029 1894 4085 nescientibus

176 4122 257 4175 eis
286 4120 397 4192 qui
421 4120 707 4187 dicerent,
731 4119 829 4174 sed
860 4120 919 4173 in
947 4136 1014 4173 ea
1034 4136 1153 4173 non
1180 4120 1417 4174 tacendo
1444 4119 1889 4174 incurrentibus.

181 4214 257 4264 Ac
288 4212 541 4265 demum
579 4210 697 4263 Deo
735 4209 1043 4279 aspirante,
1087 4208 1247 4263 omni
1287 4224 1482 4263 errore
1530 4224 1659 4263 casu
1705 4208 1896 4279 potius

180 4315 355 4370 quam
390 4298 639 4352 consilio
666 4298 915 4351 solutum
942 4313 1000 4352 se
1031 4297 1387 4367 gratulatur:
1412 4296 1567 4367 quod
1597 4297 1703 4351 hac
1732 4312 1892 4351 occa-

182 4389 342 4442 sione
398 4386 663 4457 contigit.
713 4385 995 4441 Firminus
1040 4386 1128 4439 vir
1164 4384 1480 4439 liberaliter
1518 4384 1810 4440 institutus
1839 4390 1897 4439 et

182 4475 522 4549 eloquentia
550 4491 666 4529 non
707 4474 1072 4529 mediocriter
1106 4475 1384 4543 excultus,
1416 4473 1742 4544 astrologia
1773 4474 1895 4544 qui-

178 4567 310 4621 dem
343 4581 560 4638 parum
589 4564 828 4635 peritus,
860 4563 1222 4640 percuriosus
1246 4568 1439 4619 tamen
1468 4563 1896 4618 mathematico-

178 4672 309 4710 rum
365 4654 687 4721 consultor,
742 4652 1126 4723 Augustinum
1168 4657 1441 4722 tanquam
1494 4651 1896 4706 charissimum

177 4743 472 4806 convenit,
510 4747 571 4796 ut
600 4757 733 4796 eum
763 4740 931 4795 certis
959 4742 1028 4795 de
1066 4741 1254 4808 rebus,
1296 4741 1503 4812 quibus
1534 4740 1595 4794 in
1624 4756 1896 4810 magnam

182 4833 446 4887 ﬂorentis
472 4832 721 4886 fortuna
750 4846 910 4902 spem
948 4830 1356 4895 adducebatur,
1394 4830 1718 4883 consuleret
1755 4828 1895 4900 quid

182 4921 293 4992 ipsi
321 4920 648 4975 secundum
679 4936 807 4974 suas
829 4918 1289 4974 constellationes
1311 4919 1616 4973 videretur.
1642 4920 1764 4973 Non
1796 4918 1893 4972 ab-

182 5011 311 5065 nuit
344 5009 585 5079 quidem
626 5008 1001 5080 Augustinus,
1044 5007 1186 5079 quid
1228 5007 1553 5078 conjectura
1590 5023 1896 5076 augurare-

182 5104 300 5163 tur,
334 5098 599 5153 Firmino
630 5098 851 5169 aperire
887 5114 902 5152 :
933 5096 1172 5168 subjecit
1202 5100 1393 5150 tamen
1424 5112 1602 5166 prope
1625 5096 1745 5166 jam
1784 5094 1891 5149 sibi

180 5204 307 5242 esse
334 5202 701 5259 persuasum,
732 5192 914 5241 totum
955 5186 1099 5241 illud
1143 5184 1532 5257 pradictionis
1572 5200 1753 5255 genus
1782 5200 1896 5239 me-

186 5294 320 5331 rum
348 5293 474 5331 esse
504 5293 570 5330 ac
596 5276 766 5331 inane.
802 5276 1135 5331 ludibrium.
1171 5277 1311 5330 Tum
1354 5274 1450 5328 ille
1490 5273 1740 5328 narravit
1776 5277 1893 5328 Au-

182 5366 418 5434 gustino
449 5366 639 5437 reipsa
658 5371 880 5436 patrem
903 5380 1070 5419 suum
1092 5362 1423 5434 hujusmodi
1446 5362 1603 5417 libris
1622 5361 1889 5427 inhiasse,

182 5462 237 5508 et
287 5454 545 5509 amicum
594 5452 862 5509 habuisse
910 5468 1110 5507 eorum
1159 5468 1276 5506 non
1318 5450 1513 5505 minus
1549 5450 1890 5515 studiosum,

182 5548 464 5615 tantoque
490 5544 619 5598 illos
659 5542 869 5598 harum
908 5540 1252 5611 ineptiarum
1284 5555 1481 5594 amore
1510 5541 1797 5611 flagrasse,
1828 5544 1892 5594 ut

2012 387 2186 442 etiam
2217 386 2553 442 animalium
2575 403 2704 459 qua
2731 387 2883 457 apud
2911 387 3063 458 ipsos
3096 388 3492 453 nascebantur,
3516 391 3706 443 ortum

2013 477 2399 541 observarent,
2432 476 2673 548 coelique
2713 476 3059 546 positionem
3088 475 3147 529 in
3179 476 3287 530 hoc
3316 480 3607 531 momento
3638 477 3709 530 ad

2011 564 2326 634 colligenda
2358 580 2474 618 sua
2504 564 2641 618 artis
2672 563 3064 634 experimenta
3093 564 3307 634 pariter
3330 565 3705 633 explorarent.

2012 653 2208 723 Itaque
2239 654 2481 719 dicebat,
2525 653 2745 707 audisse
2780 669 2838 706 se
2878 670 2911 706 a
2940 657 3099 723 patre
3132 669 3253 717 suo,
3288 654 3438 724 quod
3481 669 3610 707 cum
3641 653 3709 707 de

2012 759 2071 796 se
2124 742 2373 797 Firmino
2418 758 2722 813 pragnans
2762 747 2951 798 maten
2994 746 3158 807 esset,
3207 742 3431 810 paterni
3480 757 3711 813 quoque

2012 832 2181 885 amici
2220 831 2433 885 famula
2479 831 2744 901 quadam
2790 834 3015 884 uterum
3057 831 3304 895 ferebat;
3340 832 3493 901 quod
3534 833 3709 885 latere

2012 920 2310 974 dominum
2342 937 2454 974 non
2495 920 2704 990 potuit,
2737 919 2838 990 qui
2877 920 2965 973 vel
3002 936 3209 974 canum
3252 936 3484 973 suarum
3512 924 3712 990 partus

2011 1015 2129 1063 tam
2156 1014 2413 1063 accurate
2442 1009 2796 1073 observaret;
2825 1013 2997 1078 atque
3024 1008 3102 1061 ita
3132 1008 3460 1080 contigisse,
3492 1013 3557 1063 ut
3583 1025 3711 1063 cum

2012 1098 2117 1152 iste
2146 1097 2428 1168 conjugis,
2462 1096 2554 1151 ille
2587 1100 2779 1150 autem
2810 1096 3029 1150 ancilla
3059 1096 3233 1161 diem,
3257 1096 3479 1163 horam,
3506 1100 3560 1151 et
3587 1113 3711 1151 mo-

2014 1193 2271 1242 mentum
2304 1186 2611 1255 diligenter
2636 1187 3016 1255 explorarent,
3047 1186 3246 1239 eodem
3278 1186 3459 1240 amba
3488 1190 3710 1256 tempo-

2012 1276 2089 1328 ris
2119 1279 2330 1346 puncto
2362 1279 2665 1344 parerent:
2699 1274 2780 1328 ita
2811 1278 2873 1327 ut
2903 1275 3128 1328 easdem
3157 1275 3616 1329 constellationes
3641 1275 3711 1329 ad

2013 1364 2240 1417 easdem
2282 1378 2465 1433 usque
2515 1362 2786 1417 minutias
2828 1362 3054 1433 utrique
3104 1363 3356 1417 nascenti
3396 1364 3712 1419 describere

2012 1452 2188 1507 coacti
2230 1450 2466 1517 fuerint,
2511 1452 2616 1505 istc
2659 1452 2797 1517 tilio,
2848 1451 2945 1505 ille
2992 1453 3233 1506 servulo.
3270 1454 3410 1505 Nam
3456 1468 3587 1507 cum
3629 1468 3712 1506 ea

2016 1541 2283 1595 mulieres
2314 1540 2596 1611 parturire
2626 1540 2948 1612 coepissent,
2976 1540 3369 1595 iudicaverunt
3409 1542 3513 1596 sibi
3544 1542 3711 1595 ambo

2014 1630 2153 1701 quid
2185 1630 2243 1683 in
2282 1646 2384 1683 sua
2422 1631 2699 1701 cujusque
2743 1630 2910 1684 domo
2953 1635 3238 1701 ageretur,
3281 1636 3337 1686 et
3372 1635 3715 1701 paraverunt

2011 1736 2152 1790 quos
2193 1719 2260 1773 ad
2294 1736 2350 1773 se
2391 1719 2633 1772 invicem
2673 1719 2985 1787 mitterent,
3030 1720 3199 1772 simul
3241 1736 3304 1772 ac
3344 1718 3456 1773 illa
3482 1724 3713 1789 partum

2008 1809 2336 1863 edidissent.
2372 1809 2632 1862 Addebat
2660 1825 2775 1874 eos,
2800 1809 2898 1878 qui
2919 1809 2990 1862 ab
3015 1812 3256 1879 utroque
3277 1808 3437 1861 missi
3460 1808 3703 1871 fuerant,

2011 1897 2153 1951 adeo
2175 1914 2243 1950 ex
2260 1897 2492 1967 paribus
2522 1897 2823 1950 domorum
2854 1896 3165 1949 intervallis
3198 1896 3304 1950 sibi
3330 1896 3558 1950 obviam
3588 1913 3710 1950 esse

2010 1987 2207 2051 factos,
2228 1991 2289 2039 ut
2318 1984 2487 2039 aliam
2518 1984 2862 2054 positionem
2883 1984 3156 2049 siderum,
3181 1984 3434 2054 aliasque
3457 2001 3711 2038 momen-

2008 2080 2199 2129 torum
2230 2074 2537 2146 particulas
2567 2074 2626 2127 iu
2655 2074 2862 2126 horum
2893 2072 3198 2127 infantium
3220 2077 3346 2126 ortu
3369 2078 3566 2126 notare
3594 2090 3710 2126 non

2009 2164 2322 2234 potuerint.
2358 2165 2422 2217 Et
2450 2167 2639 2216 tamen
2685 2160 2967 2215 Firminus
3013 2161 3189 2215 nobili
3219 2161 3343 2214 loco
3375 2165 3561 2225 natus,
3594 2178 3710 2215 ma-

2010 2254 2109 2324 gni
2130 2253 2280 2323 apud
2306 2269 2503 2306 omnes
2524 2250 2772 2305 nominis
2794 2254 2932 2316 erat,
2960 2250 3173 2303 divitiis
3194 2249 3254 2303 in
3275 2250 3396 2303 dies
3416 2250 3706 2315 attluebat,

2008 2346 2064 2395 et
2093 2340 2411 2395 honoribus
2434 2339 2786 2410 augebatur:
2813 2354 3006 2391 servus
3031 2343 3219 2391 autem
3253 2337 3346 2391 ille
3369 2337 3709 2391 conditionis

2003 2432 2143 2501 jugo
2186 2429 2510 2483 nullatenus
2559 2429 2807 2481 relaxato
2858 2426 3106 2481 dominis
3156 2426 3455 2481 serviebat.
3495 2426 3589 2479 His
3637 2427 3707 2480 ab

2008 2519 2214 2573 idoneo
2253 2521 2395 2572 teste
2439 2516 2629 2570 relatis
2671 2517 2843 2570 tidem
2887 2532 3017 2569 cum
3059 2516 3179 2569 sine
3221 2515 3575 2569 cunctatione
3609 2514 3707 2568 ad-

2000 2606 2287 2676 junxisset
2315 2605 2687 2677 Augustinus,
2724 2605 3002 2676 quidquid
3027 2604 3077 2657 ei
3109 2604 3481 2659 dubitationis
3516 2620 3708 2674 super-

2007 2700 2146 2761 erat,
2180 2696 2429 2757 evanuit,
2472 2699 2528 2748 et
2558 2695 2745 2748 omnis
2774 2695 2927 2747 illius
2968 2694 3258 2748 reluctalio
3294 2694 3540 2747 resoluta
3571 2709 3705 2746 cou-

2005 2784 2161 2838 cidit.
2196 2786 2260 2838 Et
2283 2784 2472 2855 primo
2503 2783 2739 2853 quidem
2773 2783 3083 2837 Firminum
3126 2783 3196 2836 ab
3228 2783 3325 2835 illa
3355 2780 3703 2846 curiositate,

2006 2890 2179 2945 quam
2210 2889 2299 2926 res
2324 2889 2427 2944 per
2454 2873 2645 2942 ipsum
2671 2875 2902 2925 narrata
2930 2870 3149 2924 futilem
3173 2875 3228 2923 et
3259 2870 3553 2923 ridiculam
3585 2886 3704 2922 esse

2006 2962 2377 3036 monstrabat,
2419 2960 2661 3014 tentavit
2707 2975 2958 3013 avocare.
2992 2958 3206 3013 Deinde
3248 2974 3377 3011 cum
3425 2958 3494 3011 ab
3533 2958 3705 3026 hujus

2007 3051 2259 3105 historia
2289 3049 2617 3104 narratione
2648 3064 2858 3119 magna
2888 3049 2984 3102 lux
3024 3049 3144 3118 ejus
3181 3046 3371 3101 animo
3399 3045 3705 3100 alfulsisset

2007 3141 2078 3195 ad
2126 3141 2298 3210 hujus
2347 3140 2483 3193 artis
2532 3138 2784 3193 fallacias
2821 3137 3052 3208 penitus
3090 3137 3453 3207 detegendas,
3495 3134 3704 3188 mentis

2006 3230 2184 3284 aciem
2226 3230 2285 3283 in
2332 3245 2426 3283 eos
2472 3228 2843 3299 potissimum
2886 3226 3155 3292 intendit,
3188 3225 3289 3296 qui
3340 3223 3556 3295 gemini
3601 3240 3702 3277 na-

2006 3324 2241 3373 scuntur
2274 3334 2286 3372 :
2315 3334 2560 3389 quorum
2590 3316 2873 3387 plerique,
2907 3316 3062 3369 velut
3088 3314 3260 3369 Jacob
3291 3319 3349 3367 ct
3379 3314 3543 3378 Esau,
3576 3315 3701 3381 post

2002 3408 2245 3462 invicem
2273 3411 2391 3461 tam
2422 3406 2531 3461 cito
2570 3406 2893 3461 funduntur
2924 3422 2991 3458 ex
3030 3408 3214 3469 utero,
3248 3406 3311 3456 ut
3340 3401 3701 3456 intervallum

2004 3499 2278 3570 temporis
2305 3499 2606 3553 observare
2636 3496 3073 3552 mathematicus
3099 3512 3215 3549 non
3246 3494 3443 3563 possit,
3477 3509 3580 3547 nec
3608 3492 3699 3545 di-

2002 3604 2192 3642 versas
2222 3604 2419 3642 eorum
2449 3587 2907 3641 constellationes
2937 3584 3139 3638 litteris
3167 3583 3419 3653 signare;
3454 3597 3700 3651 quorum

2001 3682 2195 3732 tamen
2225 3692 2347 3730 sors
2373 3676 2543 3746 longe
2573 3674 2866 3729 dissimilis
2896 3673 3088 3727 futura
3112 3671 3210 3725 sit.
3249 3672 3457 3723 Verum
3488 3668 3699 3739 aquis-

2003 3765 2181 3819 simvs
2237 3770 2293 3819 et
2349 3763 2802 3834 sapientissimus
2850 3760 3105 3817 universi
3157 3760 3483 3814 moderator
3527 3759 3696 3821 Deus,

2001 3852 2451 3919 consulentibus,
2488 3850 2878 3921 consultisque
2922 3848 3327 3914 nescientibus,
3359 3846 3580 3900 occulto
3610 3845 3697 3898 in-

2002 3943 2213 3999 stinctu
2253 3943 2392 4014 agit,
2439 3948 2506 3997 ut
2549 3942 2685 3996 dum
2740 3940 2983 4012 quisque
3034 3938 3302 4002 consulit,
3349 3936 3460 3990 hoc
3506 3934 3700 3990 audiat

2002 4033 2156 4103 quod
2185 4048 2317 4087 eum
2342 4034 2567 4102 oportet
2597 4030 2793 4083 audire
2834 4028 3064 4082 occultis
3104 4025 3321 4080 meritis
3354 4024 3697 4089 animarum,

2001 4133 2070 4172 ex
2090 4118 2293 4187 abysso
2310 4114 2666 4187 justijudicii
2690 4114 2789 4168 Dei
2819 4113 3003 4184 (Ibid,
3026 4113 3122 4167 lib.
3141 4116 3198 4175 7,
3220 4126 3338 4179 cap.
3366 4112 3419 4177 6,
3442 4124 3495 4162 η.
3523 4108 3693 4175 8-l0).

2001 4210 2087 4260 An
2114 4205 2269 4261 istud
2296 4204 2534 4260 Firmini
2565 4219 2695 4256 cum
2727 4200 3046 4273 Augustino
3077 4198 3431 4269 colloquium
3462 4196 3697 4250 Cartha-

2003 4295 2136 4364 gine
2160 4294 2487 4362 contigerit,
2518 4308 2593 4345 an
2620 4307 2753 4345 vero
2778 4295 3083 4361 postquam
3117 4289 3173 4342 in
3206 4286 3426 4341 Italiam
3457 4284 3697 4355 trajecit,

2004 4400 2117 4437 non
2159 4383 2339 4453 liquet
2388 4398 2401 4435 :
2439 4386 2597 4435 extra
2638 4378 3085 4433 controversiam
3123 4375 3374 4448 positum
3412 4378 3516 4437 est,
3556 4374 3699 4428 illud

2004 4478 2133 4526 ante
2167 4470 2596 4525 conversionem
2639 4469 2761 4539 ejus
2809 4466 3103 4531 accidisse;
3137 4464 3379 4519 necdum
3426 4463 3581 4517 enim
3621 4463 3700 4517 ita

2002 4578 2060 4615 se
2088 4561 2247 4615 omni
2276 4575 2466 4614 errore
2497 4559 2828 4619 exsolverat,
2862 4556 3002 4626 quin
3043 4554 3217 4608 etiam
3259 4558 3382 4608 tum
3412 4552 3549 4607 mali
3578 4552 3697 4606 ori-

2002 4649 2197 4719 ginem
2224 4648 2591 4719 investigaret
2620 4648 2792 4717 (Conf.
2826 4645 2919 4699 lib.
2953 4648 3005 4707 7,
3033 4659 3153 4712 cap.
3181 4647 3235 4708 7,
3267 4658 3322 4697 η.
3356 4640 3461 4711 ll).

2073 4742 2123 4791 5.
2156 4741 2319 4791 Auno
2350 4736 2532 4791 atatis
2555 4735 2828 4807 vigesimo
2855 4737 3010 4788 sexto
3041 4736 3138 4786 aut
3166 4731 3410 4802 septimo
3441 4728 3699 4784 animum

2002 4826 2224 4897 appulit
2259 4826 2331 4880 ad
2370 4824 2749 4879 lucubrandos
2788 4822 2964 4876 libros
2997 4821 3137 4875 duos
3176 4824 3275 4874 aut
3311 4824 3426 4873 tres
3465 4818 3533 4872 de
3572 4818 3701 4872 Pul-

2000 4915 2136 4969 chro
2166 4920 2224 4969 et
2251 4916 2396 4985 Apto
2428 4913 2610 4983 (lbid.,
2652 4913 2745 4966 lib.
2779 4913 2835 4978 4,
2867 4926 2987 4980 cap.
3027 4913 3111 4975 t5,
3149 4926 3211 4964 η.
3249 4908 3362 4978 27).
3392 4910 3456 4962 In
3483 4907 3571 4961 his
3598 4908 3695 4962 de-

2000 5003 2234 5057 ﬁniebat
2263 5002 2571 5057 Pulchrum
2602 5000 2659 5055 id
2691 5014 2810 5053 esse
2842 4998 2995 5069 quod
3026 5014 3130 5069 per
3159 5014 3215 5051 se
3245 4996 3455 5068 ipsum,
3486 4998 3696 5066 Aptum

2000 5097 2195 5147 autem
2246 5092 2304 5145 id
2346 5090 2500 5162 quod
2552 5089 2621 5143 ad
2670 5087 2885 5160 aliquid
2934 5087 3428 5142 accommodatum
3475 5085 3698 5139 deceret

2002 5183 2187 5253 (Ibid.,
2228 5199 2282 5237 n.
2326 5183 2433 5249 24).
2476 5180 2617 5234 Nam
2663 5194 2794 5233 cum
2841 5194 2959 5232 non
3004 5193 3262 5232 amemus
3301 5174 3537 5245 aliquid,
3584 5172 3695 5227 nisi

1998 5272 2302 5342 pulchrum
2335 5286 2432 5323 seu
2472 5268 2774 5333 decorum;
2808 5267 3021 5339 quippe
3071 5282 3201 5321 cum
3243 5280 3331 5318 res
3369 5278 3510 5333 quas
3539 5277 3695 5316 ama-

2001 5377 2146 5425 mus,
2181 5358 2289 5413 uisi
2319 5358 2556 5412 essetin
2607 5357 2689 5412 eis
2736 5356 2908 5411 decus
2954 5360 3011 5410 et
3052 5354 3287 5426 species,
3318 5351 3475 5406 nullo
3524 5350 3696 5405 modo

2000 5466 2102 5504 nos
2132 5448 2201 5503 ad
2239 5464 2298 5501 se
2328 5452 2625 5502 moverent
2656 5464 2668 5502 :
2709 5445 3134 5501 demonstrabat
3169 5444 3229 5497 iu
3268 5440 3406 5511 ipsis
3446 5439 3696 5511 corpori-

2001 5539 2107 5593 bus
2133 5537 2290 5592 aliud
2332 5552 2452 5591 esse
2481 5536 2643 5608 quasi
2674 5540 2876 5601 totum,
2911 5539 2966 5587 et
3004 5532 3132 5587 ideo
3164 5529 3507 5596 Pulchrum;
3540 5528 3695 5584 aliud
