4048 6194
329 280 392 330 8‘7
1534 273 1690 328 Vl'l'A
1865 275 2240 329 AUGUS'I‘INI
2304 273 2631 328 EPISCOPI.
3353 283 3361 290 '
3770 275 3835 325 88

329 402 522 453 autem
552 398 704 469 quod
734 397 862 452 ideo
893 397 1139 463 deceret,
1170 398 1442 468 quoniam
1474 402 1607 468 apte
1640 396 2029 451 accommoda-

331 491 487 541 retur
511 485 702 556 alicui,
733 485 876 540 sicut
903 501 1036 558 pars
1073 486 1328 556 corporis
1359 486 1430 540 ad
1476 486 1807 540 universum
1857 501 2024 538 suum

333 575 518 646 (Ibid,
546 590 671 644 cap.
725 577 809 640 13,
837 589 892 628 n.
939 575 1046 643 20).
1080 574 1218 628 Inde
1266 574 1336 628 ad
1376 573 1557 628 animi
1600 589 1829 646 quoque
1870 577 2034 627 natu-

332 680 454 717 ram
499 680 618 717 sese
666 663 1031 717 convertebat
1080 679 1092 716 :
1143 663 1238 716 sed
1285 663 1428 716 falsa
1467 663 1685 733 opinio,
1736 677 1909 732 quam
1963 661 2032 714 de

332 751 726 822 spiritualibus
755 753 1000 806 habebat
1038 751 1306 805 traditam
1347 750 1455 803 sibi
1486 767 1518 803 a
1557 749 1903 808 Manichazis,
1939 764 2028 801 ve-

334 857 462 895 rum
494 857 724 895 cernere
756 857 870 894 non
902 839 1121 893 sinebat
1154 839 1352 908 (Ibid,
1383 854 1509 907 cap.
1551 842 1636 900 l5,
1667 854 1730 894 η.
1765 837 1877 908 24).
1909 839 2032 892 Jam

334 933 458 982 tum
484 928 888 982 interciderent
916 928 974 981 hi
1008 927 1158 994 libri,
1181 943 1311 980 cum
1332 925 1719 980 confessiones
1750 942 1881 980 snas
1901 926 2035 979 scri-

334 1018 523 1081 beret;
582 1033 682 1069 nec
729 1021 871 1086 quot
912 1014 1245 1084 scripsisset,
1289 1014 1408 1085 ipse
1459 1015 1800 1068 meminerat
1848 1014 2029 1085 (Ibid,

331 1121 457 1174 cap.
504 1108 589 1172 13,
619 1121 655 1157 n
721 1105 829 1171 20).
865 1103 996 1156 lllos
1025 1102 1094 1156 ad
1129 1102 1384 1157 Hierium
1416 1104 1686 1158 Romanas
1717 1104 1876 1158 urbis
1907 1119 2034 1157 ora-

335 1197 516 1244 torem
550 1190 872 1259 scripserat,
905 1190 1001 1262 qui
1029 1207 1158 1244 cum
1181 1207 1393 1262 grtecas
1415 1193 1674 1264 apprime
1700 1192 1916 1246 litteras
1941 1208 2037 1244 ex-

333 1278 619 1345 coluisset,
655 1279 843 1333 latinae
884 1279 1167 1334 facundiae
1207 1280 1406 1334 doctor
1442 1280 1742 1346 mirabilis,
1774 1285 1830 1334 et
1868 1279 2036 1333 simul

334 1367 684 1422 clarissimus
715 1367 896 1422 aetatis
925 1384 1042 1422 sua:
1073 1367 1450 1439 philosophus
1495 1373 1768 1423 evaserat.
1801 1371 1942 1423 Eum
1971 1368 2038 1422 de

336 1456 477 1510 facie
508 1472 624 1510 non
654 1460 888 1510 noverat
918 1456 1293 1528 Augustinus,
1333 1458 1432 1512 sed
1476 1457 1704 1512 amabat
1733 1474 1796 1511 ex
1828 1457 2038 1512 doctri-

340 1562 426 1599 nae
459 1545 609 1599 fama
635 1549 688 1598 et
719 1545 972 1598 claritate
1005 1545 1284 1612 nominis;
1309 1563 1371 1600 ac
1395 1547 1658 1617 quaedam
1691 1545 1844 1600 illius
1870 1546 2042 1599 verba

295 1707 298 1709 Δ
340 1634 616 1699 audierat,
661 1651 791 1705 qua:
832 1635 940 1706 ipsi
981 1635 1309 1689 arriserant.
1353 1637 1490 1689 Cum
1547 1635 1738 1706 itaque
1787 1633 2041 1688 llierium

340 1722 572 1793 plurimi
601 1724 830 1789 faceret,
853 1740 1044 1778 secum
1075 1725 1345 1794 praeclare
1375 1723 1469 1795 agi
1502 1725 1743 1794 putavit,
1779 1723 1934 1794 quod
1958 1723 2043 1776 lu-

341 1811 702 1866 cubrationes
731 1829 848 1866 suae
883 1813 956 1867 ad
979 1812 1123 1866 tanti
1154 1813 1259 1867 viri
1291 1812 1555 1869 notitiam
1587 1817 1820 1885 possent
1849 1827 2044 1883 perve-

342 1901 466 1955 nire
500 1901 693 1969 (lbid.,
727 1917 846 1972 cap.
888 1904 974 1972 14,
1003 1918 1063 1958 n.
1103 1903 1210 1970 2t).

1019 2026 1245 2080 CAPUT
1288 2026 1371 2080 IX.

349 2134 367 2183 1
419 2131 661 2185 Perditos
705 2132 1127 2186 Manichaeorum
1163 2146 1334 2185 mores
1383 2130 1737 2200 deprehendit
1776 2132 2044 2198 Augusti-

413 2234 534 2273 nus.
587 2221 620 2272 2
674 2220 882 2273 Horum
933 2219 1172 2273 Auditor
1225 2219 1573 2275 Constantius
1626 2233 1709 2273 eos
1766 2219 2048 2273 emendare

413 2308 629 2371 frustra
658 2310 899 2372 conatus,
932 2321 986 2359 se
1026 2308 1082 2358 in
1113 2307 1359 2360 Ecclesia
1403 2306 1676 2360 catholicae
1704 2307 1884 2360 sinum
1913 2308 2046 2359 reci-

410 2396 520 2464 pit.
568 2397 598 2448 3
639 2397 861 2448 Errores
908 2409 1117 2462 quoque
1165 2395 1379 2448 illorum
1432 2395 1500 2447 ab
1549 2396 1857 2460 Augustino
1906 2411 2047 2448 com-

415 2485 578 2553 perti.
628 2485 661 2536 4
711 2483 841 2548 Quis
887 2488 1186 2551 quantusve
1228 2485 1460 2537 Faustus
1509 2484 1600 2536 ille
1651 2499 1686 2536 a
1743 2484 2047 2538 Manichaeis

421 2576 698 2640 tantopere
725 2570 1082 2640 praedicatus.
1131 2574 1161 2624 5
1193 2572 1330 2640 Ejus
1374 2574 1594 2626 inscitia
1631 2572 1700 2625 ab
1740 2573 2048 2641 Augustino

419 2661 767 2729 deprehensa.
825 2662 856 2713 6
910 2661 1328 2715 Manichaeorum
1384 2661 1805 2716 imbecillitatem
1859 2662 2048 2718 audito

416 2751 613 2804 Fausto
643 2750 922 2818 intelligit.

421 2878 469 2928 1.
520 2873 635 2928 Etsi
681 2889 891 2945 magna
937 2872 1116 2927 animi
1161 2873 1553 2944 propensione
1604 2875 2045 2931 Manichaeorum

344 2967 512 3018 sectae
541 2979 601 3017 se
631 2963 957 3035 adjunxisse
985 2963 1276 3018 videretur
1304 2964 1681 3035 Augustinus,
1718 2981 1903 3037 neque
1933 2966 2047 3032 mi-

345 3052 474 3107 nori
519 3052 706 3107 studio
742 3068 870 3106 eam
917 3051 1067 3106 tueri
1113 3057 1283 3122 atque
1334 3069 1655 3124 propagare
1705 3059 2048 3123 conaretur;

344 3141 498 3196 haud
527 3141 606 3194 ita
634 3145 829 3195 tamen
855 3141 907 3195 ei
939 3157 1062 3194 sese
1102 3141 1413 3207 dediderat,
1447 3143 1587 3213 quin
1625 3143 1848 3198 traditae
1885 3143 1947 3199 in
1985 3161 2053 3199 ea

344 3228 617 3284 doctrinas
651 3228 938 3282 interdum
979 3227 1282 3283 difﬁderet.
1330 3229 1512 3292 Quam
1545 3230 1924 3302 suspicionem
1963 3249 2052 3287 so-

346 3317 475 3372 lerti
525 3317 758 3388 ingenio
809 3333 939 3370 mox
993 3316 1256 3371 obortam
1288 3333 1408 3370 esse
1436 3318 1525 3372 vel
1571 3334 1641 3372 ex
1683 3335 1748 3373 eo
1792 3325 2049 3390 apparet,

345 3406 520 3478 quod,
569 3409 632 3460 ut
673 3405 935 3477 superius
984 3423 1015 3459 a
1065 3405 1232 3459 nobis
1284 3405 1650 3460 observatum
1695 3413 1778 3462 est
1818 3409 2048 3479 (Supra,

345 3511 464 3565 cap.
499 3497 552 3562 6,
578 3511 639 3549 n.
671 3496 748 3565 3),
777 3494 1121 3550 Auditorum
1143 3493 1407 3549 ordinem
1436 3497 1805 3566 praetergredi
1838 3499 2047 3568 noluit,

346 3600 411 3639 ac
439 3588 564 3639 tum
586 3584 818 3639 demum
848 3599 1198 3655 magnopere
1223 3588 1446 3638 auctam
1473 3585 1896 3658 firmatamque,
1920 3603 2050 3641 cum

345 3675 516 3745 paulo
545 3674 726 3728 serius
769 3674 915 3741 licet,
951 3673 1231 3728 intellexit
1259 3673 1597 3729 Manichaeos
1635 3675 1696 3729 in
1727 3675 2050 3731 refellendis

347 3764 568 3830 alienis,
599 3779 773 3835 quam
796 3764 856 3817 in
885 3763 1001 3817 suis
1023 3763 1345 3817 asserendis
1377 3763 1764 3834 dogmatibus,
1787 3781 1907 3819 esse
1939 3766 2054 3820 elo-

347 3852 695 3923 quentiores.
733 3853 927 3923 Neque
956 3852 1112 3905 enim
1139 3854 1313 3905 latere
1344 3868 1476 3906 eum
1508 3858 1721 3922 posset,
1753 3870 1926 3925 quam
1959 3871 2050 3908 ex-

346 3941 600 4011 peditum
632 3941 781 3995 foret
809 3940 985 3994 cuivis
1019 3939 1381 3995 mediocriter
1416 3941 1659 4008 erudito,
1703 3941 1761 3996 in
1805 3943 2049 3997 aliorum

348 4045 570 4084 errores
601 4029 780 4083 multo
811 4029 1117 4082 verborum
1148 4029 1389 4099 strepitu
1417 4028 1637 4096 invehi;
1663 4046 1776 4100 quo
1799 4045 1912 4084 uno
1941 4031 2052 4085 ha:-

347 4118 657 4173 reticorum
685 4118 1020 4173 eorumdem
1052 4118 1229 4171 robur
1257 4133 1426 4172 omne
1457 4117 1876 4173 continebatur.
1910 4119 2052 4174 Cum

347 4209 498 4262 enim
531 4209 638 4263 hoc
665 4213 828 4279 pacto
869 4207 1178 4272 efficerent,
1211 4211 1273 4260 ut
1315 4206 1458 4260 nulli
1498 4207 1760 4278 opinioni
1797 4207 2052 4262 adiutare-

348 4313 501 4352 scere
541 4296 756 4365 liceret,
789 4297 848 4350 in
893 4296 1150 4367 ipsorum
1191 4295 1531 4349 sententiam
1573 4299 1695 4350 erat
1733 4299 2050 4352 necessario

348 4386 783 4440 transeundum.
816 4387 1004 4453 Itaque
1031 4384 1181 4438 nobis
1217 4384 1515 4451 faciebant,
1554 4384 1748 4457 inquit
1777 4387 2050 4456 Augusti-

349 4489 478 4542 nus,
517 4473 660 4543 quod
687 4473 942 4527 insidiosi
968 4487 1199 4542 aucupes
1237 4473 1424 4540 solent,
1457 4475 1556 4542 qui
1591 4475 1822 4529 uiscatos
1852 4490 2052 4530 surcu-

349 4567 425 4620 los
451 4568 675 4633 propter
705 4579 905 4633 aquam
933 4563 1192 4632 deﬁgunt,
1225 4567 1286 4616 ut
1315 4565 1557 4617 sitientes
1587 4579 1712 4619 aves
1749 4565 2047 4635 decipiant.

351 4654 596 4707 Obruunt
641 4653 802 4718 enim,
847 4657 896 4705 et
943 4667 1153 4721 quoque
1194 4651 1348 4706 modo
1393 4653 1703 4720 coeperiunt
1740 4653 1882 4707 alias
1935 4669 2054 4723 qua:

351 4744 498 4795 circa
524 4745 650 4795 sunt
678 4755 870 4808 aquas,
902 4742 985 4794 vel
1013 4741 1140 4796 inde
1168 4743 1330 4795 etiam
1358 4741 1727 4806 formidolosis
1756 4744 2051 4797 molitioni-

354 4831 451 4884 bus
471 4831 758 4891 deterrent,
775 4834 836 4883 ut
860 4832 918 4884 in
943 4845 1123 4885 eorum
1147 4830 1315 4895 dolos,
1339 4845 1444 4884 non
1469 4831 1735 4898 electione,
1754 4831 1848 4886 sed
1868 4833 2053 4902 inopia

353 4919 604 4974 decidant
645 4919 744 4987 (De
793 4919 965 4972 Utilit.
1022 4919 1295 4980 credendi,
1328 4933 1385 4972 η.
1428 4917 1502 4988 2).
1547 4919 1732 4972 Multae
1773 4925 2052 4990 praeterea

353 5007 816 5082 gravissimmque
837 5009 1252 5063 concurrebant
1272 5023 1478 5070 causae,
1501 5023 1630 5079 quae
1651 5015 1923 5080 susceptae
1944 5010 2050 5064 hae-

355 5113 544 5154 reseos
570 5095 862 5151 fastidium
892 5095 974 5150 illi
1002 5097 1333 5167 ingererent
1356 5114 1368 5151 :
1393 5097 1490 5152 sed
1522 5098 1696 5152 nulla:
1726 5113 1858 5152 eum
1884 5099 2055 5154 vehe-

356 5189 606 5244 mentius
642 5186 1097 5254 commovebant,
1131 5203 1303 5258 quam
1343 5187 1497 5259 quod
1537 5187 1810 5242 obscenos
1850 5188 2052 5258 depre-

355 5277 634 5332 henderat
669 5274 1105 5331 Manichaeorum
1152 5291 1358 5345 mores,
1408 5282 1464 5332 et
1501 5294 1532 5331 a
1571 5277 1779 5332 Christi
1808 5277 2051 5348 legibus,

360 5369 415 5419 et
465 5382 498 5419 a
539 5365 655 5420 suis
699 5365 956 5437 ipsorum
999 5364 1275 5418 institutis
1325 5365 1654 5436 longissime
1705 5368 2050 5422 aberrantes.

359 5455 576 5522 Novem,
615 5455 823 5527 inquit,
869 5470 1036 5509 annos
1077 5458 1230 5522 totos,
1270 5470 1472 5522 magna
1505 5471 1637 5510 cura
1679 5461 1728 5509 et
1765 5457 2054 5524 diligentia

360 5557 444 5597 eos
485 5543 695 5608 audivi,
735 5547 917 5602 nullus
965 5545 1104 5600 mihi
1149 5546 1450 5600 Electorum
1492 5547 1816 5600 innotescere
1848 5549 2048 5617 potuit,

2139 398 2237 465 qui
2265 395 2553 450 secundum
2585 395 2691 448 haec
2719 397 2990 463 praecepta
3013 407 3116 446 non
3135 397 3231 446 aut
3253 393 3610 462 deprehensus
3641 393 3698 446 in
3720 408 3840 463 pec-

2139 490 2276 544 cato,
2306 489 2404 538 aut
2431 487 2568 537 certe
2599 483 2893 552 suspicioni
2925 481 3176 536 subditus
3199 484 3389 548 fuerit.
3433 482 3589 537 Multi
3616 484 3676 535 in
3710 484 3836 536 vino

2141 578 2191 627 et
2217 573 2490 638 carnibus,
2524 573 2682 626 multi
2711 573 2951 626 lavantes
2977 572 3034 624 in
3073 571 3276 625 balneis
3305 572 3513 624 inventi
3549 576 3694 626 sunt.
3734 572 3840 626 Sed

2143 663 2251 716 haec
2297 662 2670 716 audiebamus.
2710 661 2968 716 Nonnulli
3019 659 3228 713 alimus
3275 661 3508 726 feminas
3559 659 3838 714 seduxisse

2143 752 2434 821 approbati
2459 755 2604 814 sunt,
2635 752 2716 803 ita
2743 754 2803 802 ut
2837 751 2961 802 hinc
2998 749 3160 816 plane
3188 748 3441 803 dubitare
3469 764 3574 803 non
3602 750 3832 817 possim.

2144 841 2248 895 Sed
2300 843 2373 894 sit
2417 844 2468 893 et
2517 841 2624 893 haec
2666 840 2838 906 magis
2879 839 3036 904 fama
3084 852 3248 906 quam
3293 852 3498 891 verum.
3553 837 3684 891 Vidi
3727 840 3845 906 ipse

2142 945 2247 983 non
2290 931 2454 994 solus,
2501 928 2594 982 sed
2632 943 2749 981 cum
2792 929 2863 981 iis
2906 928 3002 996 qui
3038 928 3245 995 partim
3273 926 3394 996 jam
3434 927 3534 980 illa
3572 929 3844 995 supersti—

2146 1020 2286 1072 tione
2314 1018 2532 1070 liberati
2554 1021 2698 1081 sunt,
2731 1018 2937 1084 partim
2965 1015 3144 1068 adhuc
3173 1020 3294 1084 opto
3325 1019 3386 1068 ut
3417 1015 3736 1079 liberentur;
3765 1015 3845 1066 vi-

2145 1107 2324 1161 dimus
2353 1121 2478 1173 ergo
2506 1108 2563 1158 in
2594 1105 2882 1175 quadrivio
2914 1104 3280 1170 Carthaginis,
3314 1106 3374 1157 in
3400 1105 3584 1172 platea
3613 1103 3845 1157 celeber-

2147 1197 2309 1257 rima,
2339 1209 2445 1248 non
2483 1209 2670 1261 unum,
2715 1192 2810 1247 sed
2850 1193 3036 1262 plures
3065 1207 3230 1260 quam
3273 1196 3378 1245 tres
3417 1192 3622 1246 Eiectos
3659 1192 3846 1256 simul,

2143 1289 2267 1352 post
2297 1287 2632 1337 transeuntes
2656 1283 2829 1336 nescio
2851 1295 2988 1351 quas
3011 1281 3246 1347 feminas
3269 1285 3378 1335 tam
3394 1281 3669 1349 petulanti
3693 1283 3851 1348 gestu

2148 1372 2461 1439 adhinnire,
2504 1376 2566 1426 ut
2614 1372 2851 1424 omnium
2897 1371 3178 1424 trivalium
3223 1368 3626 1438 impudicitiam
3667 1371 3849 1437 impu-

2149 1461 2494 1530 dentiamque
2521 1462 2856 1529 superarent.
2895 1458 3048 1524 Quod
3085 1457 3151 1510 de
3178 1472 3378 1524 magna
3415 1457 3596 1510 venire
3630 1451 3850 1510 consue-

2154 1548 2362 1614 tudine,
2399 1552 2562 1615 atque
2603 1548 2723 1600 illos
2763 1549 2904 1601 inter
2941 1561 2996 1600 se
3038 1548 3118 1600 ita
3154 1547 3350 1612 vivere,
3382 1547 3518 1600 satis
3561 1545 3849 1608 eminebat,

2152 1637 2588 1707 quandoquidem
2623 1637 2804 1690 nullus
2844 1637 2978 1690 socii
3011 1636 3360 1706 presentiam
3400 1637 3625 1700 veritus,
3669 1650 3852 1687 omnes

2153 1730 2248 1780 aut
2276 1729 2413 1780 certe
2439 1741 2572 1794 pene
2601 1740 2778 1779 omnes
2817 1725 3000 1778 eadem
3031 1726 3198 1778 teneri
3221 1728 3370 1793 peste
3400 1722 3697 1777 indicabat.
3731 1723 3851 1777 Non

2153 1817 2294 1868 enim
2327 1818 2480 1868 erant
2511 1815 2569 1867 hi
2609 1829 2676 1866 eae
2706 1829 2814 1867 una
2845 1813 3028 1878 domo;
3061 1812 3155 1866 sed
3198 1811 3406 1866 diverse
3429 1827 3654 1881 prorsus
3685 1811 3853 1864 habi-

2156 1907 2349 1970 tantes,
2395 1919 2462 1956 ea:
2500 1917 2556 1956 eo
2598 1903 2707 1956 loco
2745 1901 2840 1955 ubi
2880 1906 3166 1955 conventus
3212 1903 3448 1955 omnium
3485 1903 3665 1968 factus
3711 1905 3854 1964 erat,

2152 1994 2366 2062 pariter
2405 1993 2548 2058 forte
2593 1989 2997 2045 descenderant.
3040 1991 3148 2045 Nos
3197 1994 3374 2043 autem
3419 1991 3662 2058 graviter
3704 2004 3856 2042 com-

2155 2082 2306 2146 moti,
2337 2081 2580 2148 graviter
2605 2081 2767 2134 etiam
2797 2079 2973 2148 questi
2995 2093 3198 2132 sumus.
3229 2078 3360 2144 Quis
3383 2078 3601 2132 tandem
3623 2078 3717 2131 hoc
3737 2079 3861 2131 vin-

2157 2169 2469 2234 dicandum,
2500 2181 2605 2222 non
2644 2168 2822 2222 dicam
2857 2170 3196 2236 separatione
3234 2167 3302 2220 ab
3339 2167 3576 2232 ecclesia,
3618 2166 3712 2220 sed
3752 2181 3858 2235 pro

2156 2258 2532 2327 magnitudine
2555 2258 2776 2325 ﬂagitii,
2799 2256 3094 2310 vehementi
3121 2257 3311 2310 saltem
3334 2255 3726 2324 objurgatione,
3758 2271 3858 2308 ur-

2159 2350 2392 2404 bitratus
2420 2351 2543 2402 est?
2563 2349 2631 2402 Et
2656 2349 2764 2401 haec
2792 2352 2909 2400 erat
2937 2348 3106 2400 omnis
3126 2347 3402 2400 excusatio
3421 2346 3764 2415 impunitatis
3785 2345 3859 2397 il-

2159 2439 2352 2505 lorum,
2384 2436 2529 2505 quod
2551 2451 2610 2490 eo
2640 2441 2893 2506 tempore,
2915 2451 3018 2504 quo
3039 2435 3403 2489 conventicula
3424 2450 3604 2488 eorum
3624 2435 3734 2500 lege
3749 2448 3861 2502 pu-

2160 2527 2299 2579 blica
2327 2526 2760 2595 prohiberentur,
2793 2540 2856 2579 ne
2885 2524 3021 2593 quid
3047 2524 3162 2577 laesi
3185 2523 3476 2593 proderent
3500 2523 3859 2576 metuebatur.

2159 2614 2222 2669 Id
2245 2617 2408 2669 etiam
2437 2614 2589 2668 nobis
2613 2628 2926 2682 responsum
2944 2617 3042 2677 est,
3068 2628 3187 2666 cum
3208 2612 3282 2666 ad
3307 2615 3452 2681 ipsos
3477 2613 3741 2681 primates
3772 2610 3865 2662 de-

2160 2705 2462 2758 tulissemus
2491 2707 2830 2772 conquestam
2859 2701 3013 2756 nobis
3043 2716 3152 2755 esse
3175 2702 3472 2767 mulierem,
3497 2699 3640 2768 quod
3658 2701 3717 2753 in
3738 2715 3866 2754 con-

2159 2794 2320 2859 clavi,
2351 2791 2447 2845 ubi
2473 2807 2593 2846 cum
2617 2793 2744 2845 aliis
2772 2793 2992 2858 feminis
3011 2795 3149 2856 erat,
3175 2789 3241 2843 de
3269 2790 3485 2844 illorum
3506 2790 3708 2843 scilicet
3730 2804 3866 2842 san-

2159 2885 2346 2937 ctitate
2397 2896 2605 2946 secura,
2653 2882 2912 2948 ingressis
2966 2879 3157 2934 Electis
3203 2877 3480 2948 pluribus,
3529 2882 3580 2931 et
3629 2879 3698 2932 ab
3755 2894 3864 2934 uno

2161 2973 2375 3027 lucerna
2405 2972 2692 3034 exstincta,
2718 2971 2979 3022 incertum
3007 2968 3162 3036 cujus
3191 2983 3393 3033 eorum,
3415 2971 3474 3020 in
3503 2967 3734 3021 tenebris
3765 2983 3865 3036 ap-

2159 3063 2330 3131 petita
2357 3063 2490 3114 esset
2518 3059 2789 3128 amplexu,
2823 3063 2874 3112 et
2905 3061 3090 3111 coacta
3116 3058 3174 3110 in
3200 3057 3494 3124 flagitium,
3528 3057 3640 3110 nisi
3666 3057 3858 3110 subsi-

2162 3151 2253 3205 dio
2298 3149 2548 3203 clamoris
2590 3149 2861 3201 evasisset.
2913 3147 3020 3199 Hoc
3066 3145 3218 3199 nobis
3265 3160 3475 3214 quoque
3519 3147 3866 3200 notissimum

2162 3242 2338 3306 nefas,
2371 3237 2436 3291 de
2464 3241 2671 3305 quanta
2693 3235 3073 3290 consuetudine
3095 3235 3302 3288 venisse
3327 3233 3710 3287 arbitrandum
3741 3237 3866 3289 est?

2164 3331 2232 3382 Et
2257 3329 2352 3381 hoc
2389 3328 2600 3393 factum
2628 3329 2706 3378 est
2731 3341 2793 3377 ea
2829 3327 2998 3388 nocte,
3031 3338 3140 3390 qua
3169 3324 3322 3388 festa
3361 3323 3512 3391 apud
3539 3338 3629 3376 vos
3659 3324 3866 3388 vigiliae

2161 3416 2499 3471 celebrantur
2525 3415 2624 3484 (De
2651 3413 2890 3468 Moribus
2928 3413 3188 3471 Manich.,
3217 3427 3271 3466 η.
3317 3413 3528 3477 68-70).
3579 3412 3741 3476 Quod
3773 3418 3868 3465 at-

2161 3505 2306 3559 tinet
2333 3504 2402 3558 ad
2432 3501 2910 3568 interdictionem,
2937 3517 3051 3571 qua
3077 3499 3367 3555 Manichaai
3387 3499 3547 3554 vetiti
3573 3503 3706 3553 sunt
3725 3515 3866 3553 con-

2162 3598 2364 3648 ventus
2395 3608 2588 3663 agere,
2620 3594 2800 3645 exstat
2829 3606 2894 3644 ea
2924 3589 2994 3643 de
3030 3605 3088 3642 re
3121 3590 3209 3642 lex
3247 3605 3279 3642 a
3324 3588 3722 3642 Valentiniano
3753 3587 3868 3642 im-

2161 3688 2422 3755 peratore
2435 3683 2547 3736 lata
2559 3696 2708 3735 anno
2729 3678 3127 3733 trecentesimo
3142 3677 3562 3749 septuagesimo
3575 3678 3829 3732 secundo
3853 3696 3868 3732 :

2163 3771 2425 3843 quamvis
2453 3770 2543 3824 hic
2572 3768 2836 3840 princeps
2864 3768 2939 3822 ita
2961 3766 3193 3838 ingenio
3223 3771 3586 3837 comparatus
3609 3771 3775 3833 esset,
3803 3775 3872 3821 ut

2163 3861 2368 3932 cuique
2400 3859 2639 3914 liberam
2675 3857 2966 3928 religionis
2993 3856 3284 3926 optionem
3317 3856 3556 3926 ejusque
3588 3871 3753 3910 usum
3788 3856 3875 3910 fa-

2161 3950 2268 4004 cile
2299 3949 2663 4019 relinqueret.
2697 3945 3103 4016 Suspicionibus
3131 3961 3254 3999 vero
3281 3945 3465 4014 januz
3490 3949 3704 4013 quanta
3734 3959 3872 4013 ape-

2162 4038 2460 4102 riebantur,
2490 4037 2678 4108 pergit
2709 4034 3082 4105 Augustinus,
3115 4050 3233 4088 cum
3263 4048 3348 4088 eos
3377 4033 3590 4088 invidos
3617 4035 3873 4088 invenie-

2164 4127 2370 4192 bamus,
2393 4142 2513 4180 cum
2541 4139 2754 4189 avaros,
2777 4138 2897 4177 cum
2920 4123 3203 4192 epularum
3223 4124 3623 4191 exquisiturum
3651 4123 3875 4175 avidis-

2161 4218 2343 4282 simos,
2395 4230 2513 4268 cum
2558 4215 2614 4266 in
2636 4213 2845 4280 jurgiis
2891 4211 3377 4280 frequentissimos,
3427 4226 3546 4264 cum
3591 4209 3657 4264 de
3701 4211 3876 4265 rebus

2161 4306 2374 4371 exiguis
2395 4300 2812 4357 mobilissimcs?
2841 4301 2956 4356 Non
2985 4302 3174 4368 utique
3201 4299 3613 4354 arbitrabamur
3633 4313 3716 4353 eos
3739 4303 3880 4353 tem-

2158 4409 2353 4463 perare
2409 4406 2580 4462 posse,
2633 4405 2668 4443 a
2721 4388 2916 4458 quibus
2971 4403 3025 4442 se
3090 4393 3384 4456 temperare
3447 4386 3873 4456 proﬁtebantur,

2163 4481 2380 4552 quando
2429 4480 2659 4534 latibula
2699 4482 2749 4531 et
2796 4477 3040 4531 tenebras
3083 4478 3411 4530 invenirent.
3467 4479 3582 4530 Duo
3638 4476 3882 4544 quidam

2161 4575 2316 4624 erant
2345 4568 2763 4623 existimationis
2792 4567 2929 4620 satis
2957 4565 3122 4632 bona,
3156 4567 3316 4632 faciti
3349 4566 3581 4632 ingenio,
3613 4569 3781 4633 atque
3807 4567 3882 4620 iu

2161 4661 2273 4714 illis
2303 4660 2416 4712 suis
2445 4655 2904 4725 disputationibus
2928 4657 3205 4724 principes
3241 4655 3395 4708 nobis
3431 4654 3666 4723 amplius
3697 4670 3882 4723 quam

2162 4747 2340 4802 caeteri
2365 4746 2807 4812 familiariusque
2835 4743 3126 4811 conjuncti.
3159 4741 3397 4808 Quorum
3420 4757 3582 4809 unus,
3611 4744 3708 4810 qui
3733 4757 3883 4810 pro-

2158 4841 2282 4907 pter
2309 4835 2496 4890 studia
2523 4835 2686 4888 etiam
2712 4832 2964 4886 liberalia
2991 4832 3144 4886 nobis
3172 4834 3378 4885 arctius
3413 4831 3752 4898 adhmbat,
3781 4833 3884 4886 hic

2160 4940 2301 4979 nunc
2329 4924 2410 4978 ibi
2435 4937 2545 4978 esse
2567 4921 2850 4991 presbyter
2873 4920 3079 4975 dicitur
3111 4937 3124 4974 :
3157 4921 3217 4974 hi
3244 4921 3353 4975 sibi
3380 4922 3628 4988 graviter
3656 4921 3888 4974 invide-

2165 5013 2313 5080 bant,
2344 5017 2394 5066 et
2422 5010 2710 5081 objiciebat
2743 5011 2882 5064 alter
2909 5011 3089 5076 alteri,
3121 5024 3227 5063 non
3255 5011 3597 5064 accusatione
3625 5011 3884 5074 manife-

2162 5108 2270 5170 sta,
2300 5101 2393 5157 sed
2420 5115 2656 5156 sermone
2681 5099 2832 5170 apud
2878 5113 3009 5168 quos
3038 5103 3270 5168 poterat,
3316 5103 3369 5154 et
3399 5099 3663 5163 susurris,
3707 5097 3781 5150 ab
3815 5114 3889 5153 eo

2160 5192 2420 5246 violenter
2465 5193 2787 5244 attentatam
2827 5187 3111 5257 cujusdam
3152 5187 3444 5242 Auditoris
3485 5201 3726 5241 umorem.
3774 5187 3889 5242 Ille

2161 5285 2339 5336 autem
2366 5294 2420 5334 se
2447 5294 2710 5349 purgans,
2741 5279 2965 5333 interim
2989 5276 3140 5346 apud
3166 5291 3261 5331 nos
3291 5277 3460 5331 alium
3488 5275 3725 5345 ejusdem
3753 5289 3890 5330 sce-

2163 5370 2290 5424 leris
2319 5368 2556 5423 Electum
2593 5366 3008 5434 criminabatur,
3041 5368 3140 5437 qui
3168 5366 3320 5436 apud
3355 5364 3597 5418 eumdem
3623 5363 3886 5418 Audito-

2161 5473 2291 5524 rem,
2319 5459 2482 5526 quasi
2507 5459 2712 5511 amicus
2728 5455 3035 5526 ﬁdissimus
3063 5453 3349 5508 habitabat
3376 5469 3389 5507 :
3421 5467 3579 5523 quem
3604 5454 3887 5521 quoniam

2162 5547 2336 5601 subito
2383 5546 2689 5614 ingrediens
2743 5560 2862 5600 cum
2903 5545 3126 5599 muliere
3167 5542 3610 5613 deprehenderat,
3652 5541 3888 5597 dicebat
