4048 6194
200 281 264 332 δυ
1687 277 1900 334 LIBER
1940 278 2225 335 PRIMUS.
3644 284 3713 338 9O

195 401 408 453 mulieri
435 405 483 453 et
498 399 746 454 adultero
766 401 834 453 ab
867 400 958 453 illo
981 401 1197 453 inimico
1222 404 1384 470 atque
1407 399 1591 454 invido
1610 402 1891 455 consilium

191 488 397 552 datum,
429 492 491 540 ut
516 488 613 540 illa
638 487 747 541 sibi
772 490 1095 555 conflaretur
1121 488 1415 552 calumnia,
1440 504 1504 541 ne
1532 490 1583 541 si
1610 488 1747 557 quid
1768 503 1894 557 pro-

190 576 353 642 deret,
386 576 715 631 crederetur.
756 576 1104 642 Angebamur
1134 591 1248 643 nos,
1281 580 1330 628 et
1360 576 1729 630 molestissime
1756 580 1894 642 fere-

191 666 398 725 bamus,
440 665 584 733 quod
602 666 819 719 etiamsi
848 664 913 717 de
940 666 1187 734 appetita
1208 665 1430 718 muliere
1460 667 1722 719 incertum
1751 669 1887 733 erat,

191 756 326 807 livor
355 759 534 808 tamen
559 756 617 806 in
642 755 755 808 illis
774 753 1002 819 duobus,
1032 754 1227 822 quibus
1246 754 1487 807 meliores
1511 754 1590 807 ibi
1616 770 1724 808 non
1748 756 1894 808 inve-

188 843 487 909 niebamus,
519 843 823 911 apparebat
865 845 1181 903 acerrimus,
1222 847 1273 896 et
1301 844 1416 897 alia
1447 842 1708 912 conjicere
1734 859 1892 912 coge-

190 934 302 986 bat.
349 932 625 986 Postremo
661 933 721 984 in
760 932 986 985 theatris
1027 932 1232 985 Eiectos
1265 936 1314 984 et
1351 936 1526 998 aetate,
1560 937 1629 999 et,
1654 937 1714 986 ut
1741 932 1892 986 vide-

190 1019 411 1087 bantur,
452 1019 690 1072 moribus
719 1034 933 1086 graves,
965 1034 1085 1073 cum
1120 1034 1240 1073 sene
1265 1020 1575 1089 presbytero
1596 1024 1892 1090 sepissime

191 1109 518 1161 invenimus.
544 1108 757 1163 'Omitto
773 1110 1017 1177 juvenes,
1048 1124 1178 1177 quos
1203 1111 1366 1163 etiam
1390 1109 1637 1164 rimantes
1656 1126 1758 1179 pro
1775 1125 1887 1164 sce-

192 1197 325 1248 nicis
373 1200 426 1248 et
456 1197 667 1263 aurigis
713 1196 1105 1265 deprehendere
1144 1197 1476 1263 solebamus;
1527 1214 1646 1267 quae
1673 1213 1756 1252 res
1790 1214 1894 1252 non

193 1284 454 1338 mediocri
491 1290 805 1353 argumento
843 1289 942 1351 est,
991 1285 1251 1353 quomodo
1295 1300 1350 1339 se
1384 1289 1596 1355 possint
1628 1289 1896 1341 continere

192 1372 250 1425 ab
285 1374 538 1441 occultis,
566 1388 684 1427 cum
712 1389 830 1427 eam
858 1374 1213 1442 cupiditatem
1242 1388 1502 1443 superare
1529 1391 1633 1429 non
1658 1378 1893 1445 possint,

191 1477 304 1529 quae
352 1459 478 1515 illos
520 1461 847 1516 Auditorum
888 1476 1107 1515 suorum
1151 1463 1319 1517 oculis
1358 1468 1589 1517 ostentat
1635 1469 1685 1517 et
1710 1464 1896 1534 prodit

188 1552 552 1605 erubescentes
578 1556 741 1619 atque
752 1553 1073 1617 fugitantes.
1093 1553 1184 1605 An
1202 1567 1327 1605 vero
1349 1553 1496 1607 illius
1514 1556 1678 1607 etiam
1698 1556 1894 1621 sancti,

185 1641 254 1694 ad
288 1641 455 1709 cujus
501 1641 897 1709 disputationes
942 1642 999 1693 in
1027 1642 1337 1708 ﬁcariorum
1368 1644 1545 1696 vicum
1587 1642 1896 1696 ventitaba-

186 1743 325 1793 mus,
348 1732 566 1782 tantum
594 1728 734 1782 illud
756 1730 1024 1796 ﬂagitium
1042 1729 1383 1797 proderetur,
1404 1734 1451 1785 si
1475 1729 1739 1800 virginem
1767 1746 1894 1785 san-

182 1818 557 1870 ctimonialem
584 1817 858 1871 mulierem
900 1821 1129 1883 tantum,
1176 1833 1281 1871 non
1313 1823 1364 1871 et
1396 1824 1768 1888 praegnantem
1804 1822 1895 1885 fa-

182 1922 294 1960 cere
335 1905 650 1975 potuisset?
676 1905 784 1960 Sed
820 1906 1079 1960 occultum
1110 1911 1159 1959 et
1200 1907 1516 1960 incredibile
1559 1908 1760 1961 malum
1785 1923 1897 1960 cre-

182 2010 336 2049 scens
383 2000 574 2049 uterus
618 1995 785 2048 latere
830 2010 934 2048 non
975 2010 1175 2064 passus
1221 1999 1318 2049 est.
1368 1996 1524 2061 Quod
1566 2012 1686 2050 cum
1728 2000 1897 2049 mater

182 2087 360 2152 fratri
380 2085 582 2153 juveni
604 2084 956 2153 prodidisset,
989 2086 1250 2138 acerrime
1279 2084 1479 2147 dolens,
1513 2087 1788 2153 religionis
1812 2089 1899 2139 ta-.

186 2191 304 2228 men
336 2176 557 2228 nomine
584 2173 652 2226 ab
672 2176 1006 2227 accusatione
1034 2174 1250 2243 publica
1277 2180 1553 2230 revocatus
1583 2180 1695 2240 est;
1718 2176 1897 2244 perfe-

184 2267 367 2333 citque
406 2268 471 2316 ut
513 2262 606 2316 ille
648 2261 775 2331 (non
805 2264 946 2315 enim
979 2263 1073 2316 hoc
1111 2264 1226 2329 fere
1263 2266 1555 2332 quisquam
1579 2262 1801 2332 posset),
1834 2262 1899 2316 de

183 2354 279 2407 illa
313 2353 544 2407 ecclesia
559 2352 853 2421 pelleretur
878 2368 890 2404 :
921 2356 969 2405 et
988 2367 1053 2404 ne
1082 2354 1352 2421 impunita
1380 2367 1463 2405 res
1495 2354 1708 2406 omnino
1737 2355 1894 2417 esset,

186 2445 331 2513 cepit
359 2442 671 2501 consilium,
711 2445 770 2494 ut
801 2440 1077 2506 adjunctis
1118 2442 1226 2495 sibi
1252 2443 1465 2507 amicis,
1498 2442 1760 2494 hominem
1785 2455 1898 2509 pu-

184 2535 310 2598 gnis
336 2530 686 2600 ealcibusque
716 2529 1009 2583 concideret
1038 2527 1226 2597 (lbid.,
1264 2544 1358 2583 nn.
1390 2532 1481 2596 71,
1501 2528 1613 2597 ’72).

249 2624 313 2675 2.
348 2621 421 2673 In
451 2619 600 2673 hanc
628 2634 750 2673 rem
781 2617 964 2672 adhuc
1002 2617 1246 2670 maxime
1284 2615 1572 2686 insignem
1612 2616 1787 2671 refert
1814 2616 1900 2670 hi-

172 2709 446 2775 storiam,
477 2724 610 2779 qua:
636 2707 870 2778 quidem
893 2722 1075 2777 usque
1105 2706 1247 2760 adeo
1276 2706 1699 2776 percrebuerat,
1732 2711 1795 2760 ut
1822 2706 1893 2760 ad

170 2799 447 2853 absentes
467 2797 647 2851 etiam
663 2797 952 2867 longeque
970 2795 1191 2865 positos
1217 2794 1371 2849 fama
1395 2796 1664 2866 vulgante
1693 2811 1893 2865 perve-

172 2889 343 2942 niret.
390 2886 650 2956 Contigit
696 2885 796 2939 illa
845 2885 1038 2939 Roma:
1083 2900 1215 2937 cum
1263 2884 1334 2938 ab
1381 2899 1448 2937 ea
1494 2884 1636 2938 urbe
1670 2884 1892 2938 abesset

169 2976 560 3048 Augustinus,
592 2973 694 3046 qui
733 2989 856 3029 rem
888 2989 1121 3027 omnem
1147 2976 1387 3044 gestam,
1420 2991 1453 3029 a
1482 2974 1753 3027 familiari
1782 2990 1884 3028 suo

172 3067 367 3136 probae
421 3063 565 3118 ﬁdei
605 3063 750 3129 viro,
802 3062 1022 3117 oculato
1053 3062 1173 3133 ejus
1204 3066 1364 3129 teste,
1397 3062 1665 3132 cognovit
1695 3079 1707 3116 :
1742 3078 1889 3115 non-

176 3154 469 3225 uullisque
486 3152 726 3223 insuper
752 3151 901 3205 idem
929 3151 1130 3206 eadem
1152 3150 1297 3205 serie
1326 3150 1725 3218 referentibus,
1758 3167 1890 3206 cum

174 3244 421 3297 Romam
446 3246 652 3311 postea
683 3239 945 3306 venisset,
976 3243 1332 3310 compertam
1361 3238 1595 3293 omnino
1626 3240 1891 3310 explora-

172 3338 409 3404 tamque
441 3328 556 3383 sibi
585 3328 762 3383 fuisse
793 3332 1052 3382 testatur.
1095 3328 1257 3382 Illam
1282 3327 1401 3399 ipse
1432 3333 1627 3382 narrat
1653 3328 1807 3382 hunc
1831 3328 1893 3383 in

175 3438 227 3476 ω
245 3422 417 3475 idum
438 3435 454 3473 :
478 3417 719 3486 Quidam
735 3423 907 3473 vester
926 3418 1161 3472 Auditor
1177 3416 1533 3486 (Manichazos
1549 3417 1884 3487 alloquitur)

176 3514 229 3565 in
255 3512 359 3564 ilia
391 3507 738 3562 memorabili
765 3506 1095 3560 abstinentia
1122 3505 1295 3559 nihilo
1327 3506 1523 3559 Electis
1552 3506 1765 3573 cedens,
1800 3506 1897 3573 qui

175 3607 221 3654 et
244 3600 561 3654 liberaliter
594 3598 875 3651 institutus
904 3599 1056 3663 esset,
1099 3598 1149 3648 et
1177 3598 1411 3648 vestram
1449 3598 1647 3648 sectam
1685 3596 1890 3663 copiose

180 3692 327 3744 vellet
367 3693 424 3742 et
451 3688 649 3741 soleret
677 3685 981 3753 defendere,
1010 3685 1377 3739 molestissime
1412 3683 1643 3750 ferebat,
1672 3683 1819 3753 quod
1844 3685 1894 3737 ei

180 3791 305 3841 rage
326 3778 680 3845 pessimeque
708 3773 1075 3827 habitantium
1098 3774 1419 3841 passimque
1448 3774 1740 3825 viventium
1774 3773 1891 3826 Ele-

178 3869 383 3918 ctorum
406 3878 585 3917 mores
603 3861 967 3932 perditissimi
984 3876 1123 3930 saepe
1142 3861 1452 3931 disputanti
1475 3861 1538 3914 ob
1535 3860 1567 3929 j
1571 3861 1892 3924 iciebantur,

176 3954 442 4025 Cupiebat
471 3954 683 4020 itaque,
714 3954 765 4005 si
787 3953 908 4019 ﬁeri
925 3955 1121 4020 posset,
1152 3965 1331 4004 omnes
1348 3951 1446 4018 qui
1472 3948 1765 4003 secundum
1793 3949 1893 4003 illa

174 4048 453 4112 pmcepta
494 4043 669 4095 vitam
701 4041 890 4106 degere
912 4041 1105 4109 parati
1133 4043 1325 4104 essent,
1358 4052 1681 4104 congregare
1706 4039 1764 4090 in
1792 4037 1889 4092 do-

180 4147 320 4185 mum
348 4147 538 4197 suam,
563 4135 614 4183 et
639 4131 752 4183 suis
771 4128 1072 4197 sumptibus
1091 4129 1374 4182 sustinere.
1399 4129 1537 4181 Erat
1553 4128 1695 4181 enim
1723 4130 1774 4179 et
1793 4142 1897 4180 non

177 4222 470 4275 mediocris
498 4221 743 4290 pecuniae
771 4222 1118 4286 contemptor,
1144 4221 1195 4270 et
1222 4231 1327 4270 non
1356 4216 1697 4270 mediocriter
1725 4230 1896 4284 pecu-

180 4313 388 4365 niosus.
432 4308 773 4375 Querebatur
812 4311 989 4360 autem
1018 4306 1275 4375 impediri
1316 4308 1493 4359 tantos
1522 4309 1745 4359 conatus
1775 4319 1898 4359 suos

180 4403 562 4468 episcoporum
603 4396 971 4462 dissolutione,
1016 4396 1211 4464 quibus
1251 4394 1645 4462 adjuvantibus
1678 4395 1901 4462 implere

182 4488 431 4543 debebat.
480 4489 693 4541 Interea
720 4490 893 4539 vester
933 4486 1210 4553 episcopus
1255 4483 1501 4553 quidam,
1541 4483 1692 4536 homo
1712 4482 1894 4551 plane,

181 4584 240 4631 ut
266 4581 393 4647 ipse
432 4579 695 4645 expertus
742 4589 881 4639 sum,
930 4574 1238 4627 rusticanus
1280 4577 1443 4641 atque
1472 4572 1769 4640 impolitus,
1802 4570 1898 4625 sed

182 4669 363 4721 nescio
394 4663 683 4734 quomodo,
716 4678 778 4717 ea
802 4666 927 4731 ipsa
952 4662 1164 4715 duritia
1192 4664 1426 4715 severior
1445 4662 1503 4713 in
1532 4659 1897 4714 custodiendis

184 4753 336 4808 bonis
383 4752 627 4807 moribus
654 4751 959 4806 videbatur.
992 4752 1147 4805 Hunc
1177 4749 1482 4804 diutissime
1508 4749 1894 4814 desideratum,

183 4848 230 4895 et
260 4842 573 4911 aliquando
596 4846 915 4911 prasentem
944 4841 1149 4907 arripit
1178 4840 1294 4901 iste,
1317 4841 1541 4908 exponit
1571 4839 1776 4892 homini
1801 4853 1896 4892 vo-

182 4931 451 4985 luntatem
472 4946 631 4984 suam
662 4946 676 4983 :
710 4929 901 4984 laudat
928 4929 1022 4983 ille
1045 4932 1209 4996 atque
1237 4929 1513 4995 consentit,
1545 4929 1723 4996 placet
1755 4931 1813 4981 ut
1840 4928 1900 4981 in

180 5020 341 5076 domo
370 5022 487 5089 ejus
514 5022 671 5089 prior
694 5021 810 5088 ipse
836 5020 1067 5086 incipiat
1091 5016 1359 5070 habitare.
1395 5016 1552 5082 Quod
1572 5015 1667 5069 ubi
1690 5016 1900 5081 factum

182 5116 281 5175 est,
314 5126 382 5163 eo
409 5109 724 5177 congregati
749 5112 875 5161 sunt
910 5108 1083 5161 Electi
1104 5120 1302 5170 omnes,
1344 5108 1441 5173 qui
1465 5107 1641 5161 Romae
1669 5119 1780 5158 esse
1798 5120 1896 5174 po-

183 5204 430 5254 luerunt.
444 5200 731 5268 Proposita
742 5202 822 5251 est
833 5196 1053 5251 vivendi
1062 5194 1253 5262 regula
1266 5195 1332 5248 de
1344 5195 1630 5248 Μανῆς)Ιωί
1649 5194 1896 5262 epistola.

187 5290 379 5343 Πειιῶ
404 5288 751 5343 intolerabile
773 5289 949 5341 visum
974 5290 1081 5351 est;
1102 5286 1470 5339 abscesserunt
1494 5299 1507 5337 :
1530 5287 1901 5337 remanserunt

186 5383 372 5431 tamen
394 5376 606 5447 pudore
629 5392 741 5431 non
766 5377 957 5445 pauci.
993 5376 1163 5443 Coepit
1190 5375 1270 5426 ita
1300 5373 1416 5425 vivi
1442 5375 1501 5424 ut
1528 5372 1828 5440 placuerat,
1852 5376 1902 5425 et

186 5472 245 5519 ut
277 5472 439 5521 tanta
461 5465 853 5537 praescribebat
880 5466 1177 5519 auctoritas
1212 5479 1224 5517 :
1273 5477 1393 5516 cum
1420 5462 1633 5514 interim
1663 5460 1900 5515 Auditor

188 5556 285 5609 ille
312 5557 650 5611 vehementer
679 5570 859 5610 omnes
884 5554 959 5608 ad
986 5554 1167 5609 omnia
1190 5554 1417 5620 cogeret,
1446 5551 1708 5604 neminem
1726 5553 1902 5603 tamen

192 5644 266 5696 ad
300 5644 367 5698 id
394 5646 532 5714 quod
559 5661 668 5699 non
694 5644 855 5713 prior
886 5645 998 5712 ipse
1025 5643 1333 5712 susciperet.
1361 5642 1572 5695 Interea
1598 5640 1739 5693 rima
1763 5642 1904 5694 inter

2000 402 2206 457 Electos
2227 403 2538 457 oriebantur
2561 402 2912 468 creberrimae,
2946 401 3344 470 objiciebantur
3378 403 3446 456 ab
3478 404 3707 457 invicem

2001 490 2256 549 crimina.
2290 508 2408 561 quae
2429 493 2519 545 ille
2547 493 2726 545 omnia
2750 506 2959 558 gemens
2989 491 3268 555 audiebat,
3293 490 3567 559 dabatque
3587 506 3713 559 ope-

2003 594 2142 645 ram,
2173 595 2238 633 ne
2278 594 2333 633 se
2369 582 2513 648 ipsos
2560 582 2618 633 in
2635 578 2917 648 jurgando
2950 580 3316 631 incautissime
3360 578 3652 647 proderent
3683 594 3697 631 :

1998 667 2301 736 prodebant
2341 668 2584 734 nefanda
2613 671 2663 720 et
2690 668 2969 721 immania.
3001 666 3087 721 Ibi
3114 668 3385 732 cognitum
3413 672 3489 719 est
3519 667 3704 735 quales

2004 761 2192 820 essent,
2221 758 2318 825 qui
2339 760 2514 810 tamen
2540 757 2677 809 inter
2707 761 2918 810 exteros
2940 757 3049 808 vim
3067 759 3455 823 przeceptorum
3484 755 3702 808 illorum

2003 845 2334 899 subeundam
2371 847 2481 900 sibi
2515 860 2627 899 esse
2663 848 3009 914 putaverunt.
3057 845 3180 896 Jam
3229 843 3294 896 de
3324 845 3525 897 caeteris
3566 844 3701 912 quid

2004 933 2390 1002 suspicandum
2420 938 2555 998 erat,
2588 938 2684 986 aut
2720 933 2855 1002 quid
2892 934 3075 1001 potius
3113 932 3479 999 iudicandam
3500 932 3528 986 ?
3560 932 3708 998 Quid

2004 1021 2206 1091 plura?
2235 1023 2416 1077 Coacti
2443 1022 2738 1090 aliquando
2782 1026 3275 1085 murmuraverunt,
3317 1022 3575 1074 sustineri
3605 1021 3703 1074 illa

2004 1110 2266 1173 mandata
2294 1126 2399 1164 non
2414 1126 2570 1179 posse
2593 1127 2605 1163 :
2629 1110 2755 1163 inde
2780 1112 2837 1162 in
2858 1110 3191 1163 seditionem.
3224 1110 3437 1175 Agebat
3464 1110 3706 1164 Auditor

2006 1214 2225 1253 causam
2267 1214 2422 1252 suam
2452 1200 2811 1267 complexione
2853 1199 3171 1252 brevissima
3204 1214 3217 1251 :
3249 1200 3359 1252 Aut
3390 1200 3487 1251 illa
3516 1202 3699 1252 omnia

2006 1303 2118 1342 esse
2159 1287 2448 1353 servanda,
2489 1292 2585 1340 aut
2630 1288 2785 1340 illum
2835 1289 2932 1356 qui
2972 1288 3107 1341 talia
3136 1288 3234 1341 sub
3268 1289 3370 1341 tali
3399 1288 3704 1341 conditione

2001 1379 2364 1447 praecepisset,
2391 1392 2509 1445 quae
2528 1378 2707 1430 nullus
2731 1381 2909 1445 posset
2930 1378 3169 1445 implere,
3199 1378 3576 1430 stultissimum
3593 1378 3706 1429 eari-

2005 1466 2356 1520 stimandum.
2395 1468 2537 1520 Vicit
2562 1469 2759 1533 tamen,
2788 1482 2891 1520 non
2920 1468 3059 1519 enim
3089 1467 3249 1519 aliter
3274 1469 3508 1534 poterat,
3541 1467 3705 1519 unius

2005 1557 2321 1609 sententiam
2380 1555 2831 1623 eﬂ‘renatissimus
2884 1556 3129 1625 plurium
3180 1557 3459 1623 strepitus.
3517 1556 3705 1608 Postea

2004 1643 2167 1694 etiam
2206 1643 2320 1710 ipse
2367 1644 2523 1695 cessit
2552 1644 2849 1711 episcopus,
2883 1648 2932 1696 et
2962 1659 3080 1697 cum
3110 1659 3305 1711 magno
3332 1644 3582 1697 dedecore
3606 1659 3705 1696 au-

2004 1732 2151 1797 fugit
2198 1745 2211 1783 :
2240 1730 2395 1798 cujus
2427 1746 2556 1784 sane
2580 1732 2690 1784 cibi
2708 1736 2911 1803 prater
2932 1733 3175 1799 regulam
3205 1734 3445 1786 clanculo
3476 1734 3700 1800 accepti,

2006 1824 2056 1873 et
2084 1834 2221 1888 saepe
2245 1822 2453 1874 inventi
2476 1820 2811 1886 ferebantur,
2841 1837 2957 1875 cum
2984 1825 3033 1875 ei
3061 1823 3127 1876 de
3147 1824 3371 1892 proprio
3391 1823 3600 1875 sacculo
3624 1821 3709 1874 di-

2008 1909 2234 1975 ligenter
2284 1911 2544 1963 occultato
2585 1913 2814 1977 pecunia
2859 1913 3075 1978 copiosa
3122 1914 3444 1979 suppeteret.
3504 1912 3623 1964 [Iac
3658 1912 3709 1963 si

2006 2000 2155 2065 falsa
2178 2014 2287 2053 esse
2314 1999 2519 2066 dicitis,
2552 2000 2715 2053 nimis
2745 2001 2949 2068 apertis
2978 2006 3028 2053 et
3054 2001 3391 2068 pervulgatis
3417 2000 3574 2053 rebus
3612 2000 3707 2052 ob-

2007 2089 2223 2142 sistitis.
2258 2087 2362 2143 Sed
2415 2090 2627 2141 utinam
2657 2088 2750 2142 hoc
2782 2088 2998 2142 dicatis.
3024 2089 3152 2143 Cum
3172 2090 3314 2141 enim
3337 2087 3448 2141 sint
3466 2089 3573 2140 ista
3598 2103 3710 2140 ma-

2007 2178 2231 2243 nifesta,
2271 2181 2321 2231 et
2350 2178 2420 2230 iis
2450 2178 2546 2245 qui
2572 2178 2709 2231 scire
2744 2178 3009 2230 voluerint
3038 2179 3253 2243 cognitu
3280 2177 3585 2243 facillima;
3620 2177 3699 2229 in-

2011 2266 2273 2333 telligitur
2320 2282 2482 2334 quam
2518 2280 2646 2319 vera
2675 2265 2849 2319 dicere
2886 2266 3109 2331 soleant,
3152 2267 3249 2334 qui
3292 2266 3401 2319 haec
3442 2280 3571 2318 vera
3600 2280 3709 2318 esse

2010 2357 2321 2423 negaverint
2366 2356 2457 2423 (De
2490 2354 2684 2409 Morib.
2737 2354 3003 2422 Manich.,
3050 2369 3144 2407 nn.
3190 2356 3279 2421 74,
3312 2352 3422 2423 75).
3470 2354 3596 2407 Non
3626 2356 3707 2407 est

2010 2443 2248 2498 dubium
2281 2442 2421 2513 quin
2451 2443 2693 2497 Auditor
2720 2442 2815 2496 ille
2846 2442 3190 2497 Manichaaus
3221 2442 3293 2496 sit
3322 2442 3707 2508 Constantius,

2010 2547 2181 2602 quem
2229 2533 2582 2602 Augustinus
2628 2531 2767 2585 alibi
2814 2531 3029 2598 scribit,
3065 2530 3509 2586 Manichaeorum
3532 2546 3704 2601 quam

2008 2620 2289 2691 plurimos
2319 2620 2377 2674 in
2408 2621 2644 2675 domum
2671 2637 2831 2674 suam
2864 2636 3266 2692 congregasse,
3298 2624 3363 2673 ut
3388 2636 3482 2673 eos
3513 2620 3579 2673 ad
3606 2620 3710 2673 im-

2006 2710 2217 2780 plenda
2248 2709 2542 2765 Mauichaei
2569 2714 2857 2780 praecepta
2886 2714 3117 2781 cogeret
3145 2728 3162 2763 :
3196 2708 3405 2780 quibus
3434 2709 3535 2762 illa
3565 2725 3701 2778 ςινδ-

2007 2798 2166 2853 viora
2189 2798 2538 2865 viderentur,
2571 2798 2714 2852 alios
2740 2797 2853 2851 alio
2884 2797 3056 2852 fuisse
3085 2797 3405 2867 dispersos;
3437 2795 3536 2867 qui
3574 2811 3707 2849 vero

2007 2888 2067 2942 in
2112 2887 2200 2941 his
2238 2886 2531 2941 servandis
2560 2890 3017 2957 perseverarunt,
3060 2902 3092 2938 a
3130 2884 3350 2938 caeteris
3391 2882 3711 2937 Manichaais

2004 2973 2342 3040 discessisse,
2392 2974 2538 3028 facto
2588 2974 2914 3039 schismate,
2965 2972 3120 3043 quod
3165 2973 3301 3043 quia
3350 2971 3540 3024 mattis
3570 2972 3709 3024 dor-

2004 3060 2281 3131 miebant,
2327 3061 2716 3115 Mattariorum
2765 3060 3120 3130 appellatum
3170 3064 3253 3113 est
3297 3058 3517 3129 (Contra
3562 3060 3707 3111 Fau-

2003 3157 2164 3218 stum,
2207 3151 2299 3204 lib.
2352 3154 2405 3219 5,
2438 3166 2558 3219 cap.
2593 3151 2661 3218 5).
2694 3149 2947 3203 Tandem
2978 3148 3344 3203 Constantius
3373 3147 3481 3201 iste
3511 3146 3707 3199 catho-

2002 3240 2173 3295 licam
2218 3240 2392 3294 ﬁdem
2439 3240 2734 3310 amplexus
2774 3243 2877 3304 est,
2912 3243 2971 3292 et
3012 3238 3199 3292 adhuc
3245 3241 3532 3307 superstes
3563 3239 3705 3301 erat,

2002 3345 2133 3383 cum
2174 3329 2527 3399 Augustinus
2578 3333 2775 3381 contra
2822 3328 3094 3382 Faustum
3125 3326 3395 3381 scriberet
3427 3325 3576 3379 circa
3606 3340 3707 3378 an-

2003 3434 2144 3472 num
2173 3417 2804 3488 quadringentesimum
2832 3421 3124 3487 quartum.

2076 3510 2125 3561 3.
2163 3507 2287 3560 Non
2317 3506 2586 3577 ﬂagitiosi
2607 3510 2832 3561 tantum
2852 3505 3291 3560 Manichaeorum
3313 3521 3503 3559 mores
3532 3504 3713 3557 oll'en-

2004 3594 2152 3649 sioni
2171 3600 2333 3649 erant
2362 3594 2684 3664 Augustino
2715 3611 2727 3648 :
2763 3595 2859 3648 sed
2889 3594 3011 3665 ipsa
3040 3608 3270 3664 quoque
3295 3592 3555 3647 doctrina
3585 3609 3705 3644 sus-

2002 3683 2290 3755 picionem
2321 3683 2374 3736 ei
2403 3682 2659 3753 praebere
2690 3686 2962 3753 coeperat,
2996 3682 3245 3736 maxime
3276 3685 3582 3751 postquam
3613 3697 3710 3732 au-

2003 3772 2232 3828 divisset
2280 3771 2605 3842 Helpidium
2638 3771 2940 3825 adversum
2989 3787 3087 3825 eos
3136 3771 3328 3841 palam
3383 3785 3447 3823 ac
3478 3767 3707 3839 publice

2006 3861 2345 3932 Carthagine
2375 3860 2787 3929 disputantem,
2833 3858 3336 3930 proferentemque
3381 3856 3601 3928 aliquot
3645 3872 3710 3910 ex

2004 3950 2311 4021 Scripturis
2362 3953 2722 4020 argumenta,
2766 3967 2798 4003 a
2828 3948 3039 4021 quibus
3074 3946 3367 4002 Manichaai
3398 3962 3520 4001 sese
3561 3946 3711 3999 male

2005 4038 2357 4109 expedirent.
2401 4038 2847 4108 Respondebant
2876 4042 3072 4091 tamen
3103 4037 3175 4091 ad
3206 4053 3292 4102 ea,
3328 4041 3389 4090 ut
3417 4039 3707 4106 poterant,

2005 4143 2079 4181 ne
2110 4142 2338 4181 causam
2368 4126 2687 4181 deseruisse
2716 4126 2896 4180 videri
2917 4131 3149 4197 possent
3183 4141 3195 4179 :
3229 4125 3327 4179 sed
3356 4125 3481 4195 ipsa
3510 4140 3707 4178 eorum

2007 4215 2301 4286 responsio
2327 4214 2712 4286 suspicionem
2740 4215 3010 4285 augebat,
3037 4214 3251 4268 nedum
3306 4212 3707 4267 amoliebatur.

2009 4305 2399 4360 Causabantur
2428 4303 2661 4370 scilicet,
2701 4303 3025 4373 Scripturas
3059 4303 3201 4357 Novi
3229 4300 3575 4356 Testamenti
3613 4300 3714 4353 fal-

2008 4398 2155 4447 satas
2183 4393 2356 4447 fuisse
2400 4409 2433 4445 a
2472 4393 2665 4447 nescio
2714 4392 2928 4463 quibus
2967 4391 3225 4445 codicum
3254 4389 3709 4461 corruptoribus,

2009 4483 2171 4555 queis
2219 4483 2554 4537 Iudaeorum
2597 4483 2750 4553 leges
2778 4480 3112 4536 Christianis
3148 4479 3427 4534 institutis
3457 4479 3710 4534 inserere

2007 4572 2193 4626 visum
2215 4576 2382 4626 esset.
2415 4571 2523 4626 Sed
2545 4576 2933 4642 praeterquam
2956 4569 3106 4641 quod
3129 4585 3255 4622 eam
3285 4584 3710 4640 quamcumque

2009 4661 2438 4732 responsionem
2463 4662 2682 4715 occulte
2710 4659 2893 4730 magis
2922 4658 3266 4713 Auditorum
3296 4673 3533 4711 suorum
3564 4656 3714 4710 auri-

2008 4750 2116 4805 bus
2142 4750 2595 4815 insusurrabant,
2620 4764 2795 4820 quam
2824 4746 3053 4818 publice
3082 4752 3453 4817 promerent;
3487 4747 3711 4800 nullum

2008 4854 2180 4909 porro
2211 4839 2504 4908 exemplar
2542 4839 2947 4907 incorruptum
2987 4837 3056 4890 ab
3107 4836 3177 4889 iis
3222 4835 3624 4905 proferebatur
3654 4835 3713 4888 in

2010 4943 2124 4999 quo
2155 4927 2389 4998 quidem
2440 4943 2554 4981 non
2584 4929 2877 4979 exstarent
2905 4942 3033 4996 quae
3062 4924 3190 4979 falsi
3221 4925 3713 4996 redarguebantur

2012 5016 2270 5086 (Confess.
2329 5016 2424 5070 lib.
2458 5020 2509 5070 5.
2543 5030 2663 5084 cap.
2717 5018 2803 5083 lt,
2852 5029 2909 5069 n.
2951 5013 3063 5085 21).
3110 5014 3493 5078 Quamobrem
3522 5012 3703 5066 imbe-

2010 5105 2142 5159 cilla
2170 5110 2226 5159 et
2255 5104 2433 5159 futilis
2456 5103 2755 5157 videbatur
2783 5103 2881 5157 illa
2904 5102 3217 5172 responsio,
3253 5118 3369 5155 non
3394 5102 3580 5154 solum
3606 5102 3714 5153 Au-

2012 5194 2241 5265 gustino
2261 5198 2359 5247 aut
2378 5194 2687 5257 Honorato,
2720 5192 2817 5246 sed
2847 5196 2905 5246 et
2934 5191 3200 5245 omnibus
3217 5190 3317 5262 qui
3332 5189 3502 5260 paulo
3534 5188 3711 5257 majo-

2011 5299 2135 5337 rem
2166 5282 2227 5336 in
2250 5281 2563 5353 judicando
2586 5280 2945 5352 diligentiam
2972 5280 3322 5345 adhiberent,
3349 5292 3523 5348 quam
3548 5276 3714 5329 turba

2009 5371 2365 5427 credentium
2397 5372 2488 5441 (De
2521 5372 2767 5427 Utilitate
2796 5372 3069 5437 credendi,
3106 5387 3162 5424 n.
3193 5370 3272 5438 7).
3321 5365 3551 5421 Minime
3581 5381 3714 5419 vero

2011 5460 2271 5515 omnium
2301 5459 2621 5532 intelligere
2647 5464 2894 5532 poterat,
2912 5461 3094 5513 stante
3119 5453 3411 5510 Mauichaai
3434 5452 3713 5515 doctrina,

2011 5564 2112 5602 cur
2138 5548 2371 5603 tandem
2397 5550 2545 5604 Deus
2583 5549 2805 5603 animas
2833 5548 2891 5601 in
2921 5544 3249 5600 mortalium
3281 5559 3524 5614 corpora
3552 5542 3717 5597 innu-

2012 5639 2183 5693 meris
2212 5639 2628 5695 calamitatibus
2652 5638 2900 5693 obnoxia
2931 5633 3284 5691 detrusisset.
3320 5634 3440 5700 Qua
3468 5634 3715 5689 difﬁcul-
