4048 6194
305 267 364 316 Ut
1533 260 1702 315 VlTA
1745 260 1796 314 S.
1860 258 2248 316 AUGUSTINI
2300 257 2638 312 EPISGOPI.
3759 253 3830 304 9'2

308 391 424 443 tate
453 403 582 442 cum
614 403 738 440 sese
783 385 1045 456 expedire
1089 389 1396 440 sectatores
1423 384 1578 440 illius
1607 401 1725 439 non
1753 388 2010 456 possent,

308 475 441 531 inde
467 493 526 530 se
546 475 821 530 divinitus
850 475 1211 529 admonitum
1239 474 1457 542 scribit,
1479 479 1542 528 ut
1561 475 1780 545 ejurato
1796 489 2010 537 errore,

308 566 377 620 ad
411 564 669 620 Ecclesite
720 565 894 618 tidem
935 580 993 617 se
1040 568 1397 618 converteret
1436 565 1652 632 (Contra
1705 565 2010 626 Fortunat,

308 655 515 725 disput.
549 658 602 714 2.
631 672 687 708 n.
721 655 836 722 37).
863 655 994 708 Erat
1026 653 1178 708 istud
1210 656 1553 724 perpetuum
1580 651 2014 705 validissimum-

309 760 419 814 que
467 743 720 798 Nebridii
761 747 1194 813 argumentum,
1232 741 1380 812 quod
1414 756 1592 794 unum
1620 739 1795 793 errori
1830 740 2010 809 repel-

307 832 478 886 lendo
503 833 634 886 satis
658 836 800 900 erat,
823 831 870 885 si
896 831 1030 884 satis
1049 829 1309 884 animum
1334 827 1685 882 advertisset.
1713 827 2016 892 Quaerebat

310 921 523 975 scilicet
553 927 752 975 acutus
782 921 1110 974 adolescens
1142 936 1172 970 a
1205 917 1545 978 Manicbazis,
1579 916 1718 988 quid
1749 921 1870 971 erat
1899 918 2013 970 Deo

312 1011 528 1065 factura
557 1026 696 1079 gens
736 1010 833 1062 illa
880 1008 1270 1071 tenebrarum,
1303 1022 1476 1076 quam
1505 1021 1572 1059 ex
1602 1006 1836 1060 adversa
1863 1007 2014 1060 mole

313 1100 561 1153 solerent
589 1113 900 1168 opponere,
936 1096 1020 1150 uti
1064 1095 1412 1166 principium
1442 1095 1597 1160 mali,
1631 1095 1678 1148 si
1708 1097 1855 1149 Deus
1883 1112 2014 1149 cum

314 1200 379 1236 ea
408 1197 666 1253 pugnare
695 1180 990 1234 noluisset.
1025 1179 1080 1234 Si
1109 1179 1263 1232 enim
1295 1179 1758 1249 responderetur,
1797 1179 2011 1250 aliquid

311 1271 487 1324 fuisse
539 1270 892 1335 nocituram;
924 1267 1212 1322 violabilis
1243 1270 1393 1322 Deus
1438 1272 1491 1322 et
1521 1267 1906 1338 corruptibilis
1938 1268 2017 1321 fo-

310 1365 400 1414 ret
445 1376 458 1413 :
523 1359 569 1412 si
601 1363 792 1413 autem
841 1357 986 1412 nihil
1027 1373 1154 1411 eam
1200 1373 1402 1411 nocere
1434 1357 1684 1427 potuisse
1713 1357 2010 1421 diceretur,

311 1449 469 1503 nulla
515 1448 817 1503 atlâ€˜erretur
857 1464 1028 1501 causa
1071 1446 1388 1517 pugnandi,
1421 1452 1474 1500 et
1503 1445 1580 1500 ita
1608 1447 1924 1517 pugnandi,
1955 1450 2018 1500 ut

316 1537 583 1609 quasdam
615 1537 800 1608 portio
840 1541 895 1590 et
924 1537 1249 1590 membrum
1281 1537 1366 1589 vel
1413 1536 1600 1606 proles
1626 1536 1695 1590 de
1733 1537 1856 1607 ipsa
1884 1536 2016 1589 sub-

317 1626 523 1680 stantia
554 1627 675 1690 Dei,
710 1625 902 1679 anima
942 1624 1175 1689 scilicet,
1215 1624 1549 1678 misceretur
1577 1624 1825 1679 adversis
1853 1629 2015 1694 pote-

321 1716 582 1780 statibus,
625 1721 682 1768 et
710 1731 824 1768 non
872 1731 902 1767 a
948 1715 1062 1767 Deo
1092 1713 1293 1767 creatis
1321 1713 1572 1779 naturis;
1603 1717 1774 1784 atque
1805 1714 1863 1767 in
1893 1718 2017 1768 tan-

317 1809 438 1858 tum
459 1804 528 1858 ab
551 1803 630 1857 eis
648 1807 1114 1873 corrumperetur
1133 1808 1186 1856 et
1201 1802 1722 1856 commutareturin
1743 1802 2014 1868 deterius,

317 1898 381 1946 ut
411 1909 443 1946 a
473 1891 828 1947 beatitudine
860 1892 917 1945 in
959 1890 1252 1945 miseriam
1283 1895 1617 1957 verteretur,
1649 1895 1707 1945 et
1734 1889 2020 1958 indigeret

312 1981 529 2036 auxilio
580 1997 692 2052 quo
739 1980 863 2034 erui
894 1981 1248 2051 purgarique
1296 1983 1486 2050 posset
1529 1979 1788 2050 (Confess.
1824 1981 1916 2034 lib.
1957 1983 2013 2045 7,

315 2087 436 2140 cap.
479 2073 534 2138 2,
566 2085 620 2123 n.
669 2069 741 2133 3).
799 2069 1060 2123 Movebat
1102 2084 1236 2122 eum
1286 2072 1588 2139 praeterea,
1619 2069 1766 2138 quod
1798 2069 2016 2123 nullam

313 2159 691 2214 substantiam
729 2157 947 2211 malum
981 2173 1103 2211 esse
1136 2173 1168 2210 a
1197 2156 1470 2228 quopiam
1503 2158 1786 2213 audierat.
1823 2159 2017 2228 Neque

313 2261 448 2299 vero
480 2246 633 2299 hunc
663 2245 997 2316 scrupulum
1025 2245 1150 2314 ejus
1179 2245 1371 2298 animo
1419 2245 1796 2299 amoliebatur
1836 2243 2018 2298 Mani-

313 2335 608 2388 chaeorum
647 2333 744 2387 ille
774 2335 1210 2403 antesignanus,
1243 2335 1341 2404 qui
1383 2334 1612 2404 egregie
1643 2334 2016 2404 quiestionem

315 2421 524 2492 puerili
569 2437 632 2475 ea
663 2421 1020 2475 cavillatione
1052 2420 1357 2476 dissolvere
1387 2438 1445 2474 se
1481 2423 1718 2492 putabat
1747 2439 1759 2476 :
1796 2422 2014 2488 Vellem,

313 2510 611 2582 inquiebat
640 2510 756 2577 ille,
800 2513 1132 2579 scorpionem
1173 2513 1231 2564 in
1262 2527 1425 2565 manu
1453 2512 1683 2565 hominis
1707 2527 1923 2580 ponere,
1953 2526 2017 2563 ac

312 2600 516 2669 videre,
549 2605 733 2654 utrum
757 2615 863 2655 non
884 2599 1224 2654 subtraheret
1250 2616 1468 2654 manum
1500 2615 1512 2653 :
1543 2600 1688 2669 quod
1715 2602 1764 2654 si
1791 2602 2014 2666 faceret,

312 2705 420 2743 non
447 2689 648 2749 verbis,
677 2689 773 2743 sed
801 2705 858 2742 re
896 2691 1020 2758 ipsa
1044 2691 1464 2754 conrinceretur,
1492 2691 1733 2757 aliquam
1762 2689 2017 2743 substan-

323 2781 454 2832 tiam
484 2779 688 2832 malum
718 2793 862 2843 esse;
883 2779 1100 2846 quando
1131 2777 1347 2846 quidem
1367 2778 1504 2832 illud
1534 2779 1740 2832 animal
1758 2793 1865 2832 esse
1894 2777 2019 2832 sub-

313 2869 577 2921 stantiam
595 2883 702 2921 non
723 2871 960 2935 negaret.
985 2867 1356 2936 ReSpondebat
1375 2883 1517 2935 ergo,
1539 2867 1619 2921 ait
1640 2867 2012 2936 Augustinus,

303 2957 600 3024 pueriliter
622 2957 830 3024 pueris.
855 2956 990 3020 Quis
1012 2957 1153 3008 enim
1179 2957 1486 3010 meliuscule
1505 2956 1739 3010 imbutus
1767 2960 1818 3010 et
1837 2957 2017 3010 erudi-

310 3050 418 3110 tus,
449 3061 555 3099 non
581 3044 766 3098 videat
790 3060 892 3114 per
921 3046 1407 3098 inconvenientiam
1436 3046 1732 3114 corporalis
1758 3050 2017 3114 tempera-

314 3136 479 3188 tionis
511 3135 620 3187 hac
665 3133 874 3200 laedere,
905 3149 968 3186 ac
996 3148 1190 3186 rursus
1211 3149 1314 3202 per
1339 3135 1760 3188 convenientiam
1787 3149 1894 3187 non
1923 3134 2014 3187 l2-

315 3223 460 3286 dere,
513 3237 652 3292 sape
680 3224 844 3274 etiam
869 3221 1145 3275 commoda
1172 3237 1277 3276 non
1302 3237 1481 3291 parva
1506 3225 1768 3289 conferre.
1799 3225 1934 3277 Nam
1967 3224 2017 3276 si

315 3309 460 3365 illud
487 3326 746 3364 venenum
769 3326 870 3380 per
897 3325 952 3363 se
980 3312 1159 3379 ipsum
1187 3312 1389 3364 malum
1417 3316 1570 3372 esset,
1603 3311 1842 3365 eumdem
1868 3327 2012 3366 scor-

321 3400 530 3468 pionem
558 3400 735 3465 magis
759 3400 1026 3468 priusque
1050 3402 1336 3468 perimeret
1367 3400 1458 3468 (De
1486 3399 1725 3454 Moribus
1754 3401 2012 3466 Manich.,

320 3504 378 3541 n.
417 3487 520 3558 lt).
553 3489 793 3559 Jamque
822 3504 888 3542 eo
908 3493 1143 3542 ventum
1165 3494 1306 3555 erat,
1336 3494 1400 3542 ut
1419 3487 1624 3558 placita
1649 3489 2016 3559 philosopho-

312 3593 463 3643 rum,
495 3577 658 3648 queis
677 3577 936 3631 animum
959 3577 1267 3648 diligenter
1287 3578 1630 3644 excoluerat,
1663 3577 2014 3650 longissimis

313 3665 755 3722 Manichaeorum
807 3665 1017 3721 fabulis
1049 3683 1166 3721 non
1197 3672 1553 3738 compararet
1583 3667 1790 3734 solum,
1823 3668 1920 3722 sed
1958 3672 2016 3721 et

311 3755 626 3810 anteferret
664 3755 930 3826 (Confess.
980 3755 1076 3809 lib.
1110 3759 1164 3824 5,
1193 3773 1314 3826 cap.
1366 3761 1418 3818 3,
1450 3773 1506 3810 n.
1542 3757 1614 3825 3).
1647 3756 1882 3811 Videbat
1908 3756 2014 3811 sci-

313 3845 444 3899 licet
490 3845 665 3899 homo
730 3844 1029 3914 perspicax
1080 3849 1343 3899 motuum
1401 3845 1717 3900 cmlestium
1775 3861 2011 3912 causas,

309 3931 808 4003 mquinoctiorum,
835 3933 1235 4001 solstitiorum,
1259 3933 1586 3988 defectuum
1609 3933 1858 4004 denique
1882 3935 2016 3988 solis

315 4037 378 4075 ac
407 4022 578 4086 lunae,
621 4021 802 4075 multo
834 4021 1041 4076 melius
1070 4037 1104 4075 a
1129 4021 1490 4092 philosophis
1521 4021 1810 4092 explicari,
1841 4039 2014 4094 quam

319 4127 353 4164 a
374 4109 680 4166 Manichaao
705 4126 718 4176 ;
761 4111 990 4165 tametsi
1021 4111 1069 4164 is
1103 4111 1162 4164 in
1194 4127 1320 4164 eam
1349 4127 1469 4166 rem
1502 4110 1889 4181 copiosissime
1918 4112 2016 4166 de-

311 4199 539 4254 lirasset
568 4199 756 4270 (lbid.,
788 4216 846 4255 n.
882 4200 958 4270 6).
989 4199 1257 4265 Quamvis
1279 4200 1432 4254 enim
1462 4217 1528 4254 ea
1557 4216 1750 4254 rerum
1779 4205 2016 4254 natura-

309 4289 454 4344 lium
505 4290 762 4360 cognitio
793 4305 907 4344 non
937 4289 1226 4360 pertineat
1261 4289 1328 4343 ad
1361 4305 1508 4343 vera!
1536 4289 1762 4360 pietatis
1789 4289 2015 4344 institu-

314 4378 533 4432 tionem
557 4395 570 4432 :
595 4378 751 4448 quod
771 4383 964 4432 tamen
982 4377 1322 4432 Manichaaus
1348 4379 1453 4432 hac
1469 4378 1526 4431 in
1543 4378 2018 4448 partefallebatur

315 4467 430 4521 sive
483 4466 731 4533 fallebat,
773 4466 948 4520 ï¬dem
997 4465 1512 4537 auctoritatemque
1541 4483 1771 4521 omnem
1802 4467 1861 4521 in
1884 4467 2018 4522 reli-

316 4555 446 4626 quis
476 4554 530 4609 ei
575 4555 906 4626 abrogabat.
942 4556 1068 4609 Non
1095 4553 1269 4610 dubia
1297 4555 1511 4626 quippe
1542 4555 1743 4610 exinde
1773 4556 2016 4627 suspicio

317 4643 707 4710 oboriebatur,
753 4659 884 4698 eum
931 4644 1114 4698 multo
1162 4643 1344 4714 magis
1373 4643 1432 4698 in
1463 4643 1634 4698 rebus
1664 4662 1698 4699 a
1725 4661 1892 4699 sensu
1923 4661 2012 4700 re-

317 4731 661 4787 motioribus
699 4733 1115 4803 pertractandis
1144 4732 1437 4800 aberrare;
1468 4748 1655 4804 neque
1685 4750 1858 4806 porro
1885 4750 2018 4789 eum

315 4837 450 4874 vera
479 4819 811 4892 sinceraque
841 4821 1121 4892 sapientia
1140 4822 1482 4877 instrurtum
1505 4838 1646 4890 esse,
1672 4823 1772 4893 qui
1801 4839 1868 4877 ea
1889 4839 2016 4894 quae

315 4925 430 4965 non
465 4909 855 4976 intellexisset,
882 4915 1098 4966 temere
1129 4911 1379 4966 doceret.
1411 4911 1635 4975 Quanto
1666 4927 1799 4966 vero
1826 4912 2017 4966 minus

313 4997 472 5055 credi
501 5002 745 5070 poterat,
765 5015 898 5054 eum
918 4999 1134 5070 Spiritu
1157 5000 1350 5056 divino
1376 4999 1580 5064 afflari,
1604 5005 1704 5055 aut
1726 5001 1880 5072 quod
1894 5001 2016 5073 ipse

321 5087 586 5144 omnium
618 5089 869 5143 maxime
917 5088 1234 5145 existimari
1263 5090 1549 5161 cupiebat,
1583 5090 1857 5161 Spiritum
1886 5107 2019 5145 san-

315 5183 474 5232 ctum
518 5177 856 5232 auctoritate
896 5178 1154 5248 plenaria
1183 5179 1561 5249 personaliter
1588 5178 1648 5233 in
1678 5196 1744 5234 eo
1771 5179 2018 5234 residere

317 5266 513 5336 (Ibid.,
553 5281 676 5337 cap.
713 5269 765 5331 5,
795 5282 852 5320 n.
903 5266 976 5336 8),
1008 5266 1109 5338 qui
1135 5266 1195 5320 in
1224 5266 1394 5321 rebus
1423 5268 1628 5340 cuique
1658 5268 2020 5324 mediocriter

316 5355 545 5410 erudito
595 5355 808 5427 perviis
837 5355 979 5410 adeo
1008 5356 1254 5426 turpiter
1280 5357 1716 5426 allucinabatur,
1746 5362 1808 5412 ut
1837 5373 2017 5412 caecu-

323 5443 431 5498 tire
475 5445 670 5514 potius
716 5461 889 5518 quam
935 5445 1179 5516 caligare
1207 5445 1534 5500 videretur?
1565 5447 1797 5502 Interim
1825 5447 1878 5501 ei
1901 5463 2019 5501 cre-

313 5531 450 5586 dere
485 5533 802 5604 jubebatur
841 5534 1216 5607 Augustiuus,
1259 5533 1368 5589 etsi
1397 5535 1479 5590 eis
1509 5535 1850 5606 rationibus,
1880 5552 2022 5606 quas

2128 387 2183 437 et
2209 381 2469 437 numeris
2513 383 2570 433 et
2613 378 2792 433 oculis
2832 376 2949 432 suis
2987 376 3308 447 exploratas
3337 375 3599 440 habebat,
3633 373 3830 428 neuti-

2127 489 2301 543 quam
2351 470 2712 524 cohwrerent
2756 466 3052 523 Manichaei
3090 465 3318 531 tabulas,
3352 464 3468 518 imo
3496 479 3728 535 prorsus
3759 463 3834 517 ab

2125 559 2207 614 eis
2259 560 2673 629 discreparent.
2728 557 2994 612 Nondum
3041 561 3234 609 tamen
3284 553 3417 608 satis
3453 557 3832 623 compererat,

2127 653 2326 702 utrum
2358 648 2530 702 etiam
2547 647 2858 701 secundum
2884 644 3176 700 Mauicbaei
3205 643 3396 706 verba,
3418 641 3835 696 vicissitudines

2125 737 2450 808 longiorum
2503 742 2559 791 et
2598 736 2924 790 breviorum
2965 734 3189 788 dierum
3235 737 3406 802 atque
3451 732 3728 798 noctium,
3778 735 3840 783 et

2126 827 2308 898 ipsius
2354 827 2536 881 noctis
2584 831 2640 879 et
2665 824 2800 891 diei,
2839 830 2896 878 et
2923 823 3172 894 deliquia
3205 822 3508 881 luminum,
3541 826 3599 875 et
3625 819 3839 891 siquid

2129 916 2409 988 ejusmodi
2461 915 2522 969 in
2554 914 2680 969 aliis
2712 913 2869 967 libris
2898 913 3134 982 legerat,
3165 915 3355 982 posset
3384 909 3586 980 exponi
3643 908 3837 978 (Ibid.,

2125 1024 2180 1061 Î·.
2232 1007 2308 1075 9).
2344 1007 2704 1075 Quapropter
2733 1002 3043 1056 adventum
3078 1000 3285 1067 Fausti,
3318 999 3417 1070 qui
3460 999 3836 1052 honestarum

2126 1095 2390 1148 omnium
2419 1093 2855 1163 disciplinarum
2886 1089 3270 1160 peritissimus
3297 1093 3354 1141 et
3382 1087 3641 1158 apprime
3671 1085 3844 1141 disci-

2125 1183 2301 1254 plinis
2335 1182 2666 1236 liberalibus
2714 1179 2973 1234 eruditus
3014 1178 3354 1242 habebatur,
3394 1175 3618 1230 ardenti
3645 1174 3843 1230 studio

2127 1271 2500 1343 exspectabat
2549 1270 2736 1339 (Ibid.,
2766 1285 2885 1339 cap.
2919 1271 2973 1336 6,
3005 1283 3062 1321 Î·.
3102 1267 3207 1335 tO).
3243 1265 3446 1321 Crateri
3475 1264 3628 1318 enim
3656 1264 3842 1319 Mani-

2127 1361 2273 1416 chaai
2321 1359 2606 1414 solvendis
2637 1359 2761 1428 ejus
2789 1354 3204 1428 questionibus
3235 1355 3504 1425 impares,
3546 1354 3696 1408 hunc
3724 1353 3846 1423 ipsi

2131 1451 2359 1506 assidue
2389 1449 2821 1520 promittebant,
2854 1445 3018 1515 cujus
3047 1445 3292 1498 adventu
3321 1444 3638 1514 collatoque
3667 1443 3848 1496 colto~

2136 1539 2294 1610 quio,
2325 1554 2442 1592 non
2467 1537 2651 1591 solum
2684 1551 2880 1590 omnes
2911 1550 3105 1589 rerum
3135 1533 3647 1588 astronomicarum
3673 1531 3844 1598 nodi,

2136 1629 2232 1684 sed
2284 1628 2456 1682 etiam
2507 1627 2876 1697 quicumque,
2924 1625 3008 1677 vel
3058 1624 3180 1677 istis
3219 1624 3386 1693 longe
3433 1621 3841 1685 intricatiores,

2127 1717 2314 1790 ipsius
2358 1717 2548 1770 animo
2588 1720 2820 1786 possent
2862 1729 3184 1782 occurrere,
3229 1709 3564 1782 planissime
3600 1709 3841 1781 expediâ€”

2128 1811 2343 1862 rentur.

2194 1898 2248 1950 4.
2308 1896 2546 1950 Faustus
2593 1891 2697 1946 iste
2761 1895 2930 1961 gente
2977 1890 3154 1957 Afer,
3204 1888 3430 1950 civitate
3481 1887 3846 1944 Milevitanus

2127 1985 2354 2055 (Contra
2393 1985 2674 2050 Faustum,
2725 1981 2820 2035 lib.
2869 1983 2919 2048 l,
2969 1995 3091 2050 cap.
3146 1979 3214 2047 l),
3268 1977 3507 2031 obscuro
3549 1981 3605 2030 et
3649 1991 3840 2045 egeno

2124 2079 2288 2146 patre
2310 2077 2478 2127 natus
2504 2071 2692 2140 (lbid.,
2718 2070 2812 2124 lib.
2834 2073 2887 2134 5,
2911 2085 3031 2138 cap.
3056 2067 3131 2138 5),
3156 2066 3596 2122 Manichaeorum
3621 2069 3839 2118 sectam

2126 2163 2443 2232 amplexus,
2489 2159 2641 2213 inter
2683 2176 2778 2212 eos
2808 2158 3061 2228 episcopi
3103 2173 3316 2210 nomen
3356 2155 3606 2209 obtinuit
3654 2154 3833 2223 (Con/1

2129 2252 2224 2305 lib.
2271 2254 2324 2319 5,
2361 2266 2482 2320 cap.
2527 2253 2578 2314 3,
2623 2265 2678 2303 n.
2722 2248 2792 2318 3).
2840 2247 3100 2302 Jactabat
3147 2263 3205 2300 se
3251 2245 3533 2300 dimisisse
3586 2248 3840 2314 patrem,

2129 2345 2395 2404 matrem,
2430 2353 2690 2403 uxorem,
2733 2336 2963 2403 liberos,
3015 2340 3072 2390 et
3099 2341 3304 2389 cratera
3333 2333 3549 2398 omnia,
3581 2349 3708 2404 qua:
3741 2333 3838 2385 lex

2127 2427 2451 2499 evangelica
2493 2426 2659 2496 jubet
2687 2425 3042 2495 relinquere;
3093 2440 3302 2478 aurum
3331 2428 3387 2477 et
3415 2428 3715 2493 argentum
3748 2437 3832 2474 re-

2118 2517 2343 2586 jecisse,
2391 2533 2467 2569 tes
2505 2515 2566 2568 in
2619 2513 2776 2568 zonis
2808 2530 2921 2567 non
2948 2513 3193 2578 habere;
3228 2529 3286 2566 se
3316 2511 3652 2582 quotidiano
3681 2526 3827 2564 con-

2124 2610 2350 2660 tentum
2396 2604 2544 2669 cibo,
2590 2604 2658 2658 de
2708 2603 2954 2658 crastino
2988 2618 3101 2656 non
3127 2617 3350 2667 curare,
3383 2616 3488 2654 nec
3517 2616 3637 2654 esse
3667 2598 3834 2652 solli-

2125 2695 2304 2749 citum
2356 2694 2508 2748 unde
2547 2697 2806 2747 ventrem
2839 2692 3128 2762 impleret,
3157 2695 3259 2745 aut
3285 2706 3492 2761 corpus
3521 2689 3776 2760 operiret
3816 2705 3831 2741 :

2126 2783 2374 2854 denique
2415 2799 2474 2836 se
2522 2798 2835 2853 pauperem
2875 2796 3019 2847 esse,
3071 2780 3294 2845 mitem,
3324 2778 3648 2849 paciï¬cum,
3679 2793 3835 2848 puro

2125 2873 2316 2939 corde,
2353 2873 2666 2942 lugentem,
2683 2870 3050 2933 esurientem,
3078 2869 3390 2932 sitientem,
3405 2866 3838 2938 persecutiones

2125 2967 2180 3016 et
2210 2962 2341 3016 odia
2368 2959 2743 3014 sustinentem
2774 2964 3009 3030 prepter
3024 2957 3332 3030 justitiam,
3362 2956 3726 3028 praedicabat.
3759 2957 3836 3008 At

2123 3051 2313 3105 notior
2358 3054 2482 3120 erat
2526 3048 2713 3104 Fausti
2765 3048 3056 3117 mollities,
3105 3047 3174 3100 iis
3216 3046 3466 3102 maxime
3493 3045 3593 3116 qui
3627 3047 3832 3100 Romm

2124 3139 2482 3195 familiariter
2510 3154 2576 3191 eo
2605 3136 2693 3190 usi
2716 3141 2924 3202 essent,
2955 3152 3126 3206 quam
3156 3141 3224 3189 ut
3249 3135 3420 3206 longa
3440 3133 3832 3188 confutatione

2124 3233 2342 3299 egeret.
2376 3227 2821 3298 Redarguebant
2835 3225 3050 3280 scilicet
3074 3225 3322 3279 hominis
3344 3223 3834 3278 inverecumdiam

2127 3316 2384 3373 delicatas
2414 3315 2526 3370 illa:
2545 3315 2759 3386 plumas
2786 3315 2998 3386 quibus
3041 3313 3444 3379 indormiebat,
3477 3311 3726 3384 caprina:
3756 3312 3839 3365 lo-

2127 3405 2280 3461 dices
2292 3405 2500 3477 quibus
2516 3404 2908 3475 operiebatur,
2921 3403 3256 3458 deliciarum
3275 3402 3521 3474 denique
3539 3399 3840 3456 afï¬‚uentia

2124 3495 2332 3561 omnis,
2366 3511 2480 3565 qua
2510 3510 2628 3547 non
2657 3493 2829 3548 modo
2860 3492 3250 3548 Mattariorum
3281 3491 3625 3545 severiorem
3657 3488 3837 3544 disci-

2124 3584 2362 3656 plinam,
2395 3582 2495 3636 sed
2526 3582 2697 3635 etiam
2719 3581 2955 3635 domum
2981 3581 3158 3651 patris
3178 3581 3264 3634 sui
3287 3580 3540 3634 hominis
3561 3577 3841 3650 pauperis

2125 3671 2434 3727 Milevitani
2479 3670 2733 3726 fastidire
2779 3670 3102 3724 videbatur.
3155 3671 3314 3724 Nunc
3341 3668 3497 3740 quod
3528 3669 3736 3723 attinet
3765 3666 3842 3720 ad

2123 3778 2251 3816 eam
2281 3765 2506 3832 partem
2528 3775 2691 3813 vanae
2712 3757 3252 3824 commendationis,
3281 3773 3397 3828 qua
3427 3772 3484 3810 se
3510 3755 3582 3809 ob
3610 3755 3842 3826 praesti-

2123 3854 2248 3904 tum
2278 3849 2503 3904 veritati
2534 3848 2937 3920 patrocinium,
2967 3846 3395 3918 persecutiones
3426 3850 3483 3900 et
3509 3844 3642 3899 odia
3671 3845 3842 3898 susti-

2127 3938 2314 3992 nuisse
2366 3925 2750 4010 glor'iabatur;
2784 3936 3131 3992 dissimulari
3179 3935 3412 4007 quidem
3457 3950 3573 3989 non
3621 3939 3837 4004 potest,

2125 4027 2250 4098 pios
2300 4026 2519 4098 aliquot
2550 4027 2702 4081 viros
2733 4027 3014 4080 haereseos
3043 4024 3325 4080 actionem
3367 4023 3451 4078 illi
3497 4022 3839 4088 intendisse,

2127 4132 2310 4188 eoque
2342 4115 2575 4170 nomine
2605 4115 2666 4169 in
2690 4115 2784 4186 jus
2803 4119 3086 4180 vocatum,
3116 4113 3554 4183 convictumque
3578 4116 3679 4165 aut
3707 4126 3842 4166 con-

2131 4206 2366 4270 fessum,
2403 4203 2706 4258 mitissima
2733 4220 2840 4275 pro
2874 4203 3091 4258 meritis
3120 4219 3310 4274 paena,
3340 4201 3421 4255 eis
3451 4200 3590 4272 ipsis
3611 4200 3715 4272 qui
3743 4217 3842 4254 voc

2131 4297 2404 4346 caverant
2445 4291 2751 4346 Catholicis
2773 4291 3286 4356 intercedentibus,
3320 4288 3380 4343 in
3407 4287 3718 4359 quamdam
3748 4286 3839 4340 in-

2133 4382 2315 4436 sulam
2371 4380 2655 4435 sententia
2700 4379 3058 4451 proconsulis
3101 4378 3354 4433 Africani
3379 4393 3508 4432 cum
3541 4374 3839 4430 nonnullis

2132 4471 2248 4526 suis
2309 4470 2640 4542 gregalibus
2685 4469 3052 4540 deportatum
3089 4483 3230 4532 esse,
3285 4467 3440 4522 unde
3487 4481 3600 4520 non
3649 4465 3838 4518 multo

2129 4565 2277 4632 post,
2294 4564 2357 4614 ut
2379 4564 2500 4613 erat
2517 4558 2679 4612 solita
2696 4574 2801 4629 per
2825 4558 2882 4612 id
2904 4562 3133 4628 tempus
3155 4573 3291 4627 erga
3321 4556 3620 4610 damnatos
3649 4553 3841 4607 indul-

2130 4649 2325 4720 gentia
2374 4647 2728 4720 principum,
2768 4651 3066 4700 revocatus
3113 4646 3220 4699 fuit
3274 4645 3496 4713 (Contra
3551 4645 3837 4708 Faustum,

2130 4739 2224 4793 lib.
2259 4741 2313 4803 5,
2346 4753 2505 4808 capp.
2545 4741 2598 4804 t,
2649 4740 2701 4802 5,
2737 4736 2793 4801 7,
2839 4736 2913 4805 8).
2968 4736 3033 4790 Et
3077 4734 3197 4788 haec
3241 4733 3478 4805 quidem
3524 4731 3838 4801 contigisse

2129 4827 2398 4881 videntur
2427 4827 2499 4880 ad
2531 4841 2746 4879 annum
2777 4823 3242 4878 trecentesimum
3275 4820 3688 4891 octogesimum
3710 4835 3840 4873 sex-

2131 4922 2275 4982 tum,
2300 4931 2432 4969 cum
2465 4915 2670 4985 ingens
2699 4913 3141 4968 Manichaeorum
3163 4909 3472 4965 multitudo
3487 4924 3679 4962 coram
3699 4909 3840 4962 Mes-

2133 5005 2294 5059 siano
2339 5003 2683 5075 proconsule
2711 5018 2939 5057 causam
2976 5001 3162 5056 dicere
3201 5000 3356 5072 jussa
3387 5002 3491 5064 est,
3523 5003 3719 5069 atque,
3752 4997 3839 5052 uti

2133 5092 2314 5147 videri
2339 5095 2548 5162 potest,
2583 5091 2652 5145 ab
2681 5107 2748 5144 eo
2778 5089 3064 5144 damnata.

2202 5185 2254 5236 5.
2299 5183 2370 5236 Ut
2401 5182 2642 5235 Faustus
2680 5179 2752 5233 ob
2778 5194 2964 5232 mores
2993 5193 3126 5232 suos
3158 5192 3275 5247 prae
3307 5176 3525 5231 caztcris
3555 5191 3668 5229 non
3689 5173 3836 5228 emi-

2126 5270 2326 5336 nebat;
2379 5269 2460 5324 sic
2500 5269 2628 5323 aliis
2657 5267 2980 5324 Manichaais
3009 5266 3269 5321 doctrina
3305 5270 3362 5320 et
3386 5263 3710 5320 eruditione
3739 5279 3836 5317 su-

2131 5358 2328 5428 perior
2355 5373 2472 5411 non
2501 5360 2642 5410 erat.
2692 5357 2833 5412 Nam
2865 5353 3126 5409 omnium
3151 5352 3476 5408 liberalium
3501 5349 3836 5422 disciplina-

2130 5462 2284 5510 rum,
2337 5450 2721 5518 praaterquam
2768 5444 3178 5516 grammaticae,
3226 5441 3383 5496 rudis
3430 5447 3604 5512 atque
3633 5456 3838 5511 expers

2130 5541 2282 5603 erat;
2319 5551 2561 5607 eamque
2590 5534 2796 5606 ipsam,
2830 5533 2891 5588 in
2921 5550 3035 5605 qua
3063 5532 3333 5587 excellere
3362 5530 3682 5596 videbatur,
3716 5545 3835 5584 non
