4048 6194
192 242 252 293 93
1691 242 1901 298 LIBER
1936 243 2212 300 PRIMUS.
3638 246 3706 297 94

186 361 490 433 quaesitam
521 377 586 416 ex
619 363 842 416 occulto
873 362 1061 433 aliquo
1090 378 1298 433 genere
1326 363 1664 432 litterarum,
1697 365 1791 419 sed
1822 366 1891 420 de

184 450 376 505 medio
407 455 698 521 sumptam
731 451 980 506 tenebat.
1016 453 1223 505 Verum
1246 451 1381 523 quia
1404 452 1575 506 Tullii
1604 453 1891 507 orationes

184 540 428 611 aliquot,
464 557 695 611 unaque
726 540 1099 611 paucissimos
1120 542 1346 595 Senecae
1368 541 1566 612 libros,
1590 547 1889 612 poetarum

181 630 355 684 etiam
390 630 695 694 nonnulla,
729 647 792 683 ac
820 629 866 682 si
896 646 1024 701 qua:
1056 634 1246 683 essent
1275 646 1308 683 a
1338 646 1455 684 suae
1487 636 1654 685 secta:
1684 634 1890 686 tracta-

180 719 402 772 toribus
440 720 732 789 eleganter
772 724 827 772 et
860 724 1055 773 ornate
1091 719 1321 789 scripta,
1371 720 1738 788 lectitaverat,
1786 736 1891 774 usu

180 814 354 878 atque
389 807 795 861 exercitatione
816 807 1083 861 continua
1112 824 1228 862 non
1254 808 1601 864 mediocrem
1624 809 1891 880 indeptus

179 900 297 949 erat
331 896 567 949 dicendi
603 896 947 962 facultatem,
981 913 1048 949 eo
1089 897 1157 950 ad
1198 896 1600 969 decipiendum
1632 898 1890 951 incautos

178 986 488 1055 aptiorem,
522 1001 635 1055 quo
664 1000 877 1054 magna
915 984 1093 1038 animi
1130 986 1519 1040 moderatione
1558 992 1616 1041 et
1644 988 1891 1041 naturali

176 1074 428 1144 quodam
478 1075 669 1144 lepore
730 1074 1104 1128 condiebatur
1167 1077 1339 1140 (Conf.
1392 1076 1485 1129 lib.
1551 1079 1599 1142 5,
1653 1092 1772 1145 cap.
1834 1081 1887 1142 6,

176 1181 223 1216 η.
258 1167 371 1230 Η).
408 1163 660 1216 Tametsi
699 1162 853 1216 enim
892 1164 1071 1217 serius
1115 1164 1183 1217 ad
1221 1164 1444 1219 dicendi
1482 1169 1665 1219 artem
1704 1181 1887 1237 acces-

179 1252 370 1313 sisset;
402 1256 472 1305 ut
501 1257 623 1305 erat
649 1257 841 1306 tamen
880 1252 1111 1322 ingenio
1142 1269 1271 1307 acer
1305 1259 1360 1307 et
1397 1254 1633 1307 callidus
1674 1256 1890 1323 (Contra

178 1342 465 1403 Faustum,
503 1340 596 1393 lib.
629 1344 720 1408 21,
752 1356 871 1409 cap.
917 1344 1020 1409 10),
1056 1341 1213 1395 vultu
1249 1342 1318 1395 ad
1359 1341 1695 1395 modestiam
1731 1359 1887 1396 com-

174 1429 388 1499 posito,
420 1428 653 1499 eloquio
694 1429 845 1483 dulci
886 1446 949 1483 ac
984 1430 1195 1484 blando
1236 1432 1406 1501 (Conf.
1443 1432 1535 1486 lib.
1585 1436 1636 1498 5,
1679 1447 1795 1501 cap.
1832 1436 1884 1498 6,

174 1534 221 1570 τι.
262 1519 375 1585 t0),
411 1517 675 1586 vulgaria
705 1533 949 1588 quaeque
978 1534 1043 1571 ac
1071 1518 1205 1573 trita
1229 1521 1409 1573 multo
1430 1520 1656 1573 suavius
1677 1521 1887 1574 multo-

170 1623 277 1676 que
299 1606 620 1675 jucundius
648 1606 956 1675 garriebat.
981 1607 1063 1661 Ob
1085 1624 1213 1661 eam
1234 1607 1746 1678 suaviloquentiam
1771 1623 1887 1660 non

168 1695 372 1765 paucis
388 1711 638 1765 magnus
658 1695 871 1748 diaboli
889 1697 1122 1766 laqueus
1145 1696 1359 1751 exstitit
1378 1695 1855 1766 Catholicis(lbid.
1869 1735 1885 1762 ,

165 1799 289 1852 cap.
330 1785 384 1849 3,
431 1799 492 1836 η.
537 1783 617 1851 3);
650 1783 881 1854 suisque
924 1784 1106 1837 multo
1154 1783 1433 1837 maximus
1482 1783 1754 1854 magister
1803 1786 1887 1835 est

166 1873 422 1936 habitus,
459 1872 670 1943 quibus
708 1888 776 1926 eo
817 1872 1040 1943 sapiens
1070 1888 1133 1925 ac
1171 1874 1443 1943 prudens,
1486 1890 1600 1944 quo
1640 1873 1886 1927 disertus

166 1967 342 2033 atque
394 1962 679 2033 eloquens
734 1961 1048 2016 videbatur.
1112 1962 1206 2016 His
1251 1962 1710 2033 quibuscumque
1766 1963 1883 2017 elo-

166 2051 426 2123 quentiae
475 2050 759 2122 praesidiis
798 2050 1129 2117 instructus,
1174 2050 1381 2105 librum
1430 2052 1675 2107 scribere
1714 2069 1885 2106 ausus

166 2148 272 2207 est,
329 2156 453 2212 quo
503 2140 808 2194 adversum
860 2141 1065 2211 Legem
1122 2145 1177 2194 et
1226 2141 1534 2210 Proluhetas
1582 2146 1632 2195 et
1684 2158 1882 2196 eorum

168 2232 377 2297 Deum,
432 2233 491 2283 et
560 2229 1014 2283 Incarnationem
1082 2228 1290 2283 Christi
1359 2230 1552 2300 lingua
1612 2231 1883 2300 sacrilega

163 2319 345 2389 impie
394 2318 692 2373 invehitur
722 2335 736 2372 :
771 2335 834 2371 ac
885 2334 956 2371 ne
1001 2318 1306 2389 Scripturis
1355 2319 1491 2372 Novi
1535 2319 1883 2373 Tcstamenti

164 2408 520 2474 revincatur,
557 2425 651 2461 eas
690 2424 919 2479 quoque
948 2408 1175 2462 falsatas
1207 2424 1330 2462 esse
1362 2408 1449 2461 his
1480 2408 1637 2475 locis,
1673 2409 1882 2478 quibus

166 2496 484 2569 praepediri
558 2513 617 2551 se
683 2513 845 2567 posse
907 2496 1096 2563 sentit,
1155 2495 1525 2566 praeﬁdenter
1579 2502 1876 2552 asseverat.

164 2590 307 2642 Cum
359 2590 563 2640 autem
608 2586 754 2640 liber
796 2584 856 2638 in
910 2585 1212 2656 Augustini
1258 2601 1463 2639 manus
1513 2586 1881 2656 pervenisset,

164 2692 296 2730 eum
337 2675 621 2729 continuo
670 2674 740 2729 de
780 2675 1061 2733 verboad
1102 2674 1338 2728 verbum
1378 2674 1732 2729 confutavit:
1767 2693 1880 2747 quo

162 2765 380 2818 factum
404 2770 495 2818 est
519 2768 587 2819 ut
606 2764 876 2818 eumdem
908 2764 1117 2817 librum
1149 2764 1320 2818 etiam
1343 2780 1491 2818 nunc
1518 2764 1877 2820 haberemus.

167 2854 241 2907 En
258 2852 454 2924 qualis
475 2856 799 2923 quantusve
814 2852 984 2905 fuerit
1003 2852 1492 2906 nominatissimus
1512 2853 1604 2906 ille
1620 2854 1879 2919 Faustus,

164 2958 336 3013 quem
378 2940 743 3012 Augustinus
781 2946 903 2995 toto
942 2941 1121 2995 ferme
1164 2942 1449 2995 novennio
1492 2941 1633 2996 adeo
1678 2944 1881 3013 cupide

163 3029 535 3101 exspectavit,
568 3030 827 3083 futurum
860 3046 1114 3101 sperans,
1149 3032 1210 3083 ut
1246 3030 1293 3083 is
1331 3046 1504 3101 quem
1534 3031 1710 3085 veluti
1740 3033 1879 3087 cmlo

161 3120 469 3190 delapsum
493 3118 795 3173 hominem
820 3119 1179 3173 celebrabant
1202 3119 1520 3188 Manichaei,
1548 3121 1879 3191 scrupulum

161 3226 419 3278 omnem,
469 3225 588 3279 quo
637 3208 857 3262 dudum
906 3207 1288 3278 pangebatur,
1340 3208 1533 3261 animo
1589 3209 1875 3263 evelleret.

160 3298 315 3362 Quod
345 3296 593 3369 quidem
622 3297 803 3350 multo
834 3295 1050 3351 felicius
1075 3296 1338 3368 contigit,
1367 3313 1541 3367 quam
1573 3297 1642 3351 ab
1674 3314 1740 3351 eo
1773 3314 1880 3368 pu-

162 3388 435 3441 tabatur:
486 3385 585 3440 ille
627 3385 783 3440 enim
827 3385 949 3456 ipse
990 3388 1248 3453 Faustus,
1296 3389 1392 3455 qui
1429 3388 1614 3441 multis
1656 3388 1878 3455 laqueus

164 3478 352 3530 mortis
385 3477 626 3541 exstitit,
648 3474 858 3546 inquit,
880 3488 1071 3541 meum,
1096 3492 1199 3544 quo
1226 3480 1416 3544 captus
1437 3491 1604 3542 eram,
1629 3466 1880 3530 reltware

156 3565 274 3633 jam
303 3568 562 3633 coeperat,
594 3580 685 3617 nec
706 3566 907 3630 volens,
935 3581 1029 3620 nec
1049 3567 1218 3619 sciens
1246 3565 1429 3635 (lbid.,
1459 3581 1578 3633 cap.
1602 3569 1658 3628 7,
1680 3581 1737 3619 η.
1770 3567 1874 3634 13).

230 3658 283 3709 6.
324 3654 459 3707 Jam
500 3654 736 3706 Faustus
777 3653 1181 3724 Carthaginem
1209 3658 1462 3720 venerat,
1491 3670 1617 3707 cum
1651 3656 1876 3723 Augus-

165 3741 316 3796 tinus
368 3757 595 3795 annum
645 3741 828 3794 aetatis
876 3748 1069 3811 ageret
1109 3741 1654 3811 undetrigesimum,
1705 3758 1878 3812 quem

164 3831 350 3885 idibus
395 3829 726 3884 novembris
766 3846 917 3885 anno
972 3831 1179 3886 Christi
1219 3830 1612 3885 trecentesimo
1643 3837 1875 3902 octoge-

164 3919 305 3974 simo
337 3920 598 3973 secundo
626 3918 851 3973 inierat.
890 3921 955 3973 Et
985 3920 1032 3973 si
1063 3936 1194 3973 vero
1226 3937 1398 3991 quam
1429 3920 1524 3973 ille
1555 3920 1623 3974 de
1654 3936 1711 3973 se
1740 3937 1876 3974 con-

162 4008 362 4063 citarat
391 4008 899 4079 exspectationem,
931 4009 1085 4063 haud
1124 4008 1283 4062 omni
1312 4025 1377 4062 ex
1402 4013 1562 4075 parte
1593 4009 1874 4064 sustinere

161 4097 431 4168 tuerique
468 4101 687 4168 posset;
722 4102 843 4151 erat
883 4097 935 4151 ei
964 4102 1157 4152 tamen
1202 4098 1530 4168 eloquentia
1562 4098 1728 4152 fama:
1759 4115 1875 4152 non

159 4186 372 4256 impar,
405 4200 523 4256 qua
553 4201 612 4239 se
652 4202 884 4257 quoque
930 4185 1118 4256 primo
1149 4186 1349 4240 auditu
1394 4203 1743 4258 magnopere
1775 4186 1873 4241 de-

158 4276 437 4329 lectatum
473 4274 645 4328 fuisse
686 4291 802 4328 non
836 4274 1113 4329 difﬁtetur
1148 4274 1521 4345 Augustinus.
1556 4276 1875 4331 Delectabar

159 4367 359 4428 autem,
393 4362 498 4429 ait,
524 4367 575 4416 et
603 4377 722 4416 cum
760 4363 968 4431 multis,
1000 4364 1085 4417 vel
1114 4364 1279 4417 etiam
1314 4378 1432 4431 pra:
1467 4364 1653 4417 multis
1683 4364 1875 4417 lauda-

160 4450 283 4505 bam
309 4467 373 4505 ac
403 4450 690 4519 efferebam
724 4451 908 4520 (Ibid.,
941 4467 1062 4521 cap.
1101 4454 1153 4519 6,
1184 4468 1241 4505 n.
1279 4451 1385 4522 Η).
1417 4451 1777 4523 Quanquam,
1813 4456 1875 4506 ut

159 4544 281 4593 erat
320 4556 524 4611 aequus
554 4556 747 4594 rerum
796 4540 1128 4605 aestimator,
1161 4541 1396 4595 uberem
1436 4540 1595 4594 illam
1646 4540 1873 4595 dicendi

159 4628 517 4696 facultatem,
542 4645 715 4701 quam
734 4629 954 4683 meritis
973 4629 1233 4683 laudibus
1254 4629 1730 4700 prosequebatur,
1754 4630 1871 4684 acri

154 4720 375 4789 judicio
406 4720 478 4775 ab
507 4736 702 4775 rerum
728 4720 967 4775 veritate
997 4720 1362 4774 discerneret.
1396 4720 1623 4775 Moleste
1654 4720 1871 4775 interea

160 4810 402 4876 ferebat,
426 4811 646 4865 nullam
677 4810 784 4866 sibi
815 4826 937 4863 esse
968 4809 1213 4880 copiam,
1244 4809 1535 4863 hominem
1558 4810 1784 4880 publica
1809 4811 1870 4864 in

159 4896 437 4951 concione
463 4897 749 4952 dicentem
790 4898 1217 4969 interpellandi,
1253 4903 1424 4970 atque
1465 4898 1697 4953 alternis
1739 4916 1869 4954 cum

158 5000 225 5038 eo
256 4985 621 5041 familiariter
661 4987 997 5054 disserendi,
1024 5005 1137 5060 quo
1170 4988 1498 5043 oborientes
1536 4988 1730 5043 animo
1767 4989 1869 5044 dif—

156 5072 440 5130 ﬁcultates
463 5075 705 5131 invicem
727 5082 1074 5132 excuterent.
1102 5078 1242 5132 Cum
1266 5076 1518 5148 primum
1542 5094 1675 5131 vero
1696 5078 1867 5149 hujus

154 5181 277 5219 sese
315 5165 477 5220 dedit
515 5167 939 5237 opportunitas,
971 5166 1136 5221 illum
1177 5182 1307 5221 cum
1345 5166 1722 5221 familiaribus
1753 5167 1867 5221 suis

151 5253 428 5326 frequens
458 5255 745 5320 convenit,
780 5272 991 5327 eosque
1021 5256 1320 5326 scrupulos
1350 5255 1450 5326 qui
1479 5272 1536 5309 se
1567 5261 1862 5326 angerent,

151 5359 284 5398 cum
327 5361 396 5398 eo
439 5345 909 5399 communicavit.
948 5346 1178 5413 Protuti,
1218 5344 1427 5415 inquit,
1460 5346 1707 5413 quaedam
1748 5362 1865 5415 quae

150 5450 231 5487 me
270 5435 605 5490 movebant:
644 5439 903 5503 expertus
940 5450 1056 5489 sum
1091 5436 1248 5504 prius
1286 5434 1551 5488 hominem
1591 5440 1863 5504 expertem

2004 366 2311 421 liberalium
2358 366 2796 436 disciplinarum,
2833 366 2945 419 nisi
2983 366 3365 432 grammaticae,
3398 366 3563 433 atque
3592 364 3706 432 ejus

2003 458 2177 525 ipsius
2204 458 2406 510 usitato
2452 456 2606 510 modo
2652 455 2826 524 (Conf.
2861 455 2956 508 lib.
3005 457 3057 521 5,
3100 469 3219 522 cap.
3255 456 3309 520 6,
3351 468 3404 506 η.
3453 451 3560 521 tl).
3598 452 3705 505 De-

2002 544 2247 614 speratio
2280 544 2484 599 exinde
2520 543 2741 613 ingens,
2775 543 2893 596 fore
2932 557 3189 611 unquam
3228 546 3294 594 ut
3334 541 3569 593 Faustus
3608 555 3706 592 eos

2003 633 2181 687 animi
2216 638 2406 699 aestus,
2449 633 2657 704 quibus
2702 631 3001 685 laborabat
3044 629 3419 699 Augustinus,
3464 627 3703 693 sedaret,

2002 727 2100 776 aut
2128 723 2311 777 nodos
2351 722 2730 793 qumstionum
2763 721 2971 791 quibus
3012 718 3479 789 praepediebatur
3519 717 3704 770 exsol-

2002 816 2174 865 veret.
2216 811 2593 865 Vehementer
2631 809 2842 863 scilicet
2870 809 3151 879 cupiebat,
3187 806 3437 860 rationes
3478 806 3703 859 mathe-

2001 901 2255 968 maticas,
2273 916 2412 970 quas
2433 899 2661 970 quidem
2687 898 2744 952 in
2768 898 3244 969 philosophorum
3273 892 3705 949 commentariis

2000 988 2248 1057 legisset,
2280 1005 2408 1042 cum
2449 988 2517 1042 iis
2552 1005 2679 1058 qua:
2721 987 3013 1041 Manichzei
3052 985 3211 1039 libris
3243 982 3701 1047 continebantur,

2000 1077 2280 1143 conferre,
2326 1078 2730 1147 explanarique
2775 1075 2885 1130 sibi
2928 1091 3000 1128 an
3043 1079 3232 1127 motus
3272 1073 3524 1127 caelestes
3564 1086 3701 1123 con-

2001 1166 2401 1237 versionesque
2458 1166 2728 1229 siderum,
2783 1181 2944 1234 aeque
3001 1167 3153 1215 certo
3213 1178 3277 1215 ex
3330 1159 3481 1213 illitis
3535 1162 3700 1212 sectae

2000 1253 2267 1324 opinione
2307 1260 2477 1324 atque
2517 1271 2581 1307 ex
2623 1255 3041 1320 astrologorum
3088 1250 3388 1320 disciplina
3428 1246 3697 1318 explicari

1996 1348 2245 1414 possent.
2279 1344 2386 1398 Sed
2415 1344 2485 1397 ad
2516 1360 2581 1396 ea
2612 1359 2742 1397 cum
2774 1344 3004 1395 ventum
3036 1344 3201 1404 esset,
3238 1341 3473 1393 Faustus
3505 1335 3698 1391 tenui-

1998 1433 2128 1486 tatis
2170 1449 2288 1486 suze
2319 1431 2594 1485 conscius.
2636 1447 2720 1497 ac,
2759 1429 2913 1501 quod
2952 1428 3121 1481 habet
3156 1424 3531 1496 Augustinus,
3579 1438 3695 1476 non

1997 1538 2411 1593 usquequaque
2452 1520 2772 1591 imperitus,
2814 1516 3124 1589 imperitia:
3173 1532 3289 1569 suae
3338 1512 3588 1567 modeste
3641 1527 3697 1565 se

1997 1611 2304 1676 excusavit,
2330 1626 2517 1680 neque
2548 1607 2949 1679 disputationis
2978 1607 3162 1659 aleam
3186 1603 3375 1657 subire
3399 1618 3569 1655 ausus
3592 1603 3695 1654 est.

1997 1698 2221 1752 Gratior
2263 1698 2372 1751 fuit
2410 1703 2580 1768 atque
2618 1696 2901 1765 acceptior
2937 1692 3258 1764 Augustino
3300 1690 3555 1744 modesta
3577 1688 3699 1758 h_i|la

1997 1787 2291 1853 confessio,
2326 1803 2499 1857 quam
2538 1786 2778 1839 aliorum
2820 1784 3073 1851 eiusdem
3111 1786 3276 1835 secta:
3316 1776 3697 1833 inverecunda

1994 1877 2307 1946 temeritas,
2338 1875 2667 1929 conantium
2708 1891 2773 1927 ea
2815 1874 3016 1926 docere
3062 1886 3190 1941 qua:
3233 1868 3545 1922 nescissent
3592 1881 3699 1918 un-

1996 1981 2186 2036 quam.
2217 1965 2394 2028 Quam
2426 1962 2603 2017 animi
2644 1961 3096 2015 moderationem
3126 1958 3185 2011 in
3216 1956 3436 2011 caeteris
3466 1969 3695 2024 quoque

1996 2053 2385 2108 subtilioribus
2426 2069 2488 2107 ac
2534 2050 2951 2106 difﬁcilioribus
2998 2045 3414 2119 q'uzestionibus
3466 2058 3584 2113 prae
3634 2057 3694 2094 se

1994 2144 2146 2210 tulit,
2179 2147 2619 2213 constanterque
2654 2140 2895 2196 retinuit
2936 2140 3200 2203 Faustus;
3234 2135 3481 2204 indeque
3511 2130 3693 2184 multo

1994 2232 2121 2303 plus
2150 2231 2346 2303 gratias
2367 2230 2493 2285 iniit
2515 2231 2585 2285 ab
2613 2230 2812 2284 eodem
2834 2226 3172 2299 Augustino,
3200 2241 3373 2296 quam
3395 2224 3441 2277 si
3463 2223 3547 2276 vel
3570 2236 3697 2292 gar-

1991 2323 2119 2375 rula
2148 2322 2487 2392 loquacitate
2518 2318 2811 2376 Manichaai
2840 2316 3147 2372 mendaciis
3178 2314 3293 2368 veri
3331 2313 3579 2384 speciem
3605 2311 3694 2365 in-

1994 2411 2229 2477 duisset,
2288 2414 2386 2464 aut
2442 2410 2612 2463 etiam
2670 2406 3028 2480 inquisitioni
3083 2405 3253 2475 plane
3308 2400 3687 2457 satisfecisset.

1994 2500 2289 2554 Pulchrior
2335 2499 2491 2553 enim
2538 2504 2685 2552 recte
2728 2495 3003 2567 judicanti
3050 2494 3352 2549 videbatur
3398 2507 3463 2546 ea
3514 2489 3692 2543 animi
3746 2561 3755 2568 α

1992 2589 2393 2659 temperantia,
2427 2604 2601 2660 quam
2630 2587 2765 2658 ipsa
2800 2602 2995 2640 rerum
3031 2584 3099 2638 de
3140 2582 3346 2654 quibus
3377 2579 3689 2651 quaerebat,

1994 2682 2189 2747 aperta
2218 2678 2466 2747 cognitio
2499 2677 2679 2748 (Ibid.,
2712 2692 2832 2746 cap.
2861 2680 2913 2739 7,
2946 2690 3004 2728 η.
3050 2676 3153 2737 12).
3187 2671 3448 2727 Ofﬁciose
3482 2668 3690 2723 nihilo-

1993 2767 2184 2822 minus
2214 2773 2383 2838 atque
2409 2766 2739 2821 humaniter
2772 2766 2973 2819 Fausto
3005 2778 3224 2816 morem
3254 2776 3456 2830 gerens
3486 2761 3686 2827 Augu-

1993 2856 2193 2923 stinus,
2225 2861 2322 2910 aut
2352 2871 2481 2909 cum
2521 2872 2587 2908 eo
2628 2852 2984 2907 familiariter
3013 2851 3082 2903 de
3114 2854 3233 2903 arte
3265 2847 3545 2901 rhetorica
3575 2845 3693 2898 dis-

1992 2950 2218 3016 ceptare
2247 2944 2435 3015 coepit,
2469 2949 2565 2997 aut
2605 2942 2839 2995 insimul
2869 2942 3057 3009 legere
3092 2954 3222 3008 qua:
3264 2936 3357 2989 ille
3397 2935 3457 2988 in
3494 2933 3694 3004 primis

1992 3034 2187 3089 audire
2218 3037 2463 3104 optaret,
2495 3036 2593 3086 aut
2629 3047 2759 3102 qua:
2796 3026 3175 3099 ejus'ingenii
3224 3022 3476 3079 facultati
3506 3022 3689 3092 magis

1992 3139 2306 3193 congruere
2335 3122 2441 3176 sibi
2469 3121 2820 3175 viderentur.
2856 3116 3143 3173 Deferbuit
3171 3113 3411 3169 subinde
3436 3111 3688 3166 studium

1990 3213 2133 3267 illud
2162 3213 2386 3284 ingens,
2417 3228 2530 3283 quo
2560 3212 2900 3282 ﬂagraverat
2928 3206 2989 3260 in
3028 3203 3323 3261 Manichaei
3353 3201 3691 3268 doctrinam,

1992 3301 2293 3373 omnisque
2339 3300 2493 3355 illico
2542 3315 2671 3369 spes
2718 3296 2965 3351 concidit
3008 3293 3476 3365 reperiendorum
3518 3290 3579 3343 in
3623 3305 3691 3342 ea

1990 3399 2139 3445 secta
2161 3390 2484 3455 hominum,
2507 3388 2608 3460 qui
2632 3404 2728 3442 eas
2751 3385 3095 3457 quaestiones
3122 3384 3457 3449 enodarent,
3483 3380 3697 3463 quibus

1989 3478 2271 3533 solvendis
2308 3476 2783 3533 celebratissimus
2822 3475 2919 3529 ille
2958 3474 3191 3527 Faustus
3228 3472 3415 3541 impar
3453 3469 3678 3523 fuisset.

1989 3568 2372 3632 Quamobrem
2400 3582 2467 3619 eo
2507 3565 2756 3635 cognito,
2789 3578 3022 3617 omnem
3060 3562 3121 3615 in
3163 3577 3231 3614 ea
3269 3558 3474 3614 haeresi
3512 3557 3684 3627 proﬁ-

1988 3656 2174 3710 ciendi
2193 3670 2385 3710 curam
2412 3652 2637 3724 abjecit.
2668 3652 3003 3707 Fluctuabat
3029 3650 3221 3704 animo
3252 3645 3685 3701 cunctabundus

1987 3746 2048 3800 in
2075 3746 2275 3800 eodem
2302 3744 2421 3798 luto
2451 3742 2739 3808 haesitans,
2768 3757 2949 3811 eaque
2971 3738 3253 3794 cunctatio
3284 3734 3547 3807 majorin
3569 3732 3688 3787 dies

1988 3833 2372 3901 oboriebatur,
2395 3848 2461 3885 ex
2493 3847 2606 3903 quo
2629 3832 2865 3885 Faustus
2894 3828 3122 3900 copiam
3152 3826 3237 3881 illi
3260 3825 3468 3880 fecerat
3493 3837 3685 3877 secum

1988 3922 2367 3993 colloquendi,
2418 3937 2604 3992 neque
2646 3936 2817 3991 porro
2866 3916 3280 3989 exspectationi
3315 3913 3691 3984 responderat

1990 4016 2078 4085 (De
2110 4014 2351 4067 Utilitate
2370 4010 2710 4076 crededendi,
2736 4026 2792 4063 η.
2817 4010 2925 4078 20).
2948 4011 3135 4078 Atque
3156 4006 3277 4059 haec
3300 4002 3479 4058 videri
3501 4007 3683 4072 potest

1986 4107 2139 4157 meta
2168 4116 2375 4155 novem
2413 4101 2641 4154 illorum
2680 4113 2967 4152 annorum
2997 4096 3205 4167 quibus
3235 4091 3556 4149 Manichzeis
3586 4091 3685 4144 ad-

1983 4187 2215 4242 haesisse
2240 4205 2297 4242 se
2327 4188 2540 4251 scribit,
2564 4187 2648 4241 uti
2675 4204 2709 4241 a
2738 4186 2904 4240 nobis
2931 4184 3189 4257 superius
3218 4182 3574 4237 observatum
3603 4185 3689 4233 est

1985 4277 2205 4349 (Supra,
2237 4293 2357 4347 cap.
2393 4281 2444 4338 6,
2483 4294 2577 4331 nn.
2609 4279 2663 4343 4,
2712 4277 2787 4346 5).
2820 4277 3161 4345 Quanquam
3199 4272 3258 4325 id
3298 4270 3479 4324 aetatis
3528 4269 3682 4323 haud

1985 4367 2220 4420 omnino
2248 4383 2308 4422 se
2338 4368 2409 4422 ab
2448 4383 2648 4421 eorum
2687 4366 2955 4421 societate
2993 4359 3306 4433 sejunxerit
3337 4376 3350 4413 :
3394 4359 3498 4415 Sed
3527 4359 3689 4427 quasi

1982 4457 2170 4511 metius
2200 4457 2502 4525 quidquam
2529 4472 2634 4511 non
2654 4457 2949 4518 inveniens,
2980 4450 3187 4522 inquit,
3212 4464 3269 4503 eo
3290 4463 3393 4517 quo
3412 4448 3534 4516 jam
3560 4463 3686 4517 quo-

1984 4562 2086 4614 quo
2117 4547 2269 4600 modo
2298 4548 2595 4611 irrueram,
2633 4549 2905 4598 contentus
2944 4541 3161 4595 interim
3188 4553 3298 4591 esse
3326 4536 3681 4603 decreveram,

1980 4638 2092 4689 nisi
2122 4636 2339 4704 aliquid
2374 4638 2517 4701 forte
2540 4634 2691 4704 quod
2724 4635 2897 4698 magis
2932 4628 3237 4697 eligendum
3276 4631 3410 4681 esset
3438 4628 3681 4681 eluceret.

1983 4722 2241 4793 (Confess.
2277 4723 2370 4777 tib.
2405 4726 2457 4788 5,
2489 4738 2608 4791 cap.
2640 4724 2696 4788 ‘7,
2728 4736 2781 4773 η.
2819 4722 2917 4788 13).
2945 4718 3033 4772 Sic
3062 4716 3253 4770 animo
3278 4715 3511 4769 affectus
3541 4717 3684 4777 erat,

1981 4828 2111 4865 cum
2132 4811 2326 4865 relicta
2346 4810 2533 4865 Africa
2555 4811 2793 4864 Romam
2812 4807 3094 4878 petiturus
3110 4805 3333 4871 trajecit
3349 4804 3407 4857 in
3430 4801 3680 4856 Italiam:

1978 4901 2136 4973 quod
2160 4900 2271 4955 iter
2299 4916 2427 4954 cum
2461 4900 2652 4954 statim
2686 4898 2755 4952 ab
2794 4896 2987 4951 habito
3022 4910 3153 4949 cum
3186 4895 3391 4948 Fausto
3420 4907 3683 4946 sermone

1979 4994 2387 5045 commemorat
2407 4990 2586 5053 (Ibid.,
2614 5003 2734 5056 cap.
2769 4989 2821 5052 8,
2849 5002 2906 5039 η.
2939 4985 3046 5055 14),
3070 4982 3322 5038 indicare
3352 4980 3597 5047 videtur,
3625 4978 3680 5033 id

1978 5095 2036 5133 se
2053 5095 2203 5133 anno
2222 5078 2404 5133 aetatis
2425 5094 2541 5130 sua:
2562 5076 2838 5147 vigesimo
2864 5090 3016 5128 nono
3033 5076 3321 5143 vergente,
3345 5086 3450 5142 per
3474 5070 3681 5122 littera-

1976 5168 2091 5222 rias
2137 5167 2375 5221 forsitan
2418 5164 2673 5219 inducias
2718 5164 2855 5219 anni
2905 5160 3297 5218 trecentesimi
3344 5154 3677 5227 octogesimi

1975 5256 2148 5323 tertii,
2182 5256 2492 5325 suscepisse
2526 5270 2538 5308 :
2573 5269 2884 5325 quanquan
2915 5268 3111 5307 revera
3140 5249 3287 5305 nihil
3317 5248 3502 5302 obstet
3530 5260 3673 5315 quo-

1977 5346 2165 5400 minus
2186 5348 2508 5414 susceptum
2533 5343 2600 5397 ab
2631 5343 2756 5413 ipso
2784 5342 2888 5397 sub
2910 5341 3210 5396 ineuntem
3239 5338 3392 5391 hunc
3408 5333 3676 5389 eumdem

1975 5450 2193 5489 annum
2223 5432 2427 5489 Christi
2455 5432 2831 5487 existimetur.
