  <div class='ocr_page' id='page_1' title='image "/cluster/home/n/w/nwhite01/storage/ocr_20150623/32/hvd.32044096580550/057.png"; bbox 0 0 4048 6194; ppageno 0'>
   <div class='ocr_carea' id='block_1_1' title="bbox 351 208 3860 285">
    <p class='ocr_par' dir='ltr' id='par_1_1' title="bbox 351 208 3860 285">
     <span class='ocr_line' id='line_1_1' title="bbox 351 208 3860 285; baseline -0.003 -19"><span class='ocrx_word' id='word_1_1' title='bbox 351 216 432 285; x_wconf 37' lang='grc'><strong><em>95-</em></strong></span> <span class='ocrx_word' id='word_1_2' title='bbox 1560 210 1730 264; x_wconf 77' lang='lat' dir='ltr'><strong><em>VlTA</em></strong></span> <span class='ocrx_word' id='word_1_3' title='bbox 1773 210 1825 265; x_wconf 82' lang='lat' dir='ltr'><strong><em>S.</em></strong></span> <span class='ocrx_word' id='word_1_4' title='bbox 1873 211 2258 267; x_wconf 69' lang='lat' dir='ltr'><strong><em>AUGUSTINI</em></strong></span> <span class='ocrx_word' id='word_1_5' title='bbox 2309 208 2646 265; x_wconf 74' lang='lat' dir='ltr'><strong><em>EPISCOPI.</em></strong></span> <span class='ocrx_word' id='word_1_6' title='bbox 3792 213 3860 260; x_wconf 67' lang='lat'><strong>96</strong></span> 
     </span>
    </p>
   </div>
   <div class='ocr_carea' id='block_1_2' title="bbox 1348 351 3006 564">
    <p class='ocr_par' dir='ltr' id='par_1_2' title="bbox 1348 351 3006 564">
     <span class='ocr_line' id='line_1_2' title="bbox 1348 351 3006 564; baseline 0.001 -2"><span class='ocrx_word' id='word_1_7' title='bbox 1348 440 1862 562; x_wconf 84' lang='lat' dir='ltr'><strong><em>LIBER</em></strong></span> <span class='ocrx_word' id='word_1_8' title='bbox 1977 351 3006 564; x_wconf 48' lang='lat' dir='ltr'><strong><em>Sigea—166;</em></strong></span> 
     </span>
    </p>
   </div>
   <div class='ocr_carea' id='block_1_3' title="bbox 583 621 3605 691">
    <p class='ocr_par' dir='ltr' id='par_1_3' title="bbox 583 621 3605 691">
     <span class='ocr_line' id='line_1_3' title="bbox 583 621 3605 691; baseline -0.001 -18"><span class='ocrx_word' id='word_1_9' title='bbox 583 624 655 673; x_wconf 89' lang='lat' dir='ltr'><strong><em>De</em></strong></span> <span class='ocrx_word' id='word_1_10' title='bbox 689 625 995 689; x_wconf 83' lang='lat' dir='ltr'><strong><em>Augustinl,</em></strong></span> <span class='ocrx_word' id='word_1_11' title='bbox 1027 626 1350 691; x_wconf 74' lang='lat' dir='ltr'><strong><em>profectione</em></strong></span> <span class='ocrx_word' id='word_1_12' title='bbox 1381 624 1432 673; x_wconf 88' lang='lat' dir='ltr'><strong><em>in</em></strong></span> <span class='ocrx_word' id='word_1_13' title='bbox 1461 625 1683 685; x_wconf 77' lang='lat' dir='ltr'><strong><em>Italiam,</em></strong></span> <span class='ocrx_word' id='word_1_14' title='bbox 1716 629 1768 672; x_wconf 89' lang='lat' dir='ltr'><strong><em>et</em></strong></span> <span class='ocrx_word' id='word_1_15' title='bbox 1799 623 1862 672; x_wconf 90' lang='lat' dir='ltr'><strong><em>de</em></strong></span> <span class='ocrx_word' id='word_1_16' title='bbox 1898 622 2052 671; x_wconf 86' lang='lat' dir='ltr'><strong><em>rebus</em></strong></span> <span class='ocrx_word' id='word_1_17' title='bbox 2078 621 2147 671; x_wconf 86' lang='lat' dir='ltr'><strong><em>ibi</em></strong></span> <span class='ocrx_word' id='word_1_18' title='bbox 2177 623 2242 671; x_wconf 86' lang='lat' dir='ltr'><strong><em>ab</em></strong></span> <span class='ocrx_word' id='word_1_19' title='bbox 2273 638 2336 672; x_wconf 90' lang='lat' dir='ltr'><strong><em>eo</em></strong></span> <span class='ocrx_word' id='word_1_20' title='bbox 2367 624 2528 688; x_wconf 79' lang='lat' dir='ltr'><strong><em>gestis</em></strong></span> <span class='ocrx_word' id='word_1_21' title='bbox 2553 639 2714 688; x_wconf 87' lang='lat' dir='ltr'><strong><em>usque</em></strong></span> <span class='ocrx_word' id='word_1_22' title='bbox 2745 625 2809 673; x_wconf 80' lang='lat' dir='ltr'><strong><em>ad</em></strong></span> <span class='ocrx_word' id='word_1_23' title='bbox 2841 637 2986 674; x_wconf 87' lang='lat' dir='ltr'><strong><em>suum</em></strong></span> <span class='ocrx_word' id='word_1_24' title='bbox 3016 624 3069 673; x_wconf 90' lang='lat' dir='ltr'><strong><em>in</em></strong></span> <span class='ocrx_word' id='word_1_25' title='bbox 3098 623 3333 673; x_wconf 73' lang='lat' dir='ltr'><strong><em>Africam</em></strong></span> <span class='ocrx_word' id='word_1_26' title='bbox 3363 622 3605 673; x_wconf 85' lang='lat' dir='ltr'><strong><em>reditum.</em></strong></span> 
     </span>
    </p>
   </div>
   <div class='ocr_carea' id='block_1_4' title="bbox 922 885 1478 940">
    <p class='ocr_par' dir='ltr' id='par_1_4' title="bbox 922 885 1478 940">
     <span class='ocr_line' id='line_1_4' title="bbox 922 885 1478 940; baseline -0.004 0"><span class='ocrx_word' id='word_1_27' title='bbox 922 887 1146 940; x_wconf 83' lang='lat' dir='ltr'><strong>CAPUT</strong></span> <span class='ocrx_word' id='word_1_28' title='bbox 1187 885 1478 940; x_wconf 80' lang='lat' dir='ltr'><strong><em>PRIMUM.</em></strong></span> 
     </span>
    </p>
   </div>
   <div class='ocr_carea' id='block_1_5' title="bbox 354 1009 2052 1079">
    <p class='ocr_par' dir='ltr' id='par_1_5' title="bbox 354 1009 2052 1079">
     <span class='ocr_line' id='line_1_5' title="bbox 354 1009 2052 1079; baseline -0.002 -15"><span class='ocrx_word' id='word_1_29' title='bbox 354 1015 368 1064; x_wconf 84' lang='lat' dir='ltr'><strong><em>l</em></strong></span> <span class='ocrx_word' id='word_1_30' title='bbox 422 1012 769 1079; x_wconf 79' lang='lat' dir='ltr'><strong><em>Augustinus</em></strong></span> <span class='ocrx_word' id='word_1_31' title='bbox 798 1014 1020 1066; x_wconf 84' lang='lat' dir='ltr'><strong><em>Romam</em></strong></span> <span class='ocrx_word' id='word_1_32' title='bbox 1058 1011 1435 1078; x_wconf 81' lang='lat' dir='ltr'><strong><em>proﬁciscitur.</em></strong></span> <span class='ocrx_word' id='word_1_33' title='bbox 1479 1012 1511 1062; x_wconf 81' lang='lat'><strong>2</strong></span> <span class='ocrx_word' id='word_1_34' title='bbox 1543 1009 1758 1064; x_wconf 90' lang='lat' dir='ltr'><strong><em>Occulte</em></strong></span> <span class='ocrx_word' id='word_1_35' title='bbox 1788 1023 1848 1061; x_wconf 81' lang='lat' dir='ltr'><strong><em>ac</em></strong></span> <span class='ocrx_word' id='word_1_36' title='bbox 1881 1009 2052 1061; x_wconf 77' lang='lat' dir='ltr'><strong><em>incita</em></strong></span> 
     </span>
    </p>
   </div>
   <div class='ocr_carea' id='block_1_6' title="bbox 416 1097 2053 1167">
    <p class='ocr_par' dir='ltr' id='par_1_6' title="bbox 416 1097 2053 1167">
     <span class='ocr_line' id='line_1_6' title="bbox 416 1097 2053 1167; baseline -0.002 -15"><span class='ocrx_word' id='word_1_37' title='bbox 416 1103 605 1152; x_wconf 80' lang='lat' dir='ltr'><strong><em>matre.</em></strong></span> <span class='ocrx_word' id='word_1_38' title='bbox 641 1101 671 1152; x_wconf 83' lang='lat'><strong><em>3</em></strong></span> <span class='ocrx_word' id='word_1_39' title='bbox 714 1099 799 1152; x_wconf 86' lang='lat' dir='ltr'><strong><em>Ibi</em></strong></span> <span class='ocrx_word' id='word_1_40' title='bbox 828 1101 884 1150; x_wconf 89' lang='lat' dir='ltr'><strong><em>in</em></strong></span> <span class='ocrx_word' id='word_1_41' title='bbox 915 1098 1156 1152; x_wconf 85' lang='lat' dir='ltr'><strong><em>morbum</em></strong></span> <span class='ocrx_word' id='word_1_42' title='bbox 1199 1097 1392 1151; x_wconf 79' lang='lat' dir='ltr'><strong><em>indicit</em></strong></span> <span class='ocrx_word' id='word_1_43' title='bbox 1430 1099 1808 1167; x_wconf 84' lang='lat' dir='ltr'><strong><em>periculosum.</em></strong></span> <span class='ocrx_word' id='word_1_44' title='bbox 1845 1097 1878 1150; x_wconf 80' lang='grc'><strong>4</strong></span> <span class='ocrx_word' id='word_1_45' title='bbox 1908 1098 2053 1150; x_wconf 89' lang='lat' dir='ltr'><strong><em>Inter</em></strong></span> 
     </span>
    </p>
   </div>
   <div class='ocr_carea' id='block_1_7' title="bbox 416 1185 2052 1256">
    <p class='ocr_par' dir='ltr' id='par_1_7' title="bbox 416 1185 2052 1256">
     <span class='ocr_line' id='line_1_7' title="bbox 416 1185 2052 1256; baseline -0.001 -16"><span class='ocrx_word' id='word_1_46' title='bbox 416 1186 742 1241; x_wconf 66' lang='lat' dir='ltr'><strong><em>Manichaeos</em></strong></span> <span class='ocrx_word' id='word_1_47' title='bbox 782 1191 1053 1254; x_wconf 82' lang='lat' dir='ltr'><strong><em>versatur,</em></strong></span> <span class='ocrx_word' id='word_1_48' title='bbox 1087 1202 1335 1256; x_wconf 80' lang='lat' dir='ltr'><strong><em>quamam</em></strong></span> <span class='ocrx_word' id='word_1_49' title='bbox 1368 1202 1486 1240; x_wconf 90' lang='lat' dir='ltr'><strong><em>eum</em></strong></span> <span class='ocrx_word' id='word_1_50' title='bbox 1515 1189 1573 1239; x_wconf 89' lang='lat' dir='ltr'><strong><em>in</em></strong></span> <span class='ocrx_word' id='word_1_51' title='bbox 1616 1187 1833 1239; x_wconf 87' lang='lat' dir='ltr'><strong><em>illorum</em></strong></span> <span class='ocrx_word' id='word_1_52' title='bbox 1875 1185 2052 1239; x_wconf 87' lang='lat' dir='ltr'><strong><em>adhuc</em></strong></span> 
     </span>
    </p>
   </div>
   <div class='ocr_carea' id='block_1_8' title="bbox 415 1273 1816 1330">
    <p class='ocr_par' dir='ltr' id='par_1_8' title="bbox 415 1273 1816 1330">
     <span class='ocr_line' id='line_1_8' title="bbox 415 1273 1816 1330; baseline -0.001 -1"><span class='ocrx_word' id='word_1_53' title='bbox 415 1279 560 1329; x_wconf 88' lang='lat' dir='ltr'><strong><em>secta</em></strong></span> <span class='ocrx_word' id='word_1_54' title='bbox 586 1275 938 1329; x_wconf 76' lang='lat' dir='ltr'><strong><em>distinebant.</em></strong></span> <span class='ocrx_word' id='word_1_55' title='bbox 978 1279 1007 1328; x_wconf 83' lang='lat'><strong>5</strong></span> <span class='ocrx_word' id='word_1_56' title='bbox 1039 1276 1378 1330; x_wconf 83' lang='lat' dir='ltr'><strong><em>Rhetoricam</em></strong></span> <span class='ocrx_word' id='word_1_57' title='bbox 1400 1277 1458 1328; x_wconf 88' lang='lat' dir='ltr'><strong><em>in</em></strong></span> <span class='ocrx_word' id='word_1_58' title='bbox 1487 1275 1624 1329; x_wconf 86' lang='lat' dir='ltr'><strong><em>Urbe</em></strong></span> <span class='ocrx_word' id='word_1_59' title='bbox 1651 1273 1816 1328; x_wconf 87' lang='lat' dir='ltr'><strong><em>docet.</em></strong></span> 
     </span>
    </p>
   </div>
   <div class='ocr_carea' id='block_1_9' title="bbox 421 1417 2052 1488">
    <p class='ocr_par' dir='ltr' id='par_1_9' title="bbox 421 1417 2052 1488">
     <span class='ocr_line' id='line_1_9' title="bbox 421 1417 2052 1488; baseline -0.001 -16"><span class='ocrx_word' id='word_1_60' title='bbox 421 1423 470 1474; x_wconf 92' lang='grc'><strong><em>1.</em></strong></span> <span class='ocrx_word' id='word_1_61' title='bbox 516 1420 657 1475; x_wconf 90' lang='lat' dir='ltr'><strong><em>Cum</em></strong></span> <span class='ocrx_word' id='word_1_62' title='bbox 677 1418 741 1472; x_wconf 84' lang='lat' dir='ltr'><strong><em>in&#39;</em></strong></span> <span class='ocrx_word' id='word_1_63' title='bbox 768 1418 988 1473; x_wconf 88' lang='lat' dir='ltr'><strong><em>Italiam</em></strong></span> <span class='ocrx_word' id='word_1_64' title='bbox 1010 1417 1396 1472; x_wconf 89' lang='lat' dir='ltr'><strong><em>transmittere</em></strong></span> <span class='ocrx_word' id='word_1_65' title='bbox 1412 1417 1766 1488; x_wconf 79' lang='lat' dir='ltr'><strong><em>Augustinus</em></strong></span> <span class='ocrx_word' id='word_1_66' title='bbox 1794 1417 2052 1471; x_wconf 90' lang='lat' dir='ltr'><strong><em>animum</em></strong></span> 
     </span>
    </p>
   </div>
   <div class='ocr_carea' id='block_1_10' title="bbox 342 1505 2052 1578">
    <p class='ocr_par' dir='ltr' id='par_1_10' title="bbox 342 1505 2052 1578">
     <span class='ocr_line' id='line_1_10' title="bbox 342 1505 2052 1578; baseline -0.002 -16"><span class='ocrx_word' id='word_1_67' title='bbox 342 1507 588 1571; x_wconf 81' lang='lat' dir='ltr'><strong><em>induxit,</em></strong></span> <span class='ocrx_word' id='word_1_68' title='bbox 626 1523 757 1562; x_wconf 90' lang='lat' dir='ltr'><strong><em>eum</em></strong></span> <span class='ocrx_word' id='word_1_69' title='bbox 788 1508 1065 1578; x_wconf 89' lang='lat' dir='ltr'><strong><em>profecto,</em></strong></span> <span class='ocrx_word' id='word_1_70' title='bbox 1099 1523 1272 1578; x_wconf 86' lang='lat' dir='ltr'><strong><em>quem</em></strong></span> <span class='ocrx_word' id='word_1_71' title='bbox 1311 1523 1377 1560; x_wconf 85' lang='lat' dir='ltr'><strong><em>ex</em></strong></span> <span class='ocrx_word' id='word_1_72' title='bbox 1416 1507 1514 1560; x_wconf 91' lang='lat' dir='ltr'><strong><em>illa</em></strong></span> <span class='ocrx_word' id='word_1_73' title='bbox 1543 1505 1901 1577; x_wconf 80' lang='lat' dir='ltr'><strong><em>navigatione</em></strong></span> <span class='ocrx_word' id='word_1_74' title='bbox 1933 1506 2052 1560; x_wconf 90' lang='lat' dir='ltr'><strong><em>fru-</em></strong></span> 
     </span>
    </p>
   </div>
   <div class='ocr_carea' id='block_1_11' title="bbox 345 1595 2049 1668">
    <p class='ocr_par' dir='ltr' id='par_1_11' title="bbox 345 1595 2049 1668">
     <span class='ocr_line' id='line_1_11' title="bbox 345 1595 2049 1668; baseline -0.002 -18"><span class='ocrx_word' id='word_1_75' title='bbox 345 1601 520 1662; x_wconf 90' lang='lat' dir='ltr'><strong><em>ctum,</em></strong></span> <span class='ocrx_word' id='word_1_76' title='bbox 571 1599 686 1650; x_wconf 92' lang='lat' dir='ltr'><strong><em>Deo</em></strong></span> <span class='ocrx_word' id='word_1_77' title='bbox 746 1596 1052 1668; x_wconf 86' lang='lat' dir='ltr'><strong><em>aspirante,</em></strong></span> <span class='ocrx_word' id='word_1_78' title='bbox 1096 1600 1366 1666; x_wconf 88' lang='lat' dir='ltr'><strong><em>capturus</em></strong></span> <span class='ocrx_word' id='word_1_79' title='bbox 1413 1600 1554 1662; x_wconf 89' lang='lat' dir='ltr'><strong><em>erat,</em></strong></span> <span class='ocrx_word' id='word_1_80' title='bbox 1604 1595 2049 1666; x_wconf 84' lang='lat' dir='ltr'><strong><em>haudquaquam</em></strong></span> 
     </span>
    </p>
   </div>
   <div class='ocr_carea' id='block_1_12' title="bbox 343 1683 2049 1755">
    <p class='ocr_par' dir='ltr' id='par_1_12' title="bbox 343 1683 2049 1755">
     <span class='ocr_line' id='line_1_12' title="bbox 343 1683 2049 1755; baseline -0.002 -17"><span class='ocrx_word' id='word_1_81' title='bbox 343 1685 466 1755; x_wconf 90' lang='lat' dir='ltr'><strong><em>ipse</em></strong></span> <span class='ocrx_word' id='word_1_82' title='bbox 498 1685 607 1738; x_wconf 90' lang='lat' dir='ltr'><strong><em>sibi</em></strong></span> <span class='ocrx_word' id='word_1_83' title='bbox 646 1684 1043 1755; x_wconf 84' lang='lat' dir='ltr'><strong><em>pollicebatur.</em></strong></span> <span class='ocrx_word' id='word_1_84' title='bbox 1087 1685 1340 1740; x_wconf 81' lang='lat' dir='ltr'><strong><em>Romam</em></strong></span> <span class='ocrx_word' id='word_1_85' title='bbox 1369 1685 1772 1750; x_wconf 85' lang='lat' dir='ltr'><strong><em>contendebat,</em></strong></span> <span class='ocrx_word' id='word_1_86' title='bbox 1803 1683 2049 1738; x_wconf 89' lang='lat' dir='ltr'><strong><em>rhetori-</em></strong></span> 
     </span>
    </p>
   </div>
   <div class='ocr_carea' id='block_1_13' title="bbox 346 1772 2050 1844">
    <p class='ocr_par' dir='ltr' id='par_1_13' title="bbox 346 1772 2050 1844">
     <span class='ocr_line' id='line_1_13' title="bbox 346 1772 2050 1844; baseline 0.001 -18"><span class='ocrx_word' id='word_1_87' title='bbox 346 1790 470 1827; x_wconf 85' lang='lat' dir='ltr'><strong><em>cam</em></strong></span> <span class='ocrx_word' id='word_1_88' title='bbox 511 1773 589 1826; x_wconf 92' lang='lat' dir='ltr'><strong><em>ibi</em></strong></span> <span class='ocrx_word' id='word_1_89' title='bbox 624 1774 1004 1843; x_wconf 86' lang='lat' dir='ltr'><strong><em>professurus,</em></strong></span> <span class='ocrx_word' id='word_1_90' title='bbox 1038 1789 1152 1826; x_wconf 91' lang='lat' dir='ltr'><strong><em>non</em></strong></span> <span class='ocrx_word' id='word_1_91' title='bbox 1191 1789 1290 1844; x_wconf 88' lang='lat' dir='ltr'><strong><em>spe</em></strong></span> <span class='ocrx_word' id='word_1_92' title='bbox 1329 1773 1530 1827; x_wconf 91' lang='lat' dir='ltr'><strong><em>ductus</em></strong></span> <span class='ocrx_word' id='word_1_93' title='bbox 1567 1772 1863 1843; x_wconf 87' lang='lat' dir='ltr'><strong><em>amplioris</em></strong></span> <span class='ocrx_word' id='word_1_94' title='bbox 1897 1790 2050 1827; x_wconf 84' lang='lat' dir='ltr'><strong><em>emo-</em></strong></span> 
     </span>
    </p>
   </div>
   <div class='ocr_carea' id='block_1_14' title="bbox 347 1861 2047 1932">
    <p class='ocr_par' dir='ltr' id='par_1_14' title="bbox 347 1861 2047 1932">
     <span class='ocr_line' id='line_1_14' title="bbox 347 1861 2047 1932; baseline 0.001 -16"><span class='ocrx_word' id='word_1_95' title='bbox 347 1861 592 1916; x_wconf 89' lang='lat' dir='ltr'><strong><em>lumenti</em></strong></span> <span class='ocrx_word' id='word_1_96' title='bbox 621 1867 677 1915; x_wconf 89' lang='lat' dir='ltr'><strong><em>et</em></strong></span> <span class='ocrx_word' id='word_1_97' title='bbox 715 1861 950 1932; x_wconf 85' lang='lat' dir='ltr'><strong><em>majoris</em></strong></span> <span class='ocrx_word' id='word_1_98' title='bbox 987 1861 1247 1928; x_wconf 87' lang='lat' dir='ltr'><strong><em>honoris,</em></strong></span> <span class='ocrx_word' id='word_1_99' title='bbox 1281 1861 1508 1915; x_wconf 87' lang='lat' dir='ltr'><strong><em>tametsi</em></strong></span> <span class='ocrx_word' id='word_1_100' title='bbox 1546 1866 1603 1916; x_wconf 88' lang='lat' dir='ltr'><strong><em>et</em></strong></span> <span class='ocrx_word' id='word_1_101' title='bbox 1631 1861 1826 1916; x_wconf 70' lang='lat' dir='ltr'><strong><em>isthaec</em></strong></span> <span class='ocrx_word' id='word_1_102' title='bbox 1854 1863 2047 1917; x_wconf 90' lang='lat' dir='ltr'><strong><em>incen-</em></strong></span> 
     </span>
    </p>
   </div>
   <div class='ocr_carea' id='block_1_15' title="bbox 345 1949 2046 2021">
    <p class='ocr_par' dir='ltr' id='par_1_15' title="bbox 345 1949 2046 2021">
     <span class='ocr_line' id='line_1_15' title="bbox 345 1949 2046 2021; baseline 0.001 -16"><span class='ocrx_word' id='word_1_103' title='bbox 345 1951 481 2018; x_wconf 90' lang='lat' dir='ltr'><strong><em>tiva,</em></strong></span> <span class='ocrx_word' id='word_1_104' title='bbox 517 1967 648 2021; x_wconf 79' lang='lat' dir='ltr'><strong><em>quae</em></strong></span> <span class='ocrx_word' id='word_1_105' title='bbox 687 1950 857 2004; x_wconf 88' lang='lat' dir='ltr'><strong><em>amici</em></strong></span> <span class='ocrx_word' id='word_1_106' title='bbox 895 1950 1268 2015; x_wconf 87' lang='lat' dir='ltr'><strong><em>adhibebant,</em></strong></span> <span class='ocrx_word' id='word_1_107' title='bbox 1300 1949 1562 2004; x_wconf 90' lang='lat' dir='ltr'><strong><em>nonnihil</em></strong></span> <span class='ocrx_word' id='word_1_108' title='bbox 1601 1955 1898 2006; x_wconf 75' lang='lat' dir='ltr'><strong><em>moverent</em></strong></span> <span class='ocrx_word' id='word_1_109' title='bbox 1927 1952 2046 2006; x_wconf 88' lang='lat' dir='ltr'><strong><em>ani-</em></strong></span> 
     </span>
    </p>
   </div>
   <div class='ocr_carea' id='block_1_16' title="bbox 344 2037 2044 2111">
    <p class='ocr_par' dir='ltr' id='par_1_16' title="bbox 344 2037 2044 2111">
     <span class='ocr_line' id='line_1_16' title="bbox 344 2037 2044 2111; baseline 0 -19"><span class='ocrx_word' id='word_1_110' title='bbox 344 2054 504 2092; x_wconf 88' lang='lat' dir='ltr'><strong><em>mum</em></strong></span> <span class='ocrx_word' id='word_1_111' title='bbox 540 2053 554 2092; x_wconf 91' lang='lat'><strong>:</strong></span> <span class='ocrx_word' id='word_1_112' title='bbox 585 2038 684 2092; x_wconf 87' lang='lat' dir='ltr'><strong><em>sed</em></strong></span> <span class='ocrx_word' id='word_1_113' title='bbox 715 2039 836 2092; x_wconf 72' lang='lat' dir='ltr'><strong><em>haec</em></strong></span> <span class='ocrx_word' id='word_1_114' title='bbox 864 2037 1155 2109; x_wconf 74' lang='lat' dir='ltr'><strong><em>praecipua</em></strong></span> <span class='ocrx_word' id='word_1_115' title='bbox 1176 2054 1345 2092; x_wconf 90' lang='lat' dir='ltr'><strong><em>causa</em></strong></span> <span class='ocrx_word' id='word_1_116' title='bbox 1366 2043 1423 2092; x_wconf 90' lang='lat' dir='ltr'><strong><em>et</em></strong></span> <span class='ocrx_word' id='word_1_117' title='bbox 1437 2055 1583 2110; x_wconf 91' lang='lat' dir='ltr'><strong><em>pene</em></strong></span> <span class='ocrx_word' id='word_1_118' title='bbox 1600 2040 1718 2093; x_wconf 88' lang='lat' dir='ltr'><strong><em>sola</em></strong></span> <span class='ocrx_word' id='word_1_119' title='bbox 1745 2040 2044 2111; x_wconf 90' lang='lat' dir='ltr'><strong><em>impulsus,</em></strong></span> 
     </span>
    </p>
   </div>
   <div class='ocr_carea' id='block_1_17' title="bbox 340 2127 2047 2200">
    <p class='ocr_par' dir='ltr' id='par_1_17' title="bbox 340 2127 2047 2200">
     <span class='ocr_line' id='line_1_17' title="bbox 340 2127 2047 2200; baseline 0.002 -18"><span class='ocrx_word' id='word_1_120' title='bbox 340 2129 492 2200; x_wconf 90' lang='lat' dir='ltr'><strong><em>quod</em></strong></span> <span class='ocrx_word' id='word_1_121' title='bbox 511 2127 772 2184; x_wconf 85' lang='lat' dir='ltr'><strong><em>audierat</em></strong></span> <span class='ocrx_word' id='word_1_122' title='bbox 793 2128 1040 2199; x_wconf 82' lang='lat' dir='ltr'><strong><em>quietius</em></strong></span> <span class='ocrx_word' id='word_1_123' title='bbox 1065 2130 1258 2182; x_wconf 68' lang='lat' dir='ltr'><strong><em>Romae</em></strong></span> <span class='ocrx_word' id='word_1_124' title='bbox 1271 2145 1441 2198; x_wconf 90' lang='lat' dir='ltr'><strong><em>quam</em></strong></span> <span class='ocrx_word' id='word_1_125' title='bbox 1461 2129 1801 2199; x_wconf 79' lang='lat' dir='ltr'><strong><em>Carthagine</em></strong></span> <span class='ocrx_word' id='word_1_126' title='bbox 1818 2130 2047 2185; x_wconf 79' lang='lat' dir='ltr'><strong><em>studere</em></strong></span> 
     </span>
    </p>
   </div>
   <div class='ocr_carea' id='block_1_18' title="bbox 340 2216 2044 2287">
    <p class='ocr_par' dir='ltr' id='par_1_18' title="bbox 340 2216 2044 2287">
     <span class='ocr_line' id='line_1_18' title="bbox 340 2216 2044 2287; baseline 0.001 -15"><span class='ocrx_word' id='word_1_127' title='bbox 340 2218 750 2283; x_wconf 87' lang='lat' dir='ltr'><strong><em>adolescentes,</em></strong></span> <span class='ocrx_word' id='word_1_128' title='bbox 779 2221 838 2271; x_wconf 90' lang='lat' dir='ltr'><strong><em>et</em></strong></span> <span class='ocrx_word' id='word_1_129' title='bbox 866 2216 1211 2271; x_wconf 88' lang='lat' dir='ltr'><strong><em>ordinatiore</em></strong></span> <span class='ocrx_word' id='word_1_130' title='bbox 1241 2216 1558 2287; x_wconf 62' lang='lat' dir='ltr'><strong><em>disciplina:</em></strong></span> <span class='ocrx_word' id='word_1_131' title='bbox 1590 2217 1932 2272; x_wconf 89' lang='lat' dir='ltr'><strong><em>coercitione</em></strong></span> <span class='ocrx_word' id='word_1_132' title='bbox 1957 2236 2044 2273; x_wconf 89' lang='lat' dir='ltr'><strong><em>se-</em></strong></span> 
     </span>
    </p>
   </div>
   <div class='ocr_carea' id='block_1_19' title="bbox 342 2305 2047 2377">
    <p class='ocr_par' dir='ltr' id='par_1_19' title="bbox 342 2305 2047 2377">
     <span class='ocr_line' id='line_1_19' title="bbox 342 2305 2047 2377; baseline 0.001 -17"><span class='ocrx_word' id='word_1_133' title='bbox 342 2305 485 2360; x_wconf 90' lang='lat' dir='ltr'><strong><em>dari.</em></strong></span> <span class='ocrx_word' id='word_1_134' title='bbox 529 2306 738 2360; x_wconf 88' lang='lat' dir='ltr'><strong><em>Verum</em></strong></span> <span class='ocrx_word' id='word_1_135' title='bbox 782 2306 830 2359; x_wconf 90' lang='lat' dir='ltr'><strong><em>si</em></strong></span> <span class='ocrx_word' id='word_1_136' title='bbox 877 2321 1000 2360; x_wconf 89' lang='lat' dir='ltr'><strong><em>rem</em></strong></span> <span class='ocrx_word' id='word_1_137' title='bbox 1041 2305 1210 2359; x_wconf 88' lang='lat' dir='ltr'><strong><em>altius</em></strong></span> <span class='ocrx_word' id='word_1_138' title='bbox 1252 2311 1600 2376; x_wconf 89' lang='lat' dir='ltr'><strong><em>repetamus,</em></strong></span> <span class='ocrx_word' id='word_1_139' title='bbox 1631 2307 1903 2377; x_wconf 86' lang='lat' dir='ltr'><strong><em>peculiari</em></strong></span> <span class='ocrx_word' id='word_1_140' title='bbox 1945 2308 2047 2362; x_wconf 88' lang='lat' dir='ltr'><strong><em>Dei</em></strong></span> 
     </span>
    </p>
   </div>
   <div class='ocr_carea' id='block_1_20' title="bbox 342 2393 2047 2465">
    <p class='ocr_par' dir='ltr' id='par_1_20' title="bbox 342 2393 2047 2465">
     <span class='ocr_line' id='line_1_20' title="bbox 342 2393 2047 2465; baseline 0.002 -18"><span class='ocrx_word' id='word_1_141' title='bbox 342 2399 489 2448; x_wconf 87' lang='lat' dir='ltr'><strong><em>nutu</em></strong></span> <span class='ocrx_word' id='word_1_142' title='bbox 517 2394 892 2465; x_wconf 85' lang='lat' dir='ltr'><strong><em>dirigebatur,</em></strong></span> <span class='ocrx_word' id='word_1_143' title='bbox 925 2393 1025 2464; x_wconf 88' lang='lat' dir='ltr'><strong><em>qui</em></strong></span> <span class='ocrx_word' id='word_1_144' title='bbox 1068 2395 1288 2448; x_wconf 86' lang='lat' dir='ltr'><strong><em>occulto</em></strong></span> <span class='ocrx_word' id='word_1_145' title='bbox 1319 2394 1558 2449; x_wconf 88' lang='lat' dir='ltr'><strong><em>consilio</em></strong></span> <span class='ocrx_word' id='word_1_146' title='bbox 1601 2400 1658 2448; x_wconf 91' lang='lat' dir='ltr'><strong><em>et</em></strong></span> <span class='ocrx_word' id='word_1_147' title='bbox 1694 2396 1952 2450; x_wconf 90' lang='lat' dir='ltr'><strong><em>stimulos</em></strong></span> <span class='ocrx_word' id='word_1_148' title='bbox 1994 2397 2047 2452; x_wconf 91' lang='lat' dir='ltr'><strong><em>ei</em></strong></span> 
     </span>
    </p>
   </div>
   <div class='ocr_carea' id='block_1_21' title="bbox 343 2483 2045 2553">
    <p class='ocr_par' dir='ltr' id='par_1_21' title="bbox 343 2483 2045 2553">
     <span class='ocr_line' id='line_1_21' title="bbox 343 2483 2045 2553; baseline 0.003 -18"><span class='ocrx_word' id='word_1_149' title='bbox 343 2483 678 2538; x_wconf 87' lang='lat' dir='ltr'><strong><em>admovebat</em></strong></span> <span class='ocrx_word' id='word_1_150' title='bbox 725 2483 936 2553; x_wconf 89' lang='lat' dir='ltr'><strong><em>quibus</em></strong></span> <span class='ocrx_word' id='word_1_151' title='bbox 981 2483 1322 2552; x_wconf 87' lang='lat' dir='ltr'><strong><em>Carthagine</em></strong></span> <span class='ocrx_word' id='word_1_152' title='bbox 1373 2484 1732 2553; x_wconf 84' lang='lat' dir='ltr'><strong><em>avelleretur,</em></strong></span> <span class='ocrx_word' id='word_1_153' title='bbox 1761 2489 1817 2538; x_wconf 90' lang='lat' dir='ltr'><strong><em>et</em></strong></span> <span class='ocrx_word' id='word_1_154' title='bbox 1853 2485 2045 2540; x_wconf 84' lang='lat' dir='ltr'><strong><em>illece-</em></strong></span> 
     </span>
    </p>
   </div>
   <div class='ocr_carea' id='block_1_22' title="bbox 343 2571 2047 2644">
    <p class='ocr_par' dir='ltr' id='par_1_22' title="bbox 343 2571 2047 2644">
     <span class='ocr_line' id='line_1_22' title="bbox 343 2571 2047 2644; baseline 0.002 -20"><span class='ocrx_word' id='word_1_155' title='bbox 343 2572 474 2625; x_wconf 87' lang='lat' dir='ltr'><strong><em>bras</em></strong></span> <span class='ocrx_word' id='word_1_156' title='bbox 503 2571 712 2642; x_wconf 89' lang='lat' dir='ltr'><strong><em>quibus</em></strong></span> <span class='ocrx_word' id='word_1_157' title='bbox 764 2573 1003 2626; x_wconf 82' lang='lat' dir='ltr'><strong><em>Romam</em></strong></span> <span class='ocrx_word' id='word_1_158' title='bbox 1049 2571 1429 2626; x_wconf 89' lang='lat' dir='ltr'><strong><em>attraheretur</em></strong></span> <span class='ocrx_word' id='word_1_159' title='bbox 1475 2572 1791 2643; x_wconf 86' lang='lat' dir='ltr'><strong><em>adjiciebat,</em></strong></span> <span class='ocrx_word' id='word_1_160' title='bbox 1838 2577 1899 2627; x_wconf 88' lang='lat' dir='ltr'><strong><em>ut</em></strong></span> <span class='ocrx_word' id='word_1_161' title='bbox 1942 2591 2047 2644; x_wconf 87' lang='lat' dir='ltr'><strong><em>per</em></strong></span> 
     </span>
    </p>
   </div>
   <div class='ocr_carea' id='block_1_23' title="bbox 341 2659 2042 2731">
    <p class='ocr_par' dir='ltr' id='par_1_23' title="bbox 341 2659 2042 2731">
     <span class='ocr_line' id='line_1_23' title="bbox 341 2659 2042 2731; baseline 0.001 -17"><span class='ocrx_word' id='word_1_162' title='bbox 341 2659 527 2714; x_wconf 88' lang='lat' dir='ltr'><strong><em>varios</em></strong></span> <span class='ocrx_word' id='word_1_163' title='bbox 552 2660 787 2714; x_wconf 89' lang='lat' dir='ltr'><strong><em>demum</em></strong></span> <span class='ocrx_word' id='word_1_164' title='bbox 825 2660 1132 2727; x_wconf 84' lang='lat' dir='ltr'><strong><em>anfractus,</em></strong></span> <span class='ocrx_word' id='word_1_165' title='bbox 1166 2660 1236 2714; x_wconf 90' lang='lat' dir='ltr'><strong><em>ad</em></strong></span> <span class='ocrx_word' id='word_1_166' title='bbox 1275 2660 1469 2715; x_wconf 89' lang='lat' dir='ltr'><strong><em>salutis</em></strong></span> <span class='ocrx_word' id='word_1_167' title='bbox 1498 2665 1727 2731; x_wconf 90' lang='lat' dir='ltr'><strong><em>portum</em></strong></span> <span class='ocrx_word' id='word_1_168' title='bbox 1757 2667 2042 2716; x_wconf 88' lang='lat' dir='ltr'><strong><em>errantem</em></strong></span> 
     </span>
    </p>
   </div>
   <div class='ocr_carea' id='block_1_24' title="bbox 341 2749 2045 2820">
    <p class='ocr_par' dir='ltr' id='par_1_24' title="bbox 341 2749 2045 2820">
     <span class='ocr_line' id='line_1_24' title="bbox 341 2749 2045 2820; baseline 0 -16"><span class='ocrx_word' id='word_1_169' title='bbox 341 2749 665 2804; x_wconf 87' lang='lat' dir='ltr'><strong><em>deduceret.</em></strong></span> <span class='ocrx_word' id='word_1_170' title='bbox 717 2749 877 2813; x_wconf 87' lang='lat' dir='ltr'><strong><em>Quod</em></strong></span> <span class='ocrx_word' id='word_1_171' title='bbox 909 2749 1030 2819; x_wconf 90' lang='lat' dir='ltr'><strong><em>ipse</em></strong></span> <span class='ocrx_word' id='word_1_172' title='bbox 1076 2765 1385 2820; x_wconf 87' lang='lat' dir='ltr'><strong><em>agnoscens</em></strong></span> <span class='ocrx_word' id='word_1_173' title='bbox 1431 2750 1829 2820; x_wconf 81' lang='lat' dir='ltr'><strong><em>Augustinus:</em></strong></span> <span class='ocrx_word' id='word_1_174' title='bbox 1879 2754 1950 2806; x_wconf 86' lang='lat' dir='ltr'><strong><em>Et</em></strong></span> <span class='ocrx_word' id='word_1_175' title='bbox 1985 2754 2045 2804; x_wconf 89' lang='lat' dir='ltr'><strong><em>in</em></strong></span> 
     </span>
    </p>
   </div>
   <div class='ocr_carea' id='block_1_25' title="bbox 340 2838 2046 2907">
    <p class='ocr_par' dir='ltr' id='par_1_25' title="bbox 340 2838 2046 2907">
     <span class='ocr_line' id='line_1_25' title="bbox 340 2838 2046 2907; baseline -0.001 -14"><span class='ocrx_word' id='word_1_176' title='bbox 340 2840 448 2906; x_wconf 89' lang='lat' dir='ltr'><strong><em>his,</em></strong></span> <span class='ocrx_word' id='word_1_177' title='bbox 477 2838 571 2904; x_wconf 91' lang='lat' dir='ltr'><strong><em>ait,</em></strong></span> <span class='ocrx_word' id='word_1_178' title='bbox 607 2839 864 2893; x_wconf 81' lang='lat' dir='ltr'><strong><em>altissimi</em></strong></span> <span class='ocrx_word' id='word_1_179' title='bbox 882 2840 964 2892; x_wconf 84' lang='lat' dir='ltr'><strong><em>tui</em></strong></span> <span class='ocrx_word' id='word_1_180' title='bbox 983 2853 1219 2893; x_wconf 85' lang='lat' dir='ltr'><strong><em>recessus</em></strong></span> <span class='ocrx_word' id='word_1_181' title='bbox 1245 2843 1294 2893; x_wconf 84' lang='lat' dir='ltr'><strong><em>et</em></strong></span> <span class='ocrx_word' id='word_1_182' title='bbox 1311 2841 1733 2907; x_wconf 63' lang='lat' dir='ltr'><strong><em>prasentissima</em></strong></span> <span class='ocrx_word' id='word_1_183' title='bbox 1758 2842 1816 2894; x_wconf 89' lang='lat' dir='ltr'><strong><em>in</em></strong></span> <span class='ocrx_word' id='word_1_184' title='bbox 1836 2855 1930 2894; x_wconf 88' lang='lat' dir='ltr'><strong><em>nos</em></strong></span> <span class='ocrx_word' id='word_1_185' title='bbox 1945 2842 2046 2893; x_wconf 89' lang='lat' dir='ltr'><strong><em>mi-</em></strong></span> 
     </span>
    </p>
   </div>
   <div class='ocr_carea' id='block_1_26' title="bbox 339 2927 2039 2997">
    <p class='ocr_par' dir='ltr' id='par_1_26' title="bbox 339 2927 2039 2997">
     <span class='ocr_line' id='line_1_26' title="bbox 339 2927 2039 2997; baseline 0.001 -15"><span class='ocrx_word' id='word_1_186' title='bbox 339 2927 635 2982; x_wconf 87' lang='lat' dir='ltr'><strong><em>sericordia</em></strong></span> <span class='ocrx_word' id='word_1_187' title='bbox 665 2931 759 2981; x_wconf 88' lang='lat' dir='ltr'><strong><em>tua</em></strong></span> <span class='ocrx_word' id='word_1_188' title='bbox 789 2927 1083 2996; x_wconf 86' lang='lat' dir='ltr'><strong><em>cogitanda</em></strong></span> <span class='ocrx_word' id='word_1_189' title='bbox 1110 2931 1161 2981; x_wconf 85' lang='lat' dir='ltr'><strong><em>et</em></strong></span> <span class='ocrx_word' id='word_1_190' title='bbox 1184 2927 1540 2997; x_wconf 58' lang='lat' dir='ltr'><strong><em>pradicanda</em></strong></span> <span class='ocrx_word' id='word_1_191' title='bbox 1569 2933 1646 2982; x_wconf 88' lang='lat' dir='ltr'><strong><em>est</em></strong></span> <span class='ocrx_word' id='word_1_192' title='bbox 1675 2929 1907 2997; x_wconf 76' lang='lat' dir='ltr'><strong><em>(Con/es.</em></strong></span> <span class='ocrx_word' id='word_1_193' title='bbox 1946 2929 2039 2983; x_wconf 89' lang='lat' dir='ltr'><strong><em>lib.</em></strong></span> 
     </span>
    </p>
   </div>
   <div class='ocr_carea' id='block_1_27' title="bbox 331 3015 2043 3087">
    <p class='ocr_par' dir='ltr' id='par_1_27' title="bbox 331 3015 2043 3087">
     <span class='ocr_line' id='line_1_27' title="bbox 331 3015 2043 3087; baseline 0.001 -17"><span class='ocrx_word' id='word_1_194' title='bbox 331 3021 392 3082; x_wconf 79' lang='lat'><strong><em>_5,</em></strong></span> <span class='ocrx_word' id='word_1_195' title='bbox 426 3032 547 3086; x_wconf 87' lang='lat' dir='ltr'><strong><em>cap.</em></strong></span> <span class='ocrx_word' id='word_1_196' title='bbox 582 3018 635 3082; x_wconf 91' lang='lat'><strong><em>8,</em></strong></span> <span class='ocrx_word' id='word_1_197' title='bbox 667 3030 722 3069; x_wconf 86' lang='grc' dir='ltr'>η.</span> <span class='ocrx_word' id='word_1_198' title='bbox 761 3017 869 3085; x_wconf 82' lang='grc'>14).</span> <span class='ocrx_word' id='word_1_199' title='bbox 906 3016 1048 3069; x_wconf 87' lang='lat' dir='ltr'><strong><em>Eum</em></strong></span> <span class='ocrx_word' id='word_1_200' title='bbox 1090 3015 1352 3070; x_wconf 79' lang='lat' dir='ltr'><strong><em>Messiani</em></strong></span> <span class='ocrx_word' id='word_1_201' title='bbox 1393 3016 1748 3087; x_wconf 85' lang='lat' dir='ltr'><strong><em>proconsulis</em></strong></span> <span class='ocrx_word' id='word_1_202' title='bbox 1779 3017 1837 3071; x_wconf 92' lang='lat' dir='ltr'><strong><em>in</em></strong></span> <span class='ocrx_word' id='word_1_203' title='bbox 1871 3018 2043 3072; x_wconf 86' lang='lat' dir='ltr'><strong><em>Mani-</em></strong></span> 
     </span>
    </p>
   </div>
   <div class='ocr_carea' id='block_1_28' title="bbox 338 3104 2043 3177">
    <p class='ocr_par' dir='ltr' id='par_1_28' title="bbox 338 3104 2043 3177">
     <span class='ocr_line' id='line_1_28' title="bbox 338 3104 2043 3177; baseline 0.001 -18"><span class='ocrx_word' id='word_1_204' title='bbox 338 3105 526 3159; x_wconf 65' lang='lat' dir='ltr'><strong><em>chaaos</em></strong></span> <span class='ocrx_word' id='word_1_205' title='bbox 556 3104 672 3159; x_wconf 90' lang='lat' dir='ltr'><strong><em>lata</em></strong></span> <span class='ocrx_word' id='word_1_206' title='bbox 710 3105 993 3159; x_wconf 86' lang='lat' dir='ltr'><strong><em>sententia</em></strong></span> <span class='ocrx_word' id='word_1_207' title='bbox 1021 3121 1352 3176; x_wconf 89' lang='lat' dir='ltr'><strong><em>percussum</em></strong></span> <span class='ocrx_word' id='word_1_208' title='bbox 1392 3121 1457 3160; x_wconf 88' lang='lat' dir='ltr'><strong><em>ex</em></strong></span> <span class='ocrx_word' id='word_1_209' title='bbox 1486 3105 1672 3160; x_wconf 84' lang='lat' dir='ltr'><strong><em>Africa</em></strong></span> <span class='ocrx_word' id='word_1_210' title='bbox 1702 3106 2043 3177; x_wconf 80' lang='lat' dir='ltr'><strong><em>profugisse,</em></strong></span> 
     </span>
    </p>
   </div>
   <div class='ocr_carea' id='block_1_29' title="bbox 338 3192 2042 3264">
    <p class='ocr_par' dir='ltr' id='par_1_29' title="bbox 338 3192 2042 3264">
     <span class='ocr_line' id='line_1_29' title="bbox 338 3192 2042 3264; baseline 0.002 -19"><span class='ocrx_word' id='word_1_211' title='bbox 338 3192 701 3262; x_wconf 89' lang='lat' dir='ltr'><strong><em>postmodum</em></strong></span> <span class='ocrx_word' id='word_1_212' title='bbox 743 3192 1094 3262; x_wconf 88' lang='lat' dir='ltr'><strong><em>objectarunt</em></strong></span> <span class='ocrx_word' id='word_1_213' title='bbox 1133 3193 1438 3248; x_wconf 89' lang='lat' dir='ltr'><strong><em>adversarii</em></strong></span> <span class='ocrx_word' id='word_1_214' title='bbox 1475 3194 1702 3264; x_wconf 86' lang='lat' dir='ltr'><strong><em>(Contra</em></strong></span> <span class='ocrx_word' id='word_1_215' title='bbox 1731 3197 1865 3250; x_wconf 85' lang='lat' dir='ltr'><strong><em>Litt.</em></strong></span> <span class='ocrx_word' id='word_1_216' title='bbox 1899 3197 2042 3249; x_wconf 91' lang='lat' dir='ltr'><strong><em>Peti-</em></strong></span> 
     </span>
    </p>
   </div>
   <div class='ocr_carea' id='block_1_30' title="bbox 340 3280 2042 3353">
    <p class='ocr_par' dir='ltr' id='par_1_30' title="bbox 340 3280 2042 3353">
     <span class='ocr_line' id='line_1_30' title="bbox 340 3280 2042 3353; baseline 0.002 -20"><span class='ocrx_word' id='word_1_217' title='bbox 340 3282 498 3346; x_wconf 87' lang='lat' dir='ltr'><strong><em>tiani,</em></strong></span> <span class='ocrx_word' id='word_1_218' title='bbox 529 3281 624 3334; x_wconf 87' lang='lat' dir='ltr'><strong><em>lib.</em></strong></span> <span class='ocrx_word' id='word_1_219' title='bbox 655 3283 709 3350; x_wconf 90' lang='lat'><strong><em>3,</em></strong></span> <span class='ocrx_word' id='word_1_220' title='bbox 737 3296 794 3336; x_wconf 81' lang='grc' dir='ltr'>η.</span> <span class='ocrx_word' id='word_1_221' title='bbox 832 3280 923 3352; x_wconf 88' lang='grc'><strong><em>30)</em></strong></span> <span class='ocrx_word' id='word_1_222' title='bbox 952 3297 965 3335; x_wconf 93' lang='lat'>:</span> <span class='ocrx_word' id='word_1_223' title='bbox 992 3298 1107 3353; x_wconf 91' lang='lat' dir='ltr'><strong><em>quo</em></strong></span> <span class='ocrx_word' id='word_1_224' title='bbox 1133 3287 1454 3338; x_wconf 90' lang='lat' dir='ltr'><strong><em>commento</em></strong></span> <span class='ocrx_word' id='word_1_225' title='bbox 1478 3283 1698 3336; x_wconf 89' lang='lat' dir='ltr'><strong><em>nullum</em></strong></span> <span class='ocrx_word' id='word_1_226' title='bbox 1721 3283 2042 3337; x_wconf 89' lang='lat' dir='ltr'><strong><em>absurdius.</em></strong></span> 
     </span>
    </p>
   </div>
   <div class='ocr_carea' id='block_1_31' title="bbox 338 3369 2047 3441">
    <p class='ocr_par' dir='ltr' id='par_1_31' title="bbox 338 3369 2047 3441">
     <span class='ocr_line' id='line_1_31' title="bbox 338 3369 2047 3441; baseline 0 -17"><span class='ocrx_word' id='word_1_227' title='bbox 338 3369 599 3424; x_wconf 89' lang='lat' dir='ltr'><strong><em>Messiani</em></strong></span> <span class='ocrx_word' id='word_1_228' title='bbox 646 3369 860 3441; x_wconf 90' lang='lat' dir='ltr'><strong><em>quippe</em></strong></span> <span class='ocrx_word' id='word_1_229' title='bbox 913 3371 1194 3426; x_wconf 89' lang='lat' dir='ltr'><strong><em>sententia</em></strong></span> <span class='ocrx_word' id='word_1_230' title='bbox 1254 3371 1404 3426; x_wconf 89' lang='lat' dir='ltr'><strong><em>dicta</em></strong></span> <span class='ocrx_word' id='word_1_231' title='bbox 1456 3371 1566 3425; x_wconf 90' lang='lat' dir='ltr'><strong><em>fuit</em></strong></span> <span class='ocrx_word' id='word_1_232' title='bbox 1621 3387 1772 3425; x_wconf 91' lang='lat' dir='ltr'><strong><em>anno</em></strong></span> <span class='ocrx_word' id='word_1_233' title='bbox 1840 3370 2047 3425; x_wconf 83' lang='lat' dir='ltr'><strong><em>Christi</em></strong></span> 
     </span>
    </p>
   </div>
   <div class='ocr_carea' id='block_1_32' title="bbox 340 3458 2046 3531">
    <p class='ocr_par' dir='ltr' id='par_1_32' title="bbox 340 3458 2046 3531">
     <span class='ocr_line' id='line_1_32' title="bbox 340 3458 2046 3531; baseline 0 -18"><span class='ocrx_word' id='word_1_234' title='bbox 340 3458 740 3513; x_wconf 89' lang='lat' dir='ltr'><strong><em>trecentesimo</em></strong></span> <span class='ocrx_word' id='word_1_235' title='bbox 789 3459 1136 3531; x_wconf 89' lang='lat' dir='ltr'><strong><em>octogesimo</em></strong></span> <span class='ocrx_word' id='word_1_236' title='bbox 1191 3464 1396 3514; x_wconf 85' lang='lat' dir='ltr'><strong><em>sexto:</em></strong></span> <span class='ocrx_word' id='word_1_237' title='bbox 1440 3458 1796 3528; x_wconf 79' lang='lat' dir='ltr'><strong><em>Augustinus</em></strong></span> <span class='ocrx_word' id='word_1_238' title='bbox 1851 3464 2046 3514; x_wconf 88' lang='lat' dir='ltr'><strong><em>autem</em></strong></span> 
     </span>
    </p>
   </div>
   <div class='ocr_carea' id='block_1_33' title="bbox 345 3546 2044 3618">
    <p class='ocr_par' dir='ltr' id='par_1_33' title="bbox 345 3546 2044 3618">
     <span class='ocr_line' id='line_1_33' title="bbox 345 3546 2044 3618; baseline 0.001 -17"><span class='ocrx_word' id='word_1_239' title='bbox 345 3546 649 3602; x_wconf 85' lang='lat' dir='ltr'><strong><em>Mediolani</em></strong></span> <span class='ocrx_word' id='word_1_240' title='bbox 678 3549 876 3618; x_wconf 90' lang='lat' dir='ltr'><strong><em>procul</em></strong></span> <span class='ocrx_word' id='word_1_241' title='bbox 917 3548 1091 3602; x_wconf 92' lang='lat' dir='ltr'><strong><em>dubio</em></strong></span> <span class='ocrx_word' id='word_1_242' title='bbox 1131 3551 1254 3602; x_wconf 87' lang='lat' dir='ltr'><strong><em>erat</em></strong></span> <span class='ocrx_word' id='word_1_243' title='bbox 1284 3552 1413 3602; x_wconf 90' lang='lat' dir='ltr'><strong><em>ante</em></strong></span> <span class='ocrx_word' id='word_1_244' title='bbox 1451 3564 1668 3602; x_wconf 89' lang='lat' dir='ltr'><strong><em>annum</em></strong></span> <span class='ocrx_word' id='word_1_245' title='bbox 1709 3548 2044 3602; x_wconf 90' lang='lat' dir='ltr'><strong><em>trecentesi-</em></strong></span> 
     </span>
    </p>
   </div>
   <div class='ocr_carea' id='block_1_34' title="bbox 337 3636 2045 3710">
    <p class='ocr_par' dir='ltr' id='par_1_34' title="bbox 337 3636 2045 3710">
     <span class='ocr_line' id='line_1_34' title="bbox 337 3636 2045 3710; baseline 0.001 -19"><span class='ocrx_word' id='word_1_246' title='bbox 337 3653 498 3691; x_wconf 88' lang='lat' dir='ltr'><strong><em>mum</em></strong></span> <span class='ocrx_word' id='word_1_247' title='bbox 528 3637 944 3710; x_wconf 88' lang='lat' dir='ltr'><strong><em>octogesimum</em></strong></span> <span class='ocrx_word' id='word_1_248' title='bbox 985 3636 1284 3708; x_wconf 89' lang='lat' dir='ltr'><strong><em>quintum;</em></strong></span> <span class='ocrx_word' id='word_1_249' title='bbox 1325 3637 1487 3708; x_wconf 90' lang='lat' dir='ltr'><strong><em>cujus</em></strong></span> <span class='ocrx_word' id='word_1_250' title='bbox 1521 3637 1607 3692; x_wconf 90' lang='lat' dir='ltr'><strong><em>rei</em></strong></span> <span class='ocrx_word' id='word_1_251' title='bbox 1635 3637 2045 3692; x_wconf 88' lang='lat' dir='ltr'><strong><em>documentum</em></strong></span> 
     </span>
    </p>
   </div>
   <div class='ocr_carea' id='block_1_35' title="bbox 337 3725 2047 3798">
    <p class='ocr_par' dir='ltr' id='par_1_35' title="bbox 337 3725 2047 3798">
     <span class='ocr_line' id='line_1_35' title="bbox 337 3725 2047 3798; baseline 0.001 -18"><span class='ocrx_word' id='word_1_252' title='bbox 337 3725 397 3780; x_wconf 90' lang='lat' dir='ltr'><strong><em>in</em></strong></span> <span class='ocrx_word' id='word_1_253' title='bbox 446 3731 719 3798; x_wconf 90' lang='lat' dir='ltr'><strong><em>promptu</em></strong></span> <span class='ocrx_word' id='word_1_254' title='bbox 760 3726 1007 3780; x_wconf 85' lang='lat' dir='ltr'><strong><em>habebat</em></strong></span> <span class='ocrx_word' id='word_1_255' title='bbox 1064 3725 1206 3797; x_wconf 84' lang='lat' dir='ltr'><strong><em>ipse,</em></strong></span> <span class='ocrx_word' id='word_1_256' title='bbox 1260 3726 1330 3780; x_wconf 92' lang='lat' dir='ltr'><strong><em>ad</em></strong></span> <span class='ocrx_word' id='word_1_257' title='bbox 1379 3742 1527 3792; x_wconf 87' lang='lat' dir='ltr'><strong><em>eam,</em></strong></span> <span class='ocrx_word' id='word_1_258' title='bbox 1585 3726 1686 3781; x_wconf 93' lang='lat' dir='ltr'><strong><em>ubi</em></strong></span> <span class='ocrx_word' id='word_1_259' title='bbox 1741 3725 2047 3781; x_wconf 88' lang='lat' dir='ltr'><strong><em>necessitas</em></strong></span> 
     </span>
    </p>
   </div>
   <div class='ocr_carea' id='block_1_36' title="bbox 338 3813 2047 3886">
    <p class='ocr_par' dir='ltr' id='par_1_36' title="bbox 338 3813 2047 3886">
     <span class='ocr_line' id='line_1_36' title="bbox 338 3813 2047 3886; baseline 0.001 -18"><span class='ocrx_word' id='word_1_260' title='bbox 338 3819 614 3886; x_wconf 85' lang='lat' dir='ltr'><strong><em>posceret,</em></strong></span> <span class='ocrx_word' id='word_1_261' title='bbox 661 3816 977 3868; x_wconf 90' lang='lat' dir='ltr'><strong><em>multorum</em></strong></span> <span class='ocrx_word' id='word_1_262' title='bbox 1039 3813 1351 3869; x_wconf 86' lang='lat' dir='ltr'><strong><em>illustrium</em></strong></span> <span class='ocrx_word' id='word_1_263' title='bbox 1407 3816 1662 3870; x_wconf 87' lang='lat' dir='ltr'><strong><em>virorum</em></strong></span> <span class='ocrx_word' id='word_1_264' title='bbox 1719 3815 2047 3870; x_wconf 87' lang='lat' dir='ltr'><strong><em>testimonio</em></strong></span> 
     </span>
    </p>
   </div>
   <div class='ocr_carea' id='block_1_37' title="bbox 338 3904 1357 3975">
    <p class='ocr_par' dir='ltr' id='par_1_37' title="bbox 338 3904 1357 3975">
     <span class='ocr_line' id='line_1_37' title="bbox 338 3904 1357 3975; baseline 0.002 -16"><span class='ocrx_word' id='word_1_265' title='bbox 338 3905 828 3975; x_wconf 88' lang='lat' dir='ltr'><strong><em>comprobandam</em></strong></span> <span class='ocrx_word' id='word_1_266' title='bbox 859 3904 1357 3961; x_wconf 87' lang='lat' dir='ltr'><strong><em>instructissimus.</em></strong></span> 
     </span>
    </p>
   </div>
   <div class='ocr_carea' id='block_1_38' title="bbox 405 3993 2048 4066">
    <p class='ocr_par' dir='ltr' id='par_1_38' title="bbox 405 3993 2048 4066">
     <span class='ocr_line' id='line_1_38' title="bbox 405 3993 2048 4066; baseline 0.002 -19"><span class='ocrx_word' id='word_1_267' title='bbox 405 3996 456 4047; x_wconf 82' lang='lat'><strong><em>2.</em></strong></span> <span class='ocrx_word' id='word_1_268' title='bbox 502 3994 616 4047; x_wconf 80' lang='lat' dir='ltr'><strong><em>Hoc</em></strong></span> <span class='ocrx_word' id='word_1_269' title='bbox 661 4009 796 4047; x_wconf 88' lang='lat' dir='ltr'><strong><em>sane</em></strong></span> <span class='ocrx_word' id='word_1_270' title='bbox 841 3993 951 4048; x_wconf 91' lang='lat' dir='ltr'><strong><em>iter</em></strong></span> <span class='ocrx_word' id='word_1_271' title='bbox 1005 3994 1329 4048; x_wconf 89' lang='lat' dir='ltr'><strong><em>clanculum</em></strong></span> <span class='ocrx_word' id='word_1_272' title='bbox 1385 3995 1664 4066; x_wconf 85' lang='lat' dir='ltr'><strong><em>suscepit;</em></strong></span> <span class='ocrx_word' id='word_1_273' title='bbox 1719 4011 1848 4050; x_wconf 89' lang='lat' dir='ltr'><strong><em>cum</em></strong></span> <span class='ocrx_word' id='word_1_274' title='bbox 1896 3997 2048 4051; x_wconf 86' lang='lat' dir='ltr'><strong><em>navi-</em></strong></span> 
     </span>
    </p>
   </div>
   <div class='ocr_carea' id='block_1_39' title="bbox 335 4080 2048 4155">
    <p class='ocr_par' dir='ltr' id='par_1_39' title="bbox 335 4080 2048 4155">
     <span class='ocr_line' id='line_1_39' title="bbox 335 4080 2048 4155; baseline 0.003 -21"><span class='ocrx_word' id='word_1_275' title='bbox 335 4082 488 4154; x_wconf 87' lang='lat' dir='ltr'><strong><em>garit</em></strong></span> <span class='ocrx_word' id='word_1_276' title='bbox 528 4080 706 4135; x_wconf 90' lang='lat' dir='ltr'><strong><em>inscio</em></strong></span> <span class='ocrx_word' id='word_1_277' title='bbox 757 4081 882 4152; x_wconf 90' lang='lat' dir='ltr'><strong><em>ipso</em></strong></span> <span class='ocrx_word' id='word_1_278' title='bbox 935 4082 1318 4149; x_wconf 87' lang='lat' dir='ltr'><strong><em>Romaniano,</em></strong></span> <span class='ocrx_word' id='word_1_279' title='bbox 1367 4083 1600 4155; x_wconf 91' lang='lat' dir='ltr'><strong><em>quicum</em></strong></span> <span class='ocrx_word' id='word_1_280' title='bbox 1655 4099 1756 4138; x_wconf 89' lang='lat' dir='ltr'><strong><em>sua</em></strong></span> <span class='ocrx_word' id='word_1_281' title='bbox 1810 4085 2048 4140; x_wconf 89' lang='lat' dir='ltr'><strong><em>consilia</em></strong></span> 
     </span>
    </p>
   </div>
   <div class='ocr_carea' id='block_1_40' title="bbox 337 4169 2050 4243">
    <p class='ocr_par' dir='ltr' id='par_1_40' title="bbox 337 4169 2050 4243">
     <span class='ocr_line' id='line_1_40' title="bbox 337 4169 2050 4243; baseline 0.002 -18"><span class='ocrx_word' id='word_1_282' title='bbox 337 4169 765 4226; x_wconf 89' lang='lat' dir='ltr'><strong><em>communicare</em></strong></span> <span class='ocrx_word' id='word_1_283' title='bbox 804 4170 1005 4225; x_wconf 91' lang='lat' dir='ltr'><strong><em>solitus</em></strong></span> <span class='ocrx_word' id='word_1_284' title='bbox 1043 4175 1184 4239; x_wconf 90' lang='lat' dir='ltr'><strong><em>erat,</em></strong></span> <span class='ocrx_word' id='word_1_285' title='bbox 1221 4173 1382 4243; x_wconf 90' lang='lat' dir='ltr'><strong><em>cujus</em></strong></span> <span class='ocrx_word' id='word_1_286' title='bbox 1409 4172 1582 4227; x_wconf 90' lang='lat' dir='ltr'><strong><em>etiam</em></strong></span> <span class='ocrx_word' id='word_1_287' title='bbox 1614 4173 1824 4230; x_wconf 89' lang='lat' dir='ltr'><strong><em>liberos</em></strong></span> <span class='ocrx_word' id='word_1_288' title='bbox 1853 4174 2050 4228; x_wconf 91' lang='lat' dir='ltr'><strong><em>relicta</em></strong></span> 
     </span>
    </p>
   </div>
   <div class='ocr_carea' id='block_1_41' title="bbox 338 4260 2050 4334">
    <p class='ocr_par' dir='ltr' id='par_1_41' title="bbox 338 4260 2050 4334">
     <span class='ocr_line' id='line_1_41' title="bbox 338 4260 2050 4334; baseline 0.002 -19"><span class='ocrx_word' id='word_1_289' title='bbox 338 4260 683 4332; x_wconf 86' lang='lat' dir='ltr'><strong><em>Carthagine</em></strong></span> <span class='ocrx_word' id='word_1_290' title='bbox 723 4260 1049 4316; x_wconf 87' lang='lat' dir='ltr'><strong><em>deserebat.</em></strong></span> <span class='ocrx_word' id='word_1_291' title='bbox 1084 4262 1224 4316; x_wconf 84' lang='lat' dir='ltr'><strong><em>Eum</em></strong></span> <span class='ocrx_word' id='word_1_292' title='bbox 1266 4266 1458 4317; x_wconf 90' lang='lat' dir='ltr'><strong><em>tamen</em></strong></span> <span class='ocrx_word' id='word_1_293' title='bbox 1503 4262 1593 4316; x_wconf 94' lang='lat' dir='ltr'><strong><em>cui</em></strong></span> <span class='ocrx_word' id='word_1_294' title='bbox 1633 4267 1716 4317; x_wconf 87' lang='lat' dir='ltr'><strong><em>tot</em></strong></span> <span class='ocrx_word' id='word_1_295' title='bbox 1765 4263 2050 4334; x_wconf 88' lang='lat' dir='ltr'><strong><em>tantisque</em></strong></span> 
     </span>
    </p>
   </div>
   <div class='ocr_carea' id='block_1_42' title="bbox 341 4349 2051 4419">
    <p class='ocr_par' dir='ltr' id='par_1_42' title="bbox 341 4349 2051 4419">
     <span class='ocr_line' id='line_1_42' title="bbox 341 4349 2051 4419; baseline 0.001 -15"><span class='ocrx_word' id='word_1_296' title='bbox 341 4350 634 4404; x_wconf 89' lang='lat' dir='ltr'><strong><em>beneﬁciis</em></strong></span> <span class='ocrx_word' id='word_1_297' title='bbox 671 4349 974 4404; x_wconf 89' lang='lat' dir='ltr'><strong><em>obstrictus</em></strong></span> <span class='ocrx_word' id='word_1_298' title='bbox 1003 4355 1146 4419; x_wconf 91' lang='lat' dir='ltr'><strong><em>erat,</em></strong></span> <span class='ocrx_word' id='word_1_299' title='bbox 1172 4349 1282 4404; x_wconf 90' lang='lat' dir='ltr'><strong><em>nisi</em></strong></span> <span class='ocrx_word' id='word_1_300' title='bbox 1328 4355 1450 4405; x_wconf 91' lang='lat' dir='ltr'><strong><em>tum</em></strong></span> <span class='ocrx_word' id='word_1_301' title='bbox 1493 4351 1784 4417; x_wconf 83' lang='lat' dir='ltr'><strong><em>abfuisset,</em></strong></span> <span class='ocrx_word' id='word_1_302' title='bbox 1817 4351 1874 4406; x_wconf 89' lang='lat' dir='ltr'><strong><em>id</em></strong></span> <span class='ocrx_word' id='word_1_303' title='bbox 1903 4353 2051 4406; x_wconf 88' lang='lat' dir='ltr'><strong><em>cela-</em></strong></span> 
     </span>
    </p>
   </div>
   <div class='ocr_carea' id='block_1_43' title="bbox 339 4433 2052 4506">
    <p class='ocr_par' dir='ltr' id='par_1_43' title="bbox 339 4433 2052 4506">
     <span class='ocr_line' id='line_1_43' title="bbox 339 4433 2052 4506; baseline 0.002 -18"><span class='ocrx_word' id='word_1_304' title='bbox 339 4440 506 4488; x_wconf 89' lang='lat' dir='ltr'><strong><em>turus</em></strong></span> <span class='ocrx_word' id='word_1_305' title='bbox 533 4433 705 4488; x_wconf 90' lang='lat' dir='ltr'><strong><em>fuisse</em></strong></span> <span class='ocrx_word' id='word_1_306' title='bbox 735 4450 850 4489; x_wconf 92' lang='lat' dir='ltr'><strong><em>non</em></strong></span> <span class='ocrx_word' id='word_1_307' title='bbox 880 4433 1104 4489; x_wconf 88' lang='lat' dir='ltr'><strong><em>videtur</em></strong></span> <span class='ocrx_word' id='word_1_308' title='bbox 1135 4451 1148 4489; x_wconf 89' lang='lat'>:</span> <span class='ocrx_word' id='word_1_309' title='bbox 1180 4435 1564 4506; x_wconf 87' lang='lat' dir='ltr'><strong><em>quamobrem</em></strong></span> <span class='ocrx_word' id='word_1_310' title='bbox 1595 4452 1696 4491; x_wconf 91' lang='lat' dir='ltr'><strong><em>nec</em></strong></span> <span class='ocrx_word' id='word_1_311' title='bbox 1727 4436 1776 4490; x_wconf 89' lang='lat' dir='ltr'><strong><em>ei</em></strong></span> <span class='ocrx_word' id='word_1_312' title='bbox 1808 4437 1891 4490; x_wconf 89' lang='lat' dir='ltr'><strong><em>vel</em></strong></span> <span class='ocrx_word' id='word_1_313' title='bbox 1921 4437 2052 4492; x_wconf 90' lang='lat' dir='ltr'><strong><em>levi-</em></strong></span> 
     </span>
    </p>
   </div>
   <div class='ocr_carea' id='block_1_44' title="bbox 338 4522 2053 4596">
    <p class='ocr_par' dir='ltr' id='par_1_44' title="bbox 338 4522 2053 4596">
     <span class='ocr_line' id='line_1_44' title="bbox 338 4522 2053 4596; baseline 0.003 -21"><span class='ocrx_word' id='word_1_314' title='bbox 338 4528 428 4576; x_wconf 87' lang='lat' dir='ltr'><strong><em>ter</em></strong></span> <span class='ocrx_word' id='word_1_315' title='bbox 463 4522 788 4578; x_wconf 85' lang='lat' dir='ltr'><strong><em>succensuit</em></strong></span> <span class='ocrx_word' id='word_1_316' title='bbox 830 4524 1244 4592; x_wconf 86' lang='lat' dir='ltr'><strong><em>Romanianus,</em></strong></span> <span class='ocrx_word' id='word_1_317' title='bbox 1290 4540 1392 4578; x_wconf 92' lang='lat' dir='ltr'><strong><em>nec</em></strong></span> <span class='ocrx_word' id='word_1_318' title='bbox 1435 4524 1504 4578; x_wconf 90' lang='lat' dir='ltr'><strong><em>de</em></strong></span> <span class='ocrx_word' id='word_1_319' title='bbox 1539 4524 1777 4596; x_wconf 88' lang='lat' dir='ltr'><strong><em>pristina</em></strong></span> <span class='ocrx_word' id='word_1_320' title='bbox 1815 4525 2053 4581; x_wconf 83' lang='lat' dir='ltr'><strong><em>benevo-</em></strong></span> 
     </span>
    </p>
   </div>
   <div class='ocr_carea' id='block_1_45' title="bbox 342 4610 2048 4684">
    <p class='ocr_par' dir='ltr' id='par_1_45' title="bbox 342 4610 2048 4684">
     <span class='ocr_line' id='line_1_45' title="bbox 342 4610 2048 4684; baseline 0.004 -20"><span class='ocrx_word' id='word_1_321' title='bbox 342 4610 518 4666; x_wconf 87' lang='lat' dir='ltr'><strong><em>lentia</em></strong></span> <span class='ocrx_word' id='word_1_322' title='bbox 567 4611 786 4666; x_wconf 89' lang='lat' dir='ltr'><strong><em>remisit</em></strong></span> <span class='ocrx_word' id='word_1_323' title='bbox 839 4613 1200 4684; x_wconf 88' lang='lat' dir='ltr'><strong><em>aliquantum</em></strong></span> <span class='ocrx_word' id='word_1_324' title='bbox 1255 4613 1477 4681; x_wconf 84' lang='lat' dir='ltr'><strong><em>(Contra</em></strong></span> <span class='ocrx_word' id='word_1_325' title='bbox 1522 4615 1805 4676; x_wconf 80' lang='lat' dir='ltr'><strong><em>Academ.,</em></strong></span> <span class='ocrx_word' id='word_1_326' title='bbox 1854 4615 1950 4670; x_wconf 85' lang='lat' dir='ltr'><strong><em>lib.</em></strong></span> <span class='ocrx_word' id='word_1_327' title='bbox 1995 4618 2048 4681; x_wconf 77' lang='lat'><strong><em>2,</em></strong></span> 
     </span>
    </p>
   </div>
   <div class='ocr_carea' id='block_1_46' title="bbox 334 4699 2050 4774">
    <p class='ocr_par' dir='ltr' id='par_1_46' title="bbox 334 4699 2050 4774">
     <span class='ocr_line' id='line_1_46' title="bbox 334 4699 2050 4774; baseline 0.003 -21"><span class='ocrx_word' id='word_1_328' title='bbox 334 4717 388 4753; x_wconf 90' lang='lat' dir='ltr'><strong><em>n.</em></strong></span> <span class='ocrx_word' id='word_1_329' title='bbox 429 4699 480 4769; x_wconf 87' lang='lat'><strong><em>3)</em></strong></span> <span class='ocrx_word' id='word_1_330' title='bbox 517 4716 530 4754; x_wconf 93' lang='lat'>:</span> <span class='ocrx_word' id='word_1_331' title='bbox 569 4699 799 4772; x_wconf 88' lang='lat' dir='ltr'><strong><em>quippe</em></strong></span> <span class='ocrx_word' id='word_1_332' title='bbox 824 4701 915 4755; x_wconf 90' lang='lat' dir='ltr'><strong><em>cui</em></strong></span> <span class='ocrx_word' id='word_1_333' title='bbox 945 4702 1300 4774; x_wconf 89' lang='lat' dir='ltr'><strong><em>perspectior</em></strong></span> <span class='ocrx_word' id='word_1_334' title='bbox 1319 4707 1440 4757; x_wconf 88' lang='lat' dir='ltr'><strong><em>erat</em></strong></span> <span class='ocrx_word' id='word_1_335' title='bbox 1467 4703 1773 4774; x_wconf 81' lang='lat' dir='ltr'><strong><em>Augustini</em></strong></span> <span class='ocrx_word' id='word_1_336' title='bbox 1802 4703 2050 4771; x_wconf 89' lang='lat' dir='ltr'><strong><em>animus,</em></strong></span> 
     </span>
    </p>
   </div>
   <div class='ocr_carea' id='block_1_47' title="bbox 338 4789 2051 4862">
    <p class='ocr_par' dir='ltr' id='par_1_47' title="bbox 338 4789 2051 4862">
     <span class='ocr_line' id='line_1_47' title="bbox 338 4789 2051 4862; baseline 0.004 -20"><span class='ocrx_word' id='word_1_337' title='bbox 338 4805 512 4860; x_wconf 89' lang='lat' dir='ltr'><strong><em>quam</em></strong></span> <span class='ocrx_word' id='word_1_338' title='bbox 563 4794 630 4844; x_wconf 92' lang='lat' dir='ltr'><strong><em>ut</em></strong></span> <span class='ocrx_word' id='word_1_339' title='bbox 673 4789 976 4845; x_wconf 88' lang='lat' dir='ltr'><strong><em>adversum</em></strong></span> <span class='ocrx_word' id='word_1_340' title='bbox 1007 4808 1066 4846; x_wconf 84' lang='lat' dir='ltr'><strong><em>se</em></strong></span> <span class='ocrx_word' id='word_1_341' title='bbox 1098 4791 1388 4862; x_wconf 87' lang='lat' dir='ltr'><strong><em>ingratum</em></strong></span> <span class='ocrx_word' id='word_1_342' title='bbox 1440 4796 1610 4862; x_wconf 87' lang='lat' dir='ltr'><strong><em>atque</em></strong></span> <span class='ocrx_word' id='word_1_343' title='bbox 1651 4791 2051 4849; x_wconf 89' lang='lat' dir='ltr'><strong><em>immemorem</em></strong></span> 
     </span>
    </p>
   </div>
   <div class='ocr_carea' id='block_1_48' title="bbox 343 4877 2050 4954">
    <p class='ocr_par' dir='ltr' id='par_1_48' title="bbox 343 4877 2050 4954">
     <span class='ocr_line' id='line_1_48' title="bbox 343 4877 2050 4954; baseline 0.004 -22"><span class='ocrx_word' id='word_1_344' title='bbox 343 4877 624 4951; x_wconf 90' lang='lat' dir='ltr'><strong><em>suspicari</em></strong></span> <span class='ocrx_word' id='word_1_345' title='bbox 651 4884 860 4951; x_wconf 88' lang='lat' dir='ltr'><strong><em>posset.</em></strong></span> <span class='ocrx_word' id='word_1_346' title='bbox 899 4881 1025 4935; x_wconf 87' lang='lat' dir='ltr'><strong><em>Non</em></strong></span> <span class='ocrx_word' id='word_1_347' title='bbox 1057 4881 1224 4935; x_wconf 90' lang='lat' dir='ltr'><strong><em>latuit</em></strong></span> <span class='ocrx_word' id='word_1_348' title='bbox 1254 4881 1572 4936; x_wconf 81' lang='lat' dir='ltr'><strong><em>Monnicam</em></strong></span> <span class='ocrx_word' id='word_1_349' title='bbox 1602 4882 1752 4952; x_wconf 89' lang='lat' dir='ltr'><strong><em>quod</em></strong></span> <span class='ocrx_word' id='word_1_350' title='bbox 1779 4885 2050 4954; x_wconf 89' lang='lat' dir='ltr'><strong><em>Augusti-</em></strong></span> 
     </span>
    </p>
   </div>
   <div class='ocr_carea' id='block_1_49' title="bbox 338 4967 2052 5042">
    <p class='ocr_par' dir='ltr' id='par_1_49' title="bbox 338 4967 2052 5042">
     <span class='ocr_line' id='line_1_49' title="bbox 338 4967 2052 5042; baseline 0.004 -20"><span class='ocrx_word' id='word_1_351' title='bbox 338 4983 447 5022; x_wconf 89' lang='lat' dir='ltr'><strong><em>nus</em></strong></span> <span class='ocrx_word' id='word_1_352' title='bbox 475 4967 670 5022; x_wconf 89' lang='lat' dir='ltr'><strong><em>animo</em></strong></span> <span class='ocrx_word' id='word_1_353' title='bbox 697 4969 958 5024; x_wconf 85' lang='lat' dir='ltr'><strong><em>volvebat</em></strong></span> <span class='ocrx_word' id='word_1_354' title='bbox 990 4969 1380 5040; x_wconf 87' lang='lat' dir='ltr'><strong><em>proﬁciscendi</em></strong></span> <span class='ocrx_word' id='word_1_355' title='bbox 1408 4969 1738 5035; x_wconf 88' lang='lat' dir='ltr'><strong><em>consilium;</em></strong></span> <span class='ocrx_word' id='word_1_356' title='bbox 1763 4988 1894 5042; x_wconf 65' lang='lat' dir='ltr'><strong><em>quae</em></strong></span> <span class='ocrx_word' id='word_1_357' title='bbox 1922 4989 2052 5028; x_wconf 92' lang='lat' dir='ltr'><strong><em>cum</em></strong></span> 
     </span>
    </p>
   </div>
   <div class='ocr_carea' id='block_1_50' title="bbox 346 5058 2054 5131">
    <p class='ocr_par' dir='ltr' id='par_1_50' title="bbox 346 5058 2054 5131">
     <span class='ocr_line' id='line_1_50' title="bbox 346 5058 2054 5131; baseline 0.002 -20"><span class='ocrx_word' id='word_1_358' title='bbox 346 5073 507 5112; x_wconf 90' lang='lat' dir='ltr'><strong><em>more</em></strong></span> <span class='ocrx_word' id='word_1_359' title='bbox 527 5062 804 5122; x_wconf 88' lang='lat' dir='ltr'><strong><em>matrum,</em></strong></span> <span class='ocrx_word' id='word_1_360' title='bbox 833 5074 897 5112; x_wconf 90' lang='lat' dir='ltr'><strong><em>ac</em></strong></span> <span class='ocrx_word' id='word_1_361' title='bbox 921 5058 1118 5112; x_wconf 89' lang='lat' dir='ltr'><strong><em>multis</em></strong></span> <span class='ocrx_word' id='word_1_362' title='bbox 1148 5059 1330 5114; x_wconf 91' lang='lat' dir='ltr'><strong><em>multo</em></strong></span> <span class='ocrx_word' id='word_1_363' title='bbox 1361 5059 1606 5131; x_wconf 88' lang='lat' dir='ltr'><strong><em>amplius</em></strong></span> <span class='ocrx_word' id='word_1_364' title='bbox 1632 5058 1736 5113; x_wconf 89' lang='lat' dir='ltr'><strong><em>ﬁlii</em></strong></span> <span class='ocrx_word' id='word_1_365' title='bbox 1761 5064 2054 5114; x_wconf 88' lang='lat' dir='ltr'><strong><em>consuetu-</em></strong></span> 
     </span>
    </p>
   </div>
   <div class='ocr_carea' id='block_1_51' title="bbox 345 5145 2055 5220">
    <p class='ocr_par' dir='ltr' id='par_1_51' title="bbox 345 5145 2055 5220">
     <span class='ocr_line' id='line_1_51' title="bbox 345 5145 2055 5220; baseline 0.002 -21"><span class='ocrx_word' id='word_1_366' title='bbox 345 5146 478 5201; x_wconf 88' lang='lat' dir='ltr'><strong><em>dine</em></strong></span> <span class='ocrx_word' id='word_1_367' title='bbox 511 5145 912 5212; x_wconf 88' lang='lat' dir='ltr'><strong><em>delectaretur,</em></strong></span> <span class='ocrx_word' id='word_1_368' title='bbox 940 5161 1128 5217; x_wconf 91' lang='lat' dir='ltr'><strong><em>neque</em></strong></span> <span class='ocrx_word' id='word_1_369' title='bbox 1158 5148 1230 5201; x_wconf 91' lang='lat' dir='ltr'><strong><em>ab</em></strong></span> <span class='ocrx_word' id='word_1_370' title='bbox 1261 5163 1327 5202; x_wconf 91' lang='lat' dir='ltr'><strong><em>eo</em></strong></span> <span class='ocrx_word' id='word_1_371' title='bbox 1355 5148 1546 5204; x_wconf 85' lang='lat' dir='ltr'><strong><em>divelli</em></strong></span> <span class='ocrx_word' id='word_1_372' title='bbox 1578 5165 1636 5203; x_wconf 88' lang='lat' dir='ltr'><strong><em>se</em></strong></span> <span class='ocrx_word' id='word_1_373' title='bbox 1665 5164 1831 5220; x_wconf 68' lang='lat' dir='ltr'><strong><em>aequo</em></strong></span> <span class='ocrx_word' id='word_1_374' title='bbox 1861 5149 2055 5203; x_wconf 91' lang='lat' dir='ltr'><strong><em>animo</em></strong></span> 
     </span>
    </p>
   </div>
   <div class='ocr_carea' id='block_1_52' title="bbox 343 5232 2054 5307">
    <p class='ocr_par' dir='ltr' id='par_1_52' title="bbox 343 5232 2054 5307">
     <span class='ocr_line' id='line_1_52' title="bbox 343 5232 2054 5307; baseline 0.002 -19"><span class='ocrx_word' id='word_1_375' title='bbox 343 5235 464 5303; x_wconf 88' lang='lat' dir='ltr'><strong><em>pati</em></strong></span> <span class='ocrx_word' id='word_1_376' title='bbox 498 5239 691 5306; x_wconf 86' lang='lat' dir='ltr'><strong><em>posset</em></strong></span> <span class='ocrx_word' id='word_1_377' title='bbox 732 5232 996 5305; x_wconf 88' lang='lat' dir='ltr'><strong><em>(Tagasta</em></strong></span> <span class='ocrx_word' id='word_1_378' title='bbox 1037 5251 1111 5289; x_wconf 91' lang='lat' dir='ltr'><strong><em>an</em></strong></span> <span class='ocrx_word' id='word_1_379' title='bbox 1151 5235 1491 5307; x_wconf 88' lang='lat' dir='ltr'><strong><em>Carthagine</em></strong></span> <span class='ocrx_word' id='word_1_380' title='bbox 1533 5237 1918 5304; x_wconf 89' lang='lat' dir='ltr'><strong><em>decedentem,</em></strong></span> <span class='ocrx_word' id='word_1_381' title='bbox 1951 5238 2054 5292; x_wconf 92' lang='lat' dir='ltr'><strong><em>du-</em></strong></span> 
     </span>
    </p>
   </div>
   <div class='ocr_carea' id='block_1_53' title="bbox 345 5314 2057 5395">
    <p class='ocr_par' dir='ltr' id='par_1_53' title="bbox 345 5314 2057 5395">
     <span class='ocr_line' id='line_1_53' title="bbox 345 5314 2057 5395; baseline 0.003 -19"><span class='ocrx_word' id='word_1_382' title='bbox 345 5321 510 5376; x_wconf 90' lang='lat' dir='ltr'><strong><em>bium</em></strong></span> <span class='ocrx_word' id='word_1_383' title='bbox 541 5327 665 5394; x_wconf 88' lang='lat' dir='ltr'><strong><em>est),</em></strong></span> <span class='ocrx_word' id='word_1_384' title='bbox 701 5314 865 5378; x_wconf 77' lang='lat' dir='ltr'><strong><em>filum</em></strong></span> <span class='ocrx_word' id='word_1_385' title='bbox 899 5323 1124 5395; x_wconf 87' lang='lat' dir='ltr'><strong><em>insequi</em></strong></span> <span class='ocrx_word' id='word_1_386' title='bbox 1149 5324 1464 5392; x_wconf 88' lang='lat' dir='ltr'><strong><em>constituit,</em></strong></span> <span class='ocrx_word' id='word_1_387' title='bbox 1495 5327 1582 5380; x_wconf 86' lang='lat' dir='ltr'><strong><em>vel</em></strong></span> <span class='ocrx_word' id='word_1_388' title='bbox 1613 5332 1679 5381; x_wconf 92' lang='lat' dir='ltr'><strong><em>ut</em></strong></span> <span class='ocrx_word' id='word_1_389' title='bbox 1713 5343 1828 5382; x_wconf 91' lang='lat' dir='ltr'><strong><em>una</em></strong></span> <span class='ocrx_word' id='word_1_390' title='bbox 1865 5343 2057 5381; x_wconf 88' lang='lat' dir='ltr'><strong><em>secum</em></strong></span> 
     </span>
    </p>
   </div>
   <div class='ocr_carea' id='block_1_54' title="bbox 356 5410 2055 5484">
    <p class='ocr_par' dir='ltr' id='par_1_54' title="bbox 356 5410 2055 5484">
     <span class='ocr_line' id='line_1_54' title="bbox 356 5410 2055 5484; baseline 0.004 -21"><span class='ocrx_word' id='word_1_391' title='bbox 356 5410 591 5465; x_wconf 90' lang='lat' dir='ltr'><strong><em>domum</em></strong></span> <span class='ocrx_word' id='word_1_392' title='bbox 637 5412 800 5468; x_wconf 89' lang='lat' dir='ltr'><strong><em>illum</em></strong></span> <span class='ocrx_word' id='word_1_393' title='bbox 843 5413 1163 5478; x_wconf 85' lang='lat' dir='ltr'><strong><em>reduceret,</em></strong></span> <span class='ocrx_word' id='word_1_394' title='bbox 1195 5418 1294 5467; x_wconf 89' lang='lat' dir='ltr'><strong><em>aut</em></strong></span> <span class='ocrx_word' id='word_1_395' title='bbox 1340 5413 1385 5467; x_wconf 91' lang='lat' dir='ltr'><strong><em>si</em></strong></span> <span class='ocrx_word' id='word_1_396' title='bbox 1413 5430 1584 5484; x_wconf 87' lang='lat' dir='ltr'><strong><em>porro</em></strong></span> <span class='ocrx_word' id='word_1_397' title='bbox 1623 5415 1670 5468; x_wconf 89' lang='lat' dir='ltr'><strong><em>is</em></strong></span> <span class='ocrx_word' id='word_1_398' title='bbox 1697 5415 1955 5470; x_wconf 91' lang='lat' dir='ltr'><strong><em>animum</em></strong></span> <span class='ocrx_word' id='word_1_399' title='bbox 1996 5416 2055 5470; x_wconf 91' lang='lat' dir='ltr'><strong><em>in</em></strong></span> 
     </span>
    </p>
   </div>
   <div class='ocr_carea' id='block_1_55' title="bbox 348 5500 2055 5576">
    <p class='ocr_par' dir='ltr' id='par_1_55' title="bbox 348 5500 2055 5576">
     <span class='ocr_line' id='line_1_55' title="bbox 348 5500 2055 5576; baseline 0.005 -25"><span class='ocrx_word' id='word_1_400' title='bbox 348 5500 644 5569; x_wconf 90' lang='lat' dir='ltr'><strong><em>proposito</em></strong></span> <span class='ocrx_word' id='word_1_401' title='bbox 675 5502 1034 5572; x_wconf 76' lang='lat' dir='ltr'><strong><em>obtii&#39;maret,</em></strong></span> <span class='ocrx_word' id='word_1_402' title='bbox 1060 5519 1249 5557; x_wconf 90' lang='lat' dir='ltr'><strong><em>comes</em></strong></span> <span class='ocrx_word' id='word_1_403' title='bbox 1288 5502 1506 5559; x_wconf 88' lang='lat' dir='ltr'><strong><em>itineris</em></strong></span> <span class='ocrx_word' id='word_1_404' title='bbox 1545 5505 1598 5559; x_wconf 91' lang='lat' dir='ltr'><strong><em>ei</em></strong></span> <span class='ocrx_word' id='word_1_405' title='bbox 1627 5505 2055 5576; x_wconf 88' lang='lat' dir='ltr'><strong><em>adjungeretur.</em></strong></span> 
     </span>
    </p>
   </div>
   <div class='ocr_carea' id='block_1_56' title="bbox 348 5585 2056 5663">
    <p class='ocr_par' dir='ltr' id='par_1_56' title="bbox 348 5585 2056 5663">
     <span class='ocr_line' id='line_1_56' title="bbox 348 5585 2056 5663; baseline 0.004 -23"><span class='ocrx_word' id='word_1_406' title='bbox 348 5585 534 5641; x_wconf 79' lang='lat' dir='ltr'><strong><em>Finxit</em></strong></span> <span class='ocrx_word' id='word_1_407' title='bbox 582 5593 706 5643; x_wconf 88' lang='lat' dir='ltr'><strong><em>tum</em></strong></span> <span class='ocrx_word' id='word_1_408' title='bbox 747 5591 980 5661; x_wconf 82' lang='lat' dir='ltr'><strong><em>quidem</em></strong></span> <span class='ocrx_word' id='word_1_409' title='bbox 1020 5591 1373 5663; x_wconf 84' lang='lat' dir='ltr'><strong><em>Augustinus</em></strong></span> <span class='ocrx_word' id='word_1_410' title='bbox 1411 5592 1553 5646; x_wconf 90' lang='lat' dir='ltr'><strong><em>velle</em></strong></span> <span class='ocrx_word' id='word_1_411' title='bbox 1593 5609 1650 5646; x_wconf 90' lang='lat' dir='ltr'><strong><em>se</em></strong></span> <span class='ocrx_word' id='word_1_412' title='bbox 1696 5593 2056 5648; x_wconf 90' lang='lat' dir='ltr'><strong><em>solummodo</em></strong></span> 
     </span>
    </p>
   </div>
   <div class='ocr_carea' id='block_1_57' title="bbox 2165 882 3865 955">
    <p class='ocr_par' dir='ltr' id='par_1_57' title="bbox 2165 882 3865 955">
     <span class='ocr_line' id='line_1_57' title="bbox 2165 882 3865 955; baseline 0.001 -19"><span class='ocrx_word' id='word_1_413' title='bbox 2165 883 2347 938; x_wconf 90' lang='lat' dir='ltr'><strong><em>amico</em></strong></span> <span class='ocrx_word' id='word_1_414' title='bbox 2385 899 2518 938; x_wconf 85' lang='lat' dir='ltr'><strong><em>mox</em></strong></span> <span class='ocrx_word' id='word_1_415' title='bbox 2556 883 2894 955; x_wconf 83' lang='lat' dir='ltr'><strong><em>navigaturo</em></strong></span> <span class='ocrx_word' id='word_1_416' title='bbox 2931 883 3244 950; x_wconf 68' lang='lat' dir='ltr'><strong><em>adhaerere,</em></strong></span> <span class='ocrx_word' id='word_1_417' title='bbox 3287 899 3466 954; x_wconf 90' lang='lat' dir='ltr'><strong><em>usque</em></strong></span> <span class='ocrx_word' id='word_1_418' title='bbox 3513 882 3651 938; x_wconf 90' lang='lat' dir='ltr'><strong><em>dum</em></strong></span> <span class='ocrx_word' id='word_1_419' title='bbox 3695 890 3865 954; x_wconf 89' lang='lat' dir='ltr'><strong><em>portu</em></strong></span> 
     </span>
    </p>
   </div>
   <div class='ocr_carea' id='block_1_58' title="bbox 2164 963 3862 1041">
    <p class='ocr_par' dir='ltr' id='par_1_58' title="bbox 2164 963 3862 1041">
     <span class='ocr_line' id='line_1_58' title="bbox 2164 963 3862 1041; baseline -0.001 -16"><span class='ocrx_word' id='word_1_420' title='bbox 2164 972 2422 1027; x_wconf 82' lang='lat' dir='ltr'><strong><em>solvisset</em></strong></span> <span class='ocrx_word' id='word_1_421' title='bbox 2450 989 2463 1026; x_wconf 90' lang='lat'>:</span> <span class='ocrx_word' id='word_1_422' title='bbox 2492 972 2589 1026; x_wconf 90' lang='lat' dir='ltr'><strong><em>sed</em></strong></span> <span class='ocrx_word' id='word_1_423' title='bbox 2618 989 2686 1026; x_wconf 92' lang='lat' dir='ltr'><strong><em>eo</em></strong></span> <span class='ocrx_word' id='word_1_424' title='bbox 2721 963 2842 1026; x_wconf 85' lang='lat' dir='ltr'><strong><em>astu</em></strong></span> <span class='ocrx_word' id='word_1_425' title='bbox 2871 973 3068 1027; x_wconf 85' lang='lat' dir='ltr'><strong><em>delusa</em></strong></span> <span class='ocrx_word' id='word_1_426' title='bbox 3099 988 3214 1026; x_wconf 90' lang='lat' dir='ltr'><strong><em>non</em></strong></span> <span class='ocrx_word' id='word_1_427' title='bbox 3241 977 3326 1026; x_wconf 91' lang='lat' dir='ltr'><strong><em>est</em></strong></span> <span class='ocrx_word' id='word_1_428' title='bbox 3353 973 3449 1041; x_wconf 91' lang='lat' dir='ltr'><strong><em>pia</em></strong></span> <span class='ocrx_word' id='word_1_429' title='bbox 3477 972 3676 1025; x_wconf 87' lang='lat' dir='ltr'><strong><em>matris</em></strong></span> <span class='ocrx_word' id='word_1_430' title='bbox 3705 971 3862 1025; x_wconf 88' lang='lat' dir='ltr'><strong><em>solli-</em></strong></span> 
     </span>
    </p>
   </div>
   <div class='ocr_carea' id='block_1_59' title="bbox 2161 1060 3864 1133">
    <p class='ocr_par' dir='ltr' id='par_1_59' title="bbox 2161 1060 3864 1133">
     <span class='ocr_line' id='line_1_59' title="bbox 2161 1060 3864 1133; baseline -0.002 -18"><span class='ocrx_word' id='word_1_431' title='bbox 2161 1060 2378 1127; x_wconf 89' lang='lat' dir='ltr'><strong><em>citudo,</em></strong></span> <span class='ocrx_word' id='word_1_432' title='bbox 2413 1077 2597 1133; x_wconf 90' lang='lat' dir='ltr'><strong><em>neque</em></strong></span> <span class='ocrx_word' id='word_1_433' title='bbox 2629 1077 2694 1114; x_wconf 91' lang='lat' dir='ltr'><strong><em>eo</em></strong></span> <span class='ocrx_word' id='word_1_434' title='bbox 2723 1060 2929 1115; x_wconf 89' lang='lat' dir='ltr'><strong><em>adduci</em></strong></span> <span class='ocrx_word' id='word_1_435' title='bbox 2958 1060 3166 1132; x_wconf 88' lang='lat' dir='ltr'><strong><em>potuit,</em></strong></span> <span class='ocrx_word' id='word_1_436' title='bbox 3194 1065 3259 1114; x_wconf 90' lang='lat' dir='ltr'><strong><em>ut</em></strong></span> <span class='ocrx_word' id='word_1_437' title='bbox 3284 1061 3402 1114; x_wconf 90' lang='lat' dir='ltr'><strong><em>sola</em></strong></span> <span class='ocrx_word' id='word_1_438' title='bbox 3429 1061 3663 1115; x_wconf 90' lang='lat' dir='ltr'><strong><em>domum</em></strong></span> <span class='ocrx_word' id='word_1_439' title='bbox 3697 1060 3864 1113; x_wconf 88' lang='lat' dir='ltr'><strong><em>remi-</em></strong></span> 
     </span>
    </p>
   </div>
   <div class='ocr_carea' id='block_1_60' title="bbox 2160 1149 3865 1222">
    <p class='ocr_par' dir='ltr' id='par_1_60' title="bbox 2160 1149 3865 1222">
     <span class='ocr_line' id='line_1_60' title="bbox 2160 1149 3865 1222; baseline -0.001 -19"><span class='ocrx_word' id='word_1_440' title='bbox 2160 1155 2354 1220; x_wconf 87' lang='lat' dir='ltr'><strong><em>graret</em></strong></span> <span class='ocrx_word' id='word_1_441' title='bbox 2380 1167 2392 1204; x_wconf 92' lang='lat'><strong>:</strong></span> <span class='ocrx_word' id='word_1_442' title='bbox 2427 1151 2569 1222; x_wconf 91' lang='lat' dir='ltr'><strong><em>quin</em></strong></span> <span class='ocrx_word' id='word_1_443' title='bbox 2597 1151 2964 1204; x_wconf 89' lang='lat' dir='ltr'><strong><em>vehementer</em></strong></span> <span class='ocrx_word' id='word_1_444' title='bbox 2993 1151 3175 1204; x_wconf 88' lang='lat' dir='ltr'><strong><em>redire</em></strong></span> <span class='ocrx_word' id='word_1_445' title='bbox 3204 1149 3488 1204; x_wconf 89' lang='lat' dir='ltr'><strong><em>recusanti</em></strong></span> <span class='ocrx_word' id='word_1_446' title='bbox 3514 1149 3603 1202; x_wconf 85' lang='lat' dir='ltr'><strong><em>vix</em></strong></span> <span class='ocrx_word' id='word_1_447' title='bbox 3632 1165 3865 1220; x_wconf 84' lang='lat' dir='ltr'><strong><em>persua-</em></strong></span> 
     </span>
    </p>
   </div>
   <div class='ocr_carea' id='block_1_61' title="bbox 2162 1238 3865 1310">
    <p class='ocr_par' dir='ltr' id='par_1_61' title="bbox 2162 1238 3865 1310">
     <span class='ocr_line' id='line_1_61' title="bbox 2162 1238 3865 1310; baseline 0 -18"><span class='ocrx_word' id='word_1_448' title='bbox 2162 1255 2290 1294; x_wconf 89' lang='lat' dir='ltr'><strong><em>sum</em></strong></span> <span class='ocrx_word' id='word_1_449' title='bbox 2319 1244 2425 1308; x_wconf 87' lang='lat' dir='ltr'><strong><em>est,</em></strong></span> <span class='ocrx_word' id='word_1_450' title='bbox 2452 1240 2588 1294; x_wconf 90' lang='lat' dir='ltr'><strong><em>utin</em></strong></span> <span class='ocrx_word' id='word_1_451' title='bbox 2613 1241 2733 1294; x_wconf 92' lang='lat' dir='ltr'><strong><em>loco</em></strong></span> <span class='ocrx_word' id='word_1_452' title='bbox 2760 1239 2891 1294; x_wconf 87' lang='lat' dir='ltr'><strong><em>navi</em></strong></span> <span class='ocrx_word' id='word_1_453' title='bbox 2919 1239 3183 1310; x_wconf 88' lang='lat' dir='ltr'><strong><em>proximo</em></strong></span> <span class='ocrx_word' id='word_1_454' title='bbox 3213 1256 3278 1293; x_wconf 90' lang='lat' dir='ltr'><strong><em>ac</em></strong></span> <span class='ocrx_word' id='word_1_455' title='bbox 3298 1238 3566 1310; x_wconf 86' lang='lat' dir='ltr'><strong><em>Cypriani</em></strong></span> <span class='ocrx_word' id='word_1_456' title='bbox 3596 1238 3865 1308; x_wconf 81' lang='lat' dir='ltr'><strong><em>martyris</em></strong></span> 
     </span>
    </p>
   </div>
   <div class='ocr_carea' id='block_1_62' title="bbox 2161 1327 3865 1400">
    <p class='ocr_par' dir='ltr' id='par_1_62' title="bbox 2161 1327 3865 1400">
     <span class='ocr_line' id='line_1_62' title="bbox 2161 1327 3865 1400; baseline -0.001 -18"><span class='ocrx_word' id='word_1_457' title='bbox 2161 1329 2459 1384; x_wconf 87' lang='lat' dir='ltr'><strong><em>memoriae</em></strong></span> <span class='ocrx_word' id='word_1_458' title='bbox 2495 1346 2652 1384; x_wconf 88' lang='lat' dir='ltr'><strong><em>sacro</em></strong></span> <span class='ocrx_word' id='word_1_459' title='bbox 2688 1345 2814 1384; x_wconf 91' lang='lat' dir='ltr'><strong><em>eam</em></strong></span> <span class='ocrx_word' id='word_1_460' title='bbox 2852 1333 3075 1384; x_wconf 91' lang='lat' dir='ltr'><strong><em>noctem</em></strong></span> <span class='ocrx_word' id='word_1_461' title='bbox 3114 1328 3475 1400; x_wconf 86' lang='lat' dir='ltr'><strong><em>transigeret.</em></strong></span> <span class='ocrx_word' id='word_1_462' title='bbox 3510 1329 3586 1383; x_wconf 88' lang='lat' dir='ltr'><strong><em>Ea</em></strong></span> <span class='ocrx_word' id='word_1_463' title='bbox 3613 1327 3751 1382; x_wconf 90' lang='lat' dir='ltr'><strong><em>dum</em></strong></span> <span class='ocrx_word' id='word_1_464' title='bbox 3782 1327 3865 1381; x_wconf 90' lang='lat' dir='ltr'><strong><em>ibi</em></strong></span> 
     </span>
    </p>
   </div>
   <div class='ocr_carea' id='block_1_63' title="bbox 2162 1417 3867 1488">
    <p class='ocr_par' dir='ltr' id='par_1_63' title="bbox 2162 1417 3867 1488">
     <span class='ocr_line' id='line_1_63' title="bbox 2162 1417 3867 1488; baseline -0.001 -17"><span class='ocrx_word' id='word_1_465' title='bbox 2162 1418 2514 1472; x_wconf 86' lang='lat' dir='ltr'><strong><em>orationibus</em></strong></span> <span class='ocrx_word' id='word_1_466' title='bbox 2560 1419 2778 1473; x_wconf 86' lang='lat' dir='ltr'><strong><em>intenta</em></strong></span> <span class='ocrx_word' id='word_1_467' title='bbox 2829 1419 3006 1472; x_wconf 86' lang='lat' dir='ltr'><strong><em>Deum</em></strong></span> <span class='ocrx_word' id='word_1_468' title='bbox 3056 1418 3276 1472; x_wconf 86' lang='lat' dir='ltr'><strong><em>enixius</em></strong></span> <span class='ocrx_word' id='word_1_469' title='bbox 3326 1417 3748 1488; x_wconf 88' lang='lat' dir='ltr'><strong><em>deprecaretur,</em></strong></span> <span class='ocrx_word' id='word_1_470' title='bbox 3798 1421 3867 1470; x_wconf 87' lang='lat' dir='ltr'><strong><em>ut</em></strong></span> 
     </span>
    </p>
   </div>
   <div class='ocr_carea' id='block_1_64' title="bbox 2162 1505 3862 1577">
    <p class='ocr_par' dir='ltr' id='par_1_64' title="bbox 2162 1505 3862 1577">
     <span class='ocr_line' id='line_1_64' title="bbox 2162 1505 3862 1577; baseline -0.001 -17"><span class='ocrx_word' id='word_1_471' title='bbox 2162 1507 2344 1560; x_wconf 84' lang='lat' dir='ltr'><strong><em>tilium</em></strong></span> <span class='ocrx_word' id='word_1_472' title='bbox 2377 1507 2739 1577; x_wconf 87' lang='lat' dir='ltr'><strong><em>navigatione</em></strong></span> <span class='ocrx_word' id='word_1_473' title='bbox 2776 1507 3081 1572; x_wconf 89' lang='lat' dir='ltr'><strong><em>inhiberet,</em></strong></span> <span class='ocrx_word' id='word_1_474' title='bbox 3112 1507 3159 1560; x_wconf 89' lang='lat' dir='ltr'><strong><em>is</em></strong></span> <span class='ocrx_word' id='word_1_475' title='bbox 3197 1522 3255 1560; x_wconf 88' lang='lat' dir='ltr'><strong><em>se</em></strong></span> <span class='ocrx_word' id='word_1_476' title='bbox 3288 1507 3543 1560; x_wconf 91' lang='lat' dir='ltr'><strong><em>clanculo</em></strong></span> <span class='ocrx_word' id='word_1_477' title='bbox 3574 1505 3862 1571; x_wconf 82' lang='lat' dir='ltr'><strong><em>subduxit,</em></strong></span> 
     </span>
    </p>
   </div>
   <div class='ocr_carea' id='block_1_65' title="bbox 2161 1594 3861 1667">
    <p class='ocr_par' dir='ltr' id='par_1_65' title="bbox 2161 1594 3861 1667">
     <span class='ocr_line' id='line_1_65' title="bbox 2161 1594 3861 1667; baseline 0 -18"><span class='ocrx_word' id='word_1_478' title='bbox 2161 1601 2331 1667; x_wconf 88' lang='lat' dir='ltr'><strong><em>atque</em></strong></span> <span class='ocrx_word' id='word_1_479' title='bbox 2349 1596 2870 1650; x_wconf 89' lang='lat' dir='ltr'><strong><em>obsecundantibus</em></strong></span> <span class='ocrx_word' id='word_1_480' title='bbox 2895 1595 3076 1650; x_wconf 86' lang='lat' dir='ltr'><strong><em>ventis</em></strong></span> <span class='ocrx_word' id='word_1_481' title='bbox 3102 1597 3342 1650; x_wconf 83' lang='lat' dir='ltr'><strong><em>Romam</em></strong></span> <span class='ocrx_word' id='word_1_482' title='bbox 3368 1594 3669 1666; x_wconf 87' lang='lat' dir='ltr'><strong><em>navigavit.</em></strong></span> <span class='ocrx_word' id='word_1_483' title='bbox 3698 1595 3861 1658; x_wconf 88' lang='lat' dir='ltr'><strong><em>Quod</em></strong></span> 
     </span>
    </p>
   </div>
   <div class='ocr_carea' id='block_1_66' title="bbox 2160 1683 3862 1754">
    <p class='ocr_par' dir='ltr' id='par_1_66' title="bbox 2160 1683 3862 1754">
     <span class='ocr_line' id='line_1_66' title="bbox 2160 1683 3862 1754; baseline -0.001 -16"><span class='ocrx_word' id='word_1_484' title='bbox 2160 1685 2256 1739; x_wconf 90' lang='lat' dir='ltr'><strong><em>illa</em></strong></span> <span class='ocrx_word' id='word_1_485' title='bbox 2291 1700 2456 1738; x_wconf 90' lang='lat' dir='ltr'><strong><em>mane</em></strong></span> <span class='ocrx_word' id='word_1_486' title='bbox 2486 1701 2614 1739; x_wconf 83' lang='lat' dir='ltr'><strong><em>cum</em></strong></span> <span class='ocrx_word' id='word_1_487' title='bbox 2648 1684 3352 1754; x_wconf 82' lang='lat' dir='ltr'><strong><em>deprehendisset,totain</em></strong></span> <span class='ocrx_word' id='word_1_488' title='bbox 3384 1683 3736 1738; x_wconf 90' lang='lat' dir='ltr'><strong><em>miserabiles</em></strong></span> <span class='ocrx_word' id='word_1_489' title='bbox 3769 1686 3862 1737; x_wconf 84' lang='lat' dir='ltr'><strong><em>tle-</em></strong></span> 
     </span>
    </p>
   </div>
   <div class='ocr_carea' id='block_1_67' title="bbox 2161 1773 3866 1843">
    <p class='ocr_par' dir='ltr' id='par_1_67' title="bbox 2161 1773 3866 1843">
     <span class='ocr_line' id='line_1_67' title="bbox 2161 1773 3866 1843; baseline -0.001 -15"><span class='ocrx_word' id='word_1_490' title='bbox 2161 1778 2251 1828; x_wconf 90' lang='lat' dir='ltr'><strong><em>tus</em></strong></span> <span class='ocrx_word' id='word_1_491' title='bbox 2283 1773 2480 1840; x_wconf 74' lang='lat' dir='ltr'><strong><em>effusa,</em></strong></span> <span class='ocrx_word' id='word_1_492' title='bbox 2503 1774 2719 1828; x_wconf 63' lang='lat' dir='ltr'><strong><em>maestis</em></strong></span> <span class='ocrx_word' id='word_1_493' title='bbox 2745 1774 2977 1828; x_wconf 90' lang='lat' dir='ltr'><strong><em>vocibus</em></strong></span> <span class='ocrx_word' id='word_1_494' title='bbox 3006 1773 3166 1828; x_wconf 90' lang='lat' dir='ltr'><strong><em>littus</em></strong></span> <span class='ocrx_word' id='word_1_495' title='bbox 3198 1789 3368 1827; x_wconf 88' lang='lat' dir='ltr'><strong><em>omne</em></strong></span> <span class='ocrx_word' id='word_1_496' title='bbox 3399 1773 3678 1843; x_wconf 88' lang='lat' dir='ltr'><strong><em>implevit,</em></strong></span> <span class='ocrx_word' id='word_1_497' title='bbox 3710 1789 3866 1827; x_wconf 90' lang='lat' dir='ltr'><strong><em>nunc</em></strong></span> 
     </span>
    </p>
   </div>
   <div class='ocr_carea' id='block_1_68' title="bbox 2159 1861 3862 1934">
    <p class='ocr_par' dir='ltr' id='par_1_68' title="bbox 2159 1861 3862 1934">
     <span class='ocr_line' id='line_1_68' title="bbox 2159 1861 3862 1934; baseline -0.001 -18"><span class='ocrx_word' id='word_1_498' title='bbox 2159 1878 2320 1916; x_wconf 90' lang='lat' dir='ltr'><strong><em>suam</em></strong></span> <span class='ocrx_word' id='word_1_499' title='bbox 2354 1862 2532 1933; x_wconf 87' lang='lat' dir='ltr'><strong><em>ipsius</em></strong></span> <span class='ocrx_word' id='word_1_500' title='bbox 2563 1863 2865 1917; x_wconf 85' lang='lat' dir='ltr'><strong><em>orbitatem</em></strong></span> <span class='ocrx_word' id='word_1_501' title='bbox 2901 1863 3223 1934; x_wconf 90' lang='lat' dir='ltr'><strong><em>deplorans,</em></strong></span> <span class='ocrx_word' id='word_1_502' title='bbox 3255 1878 3408 1916; x_wconf 89' lang='lat' dir='ltr'><strong><em>nunc</em></strong></span> <span class='ocrx_word' id='word_1_503' title='bbox 3445 1861 3548 1916; x_wconf 85' lang='lat' dir='ltr'><strong><em>ﬁlii</em></strong></span> <span class='ocrx_word' id='word_1_504' title='bbox 3577 1861 3862 1924; x_wconf 82' lang='lat' dir='ltr'><strong><em>fraudem,</em></strong></span> 
     </span>
    </p>
   </div>
   <div class='ocr_carea' id='block_1_69' title="bbox 2157 1950 3867 2008">
    <p class='ocr_par' dir='ltr' id='par_1_69' title="bbox 2157 1950 3867 2008">
     <span class='ocr_line' id='line_1_69' title="bbox 2157 1950 3867 2008; baseline -0.001 -4"><span class='ocrx_word' id='word_1_505' title='bbox 2157 1967 2312 2006; x_wconf 90' lang='lat' dir='ltr'><strong><em>nunc</em></strong></span> <span class='ocrx_word' id='word_1_506' title='bbox 2335 1952 2733 2008; x_wconf 87' lang='lat' dir='ltr'><strong><em>crudelitatem</em></strong></span> <span class='ocrx_word' id='word_1_507' title='bbox 2760 1952 2954 2007; x_wconf 91' lang='lat' dir='ltr'><strong><em>animo</em></strong></span> <span class='ocrx_word' id='word_1_508' title='bbox 2980 1953 3285 2008; x_wconf 90' lang='lat' dir='ltr'><strong><em>obversans</em></strong></span> <span class='ocrx_word' id='word_1_509' title='bbox 3308 1968 3432 2006; x_wconf 91' lang='lat' dir='ltr'><strong><em>suo.</em></strong></span> <span class='ocrx_word' id='word_1_510' title='bbox 3465 1955 3729 2006; x_wconf 86' lang='lat' dir='ltr'><strong><em>Attamen</em></strong></span> <span class='ocrx_word' id='word_1_511' title='bbox 3761 1950 3867 2004; x_wconf 83' lang='lat' dir='ltr'><strong><em>mi-</em></strong></span> 
     </span>
    </p>
   </div>
   <div class='ocr_carea' id='block_1_70' title="bbox 2158 2038 3860 2111">
    <p class='ocr_par' dir='ltr' id='par_1_70' title="bbox 2158 2038 3860 2111">
     <span class='ocr_line' id='line_1_70' title="bbox 2158 2038 3860 2111; baseline -0.001 -17"><span class='ocrx_word' id='word_1_512' title='bbox 2158 2040 2335 2109; x_wconf 91' lang='lat' dir='ltr'><strong><em>tigato</em></strong></span> <span class='ocrx_word' id='word_1_513' title='bbox 2365 2041 2789 2111; x_wconf 90' lang='lat' dir='ltr'><strong><em>aliquantulum</em></strong></span> <span class='ocrx_word' id='word_1_514' title='bbox 2819 2040 2998 2094; x_wconf 90' lang='lat' dir='ltr'><strong><em>animi</em></strong></span> <span class='ocrx_word' id='word_1_515' title='bbox 3027 2041 3242 2108; x_wconf 88' lang='lat' dir='ltr'><strong><em>dolore,</em></strong></span> <span class='ocrx_word' id='word_1_516' title='bbox 3269 2040 3515 2095; x_wconf 88' lang='lat' dir='ltr'><strong><em>sedatior</em></strong></span> <span class='ocrx_word' id='word_1_517' title='bbox 3539 2040 3702 2104; x_wconf 84' lang='lat' dir='ltr'><strong><em>facta,</em></strong></span> <span class='ocrx_word' id='word_1_518' title='bbox 3735 2038 3860 2093; x_wconf 90' lang='lat' dir='ltr'><strong><em>ina-</em></strong></span> 
     </span>
    </p>
   </div>
   <div class='ocr_carea' id='block_1_71' title="bbox 2158 2127 3863 2200">
    <p class='ocr_par' dir='ltr' id='par_1_71' title="bbox 2158 2127 3863 2200">
     <span class='ocr_line' id='line_1_71' title="bbox 2158 2127 3863 2200; baseline -0.001 -19"><span class='ocrx_word' id='word_1_519' title='bbox 2158 2128 2326 2182; x_wconf 89' lang='lat' dir='ltr'><strong><em>nibus</em></strong></span> <span class='ocrx_word' id='word_1_520' title='bbox 2365 2129 2576 2200; x_wconf 89' lang='lat' dir='ltr'><strong><em>quibus</em></strong></span> <span class='ocrx_word' id='word_1_521' title='bbox 2617 2146 2675 2184; x_wconf 90' lang='lat' dir='ltr'><strong><em>se</em></strong></span> <span class='ocrx_word' id='word_1_522' title='bbox 2713 2129 3063 2200; x_wconf 86' lang='lat' dir='ltr'><strong><em>defatigabat</em></strong></span> <span class='ocrx_word' id='word_1_523' title='bbox 3100 2128 3326 2183; x_wconf 86' lang='lat' dir='ltr'><strong><em>omissis</em></strong></span> <span class='ocrx_word' id='word_1_524' title='bbox 3363 2127 3628 2200; x_wconf 87' lang='lat' dir='ltr'><strong><em>querelis,</em></strong></span> <span class='ocrx_word' id='word_1_525' title='bbox 3663 2143 3863 2180; x_wconf 88' lang='lat' dir='ltr'><strong><em>rursus</em></strong></span> 
     </span>
    </p>
   </div>
   <div class='ocr_carea' id='block_1_72' title="bbox 2158 2216 3860 2289">
    <p class='ocr_par' dir='ltr' id='par_1_72' title="bbox 2158 2216 3860 2289">
     <span class='ocr_line' id='line_1_72' title="bbox 2158 2216 3860 2289; baseline -0.001 -20"><span class='ocrx_word' id='word_1_526' title='bbox 2158 2216 2229 2270; x_wconf 91' lang='lat' dir='ltr'><strong><em>ad</em></strong></span> <span class='ocrx_word' id='word_1_527' title='bbox 2273 2217 2379 2271; x_wconf 88' lang='lat' dir='ltr'><strong><em>ﬁlii</em></strong></span> <span class='ocrx_word' id='word_1_528' title='bbox 2418 2219 2657 2273; x_wconf 87' lang='lat' dir='ltr'><strong><em>salutem</em></strong></span> <span class='ocrx_word' id='word_1_529' title='bbox 2705 2220 2818 2272; x_wconf 92' lang='lat' dir='ltr'><strong><em>Deo</em></strong></span> <span class='ocrx_word' id='word_1_530' title='bbox 2866 2218 3131 2289; x_wconf 89' lang='lat' dir='ltr'><strong><em>precibus</em></strong></span> <span class='ocrx_word' id='word_1_531' title='bbox 3175 2216 3686 2271; x_wconf 88' lang='lat' dir='ltr'><strong><em>commendandam</em></strong></span> <span class='ocrx_word' id='word_1_532' title='bbox 3732 2231 3860 2268; x_wconf 85' lang='lat' dir='ltr'><strong><em>con-</em></strong></span> 
     </span>
    </p>
   </div>
   <div class='ocr_carea' id='block_1_73' title="bbox 2156 2307 3855 2378">
    <p class='ocr_par' dir='ltr' id='par_1_73' title="bbox 2156 2307 3855 2378">
     <span class='ocr_line' id='line_1_73' title="bbox 2156 2307 3855 2378; baseline 0 -20"><span class='ocrx_word' id='word_1_533' title='bbox 2156 2321 2316 2359; x_wconf 86' lang='lat' dir='ltr'><strong><em>versa</em></strong></span> <span class='ocrx_word' id='word_1_534' title='bbox 2346 2307 2582 2360; x_wconf 90' lang='lat' dir='ltr'><strong><em>domum</em></strong></span> <span class='ocrx_word' id='word_1_535' title='bbox 2613 2324 2671 2361; x_wconf 90' lang='lat' dir='ltr'><strong><em>se</em></strong></span> <span class='ocrx_word' id='word_1_536' title='bbox 2697 2307 2910 2378; x_wconf 72' lang='lat' dir='ltr'><strong><em>recepit</em></strong></span> <span class='ocrx_word' id='word_1_537' title='bbox 2930 2307 3194 2377; x_wconf 85' lang='lat' dir='ltr'><strong><em>(Confess.</em></strong></span> <span class='ocrx_word' id='word_1_538' title='bbox 3225 2307 3321 2361; x_wconf 87' lang='lat' dir='ltr'><strong><em>lib.</em></strong></span> <span class='ocrx_word' id='word_1_539' title='bbox 3357 2310 3411 2372; x_wconf 78' lang='lat'><strong><em>5,</em></strong></span> <span class='ocrx_word' id='word_1_540' title='bbox 3433 2321 3554 2374; x_wconf 89' lang='lat' dir='ltr'><strong><em>cap.</em></strong></span> <span class='ocrx_word' id='word_1_541' title='bbox 3583 2309 3634 2371; x_wconf 92' lang='lat'><strong><em>8,</em></strong></span> <span class='ocrx_word' id='word_1_542' title='bbox 3657 2321 3714 2358; x_wconf 91' lang='lat' dir='ltr'><strong><em>n.</em></strong></span> <span class='ocrx_word' id='word_1_543' title='bbox 3748 2307 3855 2372; x_wconf 75' lang='grc'>13).</span> 
     </span>
    </p>
   </div>
   <div class='ocr_carea' id='block_1_74' title="bbox 2229 2394 3860 2466">
    <p class='ocr_par' dir='ltr' id='par_1_74' title="bbox 2229 2394 3860 2466">
     <span class='ocr_line' id='line_1_74' title="bbox 2229 2394 3860 2466; baseline -0.001 -18"><span class='ocrx_word' id='word_1_544' title='bbox 2229 2398 2278 2448; x_wconf 88' lang='lat'><strong><em>3.</em></strong></span> <span class='ocrx_word' id='word_1_545' title='bbox 2324 2395 2423 2449; x_wconf 84' lang='lat' dir='ltr'><strong><em>Vix</em></strong></span> <span class='ocrx_word' id='word_1_546' title='bbox 2469 2397 2709 2450; x_wconf 84' lang='lat' dir='ltr'><strong><em>Romam</em></strong></span> <span class='ocrx_word' id='word_1_547' title='bbox 2753 2396 3088 2450; x_wconf 87' lang='lat' dir='ltr'><strong><em>adventarat</em></strong></span> <span class='ocrx_word' id='word_1_548' title='bbox 3134 2394 3506 2466; x_wconf 86' lang='lat' dir='ltr'><strong><em>Augustinus,</em></strong></span> <span class='ocrx_word' id='word_1_549' title='bbox 3551 2410 3683 2447; x_wconf 91' lang='lat' dir='ltr'><strong><em>cum</em></strong></span> <span class='ocrx_word' id='word_1_550' title='bbox 3730 2409 3860 2446; x_wconf 90' lang='lat' dir='ltr'><strong><em>ecce</em></strong></span> 
     </span>
    </p>
   </div>
   <div class='ocr_carea' id='block_1_75' title="bbox 2157 2481 3856 2554">
    <p class='ocr_par' dir='ltr' id='par_1_75' title="bbox 2157 2481 3856 2554">
     <span class='ocr_line' id='line_1_75' title="bbox 2157 2481 3856 2554; baseline -0.001 -18"><span class='ocrx_word' id='word_1_551' title='bbox 2157 2483 2558 2553; x_wconf 90' lang='lat' dir='ltr'><strong><em>gravissimum</em></strong></span> <span class='ocrx_word' id='word_1_552' title='bbox 2590 2484 2650 2538; x_wconf 90' lang='lat' dir='ltr'><strong><em>in</em></strong></span> <span class='ocrx_word' id='word_1_553' title='bbox 2688 2485 2955 2539; x_wconf 91' lang='lat' dir='ltr'><strong><em>morbum</em></strong></span> <span class='ocrx_word' id='word_1_554' title='bbox 2993 2483 3220 2538; x_wconf 86' lang='lat' dir='ltr'><strong><em>incidit:</em></strong></span> <span class='ocrx_word' id='word_1_555' title='bbox 3255 2484 3493 2554; x_wconf 86' lang='lat' dir='ltr'><strong><em>jamque</em></strong></span> <span class='ocrx_word' id='word_1_556' title='bbox 3531 2482 3591 2537; x_wconf 91' lang='lat' dir='ltr'><strong><em>in</em></strong></span> <span class='ocrx_word' id='word_1_557' title='bbox 3620 2483 3739 2536; x_wconf 88' lang='lat' dir='ltr'><strong><em>dies</em></strong></span> <span class='ocrx_word' id='word_1_558' title='bbox 3769 2481 3856 2536; x_wconf 90' lang='lat' dir='ltr'><strong><em>in-</em></strong></span> 
     </span>
    </p>
   </div>
   <div class='ocr_carea' id='block_1_76' title="bbox 2156 2571 3860 2644">
    <p class='ocr_par' dir='ltr' id='par_1_76' title="bbox 2156 2571 3860 2644">
     <span class='ocr_line' id='line_1_76' title="bbox 2156 2571 3860 2644; baseline -0.001 -19"><span class='ocrx_word' id='word_1_559' title='bbox 2156 2577 2522 2642; x_wconf 88' lang='lat' dir='ltr'><strong><em>gravescente</em></strong></span> <span class='ocrx_word' id='word_1_560' title='bbox 2563 2574 2762 2628; x_wconf 89' lang='lat' dir='ltr'><strong><em>mortis</em></strong></span> <span class='ocrx_word' id='word_1_561' title='bbox 2801 2573 3056 2644; x_wconf 88' lang='lat' dir='ltr'><strong><em>periculo</em></strong></span> <span class='ocrx_word' id='word_1_562' title='bbox 3094 2578 3390 2644; x_wconf 82' lang='lat' dir='ltr'><strong><em>proximus</em></strong></span> <span class='ocrx_word' id='word_1_563' title='bbox 3428 2577 3568 2626; x_wconf 89' lang='lat' dir='ltr'><strong><em>erat.</em></strong></span> <span class='ocrx_word' id='word_1_564' title='bbox 3615 2571 3860 2643; x_wconf 86' lang='lat' dir='ltr'><strong><em>Nequid-</em></strong></span> 
     </span>
    </p>
   </div>
   <div class='ocr_carea' id='block_1_77' title="bbox 2155 2658 3860 2732">
    <p class='ocr_par' dir='ltr' id='par_1_77' title="bbox 2155 2658 3860 2732">
     <span class='ocr_line' id='line_1_77' title="bbox 2155 2658 3860 2732; baseline -0.002 -18"><span class='ocrx_word' id='word_1_565' title='bbox 2155 2677 2330 2732; x_wconf 89' lang='lat' dir='ltr'><strong><em>quam</em></strong></span> <span class='ocrx_word' id='word_1_566' title='bbox 2361 2665 2556 2716; x_wconf 90' lang='lat' dir='ltr'><strong><em>tamen</em></strong></span> <span class='ocrx_word' id='word_1_567' title='bbox 2585 2662 2654 2717; x_wconf 91' lang='lat' dir='ltr'><strong><em>de</em></strong></span> <span class='ocrx_word' id='word_1_568' title='bbox 2685 2662 3028 2716; x_wconf 88' lang='lat' dir='ltr'><strong><em>salutaribus</em></strong></span> <span class='ocrx_word' id='word_1_569' title='bbox 3057 2661 3222 2716; x_wconf 89' lang='lat' dir='ltr'><strong><em>undis</em></strong></span> <span class='ocrx_word' id='word_1_570' title='bbox 3262 2660 3472 2732; x_wconf 90' lang='lat' dir='ltr'><strong><em>quibus</em></strong></span> <span class='ocrx_word' id='word_1_571' title='bbox 3501 2658 3709 2713; x_wconf 77' lang='lat' dir='ltr'><strong><em>animae</em></strong></span> <span class='ocrx_word' id='word_1_572' title='bbox 3741 2673 3860 2712; x_wconf 91' lang='lat' dir='ltr'><strong><em>sor-</em></strong></span> 
     </span>
    </p>
   </div>
   <div class='ocr_carea' id='block_1_78' title="bbox 2155 2747 3862 2822">
    <p class='ocr_par' dir='ltr' id='par_1_78' title="bbox 2155 2747 3862 2822">
     <span class='ocr_line' id='line_1_78' title="bbox 2155 2747 3862 2822; baseline -0.002 -19"><span class='ocrx_word' id='word_1_573' title='bbox 2155 2749 2254 2804; x_wconf 90' lang='lat' dir='ltr'><strong><em>des</em></strong></span> <span class='ocrx_word' id='word_1_574' title='bbox 2293 2751 2626 2817; x_wconf 89' lang='lat' dir='ltr'><strong><em>abluuntur,</em></strong></span> <span class='ocrx_word' id='word_1_575' title='bbox 2657 2751 2728 2806; x_wconf 90' lang='lat' dir='ltr'><strong><em>ab</em></strong></span> <span class='ocrx_word' id='word_1_576' title='bbox 2768 2767 2834 2805; x_wconf 92' lang='lat' dir='ltr'><strong><em>eo</em></strong></span> <span class='ocrx_word' id='word_1_577' title='bbox 2876 2750 3230 2822; x_wconf 88' lang='lat' dir='ltr'><strong><em>cogitabatur</em></strong></span> <span class='ocrx_word' id='word_1_578' title='bbox 3263 2766 3277 2803; x_wconf 85' lang='lat'><strong>:</strong></span> <span class='ocrx_word' id='word_1_579' title='bbox 3319 2766 3386 2803; x_wconf 90' lang='lat' dir='ltr'><strong><em>eo</em></strong></span> <span class='ocrx_word' id='word_1_580' title='bbox 3423 2748 3578 2802; x_wconf 91' lang='lat' dir='ltr'><strong><em>enim</em></strong></span> <span class='ocrx_word' id='word_1_581' title='bbox 3615 2747 3862 2801; x_wconf 73' lang='lat' dir='ltr'><strong><em>vesania:</em></strong></span> 
     </span>
    </p>
   </div>
   <div class='ocr_carea' id='block_1_79' title="bbox 2155 2836 3856 2908">
    <p class='ocr_par' dir='ltr' id='par_1_79' title="bbox 2155 2836 3856 2908">
     <span class='ocr_line' id='line_1_79' title="bbox 2155 2836 3856 2908; baseline -0.002 -16"><span class='ocrx_word' id='word_1_582' title='bbox 2155 2845 2528 2908; x_wconf 90' lang='lat' dir='ltr'><strong><em>processerat,</em></strong></span> <span class='ocrx_word' id='word_1_583' title='bbox 2558 2844 2623 2894; x_wconf 89' lang='lat' dir='ltr'><strong><em>ut</em></strong></span> <span class='ocrx_word' id='word_1_584' title='bbox 2644 2839 2904 2895; x_wconf 84' lang='lat' dir='ltr'><strong><em>divinum</em></strong></span> <span class='ocrx_word' id='word_1_585' title='bbox 2934 2841 3040 2894; x_wconf 90' lang='lat' dir='ltr'><strong><em>hoc</em></strong></span> <span class='ocrx_word' id='word_1_586' title='bbox 3070 2839 3551 2893; x_wconf 88' lang='lat' dir='ltr'><strong><em>medicamentum</em></strong></span> <span class='ocrx_word' id='word_1_587' title='bbox 3576 2836 3856 2890; x_wconf 89' lang='lat' dir='ltr'><strong><em>irrideret.</em></strong></span> 
     </span>
    </p>
   </div>
   <div class='ocr_carea' id='block_1_80' title="bbox 2156 2923 3860 2998">
    <p class='ocr_par' dir='ltr' id='par_1_80' title="bbox 2156 2923 3860 2998">
     <span class='ocr_line' id='line_1_80' title="bbox 2156 2923 3860 2998; baseline -0.002 -18"><span class='ocrx_word' id='word_1_588' title='bbox 2156 2927 2360 2997; x_wconf 90' lang='lat' dir='ltr'><strong><em>Ignara</em></strong></span> <span class='ocrx_word' id='word_1_589' title='bbox 2397 2927 2526 2982; x_wconf 91' lang='lat' dir='ltr'><strong><em>licet</em></strong></span> <span class='ocrx_word' id='word_1_590' title='bbox 2567 2927 2664 2998; x_wconf 91' lang='lat' dir='ltr'><strong><em>pia</em></strong></span> <span class='ocrx_word' id='word_1_591' title='bbox 2698 2931 2882 2981; x_wconf 89' lang='lat' dir='ltr'><strong><em>mater</em></strong></span> <span class='ocrx_word' id='word_1_592' title='bbox 2918 2927 3063 2998; x_wconf 89' lang='lat' dir='ltr'><strong><em>ejus,</em></strong></span> <span class='ocrx_word' id='word_1_593' title='bbox 3094 2927 3154 2980; x_wconf 92' lang='lat' dir='ltr'><strong><em>in</em></strong></span> <span class='ocrx_word' id='word_1_594' title='bbox 3200 2926 3356 2997; x_wconf 92' lang='lat' dir='ltr'><strong><em>quod</em></strong></span> <span class='ocrx_word' id='word_1_595' title='bbox 3397 2924 3672 2978; x_wconf 89' lang='lat' dir='ltr'><strong><em>inciderat</em></strong></span> <span class='ocrx_word' id='word_1_596' title='bbox 3711 2923 3860 2978; x_wconf 87' lang='lat' dir='ltr'><strong><em>ﬁlius</em></strong></span> 
     </span>
    </p>
   </div>
   <div class='ocr_carea' id='block_1_81' title="bbox 2159 3014 3859 3088">
    <p class='ocr_par' dir='ltr' id='par_1_81' title="bbox 2159 3014 3859 3088">
     <span class='ocr_line' id='line_1_81' title="bbox 2159 3014 3859 3088; baseline 0 -22"><span class='ocrx_word' id='word_1_597' title='bbox 2159 3014 2287 3069; x_wconf 63' lang='lat' dir='ltr'><strong><em>vitae</em></strong></span> <span class='ocrx_word' id='word_1_598' title='bbox 2330 3015 2659 3081; x_wconf 88' lang='lat' dir='ltr'><strong><em>discrimen,</em></strong></span> <span class='ocrx_word' id='word_1_599' title='bbox 2690 3016 2870 3070; x_wconf 79' lang='lat' dir='ltr'><strong><em>nihilo</em></strong></span> <span class='ocrx_word' id='word_1_600' title='bbox 2912 3015 3146 3088; x_wconf 88' lang='lat' dir='ltr'><strong><em>segnius</em></strong></span> <span class='ocrx_word' id='word_1_601' title='bbox 3174 3031 3279 3085; x_wconf 89' lang='lat' dir='ltr'><strong><em>pro</em></strong></span> <span class='ocrx_word' id='word_1_602' title='bbox 3320 3014 3420 3068; x_wconf 92' lang='lat' dir='ltr'><strong><em>illo</em></strong></span> <span class='ocrx_word' id='word_1_603' title='bbox 3451 3015 3634 3068; x_wconf 87' lang='lat' dir='ltr'><strong><em>Deum</em></strong></span> <span class='ocrx_word' id='word_1_604' title='bbox 3662 3029 3859 3083; x_wconf 83' lang='lat' dir='ltr'><strong><em>preca-</em></strong></span> 
     </span>
    </p>
   </div>
   <div class='ocr_carea' id='block_1_82' title="bbox 2155 3100 3862 3174">
    <p class='ocr_par' dir='ltr' id='par_1_82' title="bbox 2155 3100 3862 3174">
     <span class='ocr_line' id='line_1_82' title="bbox 2155 3100 3862 3174; baseline -0.002 -18"><span class='ocrx_word' id='word_1_605' title='bbox 2155 3103 2354 3171; x_wconf 88' lang='lat' dir='ltr'><strong><em>batur;</em></strong></span> <span class='ocrx_word' id='word_1_606' title='bbox 2385 3103 2547 3174; x_wconf 87' lang='lat' dir='ltr'><strong><em>cujus</em></strong></span> <span class='ocrx_word' id='word_1_607' title='bbox 2576 3103 2920 3173; x_wconf 90' lang='lat' dir='ltr'><strong><em>precationis</em></strong></span> <span class='ocrx_word' id='word_1_608' title='bbox 2947 3103 3269 3157; x_wconf 88' lang='lat' dir='ltr'><strong><em>interventu</em></strong></span> <span class='ocrx_word' id='word_1_609' title='bbox 3302 3100 3656 3156; x_wconf 90' lang='lat' dir='ltr'><strong><em>convaluisse</em></strong></span> <span class='ocrx_word' id='word_1_610' title='bbox 3686 3116 3767 3164; x_wconf 89' lang='lat' dir='ltr'><strong><em>se,</em></strong></span> <span class='ocrx_word' id='word_1_611' title='bbox 3798 3115 3862 3152; x_wconf 89' lang='lat' dir='ltr'><strong><em>ac</em></strong></span> 
     </span>
    </p>
   </div>
   <div class='ocr_carea' id='block_1_83' title="bbox 2156 3188 3860 3256">
    <p class='ocr_par' dir='ltr' id='par_1_83' title="bbox 2156 3188 3860 3256">
     <span class='ocr_line' id='line_1_83' title="bbox 2156 3188 3860 3256; baseline -0.001 -13"><span class='ocrx_word' id='word_1_612' title='bbox 2156 3191 2314 3246; x_wconf 89' lang='lat' dir='ltr'><strong><em>vitali</em></strong></span> <span class='ocrx_word' id='word_1_613' title='bbox 2357 3192 2580 3246; x_wconf 87' lang='lat' dir='ltr'><strong><em>lavacro</em></strong></span> <span class='ocrx_word' id='word_1_614' title='bbox 2624 3196 2994 3256; x_wconf 88' lang='lat' dir='ltr'><strong><em>reservatum,</em></strong></span> <span class='ocrx_word' id='word_1_615' title='bbox 3038 3207 3153 3245; x_wconf 92' lang='lat' dir='ltr'><strong><em>non</em></strong></span> <span class='ocrx_word' id='word_1_616' title='bbox 3198 3190 3322 3244; x_wconf 91' lang='lat' dir='ltr'><strong><em>sine</em></strong></span> <span class='ocrx_word' id='word_1_617' title='bbox 3367 3190 3640 3244; x_wconf 90' lang='lat' dir='ltr'><strong><em>memoris</em></strong></span> <span class='ocrx_word' id='word_1_618' title='bbox 3682 3188 3860 3242; x_wconf 89' lang='lat' dir='ltr'><strong><em>animi</em></strong></span> 
     </span>
    </p>
   </div>
   <div class='ocr_carea' id='block_1_84' title="bbox 2155 3275 3860 3348">
    <p class='ocr_par' dir='ltr' id='par_1_84' title="bbox 2155 3275 3860 3348">
     <span class='ocr_line' id='line_1_84' title="bbox 2155 3275 3860 3348; baseline -0.001 -16"><span class='ocrx_word' id='word_1_619' title='bbox 2155 3279 2579 3346; x_wconf 88' lang='lat' dir='ltr'><strong><em>testiﬁcatione,</em></strong></span> <span class='ocrx_word' id='word_1_620' title='bbox 2607 3284 2906 3334; x_wconf 87' lang='lat' dir='ltr'><strong><em>memorat.</em></strong></span> <span class='ocrx_word' id='word_1_621' title='bbox 2940 3281 3055 3336; x_wconf 89' lang='lat' dir='ltr'><strong><em>Non</em></strong></span> <span class='ocrx_word' id='word_1_622' title='bbox 3083 3282 3219 3334; x_wconf 85' lang='lat' dir='ltr'><strong><em>satis</em></strong></span> <span class='ocrx_word' id='word_1_623' title='bbox 3251 3281 3486 3348; x_wconf 87' lang='lat' dir='ltr'><strong><em>eloquor,</em></strong></span> <span class='ocrx_word' id='word_1_624' title='bbox 3520 3278 3597 3332; x_wconf 91' lang='lat' dir='ltr'><strong><em>ait</em></strong></span> <span class='ocrx_word' id='word_1_625' title='bbox 3624 3277 3772 3332; x_wconf 89' lang='lat' dir='ltr'><strong><em>hanc</em></strong></span> <span class='ocrx_word' id='word_1_626' title='bbox 3801 3275 3860 3330; x_wconf 94' lang='lat' dir='ltr'><strong><em>in</em></strong></span> 
     </span>
    </p>
   </div>
   <div class='ocr_carea' id='block_1_85' title="bbox 2156 3368 3861 3438">
    <p class='ocr_par' dir='ltr' id='par_1_85' title="bbox 2156 3368 3861 3438">
     <span class='ocr_line' id='line_1_85' title="bbox 2156 3368 3861 3438; baseline -0.001 -16"><span class='ocrx_word' id='word_1_627' title='bbox 2156 3384 2299 3434; x_wconf 89' lang='lat' dir='ltr'><strong><em>rem,</em></strong></span> <span class='ocrx_word' id='word_1_628' title='bbox 2332 3369 2469 3436; x_wconf 90' lang='lat' dir='ltr'><strong><em>quid</em></strong></span> <span class='ocrx_word' id='word_1_629' title='bbox 2495 3385 2624 3436; x_wconf 88' lang='lat' dir='ltr'><strong><em>erga</em></strong></span> <span class='ocrx_word' id='word_1_630' title='bbox 2645 3385 2726 3422; x_wconf 88' lang='lat' dir='ltr'><strong><em>me</em></strong></span> <span class='ocrx_word' id='word_1_631' title='bbox 2751 3369 2979 3423; x_wconf 82' lang='lat' dir='ltr'><strong><em>habebat</em></strong></span> <span class='ocrx_word' id='word_1_632' title='bbox 2999 3371 3190 3435; x_wconf 88' lang='lat' dir='ltr'><strong><em>animi,</em></strong></span> <span class='ocrx_word' id='word_1_633' title='bbox 3219 3375 3269 3423; x_wconf 90' lang='lat' dir='ltr'><strong><em>et</em></strong></span> <span class='ocrx_word' id='word_1_634' title='bbox 3299 3372 3499 3437; x_wconf 84' lang='lat' dir='ltr'><strong><em>quanto</em></strong></span> <span class='ocrx_word' id='word_1_635' title='bbox 3519 3368 3725 3438; x_wconf 85' lang='lat' dir='ltr'><strong><em>majore</em></strong></span> <span class='ocrx_word' id='word_1_636' title='bbox 3755 3368 3861 3421; x_wconf 83' lang='lat' dir='ltr'><strong><em>sol-</em></strong></span> 
     </span>
    </p>
   </div>
   <div class='ocr_carea' id='block_1_86' title="bbox 2156 3457 3862 3528">
    <p class='ocr_par' dir='ltr' id='par_1_86' title="bbox 2156 3457 3862 3528">
     <span class='ocr_line' id='line_1_86' title="bbox 2156 3457 3862 3528; baseline -0.001 -17"><span class='ocrx_word' id='word_1_637' title='bbox 2156 3457 2439 3511; x_wconf 85' lang='lat' dir='ltr'><strong><em>licitudine</em></strong></span> <span class='ocrx_word' id='word_1_638' title='bbox 2467 3472 2548 3512; x_wconf 89' lang='lat' dir='ltr'><strong><em>me</em></strong></span> <span class='ocrx_word' id='word_1_639' title='bbox 2567 3458 2914 3527; x_wconf 87' lang='lat' dir='ltr'><strong><em>parturiebat</em></strong></span> <span class='ocrx_word' id='word_1_640' title='bbox 2948 3459 3170 3528; x_wconf 83' lang='lat' dir='ltr'><strong><em>spiritu,</em></strong></span> <span class='ocrx_word' id='word_1_641' title='bbox 3203 3473 3366 3526; x_wconf 89' lang='lat' dir='ltr'><strong><em>quam</em></strong></span> <span class='ocrx_word' id='word_1_642' title='bbox 3392 3472 3552 3512; x_wconf 85' lang='lat' dir='ltr'><strong><em>carne</em></strong></span> <span class='ocrx_word' id='word_1_643' title='bbox 3575 3461 3862 3526; x_wconf 80' lang='lat' dir='ltr'><strong><em>pepererat</em></strong></span> 
     </span>
    </p>
   </div>
   <div class='ocr_carea' id='block_1_87' title="bbox 2157 3545 3195 3616">
    <p class='ocr_par' dir='ltr' id='par_1_87' title="bbox 2157 3545 3195 3616">
     <span class='ocr_line' id='line_1_87' title="bbox 2157 3545 3195 3616; baseline -0.002 -16"><span class='ocrx_word' id='word_1_644' title='bbox 2157 3545 2344 3614; x_wconf 88' lang='lat' dir='ltr'><strong><em>(Ibid.,</em></strong></span> <span class='ocrx_word' id='word_1_645' title='bbox 2377 3561 2496 3616; x_wconf 88' lang='lat' dir='ltr'><strong><em>cap.</em></strong></span> <span class='ocrx_word' id='word_1_646' title='bbox 2539 3549 2592 3613; x_wconf 90' lang='lat'><strong><em>9,</em></strong></span> <span class='ocrx_word' id='word_1_647' title='bbox 2625 3562 2677 3600; x_wconf 86' lang='grc' dir='ltr'>η.</span> <span class='ocrx_word' id='word_1_648' title='bbox 2717 3547 2822 3616; x_wconf 87' lang='grc'>16).</span> <span class='ocrx_word' id='word_1_649' title='bbox 3192 3596 3195 3598; x_wconf 84' lang='grc'><strong>,</strong></span> 
     </span>
    </p>
   </div>
   <div class='ocr_carea' id='block_1_88' title="bbox 2227 3634 3862 3707">
    <p class='ocr_par' dir='ltr' id='par_1_88' title="bbox 2227 3634 3862 3707">
     <span class='ocr_line' id='line_1_88' title="bbox 2227 3634 3862 3707; baseline 0.001 -18"><span class='ocrx_word' id='word_1_650' title='bbox 2227 3636 2281 3690; x_wconf 84' lang='grc'>4.</span> <span class='ocrx_word' id='word_1_651' title='bbox 2325 3634 2726 3690; x_wconf 89' lang='lat' dir='ltr'><strong><em>Diversabatur</em></strong></span> <span class='ocrx_word' id='word_1_652' title='bbox 2761 3651 2865 3705; x_wconf 91' lang='lat' dir='ltr'><strong><em>per</em></strong></span> <span class='ocrx_word' id='word_1_653' title='bbox 2917 3635 2974 3690; x_wconf 91' lang='lat' dir='ltr'><strong><em>id</em></strong></span> <span class='ocrx_word' id='word_1_654' title='bbox 3020 3638 3248 3707; x_wconf 90' lang='lat' dir='ltr'><strong><em>tempus</em></strong></span> <span class='ocrx_word' id='word_1_655' title='bbox 3310 3635 3662 3706; x_wconf 85' lang='lat' dir='ltr'><strong><em>Augustinus</em></strong></span> <span class='ocrx_word' id='word_1_656' title='bbox 3707 3637 3862 3706; x_wconf 89' lang='lat' dir='ltr'><strong><em>apud</em></strong></span> 
     </span>
    </p>
   </div>
   <div class='ocr_carea' id='block_1_89' title="bbox 2160 3723 3861 3795">
    <p class='ocr_par' dir='ltr' id='par_1_89' title="bbox 2160 3723 3861 3795">
     <span class='ocr_line' id='line_1_89' title="bbox 2160 3723 3861 3795; baseline 0 -17"><span class='ocrx_word' id='word_1_657' title='bbox 2160 3739 2341 3778; x_wconf 90' lang='lat' dir='ltr'><strong><em>unum</em></strong></span> <span class='ocrx_word' id='word_1_658' title='bbox 2375 3740 2439 3778; x_wconf 81' lang='lat' dir='ltr'><strong><em>ex</em></strong></span> <span class='ocrx_word' id='word_1_659' title='bbox 2475 3724 2917 3779; x_wconf 70' lang='lat' dir='ltr'><strong><em>Manichaeorum</em></strong></span> <span class='ocrx_word' id='word_1_660' title='bbox 2959 3729 3109 3779; x_wconf 91' lang='lat' dir='ltr'><strong><em>secta</em></strong></span> <span class='ocrx_word' id='word_1_661' title='bbox 3147 3723 3504 3790; x_wconf 85' lang='lat' dir='ltr'><strong><em>Auditorem,</em></strong></span> <span class='ocrx_word' id='word_1_662' title='bbox 3537 3739 3724 3795; x_wconf 89' lang='lat' dir='ltr'><strong><em>neque</em></strong></span> <span class='ocrx_word' id='word_1_663' title='bbox 3771 3741 3861 3778; x_wconf 84' lang='lat' dir='ltr'><strong><em>so—</em></strong></span> 
     </span>
    </p>
   </div>
   <div class='ocr_carea' id='block_1_90' title="bbox 2157 3811 3860 3882">
    <p class='ocr_par' dir='ltr' id='par_1_90' title="bbox 2157 3811 3860 3882">
     <span class='ocr_line' id='line_1_90' title="bbox 2157 3811 3860 3882; baseline 0.002 -17"><span class='ocrx_word' id='word_1_664' title='bbox 2157 3812 2276 3865; x_wconf 91' lang='lat' dir='ltr'><strong><em>lum</em></strong></span> <span class='ocrx_word' id='word_1_665' title='bbox 2327 3812 2450 3882; x_wconf 91' lang='lat' dir='ltr'><strong><em>ejus</em></strong></span> <span class='ocrx_word' id='word_1_666' title='bbox 2479 3811 2657 3882; x_wconf 89' lang='lat' dir='ltr'><strong><em>ipsius</em></strong></span> <span class='ocrx_word' id='word_1_667' title='bbox 2703 3817 2802 3867; x_wconf 91' lang='lat' dir='ltr'><strong><em>aut</em></strong></span> <span class='ocrx_word' id='word_1_668' title='bbox 2851 3813 3091 3867; x_wconf 89' lang='lat' dir='ltr'><strong><em>aliorum</em></strong></span> <span class='ocrx_word' id='word_1_669' title='bbox 3140 3812 3503 3881; x_wconf 88' lang='lat' dir='ltr'><strong><em>Auditorum,</em></strong></span> <span class='ocrx_word' id='word_1_670' title='bbox 3545 3813 3645 3867; x_wconf 90' lang='lat' dir='ltr'><strong><em>sed</em></strong></span> <span class='ocrx_word' id='word_1_671' title='bbox 3687 3813 3860 3868; x_wconf 89' lang='lat' dir='ltr'><strong><em>etiam</em></strong></span> 
     </span>
    </p>
   </div>
   <div class='ocr_carea' id='block_1_91' title="bbox 2159 3900 3867 3972">
    <p class='ocr_par' dir='ltr' id='par_1_91' title="bbox 2159 3900 3867 3972">
     <span class='ocr_line' id='line_1_91' title="bbox 2159 3900 3867 3972; baseline 0.001 -17"><span class='ocrx_word' id='word_1_672' title='bbox 2159 3901 2482 3956; x_wconf 85' lang='lat' dir='ltr'><strong><em>Electorum</em></strong></span> <span class='ocrx_word' id='word_1_673' title='bbox 2512 3900 2921 3956; x_wconf 90' lang='lat' dir='ltr'><strong><em>consuetudine</em></strong></span> <span class='ocrx_word' id='word_1_674' title='bbox 2953 3900 3290 3956; x_wconf 87' lang='lat' dir='ltr'><strong><em>familiarius</em></strong></span> <span class='ocrx_word' id='word_1_675' title='bbox 3313 3906 3496 3965; x_wconf 86' lang='lat' dir='ltr'><strong><em>utens,</em></strong></span> <span class='ocrx_word' id='word_1_676' title='bbox 3531 3918 3707 3972; x_wconf 89' lang='lat' dir='ltr'><strong><em>quam</em></strong></span> <span class='ocrx_word' id='word_1_677' title='bbox 3736 3903 3867 3956; x_wconf 87' lang='lat' dir='ltr'><strong><em>reli-</em></strong></span> 
     </span>
    </p>
   </div>
   <div class='ocr_carea' id='block_1_92' title="bbox 2157 3989 3863 4061">
    <p class='ocr_par' dir='ltr' id='par_1_92' title="bbox 2157 3989 3863 4061">
     <span class='ocr_line' id='line_1_92' title="bbox 2157 3989 3863 4061; baseline 0.001 -18"><span class='ocrx_word' id='word_1_678' title='bbox 2157 4005 2406 4060; x_wconf 89' lang='lat' dir='ltr'><strong><em>quorum</em></strong></span> <span class='ocrx_word' id='word_1_679' title='bbox 2444 3989 2770 4054; x_wconf 88' lang='lat' dir='ltr'><strong><em>hominum,</em></strong></span> <span class='ocrx_word' id='word_1_680' title='bbox 2809 3989 2910 4061; x_wconf 90' lang='lat' dir='ltr'><strong><em>qui</em></strong></span> <span class='ocrx_word' id='word_1_681' title='bbox 2951 3990 3034 4045; x_wconf 88' lang='lat' dir='ltr'><strong><em>illi</em></strong></span> <span class='ocrx_word' id='word_1_682' title='bbox 3081 3990 3283 4044; x_wconf 64' lang='lat' dir='ltr'><strong><em>haeresi</em></strong></span> <span class='ocrx_word' id='word_1_683' title='bbox 3323 4007 3438 4044; x_wconf 90' lang='lat' dir='ltr'><strong><em>non</em></strong></span> <span class='ocrx_word' id='word_1_684' title='bbox 3479 3990 3863 4045; x_wconf 62' lang='lat' dir='ltr'><strong><em>adhaererent.</em></strong></span> 
     </span>
    </p>
   </div>
   <div class='ocr_carea' id='block_1_93' title="bbox 2161 4077 3865 4151">
    <p class='ocr_par' dir='ltr' id='par_1_93' title="bbox 2161 4077 3865 4151">
     <span class='ocr_line' id='line_1_93' title="bbox 2161 4077 3865 4151; baseline -0.001 -17"><span class='ocrx_word' id='word_1_685' title='bbox 2161 4078 2277 4134; x_wconf 87' lang='lat' dir='ltr'><strong><em>Etsi</em></strong></span> <span class='ocrx_word' id='word_1_686' title='bbox 2329 4093 2463 4132; x_wconf 90' lang='lat' dir='ltr'><strong><em>vero</em></strong></span> <span class='ocrx_word' id='word_1_687' title='bbox 2513 4077 2952 4132; x_wconf 75' lang='lat' dir='ltr'><strong><em>Manichmomm</em></strong></span> <span class='ocrx_word' id='word_1_688' title='bbox 3005 4078 3382 4133; x_wconf 90' lang='lat' dir='ltr'><strong><em>deliramenta</em></strong></span> <span class='ocrx_word' id='word_1_689' title='bbox 3426 4079 3638 4146; x_wconf 90' lang='lat' dir='ltr'><strong><em>minus,</em></strong></span> <span class='ocrx_word' id='word_1_690' title='bbox 3688 4096 3865 4151; x_wconf 90' lang='lat' dir='ltr'><strong><em>quam</em></strong></span> 
     </span>
    </p>
   </div>
   <div class='ocr_carea' id='block_1_94' title="bbox 2161 4167 3866 4234">
    <p class='ocr_par' dir='ltr' id='par_1_94' title="bbox 2161 4167 3866 4234">
     <span class='ocr_line' id='line_1_94' title="bbox 2161 4167 3866 4234; baseline 0.001 -12"><span class='ocrx_word' id='word_1_691' title='bbox 2161 4172 2294 4222; x_wconf 88' lang='lat' dir='ltr'><strong><em>ante</em></strong></span> <span class='ocrx_word' id='word_1_692' title='bbox 2325 4167 2524 4222; x_wconf 90' lang='lat' dir='ltr'><strong><em>solitus</em></strong></span> <span class='ocrx_word' id='word_1_693' title='bbox 2554 4172 2696 4233; x_wconf 89' lang='lat' dir='ltr'><strong><em>erat,</em></strong></span> <span class='ocrx_word' id='word_1_694' title='bbox 2739 4167 2993 4221; x_wconf 89' lang='lat' dir='ltr'><strong><em>animose</em></strong></span> <span class='ocrx_word' id='word_1_695' title='bbox 3034 4168 3392 4234; x_wconf 84' lang='lat' dir='ltr'><strong><em>defenderet;</em></strong></span> <span class='ocrx_word' id='word_1_696' title='bbox 3433 4185 3630 4223; x_wconf 89' lang='lat' dir='ltr'><strong><em>eorum</em></strong></span> <span class='ocrx_word' id='word_1_697' title='bbox 3672 4174 3866 4224; x_wconf 86' lang='lat' dir='ltr'><strong><em>tamen</em></strong></span> 
     </span>
    </p>
   </div>
   <div class='ocr_carea' id='block_1_95' title="bbox 2158 4255 3863 4327">
    <p class='ocr_par' dir='ltr' id='par_1_95' title="bbox 2158 4255 3863 4327">
     <span class='ocr_line' id='line_1_95' title="bbox 2158 4255 3863 4327; baseline 0.001 -16"><span class='ocrx_word' id='word_1_698' title='bbox 2158 4255 2568 4322; x_wconf 88' lang='lat' dir='ltr'><strong><em>familiaritate,</em></strong></span> <span class='ocrx_word' id='word_1_699' title='bbox 2602 4272 2748 4326; x_wconf 90' lang='lat' dir='ltr'><strong><em>quos</em></strong></span> <span class='ocrx_word' id='word_1_700' title='bbox 2786 4273 2997 4327; x_wconf 86' lang='lat' dir='ltr'><strong><em>magno</em></strong></span> <span class='ocrx_word' id='word_1_701' title='bbox 3034 4272 3274 4311; x_wconf 87' lang='lat' dir='ltr'><strong><em>numero</em></strong></span> <span class='ocrx_word' id='word_1_702' title='bbox 3315 4258 3497 4313; x_wconf 87' lang='lat' dir='ltr'><strong><em>Roma</em></strong></span> <span class='ocrx_word' id='word_1_703' title='bbox 3525 4259 3863 4321; x_wconf 89' lang='lat' dir='ltr'><strong><em>occultabat,</em></strong></span> 
     </span>
    </p>
   </div>
   <div class='ocr_carea' id='block_1_96' title="bbox 2159 4343 3867 4416">
    <p class='ocr_par' dir='ltr' id='par_1_96' title="bbox 2159 4343 3867 4416">
     <span class='ocr_line' id='line_1_96' title="bbox 2159 4343 3867 4416; baseline 0.002 -18"><span class='ocrx_word' id='word_1_704' title='bbox 2159 4345 2231 4399; x_wconf 92' lang='lat' dir='ltr'><strong><em>ab</em></strong></span> <span class='ocrx_word' id='word_1_705' title='bbox 2263 4343 2635 4415; x_wconf 89' lang='lat' dir='ltr'><strong><em>inquisitione</em></strong></span> <span class='ocrx_word' id='word_1_706' title='bbox 2661 4345 2780 4399; x_wconf 87' lang='lat' dir='ltr'><strong><em>veri</em></strong></span> <span class='ocrx_word' id='word_1_707' title='bbox 2802 4361 2916 4399; x_wconf 91' lang='lat' dir='ltr'><strong><em>non</em></strong></span> <span class='ocrx_word' id='word_1_708' title='bbox 2941 4362 3142 4416; x_wconf 90' lang='lat' dir='ltr'><strong><em>parum</em></strong></span> <span class='ocrx_word' id='word_1_709' title='bbox 3170 4346 3586 4401; x_wconf 88' lang='lat' dir='ltr'><strong><em>retardabatur.</em></strong></span> <span class='ocrx_word' id='word_1_710' title='bbox 3615 4347 3867 4402; x_wconf 81' lang='lat' dir='ltr'><strong><em>Necdum</em></strong></span> 
     </span>
    </p>
   </div>
   <div class='ocr_carea' id='block_1_97' title="bbox 2158 4435 3868 4506">
    <p class='ocr_par' dir='ltr' id='par_1_97' title="bbox 2158 4435 3868 4506">
     <span class='ocr_line' id='line_1_97' title="bbox 2158 4435 3868 4506; baseline 0.002 -20"><span class='ocrx_word' id='word_1_711' title='bbox 2158 4449 2292 4488; x_wconf 90' lang='lat' dir='ltr'><strong><em>vero</em></strong></span> <span class='ocrx_word' id='word_1_712' title='bbox 2335 4449 2467 4488; x_wconf 90' lang='lat' dir='ltr'><strong><em>eum</em></strong></span> <span class='ocrx_word' id='word_1_713' title='bbox 2517 4450 2769 4488; x_wconf 84' lang='lat' dir='ltr'><strong><em>errorem</em></strong></span> <span class='ocrx_word' id='word_1_714' title='bbox 2811 4439 3064 4501; x_wconf 84' lang='lat' dir='ltr'><strong><em>exuerat,</em></strong></span> <span class='ocrx_word' id='word_1_715' title='bbox 3097 4451 3211 4506; x_wconf 92' lang='lat' dir='ltr'><strong><em>quo</em></strong></span> <span class='ocrx_word' id='word_1_716' title='bbox 3241 4435 3346 4489; x_wconf 88' lang='lat' dir='ltr'><strong><em>sibi</em></strong></span> <span class='ocrx_word' id='word_1_717' title='bbox 3391 4452 3456 4490; x_wconf 89' lang='lat' dir='ltr'><strong><em>ex</em></strong></span> <span class='ocrx_word' id='word_1_718' title='bbox 3505 4452 3705 4490; x_wconf 88' lang='lat' dir='ltr'><strong><em>eorum</em></strong></span> <span class='ocrx_word' id='word_1_719' title='bbox 3737 4453 3868 4490; x_wconf 78' lang='lat' dir='ltr'><strong><em>sen-</em></strong></span> 
     </span>
    </p>
   </div>
   <div class='ocr_carea' id='block_1_98' title="bbox 2160 4524 3872 4599">
    <p class='ocr_par' dir='ltr' id='par_1_98' title="bbox 2160 4524 3872 4599">
     <span class='ocr_line' id='line_1_98' title="bbox 2160 4524 3872 4599; baseline 0.002 -20"><span class='ocrx_word' id='word_1_720' title='bbox 2160 4524 2338 4579; x_wconf 89' lang='lat' dir='ltr'><strong><em>tentia</em></strong></span> <span class='ocrx_word' id='word_1_721' title='bbox 2371 4524 2688 4592; x_wconf 86' lang='lat' dir='ltr'><strong><em>videbatur,</em></strong></span> <span class='ocrx_word' id='word_1_722' title='bbox 2722 4541 2838 4580; x_wconf 91' lang='lat' dir='ltr'><strong><em>non</em></strong></span> <span class='ocrx_word' id='word_1_723' title='bbox 2869 4541 2926 4579; x_wconf 89' lang='lat' dir='ltr'><strong><em>se</em></strong></span> <span class='ocrx_word' id='word_1_724' title='bbox 2958 4543 3078 4581; x_wconf 77' lang='lat' dir='ltr'><strong><em>esse</em></strong></span> <span class='ocrx_word' id='word_1_725' title='bbox 3107 4526 3207 4598; x_wconf 90' lang='lat' dir='ltr'><strong><em>qui</em></strong></span> <span class='ocrx_word' id='word_1_726' title='bbox 3230 4531 3511 4597; x_wconf 88' lang='lat' dir='ltr'><strong><em>peccaret,</em></strong></span> <span class='ocrx_word' id='word_1_727' title='bbox 3543 4527 3638 4582; x_wconf 89' lang='lat' dir='ltr'><strong><em>sed</em></strong></span> <span class='ocrx_word' id='word_1_728' title='bbox 3672 4543 3872 4599; x_wconf 80' lang='lat' dir='ltr'><strong><em>quam-</em></strong></span> 
     </span>
    </p>
   </div>
   <div class='ocr_carea' id='block_1_99' title="bbox 2160 4613 3868 4688">
    <p class='ocr_par' dir='ltr' id='par_1_99' title="bbox 2160 4613 3868 4688">
     <span class='ocr_line' id='line_1_99' title="bbox 2160 4613 3868 4688; baseline 0.002 -20"><span class='ocrx_word' id='word_1_729' title='bbox 2160 4613 2292 4668; x_wconf 91' lang='lat' dir='ltr'><strong><em>dam</em></strong></span> <span class='ocrx_word' id='word_1_730' title='bbox 2319 4613 2490 4668; x_wconf 89' lang='lat' dir='ltr'><strong><em>aliam</em></strong></span> <span class='ocrx_word' id='word_1_731' title='bbox 2532 4613 2590 4668; x_wconf 90' lang='lat' dir='ltr'><strong><em>in</em></strong></span> <span class='ocrx_word' id='word_1_732' title='bbox 2632 4614 2755 4685; x_wconf 91' lang='lat' dir='ltr'><strong><em>ipso</em></strong></span> <span class='ocrx_word' id='word_1_733' title='bbox 2799 4620 3083 4670; x_wconf 89' lang='lat' dir='ltr'><strong><em>naturam.</em></strong></span> <span class='ocrx_word' id='word_1_734' title='bbox 3120 4615 3242 4679; x_wconf 88' lang='lat' dir='ltr'><strong><em>Quo</em></strong></span> <span class='ocrx_word' id='word_1_735' title='bbox 3279 4616 3554 4687; x_wconf 86' lang='lat' dir='ltr'><strong><em>ﬁgmento</em></strong></span> <span class='ocrx_word' id='word_1_736' title='bbox 3590 4617 3868 4688; x_wconf 85' lang='lat' dir='ltr'><strong><em>sacrilego</em></strong></span> 
     </span>
    </p>
   </div>
   <div class='ocr_carea' id='block_1_100' title="bbox 2162 4703 3870 4777">
    <p class='ocr_par' dir='ltr' id='par_1_100' title="bbox 2162 4703 3870 4777">
     <span class='ocr_line' id='line_1_100' title="bbox 2162 4703 3870 4777; baseline 0.002 -20"><span class='ocrx_word' id='word_1_737' title='bbox 2162 4703 2449 4774; x_wconf 73' lang='lat' dir='ltr'><strong><em>superbia:</em></strong></span> <span class='ocrx_word' id='word_1_738' title='bbox 2485 4703 2664 4774; x_wconf 90' lang='lat' dir='ltr'><strong><em>ipsius</em></strong></span> <span class='ocrx_word' id='word_1_739' title='bbox 2703 4703 3051 4772; x_wconf 89' lang='lat' dir='ltr'><strong><em>blandiente,</em></strong></span> <span class='ocrx_word' id='word_1_740' title='bbox 3083 4720 3141 4758; x_wconf 89' lang='lat' dir='ltr'><strong><em>se</em></strong></span> <span class='ocrx_word' id='word_1_741' title='bbox 3181 4709 3339 4759; x_wconf 89' lang='lat' dir='ltr'><strong><em>extra</em></strong></span> <span class='ocrx_word' id='word_1_742' title='bbox 3377 4721 3608 4760; x_wconf 89' lang='lat' dir='ltr'><strong><em>omnem</em></strong></span> <span class='ocrx_word' id='word_1_743' title='bbox 3638 4706 3870 4777; x_wconf 88' lang='lat' dir='ltr'><strong><em>culpam</em></strong></span> 
     </span>
    </p>
   </div>
   <div class='ocr_carea' id='block_1_101' title="bbox 2161 4791 3868 4863">
    <p class='ocr_par' dir='ltr' id='par_1_101' title="bbox 2161 4791 3868 4863">
     <span class='ocr_line' id='line_1_101' title="bbox 2161 4791 3868 4863; baseline 0.001 -17"><span class='ocrx_word' id='word_1_744' title='bbox 2161 4807 2302 4857; x_wconf 90' lang='lat' dir='ltr'><strong><em>esse,</em></strong></span> <span class='ocrx_word' id='word_1_745' title='bbox 2339 4791 2601 4846; x_wconf 89' lang='lat' dir='ltr'><strong><em>lubenter</em></strong></span> <span class='ocrx_word' id='word_1_746' title='bbox 2633 4792 2950 4863; x_wconf 88' lang='lat' dir='ltr'><strong><em>reputabat.</em></strong></span> <span class='ocrx_word' id='word_1_747' title='bbox 2982 4792 3178 4847; x_wconf 82' lang='lat' dir='ltr'><strong><em>Adhuc</em></strong></span> <span class='ocrx_word' id='word_1_748' title='bbox 3214 4795 3356 4847; x_wconf 90' lang='lat' dir='ltr'><strong><em>enim</em></strong></span> <span class='ocrx_word' id='word_1_749' title='bbox 3393 4795 3532 4847; x_wconf 87' lang='lat' dir='ltr'><strong><em>mihi</em></strong></span> <span class='ocrx_word' id='word_1_750' title='bbox 3558 4794 3868 4862; x_wconf 80' lang='lat' dir='ltr'><strong><em>videbatur,</em></strong></span> 
     </span>
    </p>
   </div>
   <div class='ocr_carea' id='block_1_102' title="bbox 2162 4881 3870 4952">
    <p class='ocr_par' dir='ltr' id='par_1_102' title="bbox 2162 4881 3870 4952">
     <span class='ocr_line' id='line_1_102' title="bbox 2162 4881 3870 4952; baseline 0.002 -17"><span class='ocrx_word' id='word_1_751' title='bbox 2162 4881 2370 4952; x_wconf 89' lang='lat' dir='ltr'><strong><em>inquit,</em></strong></span> <span class='ocrx_word' id='word_1_752' title='bbox 2395 4897 2502 4936; x_wconf 87' lang='lat' dir='ltr'><strong><em>non</em></strong></span> <span class='ocrx_word' id='word_1_753' title='bbox 2522 4896 2633 4936; x_wconf 89' lang='lat' dir='ltr'><strong><em>esse</em></strong></span> <span class='ocrx_word' id='word_1_754' title='bbox 2650 4897 2746 4936; x_wconf 89' lang='lat' dir='ltr'><strong><em>nos</em></strong></span> <span class='ocrx_word' id='word_1_755' title='bbox 2766 4883 2864 4952; x_wconf 87' lang='lat' dir='ltr'><strong><em>qui</em></strong></span> <span class='ocrx_word' id='word_1_756' title='bbox 2877 4897 3180 4952; x_wconf 85' lang='lat' dir='ltr'><strong><em>peccamus,</em></strong></span> <span class='ocrx_word' id='word_1_757' title='bbox 3202 4883 3296 4936; x_wconf 88' lang='lat' dir='ltr'><strong><em>sed</em></strong></span> <span class='ocrx_word' id='word_1_758' title='bbox 3314 4885 3489 4938; x_wconf 88' lang='lat' dir='ltr'><strong><em>nescio</em></strong></span> <span class='ocrx_word' id='word_1_759' title='bbox 3509 4899 3673 4952; x_wconf 86' lang='lat' dir='ltr'><strong><em>quam</em></strong></span> <span class='ocrx_word' id='word_1_760' title='bbox 3701 4886 3870 4938; x_wconf 88' lang='lat' dir='ltr'><strong><em>aliam</em></strong></span> 
     </span>
    </p>
   </div>
   <div class='ocr_carea' id='block_1_103' title="bbox 2163 4966 3872 5042">
    <p class='ocr_par' dir='ltr' id='par_1_103' title="bbox 2163 4966 3872 5042">
     <span class='ocr_line' id='line_1_103' title="bbox 2163 4966 3872 5042; baseline 0.001 -18"><span class='ocrx_word' id='word_1_761' title='bbox 2163 4973 2221 5024; x_wconf 92' lang='lat' dir='ltr'><strong><em>in</em></strong></span> <span class='ocrx_word' id='word_1_762' title='bbox 2250 4966 2402 5024; x_wconf 83' lang='lat' dir='ltr'><strong><em>nobis</em></strong></span> <span class='ocrx_word' id='word_1_763' title='bbox 2419 4985 2642 5039; x_wconf 87' lang='lat' dir='ltr'><strong><em>peccare</em></strong></span> <span class='ocrx_word' id='word_1_764' title='bbox 2661 4975 2952 5034; x_wconf 84' lang='lat' dir='ltr'><strong><em>naturam;</em></strong></span> <span class='ocrx_word' id='word_1_765' title='bbox 2981 4976 3030 5024; x_wconf 92' lang='lat' dir='ltr'><strong><em>et</em></strong></span> <span class='ocrx_word' id='word_1_766' title='bbox 3050 4971 3356 5026; x_wconf 86' lang='lat' dir='ltr'><strong><em>delectabar</em></strong></span> <span class='ocrx_word' id='word_1_767' title='bbox 3369 4972 3679 5042; x_wconf 85' lang='lat' dir='ltr'><strong><em>superbiam</em></strong></span> <span class='ocrx_word' id='word_1_768' title='bbox 3699 4988 3872 5026; x_wconf 90' lang='lat' dir='ltr'><strong><em>meam</em></strong></span> 
     </span>
    </p>
   </div>
   <div class='ocr_carea' id='block_1_104' title="bbox 2165 5061 3875 5129">
    <p class='ocr_par' dir='ltr' id='par_1_104' title="bbox 2165 5061 3875 5129">
     <span class='ocr_line' id='line_1_104' title="bbox 2165 5061 3875 5129; baseline 0.001 -16"><span class='ocrx_word' id='word_1_769' title='bbox 2165 5065 2322 5113; x_wconf 57' lang='grc' dir='ltr'><em>«τινα</em></span> <span class='ocrx_word' id='word_1_770' title='bbox 2359 5061 2573 5128; x_wconf 86' lang='lat' dir='ltr'><strong><em>culpam</em></strong></span> <span class='ocrx_word' id='word_1_771' title='bbox 2611 5076 2748 5125; x_wconf 88' lang='lat' dir='ltr'><strong><em>esse;</em></strong></span> <span class='ocrx_word' id='word_1_772' title='bbox 2794 5066 2845 5114; x_wconf 87' lang='lat' dir='ltr'><strong><em>et</em></strong></span> <span class='ocrx_word' id='word_1_773' title='bbox 2883 5076 2998 5115; x_wconf 88' lang='lat' dir='ltr'><strong><em>cum</em></strong></span> <span class='ocrx_word' id='word_1_774' title='bbox 3039 5061 3252 5129; x_wconf 83' lang='lat' dir='ltr'><strong><em>aliquid</em></strong></span> <span class='ocrx_word' id='word_1_775' title='bbox 3288 5063 3422 5116; x_wconf 88' lang='lat' dir='ltr'><strong><em>mali</em></strong></span> <span class='ocrx_word' id='word_1_776' title='bbox 3459 5064 3723 5129; x_wconf 86' lang='lat' dir='ltr'><strong><em>fecissem,</em></strong></span> <span class='ocrx_word' id='word_1_777' title='bbox 3769 5077 3875 5115; x_wconf 84' lang='lat' dir='ltr'><strong><em>non</em></strong></span> 
     </span>
    </p>
   </div>
   <div class='ocr_carea' id='block_1_105' title="bbox 2166 5148 3873 5220">
    <p class='ocr_par' dir='ltr' id='par_1_105' title="bbox 2166 5148 3873 5220">
     <span class='ocr_line' id='line_1_105' title="bbox 2166 5148 3873 5220; baseline 0.002 -18"><span class='ocrx_word' id='word_1_778' title='bbox 2166 5148 2414 5219; x_wconf 82' lang='lat' dir='ltr'><strong><em>conﬁteri</em></strong></span> <span class='ocrx_word' id='word_1_779' title='bbox 2441 5164 2523 5202; x_wconf 90' lang='lat' dir='ltr'><strong><em>me</em></strong></span> <span class='ocrx_word' id='word_1_780' title='bbox 2553 5151 2763 5217; x_wconf 84' lang='lat' dir='ltr'><strong><em>fecisse,</em></strong></span> <span class='ocrx_word' id='word_1_781' title='bbox 2801 5154 2862 5203; x_wconf 88' lang='lat' dir='ltr'><strong><em>ut</em></strong></span> <span class='ocrx_word' id='word_1_782' title='bbox 2897 5165 3120 5204; x_wconf 84' lang='lat' dir='ltr'><strong><em>sanares</em></strong></span> <span class='ocrx_word' id='word_1_783' title='bbox 3161 5153 3420 5218; x_wconf 86' lang='lat' dir='ltr'><strong><em>animam,</em></strong></span> <span class='ocrx_word' id='word_1_784' title='bbox 3453 5152 3711 5220; x_wconf 85' lang='lat' dir='ltr'><strong><em>quoniam</em></strong></span> <span class='ocrx_word' id='word_1_785' title='bbox 3750 5166 3873 5220; x_wconf 87' lang='lat' dir='ltr'><strong><em>pec-</em></strong></span> 
     </span>
    </p>
   </div>
   <div class='ocr_carea' id='block_1_106' title="bbox 2165 5237 3877 5306">
    <p class='ocr_par' dir='ltr' id='par_1_106' title="bbox 2165 5237 3877 5306">
     <span class='ocr_line' id='line_1_106' title="bbox 2165 5237 3877 5306; baseline 0.002 -14"><span class='ocrx_word' id='word_1_786' title='bbox 2165 5237 2455 5306; x_wconf 67' lang='lat' dir='ltr'><strong><em>cabattibi</em></strong></span> <span class='ocrx_word' id='word_1_787' title='bbox 2468 5255 2483 5303; x_wconf 89' lang='lat'><strong><em>;</em></strong></span> <span class='ocrx_word' id='word_1_788' title='bbox 2517 5239 2611 5292; x_wconf 86' lang='lat' dir='ltr'><strong><em>sed</em></strong></span> <span class='ocrx_word' id='word_1_789' title='bbox 2638 5254 2894 5293; x_wconf 67' lang='lat' dir='ltr'><strong><em>accusare</em></strong></span> <span class='ocrx_word' id='word_1_790' title='bbox 2912 5254 3029 5294; x_wconf 88' lang='lat' dir='ltr'><strong><em>eam</em></strong></span> <span class='ocrx_word' id='word_1_791' title='bbox 3054 5239 3324 5303; x_wconf 88' lang='lat' dir='ltr'><strong><em>amabam,</em></strong></span> <span class='ocrx_word' id='word_1_792' title='bbox 3345 5245 3396 5294; x_wconf 84' lang='lat' dir='ltr'><strong><em>et</em></strong></span> <span class='ocrx_word' id='word_1_793' title='bbox 3423 5254 3677 5294; x_wconf 86' lang='lat' dir='ltr'><strong><em>accusare</em></strong></span> <span class='ocrx_word' id='word_1_794' title='bbox 3701 5243 3877 5295; x_wconf 84' lang='lat' dir='ltr'><strong><em>nescio</em></strong></span> 
     </span>
    </p>
   </div>
   <div class='ocr_carea' id='block_1_107' title="bbox 2167 5327 3874 5398">
    <p class='ocr_par' dir='ltr' id='par_1_107' title="bbox 2167 5327 3874 5398">
     <span class='ocr_line' id='line_1_107' title="bbox 2167 5327 3874 5398; baseline 0.002 -18"><span class='ocrx_word' id='word_1_795' title='bbox 2167 5327 2305 5396; x_wconf 89' lang='lat' dir='ltr'><strong><em>quid</em></strong></span> <span class='ocrx_word' id='word_1_796' title='bbox 2331 5327 2508 5392; x_wconf 86' lang='lat' dir='ltr'><strong><em>aliud,</em></strong></span> <span class='ocrx_word' id='word_1_797' title='bbox 2541 5327 2686 5398; x_wconf 88' lang='lat' dir='ltr'><strong><em>quod</em></strong></span> <span class='ocrx_word' id='word_1_798' title='bbox 2713 5343 2913 5382; x_wconf 86' lang='lat' dir='ltr'><strong><em>mecum</em></strong></span> <span class='ocrx_word' id='word_1_799' title='bbox 2951 5333 3105 5395; x_wconf 85' lang='lat' dir='ltr'><strong><em>esset,</em></strong></span> <span class='ocrx_word' id='word_1_800' title='bbox 3136 5334 3185 5384; x_wconf 85' lang='lat' dir='ltr'><strong><em>et</em></strong></span> <span class='ocrx_word' id='word_1_801' title='bbox 3219 5345 3312 5398; x_wconf 87' lang='lat' dir='ltr'><strong><em>ego</em></strong></span> <span class='ocrx_word' id='word_1_802' title='bbox 3347 5345 3453 5383; x_wconf 86' lang='lat' dir='ltr'><strong><em>non</em></strong></span> <span class='ocrx_word' id='word_1_803' title='bbox 3481 5344 3644 5383; x_wconf 84' lang='lat' dir='ltr'><strong><em>essem</em></strong></span> <span class='ocrx_word' id='word_1_804' title='bbox 3674 5329 3874 5397; x_wconf 75' lang='lat' dir='ltr'><strong><em>(Ibid,</em></strong></span> 
     </span>
    </p>
   </div>
   <div class='ocr_carea' id='block_1_108' title="bbox 2174 5416 3880 5490">
    <p class='ocr_par' dir='ltr' id='par_1_108' title="bbox 2174 5416 3880 5490">
     <span class='ocr_line' id='line_1_108' title="bbox 2174 5416 3880 5490; baseline 0.002 -21"><span class='ocrx_word' id='word_1_805' title='bbox 2174 5431 2292 5486; x_wconf 89' lang='lat' dir='ltr'><strong><em>cap.</em></strong></span> <span class='ocrx_word' id='word_1_806' title='bbox 2318 5418 2402 5483; x_wconf 90' lang='grc'><strong><em>10,</em></strong></span> <span class='ocrx_word' id='word_1_807' title='bbox 2418 5432 2472 5470; x_wconf 88' lang='lat' dir='ltr'><strong><em>n.</em></strong></span> <span class='ocrx_word' id='word_1_808' title='bbox 2499 5417 2604 5488; x_wconf 88' lang='grc'>18).</span> <span class='ocrx_word' id='word_1_809' title='bbox 2633 5417 2764 5471; x_wconf 88' lang='lat' dir='ltr'><strong><em>Erat</em></strong></span> <span class='ocrx_word' id='word_1_810' title='bbox 2778 5433 2912 5470; x_wconf 87' lang='lat' dir='ltr'><strong><em>vero</em></strong></span> <span class='ocrx_word' id='word_1_811' title='bbox 2930 5417 3081 5472; x_wconf 90' lang='lat' dir='ltr'><strong><em>istud</em></strong></span> <span class='ocrx_word' id='word_1_812' title='bbox 3099 5418 3266 5488; x_wconf 88' lang='lat' dir='ltr'><strong><em>longe</em></strong></span> <span class='ocrx_word' id='word_1_813' title='bbox 3279 5416 3595 5471; x_wconf 88' lang='lat' dir='ltr'><strong><em>maximum</em></strong></span> <span class='ocrx_word' id='word_1_814' title='bbox 3616 5433 3680 5471; x_wconf 90' lang='lat' dir='ltr'><strong><em>ac</em></strong></span> <span class='ocrx_word' id='word_1_815' title='bbox 3696 5434 3880 5490; x_wconf 85' lang='lat' dir='ltr'><strong><em>prope</em></strong></span> 
     </span>
    </p>
   </div>
   <div class='ocr_carea' id='block_1_109' title="bbox 2175 5504 3881 5576">
    <p class='ocr_par' dir='ltr' id='par_1_109' title="bbox 2175 5504 3881 5576">
     <span class='ocr_line' id='line_1_109' title="bbox 2175 5504 3881 5576; baseline 0.002 -19"><span class='ocrx_word' id='word_1_816' title='bbox 2175 5504 2359 5558; x_wconf 88' lang='lat' dir='ltr'><strong><em>solum</em></strong></span> <span class='ocrx_word' id='word_1_817' title='bbox 2401 5504 2901 5576; x_wconf 89' lang='lat' dir='ltr'><strong><em>impedimentum,</em></strong></span> <span class='ocrx_word' id='word_1_818' title='bbox 2930 5507 3238 5576; x_wconf 89' lang='lat' dir='ltr'><strong><em>quominus</em></strong></span> <span class='ocrx_word' id='word_1_819' title='bbox 3267 5521 3334 5560; x_wconf 91' lang='lat' dir='ltr'><strong><em>ex</em></strong></span> <span class='ocrx_word' id='word_1_820' title='bbox 3374 5505 3663 5576; x_wconf 88' lang='lat' dir='ltr'><strong><em>profundo</em></strong></span> <span class='ocrx_word' id='word_1_821' title='bbox 3692 5521 3881 5560; x_wconf 83' lang='lat' dir='ltr'><strong><em>emer-</em></strong></span> 
     </span>
    </p>
   </div>
   <div class='ocr_carea' id='block_1_110' title="bbox 2169 5594 3882 5666">
    <p class='ocr_par' dir='ltr' id='par_1_110' title="bbox 2169 5594 3882 5666">
     <span class='ocr_line' id='line_1_110' title="bbox 2169 5594 3882 5666; baseline 0.001 -18"><span class='ocrx_word' id='word_1_822' title='bbox 2169 5598 2352 5666; x_wconf 88' lang='lat' dir='ltr'><strong><em>geret,</em></strong></span> <span class='ocrx_word' id='word_1_823' title='bbox 2385 5594 2540 5666; x_wconf 88' lang='lat' dir='ltr'><strong><em>quod</em></strong></span> <span class='ocrx_word' id='word_1_824' title='bbox 2571 5595 2750 5649; x_wconf 91' lang='lat' dir='ltr'><strong><em>Deum</em></strong></span> <span class='ocrx_word' id='word_1_825' title='bbox 2781 5595 3030 5666; x_wconf 89' lang='lat' dir='ltr'><strong><em>cogitare</em></strong></span> <span class='ocrx_word' id='word_1_826' title='bbox 3061 5611 3177 5649; x_wconf 91' lang='lat' dir='ltr'><strong><em>non</em></strong></span> <span class='ocrx_word' id='word_1_827' title='bbox 3206 5599 3398 5666; x_wconf 89' lang='lat' dir='ltr'><strong><em>posset</em></strong></span> <span class='ocrx_word' id='word_1_828' title='bbox 3433 5595 3505 5648; x_wconf 89' lang='lat' dir='ltr'><strong><em>ab</em></strong></span> <span class='ocrx_word' id='word_1_829' title='bbox 3535 5595 3695 5648; x_wconf 88' lang='lat' dir='ltr'><strong><em>omni</em></strong></span> <span class='ocrx_word' id='word_1_830' title='bbox 3727 5597 3882 5650; x_wconf 91' lang='lat' dir='ltr'><strong><em>mole</em></strong></span> 
     </span>
    </p>
   </div>
  </div>
