4048 6194
198 347 253 393 gi:
1628 339 1838 395 LIBER
1879 339 2269 398 SECUNDUS.
3644 359 3710 409 98

195 478 423 533 corpora
488 466 805 527 secretum;
873 477 1059 533 neque
1120 461 1436 534 quidquam
1484 460 1717 517 omnino
1769 478 1892 517 esse

192 552 551 619 existimaret,
581 552 735 624 quod
772 566 977 621 corpus
1004 566 1119 605 non
1144 556 1291 605 esset
1322 566 1334 604 ε
1366 567 1432 604 ex
1461 567 1576 621 quo
1605 550 1890 622 principio

192 658 402 695 errores
426 640 703 710 permulti
720 640 895 696 veluti
912 656 980 693 ex
1001 643 1268 711 corrupto
1297 638 1454 693 fonte
1484 640 1697 710 impuri
1719 639 1887 693 rivuli

188 730 583 783 scaturiebant.
640 728 781 783 Hinc
810 744 943 782 suos
973 729 1241 783 adversus
1285 729 1555 782 Faustum
1588 728 1761 781 libros
1786 728 1891 781 hac

188 819 394 872 salubri
414 817 813 873 admonitione
833 818 1112 872 conclusit
1141 835 1153 872 :
1188 820 1285 872 Dei
1312 823 1567 872 naturam
1589 822 1750 885 atque
1769 817 1890 871 sub-

185 912 441 963 stantiam
472 908 958 961 incommutabilem
990 909 1224 973 omnino,
1257 910 1469 961 omnino
1500 906 1887 974 incorruptibi-

184 1000 272 1051 lem
304 999 566 1065 cogitate,
588 996 672 1051 vel
708 996 929 1061 credite,
960 1000 1010 1049 et
1039 998 1326 1050 Manichzei
1355 998 1603 1049 continuo
1642 1010 1747 1047 non
1781 996 1889 1046 eri-

186 1089 261 1146 tis,
288 1090 353 1139 ut
367 1085 671 1153 aliquando
689 1089 739 1139 et
765 1086 1029 1140 Catholici
1056 1100 1166 1139 esse
1186 1087 1407 1155 possitis
1438 1085 1652 1154 (Contra
1676 1085 1886 1148 Faust.,

184 1176 265 1228 lib.
290 1177 385 1239 33,
406 1190 529 1243 cap.
559 1176 626 1241 9).
652 1173 951 1227 Retinebat
971 1190 1103 1227 eum
1130 1174 1366 1244 insuper
1390 1172 1710 1243 desperatio
1732 1172 1888 1225 inve-

187 1263 405 1318 nienda:
458 1264 516 1317 in
564 1262 810 1316 Ecclesia
856 1263 1131 1316 catholica
1161 1260 1433 1327 veritatis,
1483 1277 1656 1332 quam
1702 1260 1890 1315 Eccle-

184 1354 340 1417 siam,
391 1351 654 1406 conﬁctis
701 1351 770 1405 ad
812 1351 1082 1405 invidiam
1127 1350 1458 1417 mendaciis,
1493 1367 1558 1404 eo
1587 1366 1769 1421 usque
1796 1366 1888 1403 su-

183 1448 434 1513 spectam
480 1440 534 1494 ei
577 1440 948 1494 reddiderant
974 1439 1287 1505 Manichaai,
1320 1444 1381 1493 ut
1413 1454 1749 1509 persuasum
1782 1438 1890 1491 sibi

180 1534 238 1585 ab
272 1532 348 1584 iis
367 1530 547 1584 fuisse
577 1530 798 1595 innuat,
822 1528 1141 1583 Catholicos
1160 1527 1424 1582 homines
1448 1528 1676 1582 credere
1708 1529 1890 1581 Deum

178 1622 364 1674 forma
411 1634 688 1689 corporea
724 1622 935 1671 nostra:
964 1616 1253 1670 consimili
1293 1621 1572 1684 constare,
1614 1616 1890 1670 membris

176 1708 453 1763 humanis
473 1706 885 1778 coagmentari,
910 1722 972 1760 ac
997 1706 1183 1760 carnis
1200 1703 1563 1760 lineamentis
1586 1705 1739 1759 ﬁniri
1763 1722 1890 1759 con-

175 1798 583 1867 decorarique;
608 1795 763 1867 quod
784 1795 837 1849 ei
859 1800 1021 1866 turpe
1043 1794 1262 1848 creditu
1283 1795 1649 1865 cogitatuque
1665 1794 1891 1848 videba-

174 1893 264 1940 tur
290 1887 475 1957 (Conf.
520 1885 615 1939 lib.
661 1888 715 1953 5,
756 1900 875 1954 cap.
927 1886 1008 1950 10,
1050 1900 1103 1937 n.
1137 1886 1235 1950 20;
1270 1884 1363 1937 lib.
1396 1886 1448 1949 6,
1482 1900 1601 1953 cap.
1642 1886 1700 1953 2,
1728 1885 1885 1953 η.4).

173 1975 311 2038 Quae
343 1974 522 2028 etiam
555 1972 723 2027 illum
750 1988 882 2025 cum
924 1971 1245 2025 Manichasis
1276 1971 1661 2042 conjungebat
1689 1970 1887 2025 amici-

174 2066 268 2128 tia,
306 2061 638 2133 segniorem
667 2061 735 2115 ad
767 2060 919 2115 aliud
952 2060 1160 2114 certius
1189 2060 1648 2131 investigandum
1679 2061 1888 2115 efﬁcie-

172 2155 269 2207 bat
305 2170 319 2207 :
350 2168 488 2206 cum
520 2166 723 2205 eorum
771 2149 1029 2204 doctrina
1059 2152 1360 2204 contentus
1382 2165 1501 2203 esse
1531 2150 1889 2219 decrevisset,

170 2243 310 2297 dum
342 2240 569 2311 aliquid
608 2239 813 2293 melius
862 2243 918 2292 et
955 2237 1301 2309 exploratius
1342 2242 1663 2293 occurreret
1705 2238 1888 2307 (Ibid,

172 2332 269 2388 lib.
297 2336 351 2397 5,
377 2344 499 2399 cap.
536 2330 619 2395 10,
638 2344 693 2382 n.
726 2330 831 2397 19).
861 2326 1072 2381 Deinde
1090 2343 1215 2397 quae
1239 2327 1530 2382 Manichaai
1551 2328 1609 2381 in
1633 2327 1889 2398 Scriptu-

173 2424 250 2475 ris
273 2419 490 2474 divinis
517 2416 1033 2488 reprehendebant,
1057 2418 1128 2472 ab
1154 2416 1455 2472 Catholicis
1478 2416 1704 2471 defendi
1725 2433 1889 2487 posse

171 2528 289 2565 non
308 2506 709 2563 arbitrabatur
732 2523 744 2560 :
760 2504 985 2560 tametsi
1004 2505 1500 2561 vehementissime
1513 2510 1746 2576 cuperet
1761 2522 1824 2559 cu
1835 2522 1889 2559 m

171 2601 372 2671 aliquo
396 2597 633 2651 illorum
662 2595 940 2649 librorum
970 2595 1322 2665 peritissimo
1351 2594 1578 2666 singula
1610 2595 1888 2662 conferre,

174 2707 306 2762 quae
338 2687 585 2759 quidem
606 2686 667 2739 in
689 2684 1070 2738 controversia
1092 2690 1479 2751 versarentur;
1512 2690 1575 2739 ut
1592 2701 1719 2754 qua:
1748 2689 1893 2738 esset

175 2780 329 2833 illius
350 2793 421 2831 ea
442 2776 516 2830 de
546 2790 608 2829 re
630 2773 911 2828 sententia
928 2773 1205 2843 dispicere
1236 2776 1425 2844 posset
1447 2773 1628 2843 (Ibid.,
1654 2789 1772 2842 cap.
1804 2776 1889 2837 11,

175 2886 227 2923 n.
266 2867 389 2937 21).
430 2868 623 2937 Atque
654 2868 719 2918 ut
748 2880 906 2934 spem
933 2880 1165 2917 omnem
1196 2863 1255 2917 in
1285 2880 1351 2917 ea
1377 2868 1526 2917 secta
1555 2862 1893 2933 proﬁciendi

176 2956 402 3011 dudum
426 2953 748 3024 abjecerat;
786 2968 851 3005 ea
874 2951 996 3021 ipsa
1019 2951 1249 3022 quibus,
1274 2950 1319 3003 si
1341 2950 1483 3005 nihil
1506 2951 1708 3005 melius
1730 2966 1891 3020 aper-

182 3046 410 3116 tiusque
442 3042 744 3113 reperiret,
778 3045 926 3094 stare
956 3040 1297 3107 decreverat,
1323 3040 1444 3109 jam
1476 3038 1768 3094 remissius
1799 3054 1895 3093 ne-

181 3134 618 3207 gligentiusque
651 3129 935 3184 retinebat
976 3146 989 3183 :
1022 3145 1205 3200 usque
1236 3128 1379 3183 adeo
1417 3132 1479 3181 ut
1518 3144 1685 3182 suum
1717 3127 1895 3197 ipsius

182 3224 471 3295 hospitem
503 3218 733 3287 fabulis,
765 3235 905 3290 quas
933 3217 1273 3272 Manichazus
1316 3217 1374 3271 in
1404 3216 1562 3270 libris
1593 3215 1708 3269 suis
1736 3232 1892 3287 spar-

182 3314 266 3377 sit,
300 3310 491 3365 nimio
520 3309 653 3379 plus
682 3307 1027 3362 tribuentem
1059 3306 1463 3377 ﬁdentemque,
1504 3306 1575 3359 ab
1607 3322 1671 3359 ea
1701 3305 1897 3360 credu-

186 3402 337 3455 litate
358 3396 682 3470 reprimere
703 3412 816 3450 non
829 3395 1105 3450 dubitarit
1127 3395 1311 3465 (Ibid,
1328 3411 1447 3465 cap.
1474 3398 1625 3460 l0,n.
1648 3394 1752 3464 10).
1774 3393 1897 3448 Vix-

184 3492 320 3545 dum
346 3494 548 3543 tamen
582 3487 730 3541 bene
761 3485 1010 3541 discussa
1040 3484 1211 3550 nube,
1245 3500 1419 3555 quam
1452 3483 1893 3538 Manichaeorum

185 3594 406 3633 errores
438 3577 565 3647 ejus
588 3574 781 3629 animo
812 3574 1314 3642 circumfuderunt,
1347 3573 1552 3627 saevior
1581 3589 1776 3627 rursus
1806 3572 1895 3626 in-

186 3668 380 3724 cubuit
426 3668 765 3736 tempestas,
806 3663 1090 3719 conversis
1122 3663 1300 3733 ipsius
1329 3662 1397 3716 ad
1428 3662 1897 3717 Academicorum

189 3756 671 3826 philosophorum
702 3757 911 3807 sectam
941 3751 1479 3823 haesitationemque
1506 3751 1724 3820 studiis,
1755 3767 1896 3822 quos

188 3844 451 3897 omnium
496 3844 668 3912 longe
711 3840 1161 3911 sapientissimos
1194 3839 1459 3905 habebat,
1508 3856 1607 3892 seu
1639 3840 1787 3909 quod
1828 3838 1897 3892 ab

187 3932 337 3987 omni
370 3947 613 3986 assensu
643 3946 763 3984 sese
808 3929 1160 3993 cohiberent,
1194 3944 1292 3981 seu
1324 3928 1476 3999 quod
1508 3927 1653 3981 nihil
1678 3927 1798 3981 veri
1827 3928 1897 3981 ab

190 4019 420 4074 homine
485 4017 899 4088 comprehendi
944 4032 1107 4087 posse
1156 4016 1535 4071 decrevissent
1590 4018 1682 4086 (De
1732 4019 1900 4071 Beata

190 4112 319 4175 vita,
352 4126 410 4162 η.
440 4108 518 4177 4).
546 4109 632 4161 Ita
663 4109 825 4171 enim,
860 4106 1065 4176 inquit,
1099 4110 1148 4159 et
1176 4106 1313 4159 mihi
1343 4105 1551 4174 liquido
1568 4107 1795 4160 sensisse
1812 4107 1897 4159 vi-

189 4197 480 4261 debantur,
528 4199 589 4249 ut
610 4194 770 4260 vulgo
801 4194 1085 4260 habentur,
1114 4195 1276 4247 etiam
1306 4194 1523 4247 illorum
1551 4194 1899 4247 intentionem

192 4285 430 4340 nondum
460 4284 787 4351 intelligenti
808 4283 1043 4354 (Confes.
1078 4282 1174 4336 lib.
1205 4286 1257 4348 5,
1284 4298 1402 4352 cap.
1443 4284 1526 4349 10,
1559 4298 1614 4335 n.
1652 4284 1752 4350 19).

260 4380 313 4431 5.
342 4376 631 4430 Caeterum
661 4372 745 4426 uti
777 4372 1024 4427 oratoria
1051 4371 1327 4441 professio
1366 4386 1483 4425 una
1522 4375 1621 4424 aut
1654 4370 1901 4426 maxima

194 4465 270 4518 illi
297 4479 473 4517 causa
501 4462 685 4516 fuerat
715 4460 954 4515 Romam
981 4459 1227 4515 adeundi
1250 4477 1262 4526 ;
1288 4458 1387 4513 ubi
1407 4475 1437 4512 e
1460 4460 1661 4513 morbo
1681 4475 1900 4514 recrea-

194 4560 281 4607 tus
328 4556 439 4619 est,
488 4552 550 4605 in
594 4550 732 4605 illud
792 4550 1044 4604 studium
1093 4550 1287 4604 sedulo
1335 4548 1665 4603 incumbere
1709 4550 1897 4621 caspit,

193 4640 558 4711 congregatis
586 4640 839 4711 primum
885 4636 1041 4693 domi
1089 4636 1399 4707 discipulis,
1454 4637 1662 4709 quibus
1709 4642 1765 4692 et
1798 4656 1902 4709 per

195 4747 334 4801 quos
358 4731 484 4801 jam
514 4728 859 4782 innotuerat.
906 4726 1066 4781 Brevi
1109 4725 1324 4792 didicit,
1349 4726 1625 4795 juvenum
1667 4726 1899 4781 Cartha-

194 4819 524 4889 ginensinm
566 4817 857 4871 licentiam
900 4816 1094 4869 Romae
1126 4830 1242 4868 non
1282 4815 1501 4885 vigere;
1534 4815 1631 4869 sed
1663 4816 1902 4871 alteram

194 4925 309 4961 non
341 4907 613 4961 leviorem
644 4905 724 4960 ibi
756 4904 1021 4975 grassari.
1069 4903 1289 4958 Certior
1316 4902 1469 4956 enim
1500 4903 1568 4956 de
1609 4903 1900 4959 scholasti-

191 5012 394 5051 corum
427 4995 624 5049 fraude
657 4994 835 5048 factus
864 4998 969 5062 est,
997 4992 1189 5064 quine
1216 4992 1535 5046 mercedem
1564 4992 1900 5063 penderent,

192 5102 225 5139 a
248 5103 353 5141 suo
386 5087 740 5156 praeceptore
770 5083 1112 5153 plerumque
1144 5081 1474 5150 transfugae,
1504 5081 1649 5135 facta
1679 5082 1902 5153 conspi-

191 5175 417 5229 ratione
448 5174 516 5228 ad
546 5173 727 5227 alium
758 5187 817 5225 se
866 5171 1302 5224 transferebant.
1338 5170 1539 5240 Turpis
1564 5169 1719 5224 illius
1750 5170 1903 5224 frau-

190 5265 297 5329 dis,
334 5263 567 5318 aliunde
593 5261 703 5316 sibi
724 5259 979 5323 exitialis,
1014 5258 1351 5328 indignitate
1374 5258 1575 5327 procul
1602 5257 1776 5311 dubio
1802 5257 1906 5311 im-

191 5355 395 5425 pulsus
444 5357 553 5421 est,
595 5356 657 5405 ut
687 5350 759 5404 de
790 5348 1169 5418 suscipienda,
1202 5362 1329 5417 qua:
1360 5362 1418 5399 se
1448 5346 1584 5401 alibi
1609 5346 1902 5417 oll’erebat,

189 5442 485 5515 provincia
514 5440 795 5512 cogitaret
821 5438 1001 5510 (Ibid,
1028 5453 1148 5508 cap.
1182 5439 1264 5503 12,
1288 5453 1341 5491 n.
1365 5439 1474 5505 22).

2700 468 2929 523 CAPUT
2969 472 3035 526 Il.

2004 609 2025 659 1
2062 607 2147 661 Ab
2182 608 2337 661 Urbis
2361 587 2616 677 prd/acto
2655 612 2893 665 mittitur
2916 616 3281 673 Mediolanum
3311 622 3385 675 ad
3411 624 3705 682 docendam

2070 700 2241 750 artem
2266 701 2579 763 oratoriam.
2625 702 2658 752 2
2691 702 2925 769 Benigne
2965 707 3265 774 suscipitur
3293 710 3360 762 ab
3390 712 3704 782 Ambrosio,

2069 785 2290 853 ejusque
2317 786 2521 840 auditis
2540 790 2878 843 concionibus
2902 807 2935 844 a
2960 794 3270 850 Manichzeis
3292 798 3584 869 discedere,
3614 811 3699 859 at-

2071 888 2172 941 que
2208 875 2267 927 in
2305 876 2539 929 Ecclesia
2584 879 2848 932 catholica
2891 883 3296 939 catechumenus
3343 904 3558 945 manere
3586 908 3706 948 con-

2070 964 2266 1029 stituit,
2300 963 2463 1019 donec
2494 966 2709 1034 aliquid
2732 968 2837 1021 sibi
2864 971 2999 1023 certi
3027 971 3246 1027 eluceat.

2078 1087 2122 1137 1.
2149 1084 2289 1175 Cum
2311 1085 2501 1175 itaque
2523 1087 2719 1142 civitas
2741 1091 3178 1148 Mediolanensis
3202 1098 3550 1169 eloquentiae
3574 1122 3711 1175 pro-

2000 1170 2211 1226 fessore
2259 1174 2528 1229 destituta
2575 1182 2740 1243 esset,
2792 1180 3029 1234 missum
3069 1188 3153 1237 est
3183 1203 3211 1239 a
3245 1170 3710 1250 Mediolano-Ro-

2002 1277 2154 1316 mam
2185 1264 2256 1318 ad
2284 1264 2688 1335 Symmachum
2718 1269 2874 1323 urbis
2894 1272 3250 1345 prmfectum,
3284 1284 3345 1333 ut
3376 1280 3459 1335 illi
3489 1284 3707 1341 civitati

1999 1352 2377 1421 professorem
2409 1355 2753 1424 provideret,
2785 1357 3073 1429 impertita
3091 1362 3262 1418 etiam
3286 1369 3577 1425 evectione
3600 1389 3707 1442 pu-

1998 1440 2166 1494 blica.
2192 1442 2343 1496 Hanc
2358 1445 2706 1514 Augustinus
2727 1448 3081 1515 provinciam
3109 1468 3213 1521 per
3239 1470 3335 1508 eos
3360 1456 3512 1526 ipsos
3534 1440 3710 1515 Mani-

1999 1530 2184 1585 chteos
2204 1532 2421 1601 quibus,
2444 1533 2854 1599 ait,utcarerem
2878 1538 3043 1600 ibam.
3067 1542 3303 1596 ambivit
3324 1546 3495 1613 (Conf.
3522 1549 3613 1604 lib.
3649 1555 3701 1619 5,

1999 1634 2117 1688 cap.
2148 1623 2231 1686 13,
2258 1637 2313 1674 n.
2336 1622 2424 1692 23)
2455 1638 2591 1676 :nec
2611 1623 2849 1691 frustra;
2872 1632 3178 1699 postquam
3200 1632 3355 1686 enim
3385 1636 3707 1704 periculum

2001 1706 2089 1760 sui
2131 1707 2368 1774 fecisset,
2421 1727 2482 1764 ac
2527 1712 2762 1767 recitata
2805 1715 3027 1784 publice
3066 1719 3325 1775 oratione
3366 1724 3707 1794 Symmacho

2002 1811 2121 1849 sese
2169 1798 2554 1867 approbasset,
2607 1802 2752 1855 votis
2796 1805 3030 1872 potitus,
3069 1808 3453 1866 Mediolanum
3502 1796 3707 1873 missus

2002 1888 2111 1950 est;
2146 1885 2243 1939 ubi
2272 1890 2395 1940 tum
2417 1890 2690 1959 temporis
2712 1892 3361 1966 Valentinianusjunior
3389 1904 3578 1958 aulam
3610 1908 3710 1961 ha-

2000 1972 2171 2027 bebat
2200 1974 2452 2044 (Possid.,
2485 1979 2544 2030 in
2572 1980 2698 2032 Vita
2726 1979 2984 2047 August.,
3009 1998 3052 2035 ο.
3078 1982 3148 2052 1).
3188 1985 3261 2038 Eo
3288 1990 3549 2055 pervenit
3574 2000 3705 2049 ante

2004 2060 2270 2115 Bautonis
2312 2065 2693 2132 consulatum,
2753 2068 2857 2121 hoc
2898 2074 2999 2136 est,
3044 2076 3172 2125 ante
3221 2090 3435 2130 annum
3494 2079 3705 2137 Christi

1976 2152 2467 2207 trecentesimum
2499 2155 2912 2225 octogesimum
2945 2159 3241 2229 quintum;
3268 2181 3331 2217 ac
3352 2165 3399 2218 si
3426 2166 3569 2223 forte
3594 2172 3704 2225 Ro-

2002 2254 2156 2293 mam
2208 2257 2321 2294 non
2353 2242 2686 2298 adventarat
2718 2245 2827 2299 nisi
2854 2253 3093 2303 exeunte
3125 2268 3274 2306 anno
3306 2258 3705 2315 trecentesimo

2002 2329 2351 2424 octogesimo
2374 2332 2560 2399 tertio,
2584 2334 2967 2391 Mediolanum
2988 2340 3366 2411 commigrare
3392 2360 3507 2399 non
3522 2350 3709 2416 potuit

2001 2421 2132 2471 ante
2172 2434 2389 2474 annum
2433 2423 2898 2479 trecentesimum
2946 2428 3361 2499 octogesimum
3400 2440 3701 2505 quartum;

2002 2521 2115 2576 quo
2137 2522 2286 2560 anno
2311 2508 2712 2578 Symmachum
2736 2514 3133 2583 praefecturam
3165 2518 3326 2572 Urbis
3357 2523 3594 2591 gessisse
3626 2542 3709 2581 re-

2001 2593 2273 2664 perimus.
2324 2596 2605 2652 Caeterum
2644 2600 2901 2671 Alypius,
2934 2602 3033 2673 qui
3080 2621 3198 2674 prae
3242 2609 3562 2679 Augustino
3595 2614 3704 2668 Ro-

2002 2698 2155 2736 mam
2186 2683 2523 2753 ierat(Conf.
2549 2687 2642 2741 lib.
2674 2692 2726 2755 6,
2760 2706 2878 2759 cap.
2910 2693 2961 2753 8,
2996 2708 3049 2746 n.
3089 2694 3197 2763 l3),
3233 2695 3425 2768 ibique
3457 2706 3705 2757 veterem

2002 2787 2133 2825 cum
2166 2788 2233 2826 eo
2265 2773 2575 2828 amicitiam
2602 2783 2900 2832 renovarat
2932 2778 3302 2854 ﬁrmaratque
3324 2787 3565 2844 arctiore
3582 2792 3705 2845 vin-

2002 2861 2148 2927 culo,
2189 2862 2565 2918 Mediolanum
2594 2880 2824 2937 quoque
2845 2884 2977 2922 eum
3002 2869 3229 2941 insequi
3258 2876 3551 2933 constituit
3584 2896 3597 2933 :
3636 2884 3700 2935 Ut

2000 2964 2095 3037 nec
2133 2966 2214 3003 me
2258 2950 2542 3018 desereret,
2576 2953 2766 3024 inquit
2807 2958 3181 3028 Augustinus,
3225 2966 3274 3014 et
3304 2963 3370 3015 de
3390 2964 3519 3031 jure
3561 2970 3707 3037 quod

2003 3036 2270 3093 didicerat
2297 3040 2514 3107 aliquid
2542 3048 2739 3109 ageret,
2773 3044 3063 3100 secundum
3094 3052 3267 3103 votum
3308 3055 3483 3119 magis
3502 3036 3703 3124 paren-

2005 3131 2138 3192 tum,
2166 3144 2327 3203 quam
2349 3144 2503 3182 suum
2538 3130 2697 3200 (Ibid.
2730 3148 2851 3201 cap.
2890 3136 2975 3201 10,
3008 3152 3064 3189 n.
3104 3137 3206 3207 16).

2078 3219 2130 3271 2.
2180 3216 2655 3273 Mediolanensem
2706 3222 3011 3278 Ecclesiam
3043 3226 3376 3283 Ambrosius
3407 3231 3705 3304 cpiscopus

2007 3320 2215 3376 magna
2263 3322 2393 3360 cum
2437 3308 2735 3378 sapientiae
2762 3314 2885 3366 tum
2911 3314 3212 3384 probitatis
3242 3317 3395 3372 fama
3425 3335 3699 3389 procura-

2004 3395 2103 3450 bat
2132 3398 2382 3466 (Possid.,
2410 3401 2469 3453 in
2513 3402 2637 3455 Vita
2665 3401 2925 3470 August,
2958 3420 3002 3459 c.
3042 3405 3089 3475 l)
3137 3422 3149 3459 :
3187 3407 3285 3477 qui
3315 3410 3702 3479 Augustinum

2007 3484 2077 3539 ad
2103 3484 2371 3540 ofﬁciosa;
2409 3487 2763 3543 salutationis
2811 3506 3018 3546 munus
3048 3492 3237 3563 ipsum
3268 3488 3573 3554 adeuntem
3604 3517 3705 3571 pa-

2005 3576 2171 3628 terno
2196 3576 2416 3645 excepit
2440 3576 2651 3644 animo,
2672 3583 2730 3632 et
2748 3578 3059 3651 episcOpali
3082 3583 3354 3638 charitate
3376 3589 3708 3658 complexus

2008 3666 2110 3716 est.
2142 3662 2235 3715 Ad
2263 3678 2381 3716 eum
2423 3669 2621 3733 autem,
2653 3665 2858 3735 inquit,
2892 3667 3127 3723 ducebar
3157 3670 3252 3725 abs
3283 3676 3331 3726 te
3359 3678 3613 3742 nesciens,
3648 3685 3707 3733 ut

2004 3765 2104 3819 per
2144 3764 2262 3803 eum
2291 3750 2366 3803 ad
2406 3755 2455 3804 te
2483 3754 2653 3805 sciens
2683 3752 2922 3808 ducerer.
2959 3757 3203 3827 Suscepit
3244 3776 3325 3815 me
3350 3768 3576 3830 paterae
3620 3768 3712 3821 ille

2008 3839 2160 3893 homo
2190 3838 2314 3907 Dei,
2361 3844 2413 3893 et
2433 3843 2921 3908 peregrinationem
2962 3861 3133 3900 meam
3170 3851 3303 3903 satis
3333 3854 3713 3923 episcopaliter

2010 3927 2222 3981 dilexit.
2254 3930 2325 3982 Et
2349 3944 2466 3982 eum
2487 3945 2671 3985 amare
2695 3935 2847 4001 cmpi,
2875 3936 3050 4002 primo
3080 3937 3295 4005 quidem
3320 3955 3423 3994 non
3449 3946 3709 4013 tanquam

2010 4015 2274 4070 doctorem
2298 4019 2431 4083 veri,
2456 4018 2601 4087 quod
2621 4022 2678 4073 in
2700 4022 2938 4075 Ecclesia
2963 4028 3056 4077 tua
3082 4041 3307 4093 prorsus
3335 4029 3706 4099 desperabam,

2009 4104 2104 4157 sed
2125 4109 2383 4174 tanquam
2423 4106 2685 4161 hominem
2716 4108 3003 4177 benignum
3034 4116 3087 4166 in
3119 4131 3214 4169 me.
3263 4118 3541 4174 Audiebat
3576 4138 3707 4177 eum

2010 4192 2214 4248 exinde
2235 4194 2501 4265 frequens
2518 4199 2688 4267 atque
2706 4197 2968 4253 assiduus
2996 4218 3318 4258 sermonem
3340 4207 3409 4260 ad
3432 4212 3707 4278 populum

2010 4281 2337 4348 habentem,
2370 4299 2484 4336 non
2518 4300 2586 4338 eo
2617 4285 2810 4341 animo
2838 4304 2952 4358 quo
2981 4306 3085 4359 par
3111 4297 3248 4355 erat,
3274 4293 3369 4346 sed
3402 4301 3465 4348 ut
3487 4300 3709 4367 experi-

2010 4375 2171 4425 retur
2198 4387 2270 4425 an
2293 4372 2416 4441 ejus
2444 4372 2775 4444 eloquentia
2812 4376 2960 4430 infra
2982 4378 3067 4431 vel
3096 4396 3268 4449 supra
3287 4381 3500 4439 famam
3524 4395 3673 4443 esset
3698 4406 3711 4445 :

2010 4475 2205 4514 rerum
2245 4460 2498 4530 ipsarum
2528 4462 2866 4529 incuriosus,
2901 4467 3205 4522 verborum
3236 4470 3537 4543 lenocinia,
3570 4494 3710 4548 quo-

2013 4564 2141 4601 rum
2179 4549 2452 4604 suavitate
2491 4551 2732 4606 miriﬁce
2778 4554 3182 4621 delectabatur,
3230 4560 3589 4618 solummodo
3619 4583 3712 4621 ca-

2011 4636 2226 4707 ptabat.
2261 4638 2374 4691 Etsi
2403 4655 2535 4694 vero
2569 4641 2757 4695 Fausti
2784 4643 2964 4697 oratio
2986 4644 3277 4716 aliquanto
3298 4651 3612 4721 elegantior
3632 4661 3712 4711 at-

2012 4743 2123 4797 que
2156 4727 2225 4781 ad
2256 4728 2585 4783 mulcendas
2625 4748 2789 4785 aures
2819 4732 3037 4787 dulcior
3062 4733 3147 4788 illi
3179 4746 3514 4809 appareret;
3556 4746 3713 4799 nulla

2010 4820 2226 4876 tamen,
2256 4833 2313 4871 se
2338 4817 2552 4888 judice,
2602 4819 2672 4875 de
2702 4821 2977 4891 gravitate
3009 4828 3181 4896 atque
3213 4829 3533 4886 eruditione
3563 4832 3715 4888 inter

2011 4907 2323 4975 utrumque
2350 4907 2701 4976 comparatio
2724 4914 2843 4963 erat
2865 4909 3039 4978 (Conf.
3065 4913 3158 4967 lib.
3185 4918 3237 4977 5,
3261 4931 3381 4986 cap.
3408 4923 3493 4983 l3,
3520 4937 3572 4976 η.
3598 4924 3709 4991 23).

2014 4994 2212 5063 Itaque
2257 4994 2468 5048 sensim
2497 4995 2618 5049 sine
2641 5012 2809 5051 sensu
2839 4998 3045 5053 veritas
3071 5002 3192 5073 ejus
3225 5006 3416 5060 animo
3445 5009 3711 5064 illabeba-

2013 5084 2125 5133 tur.
2159 5082 2535 5136 Attentiorem
2563 5099 2695 5138 eum
2716 5085 2990 5142 reddebat
3010 5089 3106 5143 illa
3126 5090 3250 5162 ipsa
3277 5093 3527 5165 haeresis,
3552 5098 3713 5167 cujus

2014 5169 2315 5240 praeceptis
2366 5170 2618 5225 imbutus
2661 5178 2783 5228 erat
2824 5191 2836 5229 :
2883 5182 2939 5231 et
2966 5178 3093 5232 ideo
3139 5183 3357 5236 cteteris
3385 5186 3713 5254 suspensior

2014 5254 2230 5322 aderat,
2265 5272 2338 5311 ne
2367 5259 2507 5328 quid
2537 5261 2623 5314 vel
2653 5278 2759 5333 pro
2799 5264 2921 5335 ipsa
2948 5268 3038 5321 vel
3063 5273 3261 5323 contra
3288 5271 3468 5341 ipsam
3500 5273 3712 5328 dicere-

2014 5347 2126 5399 tur.
2162 5345 2227 5399 Et
2270 5348 2547 5416 praevenit
2578 5350 2677 5405 Dei
2710 5352 3031 5409 liberatoris
3056 5357 3376 5425 clementia,
3409 5362 3497 5414 sui
3528 5379 3712 5418 sacer-

2014 5433 2159 5487 dotis
2187 5435 2471 5490 Ambrosii
2502 5454 2600 5491 cor
2627 5443 3044 5512 pertractantis,
3076 5449 3141 5498 ut
3168 5450 3363 5501 contra
3383 5447 3544 5506 illum
3568 5469 3716 5508 erro-

2016 5537 2134 5575 rem
2175 5521 2489 5579 incidentes
2534 5526 2697 5599 Legis
2738 5530 3076 5601 quaestiones
3107 5531 3435 5591 dissolveret
3458 5540 3712 5610 (Possid.,
3804 5564 3809 5569 ν

2014 5614 2072 5703 in
2110 5614 2237 5668 Vita
2264 5614 2527 5683 August.,
2580 5632 2701 5687 cap.
2751 5620 2820 5689 1).
2856 5621 3055 5674 Narrat
3082 5620 3204 5676 haec
3232 5621 3354 5695 ipse
3393 5626 3515 5684 fuse
3543 5634 3712 5703 atque

2017 5699 2311 5770 eleganter
2338 5704 2689 5775 Augustinus
2716 5706 2775 5761 in
2796 5706 2949 5762 hunc
2978 5709 3214 5766 modum
3240 5729 3253 5768 :
3288 5714 3420 5771 Cum
3447 5699 3712 5775 enimnon
