4048 6194
382 311 449 362 99
1641 304 1815 360 VITA
1854 304 1908 358 S.
1950 301 2338 359 AUGUSTINI
2379 299 2715 357 EPISCOPI.

380 436 680 500 satagerem
723 429 925 484 discere
963 444 1081 499 quae
1109 427 1341 494 dicebat,
1371 427 1466 482 sed
1493 432 1703 483 tantum
1732 427 2079 497 quemadmo-

383 520 512 573 dum
538 518 751 573 dicebat
776 518 969 572 audire
1001 520 1080 588 (ea
1107 518 1245 572 mihi
1262 520 1463 588 quippe
1470 518 1592 587 jam
1610 517 1922 586 desperanti
1938 516 2013 569 ad
2036 518 2085 568 te

378 611 526 663 viam
554 610 740 678 patere
767 608 993 671 homini,
1030 609 1213 662 inanis
1242 622 1373 661 cura
1401 606 1773 671 remanserat),
1805 604 2085 658 veniebant

378 699 437 753 in
472 700 715 752 animum
758 712 933 752 meum
961 698 1123 752 simul
1161 712 1278 751 cum
1307 696 1483 750 verbis
1513 710 1632 765 quae
1661 693 1971 761 diligebam,
2003 706 2085 746 res

380 789 544 842 etiam
566 801 702 857 quas
720 786 1075 855 negligebam.
1105 787 1289 853 Neque
1316 786 1455 838 enim
1475 798 1539 837 ea
1556 782 1812 837 dirimere
1822 786 2085 851 poteram.

375 879 446 931 Et
479 875 608 929 dum
642 890 732 930 cor
760 876 1025 944 aperirem
1073 873 1148 927 ad
1174 871 1548 941 excipiendum
1578 886 1742 939 quam
1770 869 1967 925 diserte
1994 869 2087 923 di-

375 967 541 1029 ceret,
585 965 803 1031 pariter
845 961 1093 1016 intrabat
1143 965 1194 1014 et
1223 976 1387 1029 quam
1415 975 1536 1015 vere
1564 959 1784 1026 diceret,
1809 959 2089 1027 gradatim

379 1051 614 1122 quidem.
660 1052 802 1107 Nam
827 1051 1006 1120 primo
1032 1050 1195 1103 etiam
1225 1051 1351 1118 ipsa
1385 1048 1609 1117 defendi
1623 1064 1781 1119 posse
1804 1049 1943 1103 mihi
1966 1048 2087 1118 jam

371 1142 643 1209 coeperant
666 1138 871 1202 videri;
901 1143 951 1193 et
969 1137 1129 1208 ﬁdem
1160 1138 1507 1205 catholicam,
1524 1153 1628 1208 pro
1648 1154 1759 1207 qua
1775 1137 1919 1192 nihil
1932 1151 2088 1207 posse

377 1229 491 1283 dici
518 1228 782 1284 adversus
823 1232 1198 1298 oppugnantes
1237 1228 1563 1283 Manichmos
1596 1232 1941 1297 putaveram,
1965 1227 2089 1295 jam

372 1334 480 1374 non
512 1317 857 1388 impudenter
881 1318 1052 1371 asseri
1076 1314 1490 1382 euistimdbam;
1513 1317 1751 1370 mamime
1769 1313 1958 1368 audito
1982 1327 2087 1367 uno

372 1410 536 1474 atque
563 1405 752 1470 altero,
784 1408 835 1458 et
863 1406 1060 1473 saepius
1092 1406 1376 1473 aenigmate
1401 1404 1571 1458 soluto
1597 1403 1662 1457 de
1690 1403 1923 1471 Scriptis
1950 1404 2085 1455 vete-

379 1493 534 1548 ribus
560 1510 572 1547 :
597 1493 710 1561 ubi,
734 1508 854 1547 cum
880 1493 954 1547 ad
970 1493 1205 1547 litteram
1233 1494 1549 1562 acciperem,
1574 1490 1873 1546 occidebar.
1900 1491 2085 1560 Spiri-

380 1584 603 1638 tualiter
618 1584 802 1652 itaque
824 1582 1101 1652 plerisque
1131 1582 1348 1635 illorum
1369 1580 1629 1635 librorum
1649 1581 1908 1649 ert-positis
1936 1581 2082 1634 locis.

374 1673 495 1742 jam
515 1670 969 1742 reprehendebam
990 1671 1414 1740 desperationem
1432 1685 1624 1736 meam,
1642 1670 1795 1724 illam
1813 1669 2086 1724 duntaxat

375 1777 483 1830 qua
518 1761 850 1815 credideram
879 1760 1073 1830 Legem
1100 1765 1151 1814 et
1177 1760 1474 1829 Prophetas
1506 1759 1895 1814 detestantibus
1926 1764 2088 1829 atque

372 1850 730 1904 irridentibus
771 1850 957 1903 resisti
997 1850 1211 1903 omnino
1262 1863 1369 1902 non
1412 1862 1587 1917 posse.
1619 1849 1727 1903 Nec
1764 1852 1942 1902 tamen
1964 1850 2087 1917 jam

374 1938 492 1992 ideo
517 1938 657 1991 mihi
675 1937 993 1992 catholicam
1012 1938 1160 1990 viam
1196 1936 1481 1991 tenendam
1501 1950 1612 1990 esse
1631 1935 2088 2006 sentiebam,quia

371 2030 422 2081 et
449 2027 573 2096 ipsa
592 2029 803 2095 poterat
831 2023 1028 2080 habere
1058 2025 1240 2081 doctos
1262 2029 1554 2080 assertores
1581 2040 1726 2091 suos,
1760 2026 1857 2094 qui
1874 2028 2089 2095 copiose

370 2119 421 2172 et
447 2131 554 2170 non
584 2114 820 2170 absurde
850 2114 1060 2183 objecta
1081 2116 1413 2183 refellerent;
1437 2130 1531 2170 nec
1557 2114 1677 2169 ideo
1685 2115 1807 2184 jam
1822 2114 2088 2170 damnan-

372 2202 508 2259 dum
536 2203 678 2259 illud
702 2203 847 2273 quod
879 2204 1142 2273 tenebam,
1172 2205 1305 2273 quia
1336 2203 1667 2271 defensionis
1685 2207 1873 2273 partes
1900 2220 2082 2274 aequa-

373 2292 593 2348 bantur.
625 2294 710 2347 Ita
736 2294 876 2347 enim
904 2292 1184 2350 Catholica
1210 2308 1317 2348 non
1345 2294 1485 2348 mihi
1513 2295 1657 2347 victa
1684 2292 1989 2356 videbatur,
2024 2299 2086 2348 ut

369 2380 611 2436 nondum
655 2383 810 2436 etiam
846 2383 1051 2435 victrix
1091 2386 1402 2451 appareret.
1441 2383 1586 2436 Tunc
1613 2396 1737 2435 vero
1764 2382 1983 2449 fortiter
2008 2385 2085 2437 in-

370 2470 527 2525 tendi
567 2472 831 2540 animum,
860 2470 911 2525 si
935 2486 1039 2538 quo
1064 2470 1220 2525 modo
1246 2485 1457 2540 possem
1487 2473 1646 2525 certis
1676 2471 1951 2539 aliquibus
1980 2470 2080 2525 do-

373 2561 635 2615 cumentis
675 2560 997 2615 Manichzos
1043 2562 1355 2615 convincere
1375 2560 1665 2626 falsitatis.
1702 2558 1857 2625 Quod
1877 2560 1928 2614 si
1952 2574 2080 2628 pos-

373 2663 485 2703 sem
513 2649 856 2718 spiritualem
899 2648 1261 2703 substantiam
1300 2650 1555 2717 cogitare,
1578 2650 1766 2703 statim
1793 2649 2082 2704 machina-

374 2741 557 2792 menta
585 2725 696 2791 illa
738 2738 920 2792 omnia
966 2737 1300 2793 solverentur
1328 2742 1379 2792 et
1416 2738 1783 2807 abjicerentur
1805 2753 1873 2792 ea:
1901 2740 2081 2793 animo

368 2840 509 2893 meo;
546 2824 642 2880 sed
668 2840 777 2880 non
810 2830 1074 2895 poteram.
1112 2829 1497 2884 Verumtamen
1526 2826 1592 2881 de
1618 2829 1736 2896 ipso
1760 2827 1951 2882 mundi
1980 2828 2078 2881 hu-

362 2915 459 2984 jus
479 2929 721 2985 corpore,
744 2917 994 2984 omnique
1016 2919 1221 2970 natura
1251 2931 1416 2985 quam
1439 2930 1623 2970 sensus
1644 2917 1827 2970 carnis
1851 2918 2081 2984 attinge-

371 3009 474 3071 ret,
528 3005 703 3059 multa
742 3003 1116 3073 probabiliora
1139 3006 1424 3074 plerosque
1458 3006 1685 3059 sensisse
1713 3005 2077 3075 philosophos,

380 3094 558 3161 magis
598 3094 883 3159 magisque
931 3093 1274 3147 considerans
1306 3097 1469 3163 atque
1496 3108 1834 3163 comparans,
1859 3094 2079 3162 judica-

352 3166 515 3233 'bam.
574 3180 763 3247 Itaque
804 3180 1247 3233 Academicorum
1291 3196 1456 3245 more,
1487 3182 1628 3234 sicut
1675 3184 2077 3247 cristimantur,

376 3268 639 3322 dubitans
668 3267 734 3321 de
760 3269 1007 3322 omnibus
1037 3273 1199 3337 atque
1226 3269 1368 3322 inter
1394 3271 1575 3322 omnia
1589 3272 1876 3337 ﬂuctuans,
1906 3271 2081 3325 Mani-

369 3357 539 3411 chaeos
574 3355 792 3426 quidem
824 3355 1207 3426 relinquendos
1239 3371 1351 3410 esse
1380 3356 1592 3411 decrevi
1621 3372 1637 3411 :
1666 3372 1773 3411 non
1800 3358 2079 3414 arbitrans

370 3460 428 3500 eo
456 3447 576 3516 ipso
609 3449 842 3515 tempore
869 3444 1229 3500 dubitationis
1255 3461 1383 3501 meae
1411 3447 1471 3499 in
1498 3447 1597 3500 illa
1624 3452 1768 3501 secta
1792 3449 1929 3501 mihi
1950 3464 2078 3518 per-

369 3534 699 3589 manendum
737 3549 868 3602 esse,
904 3537 994 3589 cui
1033 3535 1155 3605 jam
1187 3535 1469 3590 nonnullos
1492 3535 1838 3606 philosophos
1867 3552 2076 3607 praepo-

363 3624 554 3679 nebam
585 3642 602 3679 :
639 3624 835 3694 quibus
861 3629 1039 3680 tamen
1061 3625 1421 3696 philosophis,
1453 3624 1597 3694 quod
1619 3628 1735 3680 sine
1761 3628 1971 3680 nomine
1999 3642 2084 3681 sa-

366 3714 538 3767 lutari
571 3712 783 3768 Christi
810 3719 1004 3781 essent,
1040 3717 1369 3769 curationem
1420 3716 1698 3783 languoris
1735 3717 1929 3770 anima:
1956 3731 2079 3770 mem

365 3804 694 3856 committere
723 3806 937 3858 omnino
967 3804 1304 3858 recusabam.
1348 3805 1532 3859 Statui
1576 3819 1698 3870 ergo
1729 3803 1939 3858 tamdiu
1966 3820 2077 3879 esse

366 3891 774 3946 catechumenus
804 3894 864 3946 in
910 3892 1176 3947 catholica
1219 3894 1479 3958 Ecclesia,
1526 3893 1665 3947 mihi
1699 3908 1734 3946 a
1756 3894 2075 3962 parentibus

366 3979 759 4047 commendata,
788 3980 953 4035 donec
985 3981 1203 4049 aliquid
1243 3983 1377 4036 certi
1417 3982 1662 4047 eluceret,
1715 3996 1819 4051 quo
1859 3998 2075 4038 cursum

363 4067 655 4136 dirigerem
705 4069 886 4137 (Conf.
922 4070 1018 4125 lib.
1051 4072 1104 4137 5,
1135 4084 1258 4140 cap.
1311 4071 1394 4137 14,
1434 4086 1528 4125 nn.
1560 4071 1650 4136 24,
1681 4071 1787 4139 25).
1820 4069 2074 4141 ldipsum

363 4164 563 4213 rursus
592 4158 791 4213 scribit
821 4158 892 4213 ad
924 4159 1280 4213 Honoratum
1309 4158 1370 4213 in
1400 4159 1522 4213 haec
1548 4158 1721 4214 verba
1751 4175 1766 4214 :
1797 4161 2076 4215 Rationem

359 4249 481 4316 ipse
506 4263 711 4303 mecum
756 4246 947 4317 habui,
978 4262 1339 4317 magnamque
1380 4247 1835 4315 deliberationem,
1860 4249 1982 4318 jam
2017 4251 2076 4303 in

362 4336 530 4391 Italia
575 4339 922 4406 constitutus,
957 4353 1064 4392 non
1093 4342 1274 4392 utrum
1305 4353 1575 4393 manerem
1603 4339 1661 4393 in
1688 4339 1788 4393 illa
1819 4342 1982 4405 secta,
2012 4340 2071 4393 in

363 4438 527 4492 quam
563 4439 646 4478 me
674 4425 934 4480 incidisse
956 4425 1281 4495 pmnitebat;
1313 4425 1408 4480 sed
1436 4441 1668 4495 quonam
1704 4426 1859 4482 modo
1888 4443 2073 4481 verum

363 4512 745 4567 inveniendum
772 4517 928 4580 esset,
959 4515 1018 4567 in
1047 4512 1204 4581 cujus
1224 4529 1457 4569 amorem
1492 4515 1736 4583 suspiria
1766 4529 1883 4568 mea
1930 4513 2074 4568 nulli

361 4600 554 4656 melius
581 4616 746 4670 quam
787 4601 891 4656 tibi
920 4607 1049 4657 nota
1084 4606 1230 4656 sunt.
1276 4602 1427 4673 Swpe
1453 4604 1589 4657 mihi
1629 4602 1938 4669 videbatur,
1966 4618 2070 4657 non

357 4703 513 4758 posse
559 4691 817 4758 inveniri,
855 4693 1147 4762 magnique
1188 4693 1383 4761 fluctus
1421 4694 1803 4759 cogitationum
1829 4706 2069 4746 mearum

360 4779 421 4832 in
459 4778 910 4835 Academicorum
950 4781 1281 4850 suffragium
1323 4779 1655 4848 ferebantur.
1702 4780 1852 4850 Szpe
1877 4795 2069 4835 rursus

360 4868 593 4931 intuens,
624 4873 888 4938 quantum
913 4873 1177 4938 poteram,
1198 4874 1424 4925 mentem
1452 4869 1743 4924 humanam
1774 4873 1885 4924 tam
1912 4871 2071 4924 viva-

359 4970 494 5026 cem,
517 4960 626 5011 tam
651 4971 920 5025 sagacem,
952 4963 1065 5013 tam
1080 4960 1465 5028 perspicacem,
1491 4974 1597 5013 non
1612 4958 1877 5028 putabam
1906 4960 2071 5014 latere

360 5048 664 5112 veritatem,
698 5048 809 5101 nisi
837 5046 982 5115 quod
1007 5048 1065 5102 in
1092 5062 1156 5101 ea
1185 5048 1462 5116 quaerendi
1496 5047 1686 5103 modus
1714 5048 2070 5113 latcret,eum-

363 5134 593 5205 demque
617 5137 800 5205 ipsum
828 5135 1047 5189 modum
1077 5136 1147 5190 ab
1172 5137 1359 5206 aliqua
1396 5136 1588 5191 divina
1614 5138 1936 5192 auctoritate
1959 5152 2071 5191 esse

363 5224 700 5280 sumendum.
753 5223 1014 5280 Restabat
1053 5238 1290 5293 quaerere
1326 5241 1573 5293 quaenam
1600 5226 1700 5281 illa
1727 5230 1861 5280 esset
1884 5231 2065 5280 auclo-

361 5314 521 5381 ritas,
548 5328 667 5368 cum
690 5314 750 5367 in
770 5314 940 5366 tantis
977 5310 1400 5366 dissensionibus
1425 5326 1481 5366 se
1504 5315 1731 5382 quisque
1758 5314 1911 5368 illam
1949 5319 2065 5369 tra-

362 5398 608 5456 diturum
649 5401 1015 5471 polliceretur.
1074 5398 1398 5456 Occurrebat
1441 5402 1615 5469 igitur
1666 5403 2065 5472 inexplicabilis

355 5488 521 5555 silva,
542 5493 631 5544 cui
648 5491 862 5546 demum
890 5491 1063 5547 inseri
1079 5490 1312 5545 multum
1324 5490 1569 5560 pigebat,
1598 5494 1761 5561 atque
1785 5494 1928 5546 inter
1955 5494 2063 5547 haec

353 5578 470 5632 sine
497 5578 613 5633 ulla
634 5583 837 5652 requie,
870 5579 1174 5652 cupiditate
1192 5578 1498 5650 reperiendi
1515 5581 1632 5635 veri
1650 5581 1866 5639 animus
1884 5582 2063 5651 agita-

3799 307 3907 359 100

2194 424 2373 480 batur.
2423 425 2738 481 Dissuebam
2776 441 2857 480 me
2890 429 3071 482 tamen
3117 429 3295 495 magis
3347 429 3627 498 magisque
3654 427 3723 482 ab
3754 430 3904 497 istis,

2192 527 2325 580 quos
2363 514 2486 583 jam
2534 514 2771 569 deserere
2795 531 3206 585 proposueram.
3238 517 3495 573 Restabat
3533 522 3712 572 autem
3741 518 3908 574 aliud

2190 600 2334 655 nihil
2361 603 2420 654 in
2447 604 2614 657 tantis
2636 604 2917 672 periculis,
2948 619 3112 672 quam
3140 608 3201 659 ut
3228 604 3472 659 divinam
3496 605 3905 676 providentiam

2193 690 2507 759 lacrymosis
2525 696 2576 745 et
2596 692 2995 747 miserabilibus
3019 693 3256 757 vocibus,
3286 699 3348 748 ut
3365 710 3516 763 opem
3542 695 3679 748 mihi
3704 696 3901 761 ferret,

2193 778 2527 849 deprecarer.
2563 781 2744 848 Atque
2780 780 2843 835 id
2869 781 3052 835 sedulo
3079 782 3368 849 faciebam.
3408 784 3480 838 Et
3517 783 3637 853 jam
3665 786 3783 851 fere
3817 801 3905 838 me

2193 872 2582 923 commoverant
2609 870 2878 924 nonnullae
2914 870 3308 940 disputationes
3336 872 3747 928 Mediolanensis
3776 876 3899 944 epi-

2193 958 2361 1028 scopi,
2393 962 2455 1012 ut
2482 973 2589 1013 non
2613 960 2727 1012 sine
2754 974 2848 1028 spe
2876 960 3069 1028 aliqua
3094 959 3161 1014 de
3187 962 3306 1030 ipso
3341 961 3527 1015 Vetere
3562 961 3901 1015 Testamento

2192 1048 2366 1102 multa
2403 1062 2638 1117 quaerere
2670 1063 2943 1118 cuperem;
2978 1064 3118 1117 quae,
3150 1053 3211 1102 ut
3234 1050 3359 1115 scis,
3391 1049 3531 1103 male
3556 1048 3710 1103 nobis
3756 1064 3899 1103 com-

2192 1136 2448 1191 mendata
2475 1137 2912 1193 emsecrabamur.
2945 1139 3398 1207 Decreveramque
3429 1137 3639 1192 tamdiu
3666 1152 3777 1193 esse
3805 1154 3900 1192 ca-

2195 1225 2535 1279 techumenus
2555 1226 2616 1279 in
2642 1226 2905 1295 Ecclesia,
2932 1227 3024 1280 cui
3050 1226 3288 1281 traditus
3314 1242 3349 1281 a
3374 1226 3690 1295 parentibus
3726 1242 3899 1292 eram,

2194 1312 2357 1368 donec
2384 1319 2481 1368 aut
2512 1316 2808 1369 invenirem
2833 1314 2978 1384 quod
3006 1316 3207 1380 vellem,
3240 1320 3338 1370 aut
3357 1316 3497 1370 mihi
3515 1315 3903 1385 persuaderem

2191 1417 2298 1456 non
2322 1418 2432 1458 esse
2459 1403 2823 1473 quaerendum.
2854 1404 3379 1474 Opportunissimum
3405 1419 3530 1473 ergo
3549 1420 3631 1459 me
3649 1420 3713 1460 ac
3739 1404 3903 1459 valde

2194 1490 2417 1547 docilem
2464 1497 2589 1547 tunc
2634 1494 2876 1547 invenire
2914 1498 3114 1563 posset,
3147 1496 3198 1548 si
3235 1495 3435 1562 fuisset
3460 1495 3556 1564 qui
3576 1499 3758 1564 posset
3802 1494 3899 1548 do-

2193 1594 2309 1635 cere
2335 1580 2434 1649 (De
2460 1581 2707 1636 Utilitate
2733 1581 3005 1648 credendi,
3038 1598 3094 1636 n.
3126 1583 3240 1652 20).

2865 1670 3093 1725 CAPUT
3125 1671 3218 1725 Ill.

2198 1760 2219 1812 1
2255 1759 2503 1813 Monnica
2542 1758 2907 1814 Mediolanum
2950 1760 3114 1814 venit.
3157 1763 3188 1811 2
3216 1759 3525 1827 Augustino
3561 1760 3712 1814 nulla
3742 1762 3897 1829 copia

2268 1847 2437 1902 datur
2474 1848 2795 1902 sciscitandi
2822 1863 2942 1917 quae
2978 1850 3148 1917 cupit,
3183 1849 3251 1901 ab
3306 1848 3591 1903 Ambrosio
3629 1851 3896 1919 episcopo.

2267 1939 2297 1991 3
2328 1937 2613 1994 Conciones
2659 1937 2774 2006 ejus
2816 1936 2891 1991 ad
2933 1938 3194 2007 populum
3240 1937 3434 1991 audire
3468 1943 3799 2007 perseverat,
3829 1954 3897 1991 ea:

2263 2027 2441 2095 iisque
2468 2028 2644 2095 magis
2672 2028 2733 2081 in
2751 2026 2865 2081 dies
2892 2041 3076 2080 veram
3104 2026 3353 2081 Ecclesia
3382 2027 3659 2081 catholica:
3687 2026 3895 2081 doctri-

2263 2131 2391 2170 nam
2421 2117 2701 2183 intelligit.
2742 2116 2776 2170 4
2803 2115 2960 2170 Fidei
2984 2118 3351 2170 necessitatem
3371 2120 3421 2169 et
3442 2115 3713 2170 salubrem
3742 2115 3897 2171 Scri—

2258 2209 2549 2274 pturarum
2592 2206 2968 2259 auctoritatem
3016 2207 3279 2273 agnoscit.
3311 2208 3342 2257 ὅ
3371 2204 3571 2260 Adhuc
3599 2204 3812 2258 laborat
3840 2206 3893 2257 in

2264 2295 2551 2362 quaestione
2592 2293 2658 2347 de
2692 2294 2828 2348 mali
2867 2294 3093 2360 origine.
3145 2295 3176 2348 6
3227 2294 3626 2349 Platonicorum
3676 2293 3895 2347 lectione

2255 2384 2473 2451 pro/icit
2509 2384 2568 2436 in
2596 2384 2895 2448 cognitione
2921 2384 3037 2448 Dei,
3062 2397 3169 2437 non
3199 2386 3377 2437 autem
3408 2381 3572 2438 Verbi
3596 2384 3888 2436 incarnati.

2260 2475 2290 2524 7
2349 2472 2839 2527 Commiserationis
2863 2486 3021 2526 sensu
3057 2472 3304 2540 afﬁcitur
3340 2473 3395 2526 in
3441 2487 3525 2525 eos
3574 2474 3672 2540 qui
3708 2472 3889 2527 Mani-

2261 2559 2525 2615 chzorum
2545 2575 2724 2615 errore
2750 2564 2877 2614 sunt
2900 2561 3186 2629 implicati.

2265 2652 2313 2703 1.
2333 2647 2575 2704 Periculi
2595 2649 2768 2719 plena
2787 2652 2911 2704 erat
2937 2648 3037 2703 illa
3058 2648 3389 2704 inveniendi
3409 2648 3527 2703 veri
3546 2647 3887 2721 desperatio,

2190 2737 2250 2792 in
2282 2754 2396 2808 qua
2439 2738 2772 2792 versabatur
2797 2738 3173 2809 Augustinus,
3214 2737 3367 2809 quod
3400 2753 3465 2792 ex
3494 2754 3562 2792 ea
3598 2742 3805 2808 torpor
3831 2753 3893 2791 ac

2188 2825 2543 2897 negligentia
2561 2827 2685 2897 ejus
2704 2825 3397 2898 inquirendinasceretur.
3417 2826 3628 2881 Verum
3640 2825 3893 2880 haecani-

2191 2914 2270 2969 mi
2312 2913 2663 2982 constitutio,
2696 2919 2795 2969 aut
2831 2914 3021 2986 potius
3048 2914 3391 2969 instabilitas
3434 2918 3491 2969 et
3536 2930 3751 2985 auceps
3780 2914 3891 2968 ﬂu—

2188 3002 2420 3069 ctuatio,
2453 3002 2521 3057 ad
2546 3018 2721 3074 quam
2751 3002 2949 3057 audito
2968 3001 3268 3057 Ambrosio
3294 3000 3600 3072 perductus
3625 3005 3770 3068 erat,
3791 2999 3894 3055 fuit

2187 3093 2367 3148 instar
2393 3091 2728 3147 accessionis
2756 3088 2985 3159 criticaa,
3016 3107 3122 3163 per
3144 3107 3318 3164 quam
3348 3091 3418 3146 ab
3447 3089 3797 3162 aegritudine
3826 3089 3891 3144 ad

2187 3181 2511 3248 sanitatem,
2542 3182 2958 3236 intercurrente
2988 3179 3207 3235 acriore
3235 3179 3514 3251 periculo,
3545 3183 3671 3233 erat
3699 3184 3883 3233 trans-

2186 3272 2373 3326 iturus
2403 3272 2631 3341 (Confes.
2666 3271 2758 3325 lib.
2793 3273 2846 3336 6,
2881 3286 3001 3340 cap.
3041 3273 3091 3339 1,
3120 3286 3176 3324 η.
3214 3269 3289 3340 1).
3328 3270 3395 3324 Et
3418 3285 3486 3324 eo
3508 3267 3751 3341 quidem
3771 3270 3888 3324 loco

2185 3359 2406 3431 positus
2418 3363 2693 3426 erat,cum
2706 3359 2964 3414 Monnica
2976 3363 3127 3414 terra
3140 3358 3401 3430 marique
3413 3358 3597 3412 ﬁlium
3614 3358 3891 3424 insecuta,

2187 3448 2571 3504 Mediolanum
2599 3446 2879 3519 pervenit.
2909 3447 3046 3512 Quae
3073 3446 3173 3502 ubi
3194 3446 3368 3502 totius
3396 3445 3480 3501 rei
3499 3445 3713 3501 certior
3732 3446 3805 3502 ab
3826 3464 3888 3501 eo

2186 3538 2333 3592 facta
2360 3540 2465 3603 est,
2495 3536 2721 3591 tametsi
2750 3536 3059 3608 voluptatis
3078 3536 3283 3592 exinde
3311 3534 3525 3608 aliquid
3556 3536 3890 3607 cepit,quod

2185 3625 2417 3681 falsitati
2437 3631 2698 3697 ereptum
2728 3630 2986 3681 cerneret
3017 3642 3030 3681 :
3062 3641 3181 3681 non
3202 3630 3414 3692 tamen,
3446 3624 3611 3697 quasi
3632 3625 3895 3697 inopina-

2185 3719 2310 3769 tum
2323 3713 2536 3784 aliquid
2554 3713 2887 3781 audierit,in
2900 3714 3289 3769 turbulentam
3302 3729 3359 3767 se
3373 3712 3635 3769 laetitiam
3651 3713 3889 3777 extulit;

2185 3802 2280 3857 sed
2339 3807 2533 3857 mente
2573 3802 2796 3873 placida
2851 3808 2909 3857 et
2953 3802 3177 3857 ﬁduciae
3205 3803 3376 3873 plena
3407 3801 3567 3863 dixit,
3600 3801 3894 3856 conlidere

2186 3905 2244 3944 se
2275 3888 2334 3943 in
2366 3888 2608 3957 Christo,
2637 3889 2757 3944 fore
2781 3893 2842 3944 ut
2862 3889 3200 3961 priusquam
3222 3905 3287 3943 ex
3318 3888 3424 3944 hac
3447 3886 3563 3942 vita
3591 3888 3891 3961 migraret,

2183 3994 2315 4033 eum
2345 3977 2536 4033 visura
2574 3982 2723 4033 esset
2749 3978 2977 4033 ﬁdelem
3007 3977 3351 4033 catholicum
3383 3977 3600 4050 (lbid.).

2252 4071 2305 4122 2.
2357 4068 2578 4122 Interea
2605 4083 2738 4121 vero
2766 4066 3040 4138 temporis
3069 4083 3201 4122 cum
3238 4066 3592 4138 Augustinus
3621 4066 3691 4121 ad
3728 4066 3890 4139 inge-

2180 4154 2532 4210 miscendum
2549 4171 2613 4210 ac
2632 4157 2743 4209 Deo
2765 4155 3205 4227 supplicandum
3221 4155 3482 4210 assiduus
3507 4171 3629 4209 esse
3660 4154 3893 4210 debuis-

2181 4248 2279 4308 set,
2306 4260 2420 4317 quo
2438 4244 2492 4299 ei
2513 4244 2870 4311 subveniret;
2890 4249 3009 4299 erat
3028 4245 3254 4299 animus
3276 4245 3399 4316 ejus
3414 4244 3482 4300 ad
3503 4244 3887 4316 quaerendum

2179 4333 2456 4403 intentus,
2485 4338 2543 4389 et
2571 4334 2644 4389 ad
2669 4333 3069 4389 disserendum
3101 4334 3409 4406 inquietus.
3456 4334 3568 4388 Nec
3600 4349 3737 4387 vero
3768 4334 3884 4387 ulla

2179 4427 2302 4478 erat
2364 4423 2419 4478 ei
2472 4422 2637 4494 copia
2686 4422 3148 4478 communicandi
3204 4438 3332 4477 cum
3379 4422 3680 4477 Ambrosio
3714 4421 3890 4477 dubia

2179 4516 2465 4584 aestusque
2484 4528 2635 4579 suos,
2667 4512 3091 4567 secludentibus
3112 4510 3278 4565 illum
3298 4510 3371 4564 ab
3397 4510 3520 4581 ejus
3547 4526 3688 4564 aure
3713 4514 3886 4582 atque

2178 4619 2276 4657 ore
2304 4602 2541 4657 catervis
2573 4602 2999 4673 negotiosorum
3018 4601 3346 4668 hominum,
3370 4616 3619 4672 quorum
3649 4600 3892 4654 inﬁrmi-

2177 4691 2388 4747 tatibus
2431 4691 2728 4746 serviebat.
2778 4694 2857 4745 Ac
2885 4707 3055 4746 nemo
3082 4690 3317 4762 quidem
3362 4705 3621 4761 unquam
3653 4689 3723 4744 ad
3752 4691 3890 4743 Am-

2175 4780 2430 4836 brosium
2450 4780 2718 4836 accedere
2744 4779 3176 4852 prohibebatur,
3202 4795 3389 4850 neque
3410 4778 3465 4834 ei
3486 4778 3742 4833 nuntiari
3755 4794 3883 4833 mos

2177 4874 2317 4939 erat,
2349 4870 2396 4924 si
2425 4868 2554 4941 quis
2582 4869 2653 4924 ad
2696 4885 2755 4923 se
2782 4868 3031 4935 veniret;
3065 4884 3195 4923 cum
3222 4867 3490 4922 omnibus
3517 4866 3766 4922 liberam
3796 4867 3888 4921 sui

2175 4958 2397 5030 copiam
2426 4958 2601 5013 homo
2622 4957 2778 5013 bono
2806 4956 3034 5035 publico
3057 4961 3225 5011 natus
3246 4956 3598 5027 devotusque
3633 4955 3785 5009 ultro
3806 4954 3885 5009 fa-

2174 5052 2328 5102 ceret
2359 5064 2372 5101 :
2408 5046 2506 5102 sed
2535 5062 2665 5101 cum
2693 5047 2767 5101 ad
2802 5062 2937 5101 eum
2963 5044 3317 5117 Augustinus
3345 5044 3617 5115 frequens
3645 5043 3891 5097 ventita-

2174 5141 2281 5203 ret,
2304 5136 2574 5190 feriatum
2592 5135 2726 5191 licet
2750 5135 2822 5191 ab
2848 5134 3091 5205 strepitu
3119 5150 3421 5188 causarum
3445 5132 3774 5187 alienarum
3803 5131 3887 5186 in-

2171 5225 2398 5280 terdum
2445 5224 2770 5296 reperisset,
2823 5222 3092 5294 religioni
3138 5226 3330 5277 tamen
3377 5221 3625 5277 habebat
3654 5219 3888 5275 lectioni

2171 5314 2454 5368 intentum
2474 5313 2587 5369 alio
2610 5328 2845 5369 avocare
2864 5311 3049 5385 (lbid.,
3075 5327 3197 5382 cap.
3220 5314 3273 5381 3,
3305 5328 3361 5366 n.
3395 5313 3465 5382 3).
3496 5309 3886 5376 Quamobrem

2170 5403 2331 5457 nulla
2358 5402 2601 5458 dabatur
2627 5401 2851 5457 occasio
2880 5400 3288 5473 percunctandi
3319 5417 3449 5472 quae
3478 5400 3669 5466 vellet,
3703 5397 3817 5453 nisi
3837 5398 3886 5452 si

2170 5507 2300 5563 qua:
2322 5491 2562 5546 forsitan
2593 5490 2787 5563 paucis
2804 5489 3074 5562 explicari
3093 5493 3327 5561 possent
3349 5505 3364 5543 :
3387 5486 3885 5560 quemadmodum

2168 5580 2311 5637 illud
2342 5580 2412 5636 de
2459 5579 2765 5636 relaxando
2794 5578 3011 5635 sabbati
3039 5578 3129 5635 die
3146 5577 3369 5651 jejunio
3400 5580 3534 5650 (qua
3561 5575 3633 5633 de
3660 5593 3725 5631 re
3755 5591 3882 5630 am-
