4048 6194
198 315 285 367 101
1639 312 1849 368 LIBEB
1894 311 2284 368 SECUNDUS.
3613 326 3711 376 102

188 436 415 507 bigebat
444 435 747 506 Monnica),
774 435 1103 508 quaesivisse
1130 452 1187 488 se
1215 434 1399 488 adhuc
1418 435 1898 489 catechumenum

185 525 384 579 isthmc
410 541 615 595 parum
646 531 941 579 curantem
983 525 1174 579 scribit
1202 526 1401 595 (Epist.
1446 527 1535 593 36,
1575 541 1630 578 η.
1684 528 1792 589 32).
1828 528 1901 579 At

183 614 285 679 illi,
319 614 531 685 quibus
558 614 678 668 dies
708 618 1017 684 noctesque
1057 614 1394 683 angebatur,
1426 614 1682 683 scrupuli
1723 613 1898 667 altius

182 701 379 754 animo
414 703 716 767 haeserant,
751 718 922 772 quam
954 707 1015 755 ut
1044 702 1206 755 facile
1231 718 1295 754 ac
1317 701 1428 755 cito
1450 701 1613 754 evelli
1637 706 1893 771 possent.

183 790 336 844 Varii
367 791 453 844 illi
480 791 891 861 cogitationum
921 790 1145 857 tluctus,
1181 790 1389 861 quibus
1418 790 1719 854 aastuabat,
1755 790 1899 843 otio-

181 893 309 931 sum
340 882 517 948 atque
546 878 815 931 omnibus
844 878 994 931 curis
1024 878 1386 947 expeditum,
1408 878 1501 931 cui
1528 877 1900 931 refunderen-

181 970 293 1031 tur,
328 966 623 1020 doctorem
666 966 974 1037 exigebant
1007 982 1020 1019 :
1055 982 1243 1037 neque
1286 982 1461 1036 porro
1492 966 1569 1020 ita
1608 982 1900 1037 compara»

179 1062 305 1109 tum
353 1056 723 1110 Ambrosium
770 1071 1026 1127 unquam
1067 1056 1523 1109 nanciscebatur.
1566 1056 1897 1124 Erumpebat

176 1160 315 1215 saepe
341 1161 568 1199 numero
595 1160 747 1199 sacer
776 1148 1002 1199 antistes
1034 1147 1091 1198 in
1112 1146 1375 1199 Monnica:
1396 1144 1584 1198 laudes
1610 1146 1897 1213 gratulans

180 1236 332 1295 mihi,
364 1235 562 1304 inquit
590 1234 960 1304 Augustinus,
997 1234 1143 1302 quod
1172 1234 1333 1287 talem
1361 1238 1587 1287 matrem
1614 1234 1893 1297 haberem;

180 1326 417 1378 nesciens
449 1324 663 1392 qualem
694 1324 789 1377 illa
828 1339 908 1376 me
948 1325 1141 1391 ﬁlium,
1195 1324 1294 1391 qui
1337 1322 1658 1376 dubitabam
1688 1323 1754 1376 de
1785 1325 1895 1377 illis

178 1413 448 1479 omnibus,
496 1416 548 1466 et
577 1413 816 1465 inveniri
836 1426 991 1480 posse
1034 1413 1178 1465 viam
1208 1413 1333 1465 vita
1362 1410 1587 1465 minime
1632 1411 1895 1480 putabam

178 1503 409 1570 {Con/es.
446 1500 541 1554 lib.
570 1502 624 1566 6,
664 1515 787 1569 cap.
816 1502 869 1565 2,
901 1516 957 1554 η.
983 1500 1060 1571 2).
1094 1500 1219 1554 Non
1248 1500 1590 1570 suppetebat
1623 1517 1756 1554 vero
1788 1499 1896 1570 ipsi

173 1589 425 1661 pecunia
473 1589 806 1643 coemendis
846 1588 1029 1655 libris,
1071 1604 1319 1660 quorum
1366 1605 1425 1643 se
1466 1604 1571 1659 ope
1618 1587 1893 1658 erudiret,

174 1697 290 1735 non
339 1678 586 1733 facultas
631 1678 992 1732 commodata
1043 1678 1113 1732 ab
1158 1677 1356 1732 amicis
1386 1677 1716 1748 accipiendi,
1756 1693 1891 1743 non,

172 1768 403 1823 etiamsi
442 1773 657 1838 praesto
696 1768 961 1834 fuissent,
1008 1767 1234 1839 legendi
1270 1772 1496 1838 tempus
1532 1783 1544 1821 :
1588 1766 1898 1821 antemeri-

170 1858 374 1911 dianas
408 1857 568 1911 enim
598 1858 773 1910 horas
800 1857 1213 1927 occupantibus
1241 1855 1553 1926 discipulis,
1578 1856 1729 1926 quod
1760 1856 1894 1909 reli-

172 1962 358 2019 quum
392 1945 512 1999 diei
544 1950 861 2016 supererat,
904 1950 1003 1999 aut
1040 1944 1503 2016 praslectionibus
1529 1944 1892 2011 adornandis,

170 2041 271 2090 aut
301 2034 571 2089 curando
599 2034 962 2105 corpusculo,
996 2039 1094 2088 aut
1131 2033 1436 2087 reficiendo
1478 2032 1669 2086 animo
1709 2033 1781 2086 ab
1821 2032 1897 2086 in.

172 2124 441 2179 tentione
486 2138 778 2189 curarum,
828 2128 927 2177 aut
979 2122 1228 2193 denique
1284 2120 1533 2176 ofﬁciose
1585 2121 1896 2175 salutandis

172 2214 375 2267 amicis
408 2212 914 2283 magnatibusque,
952 2228 1200 2283 quorum
1229 2211 1419 2265 favore
1451 2211 1519 2264 ad
1550 2226 1744 2265 rerum
1774 2227 1897 2264 sua-

170 2320 304 2357 rum
346 2301 728 2355 commodum
768 2301 1083 2372 indigebat,
1116 2300 1524 2355 absumebatur
1555 2298 1741 2370 (lbid.,
1772 2315 1891 2368 cap.

176 2396 263 2458 tl,
294 2408 363 2447 η.
412 2391 521 2461 18).
560 2390 676 2444 Etsi
707 2406 838 2443 vero
862 2390 1231 2444 Philastrium
1255 2388 1607 2443 Brixiensem
1639 2388 1897 2442 doctrina

173 2486 297 2534 tum
339 2479 535 2534 aetatis
577 2479 881 2544 celebrem,
926 2478 1110 2533 visum
1159 2496 1192 2533 a
1231 2495 1289 2532 se
1339 2477 1641 2533 Mediolani
1690 2478 1899 2531 scribat

174 2572 380 2640 (Epist.
416 2572 549 2634 222,
582 2585 641 2621 η.
672 2568 755 2637 2);
788 2584 903 2621 non
934 2572 1172 2638 apparet
1201 2572 1394 2621 tamen
1422 2568 1597 2621 ullam
1630 2566 1740 2637 ipsi
1766 2583 1896 2620 cum

173 2676 243 2714 eo
274 2658 553 2729 episcopo
583 2656 1071 2711 necessitudinem
1100 2655 1505 2721 intercessisse,
1540 2661 1640 2709 aut
1669 2672 1797 2709 cum
1831 2672 1896 2708 co

172 2750 243 2803 de
270 2748 563 2818 religione
594 2760 857 2816 unquam
888 2745 1087 2815 egisse.

244 2840 303 2892 3.
343 2835 518 2901 Quod
547 2834 727 2905 igitur
758 2850 935 2888 unum
970 2837 1266 2905 supererat
1294 2833 1518 2888 vulneri
1551 2833 1895 2900 remedium,

172 2926 376 2979 audire
405 2923 782 2978 Ambrosium
809 2939 911 2994 per
934 2923 1086 2977 diem
1116 2940 1405 2995 quamque
1434 2922 1783 2977 dominicam
1811 2938 1899 2975 co-

173 3031 294 3068 ram
326 3031 393 3068 ac
421 3013 659 3085 publice
692 3014 762 3067 ad
796 3014 1072 3085 populum
1115 3014 1491 3067 disserentem
1530 3012 1727 3066 sedulo
1764 3028 1895 3082 per-

176 3104 515 3158 severabat:
552 3118 672 3172 quo
706 3102 886 3172 magis
918 3119 981 3156 ac
1011 3101 1194 3171 magis
1223 3102 1368 3155 tanti
1400 3101 1505 3155 viri
1536 3101 1897 3155 sermonibus

174 3208 520 3263 persuasum
553 3192 663 3245 sibi
698 3192 871 3245 fuisse
901 3196 1159 3257 testatur,
1190 3207 1391 3245 omnes
1415 3196 1769 3244 versutarum
1800 3207 1895 3243 ca-

175 3282 539 3337 lumniarum
598 3280 801 3345 nodos,
853 3296 997 3350 quos
1042 3280 1279 3351 quidem
1328 3280 1627 3333 adversum
1674 3279 1898 3333 divinos

180 3373 377 3426 Libros
409 3369 717 3425 Manichasi
757 3368 1134 3435 innectereut,
1169 3384 1287 3423 non
1318 3384 1527 3438 magno
1559 3368 1788 3438 negotio
1829 3368 1896 3421 ab

180 3460 492 3515 Catholicis
520 3474 689 3529 posse
718 3457 970 3511 dissolvi.
996 3457 1102 3512 Ubi
1133 3474 1265 3511 vero
1296 3457 1575 3527 comperit
1602 3457 1900 3511 hominem

182 3550 251 3604 ad
280 3548 607 3619 imaginem
640 3546 739 3600 Dei
769 3546 979 3600 factum
1011 3562 1127 3600 non
1152 3546 1229 3600 sic
1250 3564 1281 3600 a
1303 3546 1605 3601 Catholicis
1635 3545 1897 3616 intelligi,

183 3644 244 3692 ut
280 3638 533 3692 humani
571 3636 828 3707 corporis
864 3636 1137 3689 membris
1183 3636 1330 3689 Deus
1376 3635 1674 3689 terminari
1713 3635 1904 3688 crede-

184 3734 362 3792 retur,
397 3726 892 3799 quemadmodum
935 3725 1235 3780 Manichaei
1272 3725 1775 3779 calumniabantur
1808 3728 1903 3791 (De

188 3818 521 3878 Hzresibus,
563 3818 694 3870 hair.
727 3817 836 3884 46),
870 3830 1203 3885 quanquam
1245 3814 1601 3886 spiritualem
1642 3815 1902 3868 substan-

188 3906 325 3959 tiam
357 3905 623 3959 nondum
652 3909 844 3957 mente
876 3909 1133 3958 assccuto
1161 3920 1249 3957 res
1274 3921 1341 3957 ea
1368 3904 1521 3957 haud
1541 3903 1677 3957 satis
1707 3906 1904 3973 aperta

189 4000 365 4061 esset;
397 3993 681 4064 gaudium
710 3998 901 4046 tamen
935 3993 1153 4063 pudore
1191 3992 1433 4046 mixtum
1475 3992 1675 4046 exinde
1703 3991 1900 4058 sensit,

189 4084 338 4155 quod
370 4083 609 4138 tandem
651 4082 959 4153 aliquando
996 4086 1275 4147 cerneret,
1314 4098 1373 4134 se
1411 4082 1712 4135 adversum
1752 4081 1904 4151 cogi-

188 4173 477 4227 tationum
519 4187 756 4225 suarum
805 4171 1085 4234 ﬁgmenta
1124 4170 1326 4241 magis,
1376 4186 1552 4241 quam
1605 4170 1903 4224 adversum

192 4262 457 4316 Ecclesiae
488 4260 785 4315 catholica:
816 4260 989 4313 tidem
1021 4259 1332 4313 oblatrasse
1363 4264 1609 4325 temere;
1638 4275 1769 4313 cum
1794 4258 1901 4312 bu-

192 4352 407 4404 militer
436 4367 502 4403 ac
531 4348 795 4419 religiose
828 4347 1167 4417 investigare
1199 4348 1505 4416 debuisset,
1537 4348 1903 4418 quemadmo-

193 4440 331 4494 dum
363 4456 457 4493 rcs
483 4456 542 4492 se
568 4438 803 4492 haberet
834 4437 1064 4507 (Confes.
1101 4438 1196 4491 lib.
1232 4440 1284 4505 6,
1320 4452 1439 4506 cap.
1477 4439 1528 4502 3,
1563 4452 1618 4490 η.
1652 4438 1727 4507 4).
1765 4437 1905 4490 Hinc

193 4546 258 4583 eo
279 4528 599 4582 ardentiori
618 4526 1021 4598 dignoscendze
1039 4526 1290 4579 veritatis
1307 4524 1586 4580 desiderio
1605 4525 1904 4596 ﬂagrabat,

194 4632 310 4686 quo
324 4632 385 4670 se
398 4616 561 4669 vanis
574 4616 1015 4671 Manichaeorum
1034 4614 1543 4686 pollicitationibus
1555 4618 1614 4668 tu
1624 4614 1802 4684 rpitcr
1816 4615 1908 4668 de-

195 4706 389 4759 lusum
411 4722 536 4759 esse
558 4705 1069 4759 verecundabatur.
1090 4704 1354 4759 Nondum
1374 4703 1594 4775 liquido
1618 4719 1907 4775 comperc-

196 4799 306 4859 rat,
322 4811 395 4847 an
412 4810 541 4865 qum
556 4795 627 4849 ab
643 4794 886 4849 Ecclesia
902 4796 1001 4849 Dei
1020 4794 1399 4858 traderentur,
1420 4809 1551 4846 vera
1573 4798 1789 4847 essent:
1809 4792 1906 4846 scd

198 4883 320 4936 sine
350 4885 471 4937 ulla
492 4884 849 4939 dubitatione
879 4884 1130 4951 tenebat,
1153 4883 1269 4937 illic
1290 4898 1404 4936 non
1428 4882 1616 4937 doceri
1636 4898 1763 4953 quas
1785 4882 1905 4951 ipse

196 4973 339 5026 falsa
368 4973 791 5027 existimatione
822 4980 939 5027 tam
974 4974 1171 5028 acerbe
1199 4972 1338 5026 olim
1369 4971 1705 5025 criminatus
1737 4976 1900 5025 esset.

196 5064 392 5132 Itaque
432 5063 823 5130 confundebar,
855 5063 1063 5133 inquit,
1112 5068 1160 5115 (ι
1202 5062 1545 5115 convertebar
1575 5077 1588 5114 :
1621 5066 1669 5115 et
1695 5060 1906 5129 gaude-

200 5152 342 5217 bam,
368 5155 508 5207 Deus
538 5168 700 5218 meus,
732 5153 876 5223 quod
906 5153 1147 5207 Ecclesia
1175 5153 1358 5218 unica,
1391 5165 1582 5219 corpus
1616 5152 1771 5205 Unici
1800 5152 1901 5217 tui,

194 5246 253 5295 in
284 5260 396 5313 qua
415 5243 559 5297 mihi
584 5258 773 5297 nomen
797 5244 1004 5299 Christi
1024 5243 1235 5307 infanti
1255 5245 1331 5295 est
1350 5240 1607 5309 inditum,
1629 5255 1736 5294 non
1757 5255 1907 5309 sape-

196 5336 278 5385 ret
306 5333 592 5399 infantiles
623 5347 828 5400 nugas;
857 5346 1027 5400 neque
1058 5332 1152 5385 hoc
1190 5329 1411 5384 haberet
1440 5332 1497 5383 in
1527 5330 1778 5383 doctrina
1806 5344 1903 5383 sua

196 5435 357 5489 sana,
379 5421 528 5490 quod
557 5425 607 5475 te
633 5426 925 5476 creatorem
946 5422 1211 5486 omnium,
1240 5422 1299 5473 in
1327 5421 1566 5487 spatium
1589 5419 1693 5472 loci
1714 5434 1904 5486 quam-

196 5514 278 5564 vis
320 5526 591 5565 summum
630 5515 681 5563 et
722 5510 986 5578 amplum,
1037 5514 1213 5563 tamen
1255 5508 1497 5576 undique
1536 5508 1905 5567 terminatum,

200 5601 558 5655 membrorum
587 5601 949 5655 humanorum
986 5602 1167 5668 ﬁgura
1205 5597 1560 5654 contruderet.
1592 5595 1904 5652 Gaudebam

2009 438 2190 501 etiam,
2224 436 2367 504 quod
2384 440 2565 491 vetera
2584 438 2792 507 scripta
2810 440 2967 505 Legis
2986 444 3036 493 et
3056 442 3447 509 Pr0phetarum
3460 442 3581 511 jam
3605 459 3711 497 non

2006 527 2101 578 illo
2140 528 2288 580 oculo
2317 528 2455 580 mihi
2492 529 2716 595 legenda
2757 535 3209 597 proponerentur,
3244 547 3346 600 quo
3377 538 3537 585 antea
3566 532 3715 585 vide-

2008 613 2207 667 bantur
2240 615 2499 681 absurda,
2540 631 2657 669 cum
2696 618 2987 684 arguebam
3020 622 3280 686 tanquam
3320 622 3399 672 ita
3425 624 3711 675 sentientes

2006 707 2216 756 Sanctos
2248 708 2362 757 tuos
2388 721 2401 769 ;
2448 720 2632 759 verum
2661 710 2839 759 autem
2867 721 2973 760 non
3015 709 3098 760 ita
3125 708 3426 762 sentiebant
3456 725 3468 762 :
3510 714 3559 763 et
3588 714 3713 763 tan-

2007 807 2169 861 quam
2199 793 2441 859 regulam
2470 793 2881 861 diligentissime
2917 796 3331 857 commendaret,
3358 813 3495 867 sape
3525 800 3582 851 in
3608 814 3715 868 po-

2000 880 2288 948 pularibus
2330 882 2660 935 sermonibus
2708 885 2821 937 suis
2862 884 3125 938 dicentem
3166 886 3515 941 Ambrosium
3560 889 3711 943 laetus

2005 968 2309 1035 audiebam,
2344 988 2371 1020 «
2403 970 2613 1024 Littera
2654 972 2870 1035 occidit,
2916 973 3158 1041 Spiritus
3190 980 3367 1028 autem
3405 978 3650 1045 viviﬁcat
3682 998 3709 1029 ιι

2007 1058 2079 1126 (ΙΙ
2113 1059 2229 1113 Cor.
2284 1075 2363 1123 ιιι,
2397 1059 2444 1126 6)
2476 1075 2488 1111 :
2523 1076 2641 1113 cum
2686 1076 2749 1112 ea
2778 1076 2897 1129 quae
2925 1061 3000 1113 ad
3031 1062 3267 1115 litteram
3302 1068 3711 1132 perversitatem

2004 1146 2189 1200 docere
2218 1147 2561 1215 videbantur,
2600 1154 2799 1202 remoto
2826 1151 3051 1216 mystico
3082 1152 3375 1205 velamento
3405 1154 3712 1221 spirituali-

2006 1240 2084 1288 ter
2112 1238 2347 1304 aperiret
2376 1251 2481 1289 non
2510 1236 2691 1295 dicens
2724 1238 2867 1305 quod
2898 1254 2978 1291 me
3024 1239 3331 1307 offenderet,
3362 1244 3611 1308 quamvis
3640 1258 3703 1295 ea

2003 1324 2223 1392 diceret,
2255 1340 2374 1394 qua:
2411 1329 2593 1378 utrum
2634 1342 2763 1379 vera
2804 1333 2994 1393 essent,
3028 1328 3203 1381 adhuc
3235 1331 3562 1396 ignorarem.
3607 1333 3698 1385 Tc-

2001 1414 2191 1467 nebam
2221 1416 2361 1467 enim
2391 1430 2479 1468 cor
2506 1431 2678 1468 meum
2708 1416 2775 1468 ab
2810 1418 2955 1470 omni
2986 1420 3307 1476 assensione.
3339 1422 3530 1473 timens
3558 1436 3709 1488 prae-

2001 1505 2286 1572 cipitium;
2337 1508 2387 1557 et
2427 1505 2714 1573 suspendio
2745 1507 2920 1571 magis
2964 1507 3217 1561 necabar.
3269 1508 3520 1562 Volebam
3561 1511 3703 1563 enim

2002 1608 2184 1647 eorum
2214 1608 2332 1660 quae
2358 1608 2463 1646 non
2500 1593 2756 1659 viderem,
2801 1596 2882 1649 ita
2920 1610 3000 1648 me
3038 1599 3238 1649 certum
3268 1595 3408 1665 ﬁeri,
3441 1601 3501 1650 ut
3530 1601 3707 1651 certus

2002 1696 2165 1735 essem
2203 1682 2347 1750 quod
2388 1686 2585 1750 septem
2631 1687 2681 1736 et
2706 1684 2814 1736 tria
2845 1683 3020 1737 decem
3052 1686 3180 1737 sint.
3210 1686 3392 1753 Neque
3422 1688 3563 1739 enim
3594 1691 3708 1741 tum

2001 1771 2226 1823 insanus
2253 1785 2421 1837 eram,
2454 1775 2513 1822 ut
2550 1785 2613 1822 ne
2644 1770 2737 1822 hoc
2767 1771 2983 1837 quidem
3008 1777 3256 1839 putarem
3282 1788 3440 1840 posse
3471 1789 3705 1843 compre-

2004 1857 2168 1910 hendi
2190 1877 2203 1925 ;
2232 1858 2324 1911 sed
2352 1859 2490 1910 sicut
2516 1860 2631 1925 hoc,
2662 1860 2741 1911 ita
2770 1864 2960 1913 caetera
2986 1860 3282 1927 cupiebam,
3313 1863 3427 1915 sive
3449 1877 3705 1931 corpora-

2002 1947 2079 1999 lia
2110 1962 2227 2014 qua:
2256 1961 2433 1999 coram
2462 1948 2705 2000 sensibus
2752 1950 2880 2000 meis
2908 1963 3014 2000 non
3042 1948 3291 2003 adessent
3319 1966 3331 2014 ;
3366 1952 3479 2004 sive
3514 1954 3695 2019 spiri-

2004 2036 2197 2099 tualia,
2229 2035 2294 2087 de
2310 2034 2505 2103 quibus
2530 2037 2767 2103 cogitare
2784 2038 2896 2089 nisi
2915 2040 3265 2105 corporaliter
3287 2039 3602 2093 nesciebam.
3628 2042 3703 2095 Et

2002 2125 2194 2177 sanari
2218 2123 2478 2177 credendo
2498 2128 2764 2192 poteram,
2793 2129 2852 2177 ut
2870 2128 3159 2192 purgatior
3186 2128 3325 2179 acies
3354 2130 3545 2180 mentis
3577 2144 3702 2181 mea:

2004 2214 2333 2281 dirigeretur
2361 2214 2545 2280 aliquo
2586 2213 2739 2267 modo
2761 2216 2820 2267 in
2846 2216 3124 2267 veritatem
3158 2220 3307 2269 tuum
3335 2231 3543 2285 semper
3578 2232 3708 2271 ma-

2003 2308 2232 2369 nentem,
2261 2307 2310 2355 et
2335 2317 2401 2354 ex
2420 2303 2567 2355 nullo
2586 2302 2930 2370 deﬁcientem.
2961 2303 3068 2357 Sed
3085 2306 3226 2358 sicut
3246 2306 3455 2358 evenire
3485 2306 3705 2368 assolet,

2004 2397 2067 2446 ut
2098 2393 2302 2445 malum
2330 2390 2595 2444 medicum
2622 2396 2897 2461 expertus,
2923 2394 3087 2446 etiam
3117 2393 3248 2447 bono
3278 2396 3465 2447 timeat
3494 2410 3549 2448 se
3574 2410 3710 2449 com-

2005 2482 2249 2543 mittere;
2283 2481 2360 2533 ita
2404 2484 2521 2534 erat
2548 2480 2797 2534 valetudo
2827 2482 3022 2535 animae
3050 2498 3197 2548 mea},
3233 2499 3353 2552 qua:
3381 2486 3569 2553 utique
3596 2486 3708 2538 nisi

2004 2569 2265 2623 credendo
2293 2572 2484 2623 sanari
2510 2585 2611 2623 non
2638 2574 2874 2638 poterat,
2894 2576 2943 2625 et
2967 2586 3031 2624 ne
3057 2573 3205 2637 falsa
3231 2573 3489 2641 crede-ret,
3521 2576 3712 2627 curari

2004 2658 2314 2712 recusabat:
2362 2661 2613 2712 resistens
2642 2660 2888 2712 manibus
2919 2661 3045 2726 tuis,
3069 2664 3178 2730 'qui
3209 2662 3598 2715 medicamenta
3636 2665 3709 2731 ﬁ—

2006 2748 2095 2801 dei
2120 2749 2417 2815 confecisti,
2448 2751 2497 2799 et
2525 2750 2786 2815 sparsisti
2812 2762 2975 2817 super
3015 2749 3223 2801 morbos
3253 2750 3399 2804 orbis
3434 2755 3703 2806 terrarum

2009 2837 2237 2905 (Con/es.
2274 2835 2365 2889 lib.
2400 2839 2449 2889 6.
2484 2850 2604 2903 cap.
2648 2839 2700 2900 4,
2731 2852 2824 2889 nn.
2867 2839 2919 2901 5,
2950 2837 3023 2904 6).

2075 2926 2128 2978 4.
2160 2924 2302 2977 Tum
2332 2940 2504 2993 porro
2535 2923 2854 2993 intelligere
2884 2923 3072 2993 caepit,
3107 2924 3384 2978 sincerius
3414 2944 3477 2979 ac
3510 2928 3704 2981 mode-

2008 3011 2149 3066 stius
2185 3011 2489 3066 Ecclesiam
2533 3027 2723 3082 agere,
2756 3012 2894 3066 dum
2928 3028 3126 3065 earum
3159 3028 3350 3066 rerum
3394 3014 3567 3068 tidem
3605 3032 3708 3084 po-

2007 3101 2197 3167 stulat,
2238 3118 2367 3173 quas
2398 3117 2584 3172 neque
2614 3117 2783 3154 sensu
2814 3099 3051 3171 percipi,
3091 3118 3278 3172 neque
3311 3107 3463 3157 certa
3490 3104 3710 3158 ratione

2008 3190 2441 3244 commonstrari
2476 3194 2727 3261 possent,
2758 3207 2930 3262 quam
2965 3191 3279 3260 Manichzei,
3314 3192 3413 3263 qui
3444 3209 3567 3246 eam
3597 3210 3712 3247 cre-

2010 3280 2307 3335 dulitatem
2342 3279 2664 3347 irridentes,
2690 3279 2991 3349 magniﬁce
3015 3280 3250 3349 quidem
3282 3281 3712 3351 pollicerentur,

2009 3361 2150 3424 nihil
2175 3385 2231 3423 se
2252 3370 2362 3423 nisi
2386 3373 2649 3440 apertum
2674 3386 2735 3422 ac
2760 3368 3128 3440 perspicuum
3158 3369 3500 3436 tradituros;
3531 3370 3629 3424 sed
3656 3369 3712 3423 id

2010 3464 2209 3530 postea
2240 3475 2368 3512 cum
2396 3464 2668 3529 praestare
2705 3474 2821 3511 non
2848 3458 3123 3523 valerent,
3157 3475 3223 3511 eo
3253 3459 3488 3512 demum
3521 3459 3712 3513 devol-

2010 3554 2238 3612 vuntur,
2275 3552 2337 3601 ut
2386 3564 2485 3601 sua
2537 3547 2794 3617 ipsorum
2841 3545 2975 3611 fide,
3025 3546 3294 3599 confictas
3334 3564 3366 3600 a
3405 3564 3463 3601 se
3492 3547 3714 3602 fabulas

2010 3644 2159 3692 stare
2204 3641 2374 3706 atque
2412 3636 2591 3705 accipi
2629 3634 2806 3688 velint
2847 3634 3031 3703 (Ibid,
3074 3650 3193 3704 cap.
3229 3640 3282 3704 ὕ,
3314 3651 3369 3689 n.
3403 3638 3478 3705 7).
3515 3638 3715 3689 Postea

2010 3742 2139 3779 cum
2171 3723 2473 3778 mitissima
2504 3722 2605 3777 Dei
2632 3739 2836 3776 manus
2861 3739 2954 3775 cor
2975 3724 3099 3794 ejus
3128 3728 3536 3794 pertractatum
3571 3740 3712 3794 pau-

2011 3814 2169 3869 latim
2191 3812 2538 3877 emolliisset,
2570 3810 2947 3865 consideravit
2966 3828 3140 3881 quam
3155 3813 3454 3867 innumera
3473 3829 3541 3867 ex
3571 3812 3714 3865 alio-

2010 3919 2139 3957 rum
2168 3900 2496 3955 testimonio
2526 3899 2921 3954 indubitanter
2950 3900 3226 3967 crederet,
3261 3902 3468 3972 quibus
3498 3902 3608 3956 nisi
3648 3903 3713 3955 li-

2010 3995 2108 4048 des
2128 3992 2454 4055 haberetur,
2481 3989 2735 4043 tollenda
2753 3989 2897 4043 foret
2933 4006 2962 4043 e
3001 3990 3114 4043 vita
3143 3990 3273 4043 vitae.
3295 3991 3552 4045 societas.
3576 3992 3715 4045 Hinc

2010 4081 2293 4136 intellexit
2327 4079 2492 4149 argui
2522 4096 2637 4132 non
2658 4096 2845 4148 posse,
2878 4080 2976 4150 qui
3008 4078 3181 4132 sacris
3212 4080 3509 4133 Codicibus
3542 4080 3713 4133 tidem

2010 4171 2351 4235 tribuerent,
2383 4184 2633 4239 quorum
2662 4184 2868 4238 nempe
2896 4168 3292 4222 auctoritatem
3327 4170 3475 4221 Deus
3505 4167 3626 4238 ipse
3656 4168 3712 4219 in

2011 4260 2278 4315 omnibus
2316 4257 2738 4329 propemodum
2786 4256 2941 4311 orbis
2982 4263 3267 4311 terrarum
3308 4256 3568 4326 partibus
3595 4261 3711 4310 tam

2013 4352 2274 4419 potenter
2304 4345 2592 4400 stabilivit.
2620 4346 2761 4399 Cum
2792 4345 2948 4398 enim
2979 4345 3047 4399 ad
3079 4346 3371 4398 veritatem
3390 4344 3608 4416 liquido
3632 4345 3716 4399 in-

2011 4436 2402 4507 vestigandam
2440 4440 2646 4489 natura
2684 4434 2862 4488 simus
2891 4434 3254 4499 inﬁrmiores,
3301 4439 3357 4487 et
3385 4434 3457 4487 ad
3486 4434 3593 4488 hoc
3622 4434 3712 4488 di-

2013 4526 2145 4580 vina
2172 4526 2505 4579 auctoritate
2527 4523 2922 4595 indigeamus;
2952 4528 3165 4577 tantam
3187 4525 3337 4577 Deus
3357 4524 3442 4577 illi
3470 4524 3716 4596 Scriptu-

2012 4632 2110 4677 ree,
2146 4630 2316 4685 quam
2357 4613 2601 4667 Ecclesia
2638 4616 2949 4673 reveretur,
2980 4629 3097 4666 non
3127 4613 3483 4679 contulisset,
3516 4614 3625 4667 nisi
3660 4618 3717 4667 et

2012 4720 2116 4775 per
2143 4704 2328 4772 ipsam
2357 4701 2466 4755 sibi
2495 4701 2671 4767 credi,
2699 4706 2755 4755 et
2783 4717 2886 4771 per
2914 4701 3097 4771 ipsam
3127 4718 3185 4755 se
3210 4702 3392 4773 quaeri
3422 4703 3712 4769 voluisset,

2013 4792 2338 4846 humillimo
2369 4807 2577 4861 genere
2620 4790 2895 4861 loquendi
2936 4808 3094 4859 usus,
3142 4796 3206 4846 ut
3236 4808 3437 4846 omnes
3467 4794 3712 4862 populos

2015 4881 2282 4935 alliceret.
2326 4880 2384 4935 Si
2426 4896 2540 4951 qua
2578 4895 2707 4932 vero
2744 4879 3048 4949 Scriptura:
3079 4880 3201 4933 loca
3230 4882 3490 4936 nondum
3520 4881 3712 4934 animo

2012 4971 2355 5042 perciperet,
2380 4969 2526 5023 hanc
2547 4968 2960 5022 sententiarum
2980 4969 3282 5040 caliginem
3304 4973 3373 5026 ad
3400 4987 3714 5024 sacramen-

2012 5064 2204 5113 torum
2232 5058 2590 5112 altitudinem
2613 5058 2969 5112 referendam
2995 5075 3117 5112 esse
3146 5060 3309 5114 facile
3329 5060 3709 5130 intelligebat:

2013 5165 2124 5220 qua
2145 5148 2437 5202 occasione
2469 5147 2547 5200 sic
2575 5148 2755 5200 Deum
2784 5148 3137 5219 alloquitur:
3171 5150 3480 5218 Cogitabam
3509 5150 3636 5213 haec,
3662 5152 3711 5201 et

2013 5237 2207 5291 aderas
2227 5237 2399 5301 mihi;
2434 5236 2803 5305 suspirabam,
2837 5243 2887 5291 et
2924 5237 3189 5292 audiebas
3211 5254 3328 5302 me;
3362 5236 3709 5305 ﬂuctuabam,

2013 5332 2063 5381 et
2089 5326 2427 5395 gubernabas
2452 5341 2532 5381 me
2556 5345 2571 5393 ;
2600 5326 2748 5380 ibam
2773 5342 2874 5396 per
2901 5330 3046 5399 viam
3076 5329 3257 5382 szeculi
3288 5328 3474 5392 latam,
3504 5340 3595 5379 nec
3617 5325 3711 5378 de-

2010 5415 2243 5486 serebas(
2270 5415 2436 5474 Ibid.
2467 5431 2524 5470 η.
2568 5417 2644 5487 8).
2676 5418 2750 5470 Eo
2778 5432 2911 5470 vero
2940 5416 3264 5487 promptius
3289 5414 3592 5484 Scripturis
3622 5431 3711 5468 sa-

2014 5506 2123 5560 cris
2134 5504 2349 5575 primas
2381 5506 2733 5561 auctoritatis
2763 5506 3101 5562 deferendas
3126 5520 3247 5557 esse
3264 5504 3575 5575 judicabat,
3598 5520 3713 5575 quo

2014 5594 2187 5650 varias
2228 5594 2343 5650 illae
2394 5600 2839 5667 pugnantesque
2872 5594 3113 5648 invicem
3141 5592 3427 5649 variorum
3458 5593 3711 5665 philoso-
