  <div class='ocr_page' id='page_1' title='image "/cluster/home/n/w/nwhite01/storage/ocr_20150623/32/hvd.32044096580550/061.png"; bbox 0 0 4048 6194; ppageno 0'>
   <div class='ocr_carea' id='block_1_1' title="bbox 296 298 3804 359">
    <p class='ocr_par' dir='ltr' id='par_1_1' title="bbox 296 298 3804 359">
     <span class='ocr_line' id='line_1_1' title="bbox 296 298 3804 359; baseline -0.001 0"><span class='ocrx_word' id='word_1_1' title='bbox 296 308 394 359; x_wconf 88' lang='grc'><strong>103</strong></span> <span class='ocrx_word' id='word_1_2' title='bbox 1502 301 1674 356; x_wconf 87' lang='lat' dir='ltr'><strong>VITA</strong></span> <span class='ocrx_word' id='word_1_3' title='bbox 1727 301 1784 355; x_wconf 93' lang='lat' dir='ltr'><strong>S.</strong></span> <span class='ocrx_word' id='word_1_4' title='bbox 1832 298 2220 358; x_wconf 81' lang='lat' dir='ltr'><strong>AUGUSTINI</strong></span> <span class='ocrx_word' id='word_1_5' title='bbox 2263 299 2598 356; x_wconf 79' lang='lat' dir='ltr'><strong>EPISCOPI.</strong></span> <span class='ocrx_word' id='word_1_6' title='bbox 3708 305 3804 357; x_wconf 65' lang='lat'><strong>10&#39;;</strong></span> 
     </span>
    </p>
   </div>
   <div class='ocr_carea' id='block_1_2' title="bbox 296 423 1994 499">
    <p class='ocr_par' dir='ltr' id='par_1_2' title="bbox 296 423 1994 499">
     <span class='ocr_line' id='line_1_2' title="bbox 296 423 1994 499; baseline -0.004 -16"><span class='ocrx_word' id='word_1_7' title='bbox 296 429 540 499; x_wconf 85' lang='lat' dir='ltr'><strong>phorum</strong></span> <span class='ocrx_word' id='word_1_8' title='bbox 557 424 875 492; x_wconf 59' lang='lat' dir='ltr'><strong>sententias,</strong></span> <span class='ocrx_word' id='word_1_9' title='bbox 895 424 1103 496; x_wconf 83' lang='lat' dir='ltr'><strong>quibus</strong></span> <span class='ocrx_word' id='word_1_10' title='bbox 1124 423 1422 495; x_wconf 90' lang='lat' dir='ltr'><strong>ingenium</strong></span> <span class='ocrx_word' id='word_1_11' title='bbox 1443 423 1747 490; x_wconf 83' lang='lat' dir='ltr'><strong>imbuerat,</strong></span> <span class='ocrx_word' id='word_1_12' title='bbox 1763 423 1994 478; x_wconf 83' lang='lat' dir='ltr'><strong>insitam</strong></span> 
     </span>
    </p>
   </div>
   <div class='ocr_carea' id='block_1_3' title="bbox 293 511 1994 586">
    <p class='ocr_par' dir='ltr' id='par_1_3' title="bbox 293 511 1994 586">
     <span class='ocr_line' id='line_1_3' title="bbox 293 511 1994 586; baseline -0.005 -16"><span class='ocrx_word' id='word_1_13' title='bbox 293 515 650 586; x_wconf 84' lang='lat' dir='ltr'><strong>opinionem,</strong></span> <span class='ocrx_word' id='word_1_14' title='bbox 682 529 800 586; x_wconf 90' lang='lat' dir='ltr'><strong>qua</strong></span> <span class='ocrx_word' id='word_1_15' title='bbox 834 517 891 568; x_wconf 89' lang='lat' dir='ltr'><strong>et</strong></span> <span class='ocrx_word' id='word_1_16' title='bbox 920 513 1100 568; x_wconf 90' lang='lat' dir='ltr'><strong>Deum</strong></span> <span class='ocrx_word' id='word_1_17' title='bbox 1132 528 1274 579; x_wconf 87' lang='lat' dir='ltr'><strong>esse,</strong></span> <span class='ocrx_word' id='word_1_18' title='bbox 1307 515 1362 565; x_wconf 93' lang='lat' dir='ltr'><strong>et</strong></span> <span class='ocrx_word' id='word_1_19' title='bbox 1390 527 1582 566; x_wconf 90' lang='lat' dir='ltr'><strong>rerum</strong></span> <span class='ocrx_word' id='word_1_20' title='bbox 1612 511 1994 566; x_wconf 90' lang='lat' dir='ltr'><strong>humanarum</strong></span> 
     </span>
    </p>
   </div>
   <div class='ocr_carea' id='block_1_4' title="bbox 291 599 1997 672">
    <p class='ocr_par' dir='ltr' id='par_1_4' title="bbox 291 599 1997 672">
     <span class='ocr_line' id='line_1_4' title="bbox 291 599 1997 672; baseline -0.006 -12"><span class='ocrx_word' id='word_1_21' title='bbox 291 604 851 660; x_wconf 80' lang='lat' dir='ltr'><strong>administrationem</strong></span> <span class='ocrx_word' id='word_1_22' title='bbox 904 602 977 657; x_wconf 91' lang='lat' dir='ltr'><strong>ad</strong></span> <span class='ocrx_word' id='word_1_23' title='bbox 1035 617 1168 656; x_wconf 91' lang='lat' dir='ltr'><strong>eum</strong></span> <span class='ocrx_word' id='word_1_24' title='bbox 1214 601 1501 672; x_wconf 75' lang='lat' dir='ltr'><strong>pertinere</strong></span> <span class='ocrx_word' id='word_1_25' title='bbox 1547 599 1828 664; x_wconf 85' lang='lat' dir='ltr'><strong>credebat,</strong></span> <span class='ocrx_word' id='word_1_26' title='bbox 1874 600 1997 668; x_wconf 85' lang='lat' dir='ltr'><strong>ejus</strong></span> 
     </span>
    </p>
   </div>
   <div class='ocr_carea' id='block_1_5' title="bbox 299 687 1994 764">
    <p class='ocr_par' dir='ltr' id='par_1_5' title="bbox 299 687 1994 764">
     <span class='ocr_line' id='line_1_5' title="bbox 299 687 1994 764; baseline -0.006 -15"><span class='ocrx_word' id='word_1_27' title='bbox 299 695 494 749; x_wconf 89' lang='lat' dir='ltr'><strong>animo</strong></span> <span class='ocrx_word' id='word_1_28' title='bbox 547 708 846 764; x_wconf 84' lang='lat' dir='ltr'><strong>nunquam</strong></span> <span class='ocrx_word' id='word_1_29' title='bbox 900 691 1262 762; x_wconf 89' lang='lat' dir='ltr'><strong>depulerunt.</strong></span> <span class='ocrx_word' id='word_1_30' title='bbox 1310 688 1371 743; x_wconf 87' lang='lat' dir='ltr'><strong>Id</strong></span> <span class='ocrx_word' id='word_1_31' title='bbox 1413 687 1708 749; x_wconf 88' lang='lat' dir='ltr'><strong>credebam,</strong></span> <span class='ocrx_word' id='word_1_32' title='bbox 1743 687 1841 750; x_wconf 85' lang='lat' dir='ltr'><strong>ait,</strong></span> <span class='ocrx_word' id='word_1_33' title='bbox 1886 688 1994 740; x_wconf 85' lang='lat' dir='ltr'><strong>ali-</strong></span> 
     </span>
    </p>
   </div>
   <div class='ocr_carea' id='block_1_6' title="bbox 296 779 1994 853">
    <p class='ocr_par' dir='ltr' id='par_1_6' title="bbox 296 779 1994 853">
     <span class='ocr_line' id='line_1_6' title="bbox 296 779 1994 853; baseline -0.006 -15"><span class='ocrx_word' id='word_1_34' title='bbox 296 783 513 853; x_wconf 87' lang='lat' dir='ltr'><strong>quando</strong></span> <span class='ocrx_word' id='word_1_35' title='bbox 538 783 832 846; x_wconf 79' lang='lat' dir='ltr'><strong>robustius,</strong></span> <span class='ocrx_word' id='word_1_36' title='bbox 865 779 1162 850; x_wconf 83' lang='lat' dir='ltr'><strong>aliquando</strong></span> <span class='ocrx_word' id='word_1_37' title='bbox 1187 780 1384 832; x_wconf 69' lang='lat' dir='ltr'><strong>emilius</strong></span> <span class='ocrx_word' id='word_1_38' title='bbox 1407 794 1420 842; x_wconf 89' lang='lat'><strong>;</strong></span> <span class='ocrx_word' id='word_1_39' title='bbox 1448 792 1653 846; x_wconf 80' lang='lat' dir='ltr'><strong>semper</strong></span> <span class='ocrx_word' id='word_1_40' title='bbox 1679 780 1854 830; x_wconf 83' lang='lat' dir='ltr'><strong>tamen</strong></span> <span class='ocrx_word' id='word_1_41' title='bbox 1883 792 1994 830; x_wconf 89' lang='lat' dir='ltr'><strong>cre-</strong></span> 
     </span>
    </p>
   </div>
   <div class='ocr_carea' id='block_1_7' title="bbox 298 867 1997 939">
    <p class='ocr_par' dir='ltr' id='par_1_7' title="bbox 298 867 1997 939">
     <span class='ocr_line' id='line_1_7' title="bbox 298 867 1997 939; baseline -0.005 -13"><span class='ocrx_word' id='word_1_42' title='bbox 298 873 442 939; x_wconf 91' lang='lat' dir='ltr'><strong>didi,</strong></span> <span class='ocrx_word' id='word_1_43' title='bbox 474 876 523 926; x_wconf 91' lang='lat' dir='ltr'><strong>et</strong></span> <span class='ocrx_word' id='word_1_44' title='bbox 553 887 664 925; x_wconf 89' lang='lat' dir='ltr'><strong>esse</strong></span> <span class='ocrx_word' id='word_1_45' title='bbox 703 875 769 937; x_wconf 85' lang='lat' dir='ltr'><strong>te,</strong></span> <span class='ocrx_word' id='word_1_46' title='bbox 803 874 853 923; x_wconf 89' lang='lat' dir='ltr'><strong>et</strong></span> <span class='ocrx_word' id='word_1_47' title='bbox 882 884 1065 922; x_wconf 87' lang='lat' dir='ltr'><strong>curam</strong></span> <span class='ocrx_word' id='word_1_48' title='bbox 1092 869 1264 921; x_wconf 78' lang='lat' dir='ltr'><strong>nostri</strong></span> <span class='ocrx_word' id='word_1_49' title='bbox 1281 881 1460 934; x_wconf 78' lang='lat' dir='ltr'><strong>gerere</strong></span> <span class='ocrx_word' id='word_1_50' title='bbox 1492 884 1504 928; x_wconf 89' lang='lat'><strong>;</strong></span> <span class='ocrx_word' id='word_1_51' title='bbox 1540 867 1756 918; x_wconf 86' lang='lat' dir='ltr'><strong>etiamsi</strong></span> <span class='ocrx_word' id='word_1_52' title='bbox 1782 867 1997 933; x_wconf 89' lang='lat' dir='ltr'><strong>ignora-</strong></span> 
     </span>
    </p>
   </div>
   <div class='ocr_carea' id='block_1_8' title="bbox 297 955 1995 1028">
    <p class='ocr_par' dir='ltr' id='par_1_8' title="bbox 297 955 1995 1028">
     <span class='ocr_line' id='line_1_8' title="bbox 297 955 1995 1028; baseline -0.005 -12"><span class='ocrx_word' id='word_1_53' title='bbox 297 963 419 1016; x_wconf 93' lang='lat' dir='ltr'><strong>bam</strong></span> <span class='ocrx_word' id='word_1_54' title='bbox 445 963 529 1016; x_wconf 89' lang='lat' dir='ltr'><strong>vel</strong></span> <span class='ocrx_word' id='word_1_55' title='bbox 561 959 698 1028; x_wconf 87' lang='lat' dir='ltr'><strong>quid</strong></span> <span class='ocrx_word' id='word_1_56' title='bbox 717 958 1051 1014; x_wconf 67' lang='lat' dir='ltr'><strong>sentiendum</strong></span> <span class='ocrx_word' id='word_1_57' title='bbox 1072 960 1205 1010; x_wconf 83' lang='lat' dir='ltr'><strong>esset</strong></span> <span class='ocrx_word' id='word_1_58' title='bbox 1233 956 1299 1008; x_wconf 89' lang='lat' dir='ltr'><strong>de</strong></span> <span class='ocrx_word' id='word_1_59' title='bbox 1316 955 1622 1008; x_wconf 82' lang='lat' dir='ltr'><strong>substantia</strong></span> <span class='ocrx_word' id='word_1_60' title='bbox 1640 959 1754 1020; x_wconf 86' lang='lat' dir='ltr'><strong>tua,</strong></span> <span class='ocrx_word' id='word_1_61' title='bbox 1780 955 1862 1008; x_wconf 77' lang='lat' dir='ltr'><strong>vel</strong></span> <span class='ocrx_word' id='word_1_62' title='bbox 1887 971 1995 1022; x_wconf 89' lang='lat' dir='ltr'><strong>qua</strong></span> 
     </span>
    </p>
   </div>
   <div class='ocr_carea' id='block_1_9' title="bbox 289 1042 1997 1113">
    <p class='ocr_par' dir='ltr' id='par_1_9' title="bbox 289 1042 1997 1113">
     <span class='ocr_line' id='line_1_9' title="bbox 289 1042 1997 1113; baseline -0.005 -8"><span class='ocrx_word' id='word_1_63' title='bbox 289 1055 380 1106; x_wconf 88' lang='lat' dir='ltr'><strong>via</strong></span> <span class='ocrx_word' id='word_1_64' title='bbox 410 1050 625 1103; x_wconf 80' lang='lat' dir='ltr'><strong>duceret</strong></span> <span class='ocrx_word' id='word_1_65' title='bbox 644 1053 739 1102; x_wconf 84' lang='lat' dir='ltr'><strong>aut</strong></span> <span class='ocrx_word' id='word_1_66' title='bbox 759 1047 1032 1100; x_wconf 74' lang='lat' dir='ltr'><strong>reduceret</strong></span> <span class='ocrx_word' id='word_1_67' title='bbox 1049 1044 1123 1098; x_wconf 84' lang='lat' dir='ltr'><strong>ad</strong></span> <span class='ocrx_word' id='word_1_68' title='bbox 1149 1048 1196 1097; x_wconf 85' lang='lat' dir='ltr'><strong>te</strong></span> <span class='ocrx_word' id='word_1_69' title='bbox 1221 1043 1425 1112; x_wconf 90' lang='lat' dir='ltr'><strong>(Ibid.).</strong></span> <span class='ocrx_word' id='word_1_70' title='bbox 1445 1043 1745 1097; x_wconf 71' lang='lat' dir='ltr'><strong>Haerebant</strong></span> <span class='ocrx_word' id='word_1_71' title='bbox 1764 1042 1997 1113; x_wconf 76' lang='lat' dir='ltr'><strong>insuper</strong></span> 
     </span>
    </p>
   </div>
   <div class='ocr_carea' id='block_1_10' title="bbox 293 1131 1992 1201">
    <p class='ocr_par' dir='ltr' id='par_1_10' title="bbox 293 1131 1992 1201">
     <span class='ocr_line' id='line_1_10' title="bbox 293 1131 1992 1201; baseline -0.005 -8"><span class='ocrx_word' id='word_1_72' title='bbox 293 1138 486 1193; x_wconf 90' lang='lat' dir='ltr'><strong>animo</strong></span> <span class='ocrx_word' id='word_1_73' title='bbox 529 1136 705 1190; x_wconf 82' lang='lat' dir='ltr'><strong>timor</strong></span> <span class='ocrx_word' id='word_1_74' title='bbox 752 1133 975 1196; x_wconf 89' lang='lat' dir='ltr'><strong>mortis,</strong></span> <span class='ocrx_word' id='word_1_75' title='bbox 1021 1133 1200 1187; x_wconf 86' lang='lat' dir='ltr'><strong>futuri</strong></span> <span class='ocrx_word' id='word_1_76' title='bbox 1253 1131 1430 1187; x_wconf 77' lang='lat' dir='ltr'><strong>divini</strong></span> <span class='ocrx_word' id='word_1_77' title='bbox 1477 1131 1677 1201; x_wconf 89' lang='lat' dir='ltr'><strong>judicii</strong></span> <span class='ocrx_word' id='word_1_78' title='bbox 1730 1131 1992 1198; x_wconf 89' lang='lat' dir='ltr'><strong>formido,</strong></span> 
     </span>
    </p>
   </div>
   <div class='ocr_carea' id='block_1_11' title="bbox 295 1221 1997 1296">
    <p class='ocr_par' dir='ltr' id='par_1_11' title="bbox 295 1221 1997 1296">
     <span class='ocr_line' id='line_1_11' title="bbox 295 1221 1997 1296; baseline -0.005 -16"><span class='ocrx_word' id='word_1_79' title='bbox 295 1243 425 1296; x_wconf 89' lang='lat' dir='ltr'><strong>spes</strong></span> <span class='ocrx_word' id='word_1_80' title='bbox 451 1222 923 1291; x_wconf 88' lang='lat' dir='ltr'><strong>immortalitatis,</strong></span> <span class='ocrx_word' id='word_1_81' title='bbox 947 1227 1118 1292; x_wconf 90' lang='lat' dir='ltr'><strong>atque</strong></span> <span class='ocrx_word' id='word_1_82' title='bbox 1141 1225 1277 1275; x_wconf 65' lang='lat' dir='ltr'><strong>actae</strong></span> <span class='ocrx_word' id='word_1_83' title='bbox 1297 1221 1427 1274; x_wconf 68' lang='lat' dir='ltr'><strong>vitae</strong></span> <span class='ocrx_word' id='word_1_84' title='bbox 1447 1221 1784 1275; x_wconf 90' lang='lat' dir='ltr'><strong>meritorum</strong></span> <span class='ocrx_word' id='word_1_85' title='bbox 1806 1221 1997 1275; x_wconf 90' lang='lat' dir='ltr'><strong>futura</strong></span> 
     </span>
    </p>
   </div>
   <div class='ocr_carea' id='block_1_12' title="bbox 291 1309 1997 1386">
    <p class='ocr_par' dir='ltr' id='par_1_12' title="bbox 291 1309 1997 1386">
     <span class='ocr_line' id='line_1_12' title="bbox 291 1309 1997 1386; baseline -0.003 -17"><span class='ocrx_word' id='word_1_86' title='bbox 291 1312 617 1386; x_wconf 88' lang='lat' dir='ltr'><strong>dispunctio</strong></span> <span class='ocrx_word' id='word_1_87' title='bbox 645 1328 707 1366; x_wconf 88' lang='lat' dir='ltr'><strong>ac</strong></span> <span class='ocrx_word' id='word_1_88' title='bbox 738 1328 960 1366; x_wconf 84' lang='lat' dir='ltr'><strong>merces</strong></span> <span class='ocrx_word' id='word_1_89' title='bbox 983 1311 1139 1365; x_wconf 89' lang='lat' dir='ltr'><strong>nulla</strong></span> <span class='ocrx_word' id='word_1_90' title='bbox 1160 1309 1501 1381; x_wconf 89' lang='lat' dir='ltr'><strong>opinionum</strong></span> <span class='ocrx_word' id='word_1_91' title='bbox 1520 1309 1844 1364; x_wconf 83' lang='lat' dir='ltr'><strong>diversitate</strong></span> <span class='ocrx_word' id='word_1_92' title='bbox 1875 1310 1997 1380; x_wconf 87' lang='lat' dir='ltr'><strong>ejus</strong></span> 
     </span>
    </p>
   </div>
   <div class='ocr_carea' id='block_1_13' title="bbox 295 1398 1994 1474">
    <p class='ocr_par' dir='ltr' id='par_1_13' title="bbox 295 1398 1994 1474">
     <span class='ocr_line' id='line_1_13' title="bbox 295 1398 1994 1474; baseline -0.003 -18"><span class='ocrx_word' id='word_1_93' title='bbox 295 1407 526 1474; x_wconf 84' lang='lat' dir='ltr'><strong>pectore</strong></span> <span class='ocrx_word' id='word_1_94' title='bbox 571 1401 884 1454; x_wconf 80' lang='lat' dir='ltr'><strong>submotae:</strong></span> <span class='ocrx_word' id='word_1_95' title='bbox 935 1399 1141 1470; x_wconf 87' lang='lat' dir='ltr'><strong>quibus</strong></span> <span class='ocrx_word' id='word_1_96' title='bbox 1172 1399 1344 1453; x_wconf 87' lang='lat' dir='ltr'><strong>veluti</strong></span> <span class='ocrx_word' id='word_1_97' title='bbox 1374 1398 1547 1454; x_wconf 86' lang='lat' dir='ltr'><strong>frenis</strong></span> <span class='ocrx_word' id='word_1_98' title='bbox 1575 1398 1884 1452; x_wconf 90' lang='lat' dir='ltr'><strong>coercitum</strong></span> <span class='ocrx_word' id='word_1_99' title='bbox 1915 1415 1994 1466; x_wconf 83' lang='lat' dir='ltr'><strong>se,</strong></span> 
     </span>
    </p>
   </div>
   <div class='ocr_carea' id='block_1_14' title="bbox 298 1488 1997 1564">
    <p class='ocr_par' dir='ltr' id='par_1_14' title="bbox 298 1488 1997 1564">
     <span class='ocr_line' id='line_1_14' title="bbox 298 1488 1997 1564; baseline -0.002 -18"><span class='ocrx_word' id='word_1_100' title='bbox 298 1500 469 1564; x_wconf 89' lang='lat' dir='ltr'><strong>atque</strong></span> <span class='ocrx_word' id='word_1_101' title='bbox 518 1508 548 1544; x_wconf 89' lang='lat' dir='ltr'><strong>a</strong></span> <span class='ocrx_word' id='word_1_102' title='bbox 579 1489 946 1561; x_wconf 82' lang='lat' dir='ltr'><strong>profundiore</strong></span> <span class='ocrx_word' id='word_1_103' title='bbox 978 1489 1353 1543; x_wconf 90' lang='lat' dir='ltr'><strong>obscenarum</strong></span> <span class='ocrx_word' id='word_1_104' title='bbox 1388 1489 1744 1558; x_wconf 85' lang='lat' dir='ltr'><strong>voluptatum</strong></span> <span class='ocrx_word' id='word_1_105' title='bbox 1773 1488 1997 1559; x_wconf 77' lang='lat' dir='ltr'><strong>gurgite</strong></span> 
     </span>
    </p>
   </div>
   <div class='ocr_carea' id='block_1_15' title="bbox 297 1578 1580 1648">
    <p class='ocr_par' dir='ltr' id='par_1_15' title="bbox 297 1578 1580 1648">
     <span class='ocr_line' id='line_1_15' title="bbox 297 1578 1580 1648; baseline -0.002 -13"><span class='ocrx_word' id='word_1_106' title='bbox 297 1584 623 1635; x_wconf 77' lang='lat' dir='ltr'><strong>revocatum</strong></span> <span class='ocrx_word' id='word_1_107' title='bbox 656 1578 849 1632; x_wconf 88' lang='lat' dir='ltr'><strong>scribit</strong></span> <span class='ocrx_word' id='word_1_108' title='bbox 882 1578 1068 1647; x_wconf 85' lang='lat' dir='ltr'><strong>(Ibid.,</strong></span> <span class='ocrx_word' id='word_1_109' title='bbox 1106 1595 1226 1647; x_wconf 87' lang='lat' dir='ltr'><strong>cap.</strong></span> <span class='ocrx_word' id='word_1_110' title='bbox 1265 1581 1348 1644; x_wconf 84' lang='grc'><strong>16,</strong></span> <span class='ocrx_word' id='word_1_111' title='bbox 1380 1593 1435 1632; x_wconf 90' lang='lat' dir='ltr'><strong>n.</strong></span> <span class='ocrx_word' id='word_1_112' title='bbox 1467 1578 1580 1648; x_wconf 81' lang='lat'><strong>‘26).</strong></span> 
     </span>
    </p>
   </div>
   <div class='ocr_carea' id='block_1_16' title="bbox 367 1666 2000 1737">
    <p class='ocr_par' dir='ltr' id='par_1_16' title="bbox 367 1666 2000 1737">
     <span class='ocr_line' id='line_1_16' title="bbox 367 1666 2000 1737; baseline -0.002 -13"><span class='ocrx_word' id='word_1_113' title='bbox 367 1675 417 1724; x_wconf 80' lang='grc'><strong>5.</strong></span> <span class='ocrx_word' id='word_1_114' title='bbox 450 1669 565 1724; x_wconf 87' lang='lat' dir='ltr'><strong>Etsi</strong></span> <span class='ocrx_word' id='word_1_115' title='bbox 595 1685 727 1722; x_wconf 87' lang='lat' dir='ltr'><strong>vero</strong></span> <span class='ocrx_word' id='word_1_116' title='bbox 768 1669 948 1722; x_wconf 91' lang='lat' dir='ltr'><strong>Deum</strong></span> <span class='ocrx_word' id='word_1_117' title='bbox 981 1666 1328 1736; x_wconf 81' lang='lat' dir='ltr'><strong>cogitatione</strong></span> <span class='ocrx_word' id='word_1_118' title='bbox 1360 1683 1474 1720; x_wconf 90' lang='lat' dir='ltr'><strong>non</strong></span> <span class='ocrx_word' id='word_1_119' title='bbox 1506 1666 1806 1737; x_wconf 86' lang='lat' dir='ltr'><strong>complecti</strong></span> <span class='ocrx_word' id='word_1_120' title='bbox 1835 1666 2000 1720; x_wconf 89' lang='lat' dir='ltr'><strong>aliter</strong></span> 
     </span>
    </p>
   </div>
   <div class='ocr_carea' id='block_1_17' title="bbox 295 1755 2000 1831">
    <p class='ocr_par' dir='ltr' id='par_1_17' title="bbox 295 1755 2000 1831">
     <span class='ocr_line' id='line_1_17' title="bbox 295 1755 2000 1831; baseline -0.002 -19"><span class='ocrx_word' id='word_1_121' title='bbox 295 1763 502 1831; x_wconf 86' lang='lat' dir='ltr'><strong>posset,</strong></span> <span class='ocrx_word' id='word_1_122' title='bbox 535 1774 706 1829; x_wconf 89' lang='lat' dir='ltr'><strong>quam</strong></span> <span class='ocrx_word' id='word_1_123' title='bbox 758 1773 863 1810; x_wconf 90' lang='lat' dir='ltr'><strong>ceu</strong></span> <span class='ocrx_word' id='word_1_124' title='bbox 919 1755 1339 1810; x_wconf 88' lang='lat' dir='ltr'><strong>nobilissimum</strong></span> <span class='ocrx_word' id='word_1_125' title='bbox 1370 1755 1596 1826; x_wconf 91' lang='lat' dir='ltr'><strong>aliquod</strong></span> <span class='ocrx_word' id='word_1_126' title='bbox 1647 1771 1852 1825; x_wconf 87' lang='lat' dir='ltr'><strong>corpus</strong></span> <span class='ocrx_word' id='word_1_127' title='bbox 1896 1755 2000 1808; x_wconf 85' lang='lat' dir='ltr'><strong>im-</strong></span> 
     </span>
    </p>
   </div>
   <div class='ocr_carea' id='block_1_18' title="bbox 296 1843 1996 1916">
    <p class='ocr_par' dir='ltr' id='par_1_18' title="bbox 296 1843 1996 1916">
     <span class='ocr_line' id='line_1_18' title="bbox 296 1843 1996 1916; baseline -0.004 -13"><span class='ocrx_word' id='word_1_128' title='bbox 296 1865 493 1904; x_wconf 89' lang='lat' dir='ltr'><strong>mensa</strong></span> <span class='ocrx_word' id='word_1_129' title='bbox 535 1848 685 1900; x_wconf 92' lang='lat' dir='ltr'><strong>mole</strong></span> <span class='ocrx_word' id='word_1_130' title='bbox 726 1861 1186 1916; x_wconf 88' lang='lat' dir='ltr'><strong>quaquaversum</strong></span> <span class='ocrx_word' id='word_1_131' title='bbox 1214 1843 1501 1908; x_wconf 70' lang='lat' dir='ltr'><strong>diffusum,</strong></span> <span class='ocrx_word' id='word_1_132' title='bbox 1547 1846 1996 1914; x_wconf 80' lang='lat' dir='ltr'><strong>extensumque;</strong></span> 
     </span>
    </p>
   </div>
   <div class='ocr_carea' id='block_1_19' title="bbox 299 1932 1998 2003">
    <p class='ocr_par' dir='ltr' id='par_1_19' title="bbox 299 1932 1998 2003">
     <span class='ocr_line' id='line_1_19' title="bbox 299 1932 1998 2003; baseline -0.002 -15"><span class='ocrx_word' id='word_1_133' title='bbox 299 1935 866 1990; x_wconf 89' lang='lat' dir='ltr'><strong>incontaminabilem</strong></span> <span class='ocrx_word' id='word_1_134' title='bbox 890 1938 1102 2000; x_wconf 90' lang='lat' dir='ltr'><strong>tamen,</strong></span> <span class='ocrx_word' id='word_1_135' title='bbox 1130 1932 1642 2003; x_wconf 87' lang='lat' dir='ltr'><strong>incorruptibilem,</strong></span> <span class='ocrx_word' id='word_1_136' title='bbox 1666 1949 1730 1986; x_wconf 89' lang='lat' dir='ltr'><strong>ac</strong></span> <span class='ocrx_word' id='word_1_137' title='bbox 1760 1933 1915 1986; x_wconf 91' lang='lat' dir='ltr'><strong>nulla</strong></span> <span class='ocrx_word' id='word_1_138' title='bbox 1935 1948 1998 1985; x_wconf 87' lang='lat' dir='ltr'><strong>ex</strong></span> 
     </span>
    </p>
   </div>
   <div class='ocr_carea' id='block_1_20' title="bbox 293 2021 1997 2096">
    <p class='ocr_par' dir='ltr' id='par_1_20' title="bbox 293 2021 1997 2096">
     <span class='ocr_line' id='line_1_20' title="bbox 293 2021 1997 2096; baseline -0.002 -18"><span class='ocrx_word' id='word_1_139' title='bbox 293 2028 458 2096; x_wconf 89' lang='lat' dir='ltr'><strong>parte</strong></span> <span class='ocrx_word' id='word_1_140' title='bbox 500 2023 838 2078; x_wconf 88' lang='lat' dir='ltr'><strong>mutabilem</strong></span> <span class='ocrx_word' id='word_1_141' title='bbox 871 2023 1012 2093; x_wconf 84' lang='lat' dir='ltr'><strong>ejus,</strong></span> <span class='ocrx_word' id='word_1_142' title='bbox 1045 2037 1423 2093; x_wconf 56' lang='lat' dir='ltr'><strong>quascumque</strong></span> <span class='ocrx_word' id='word_1_143' title='bbox 1453 2021 1676 2075; x_wconf 83' lang='lat' dir='ltr'><strong>tandem</strong></span> <span class='ocrx_word' id='word_1_144' title='bbox 1705 2021 1800 2075; x_wconf 92' lang='lat' dir='ltr'><strong>illa</strong></span> <span class='ocrx_word' id='word_1_145' title='bbox 1831 2025 1997 2087; x_wconf 89' lang='lat' dir='ltr'><strong>esset,</strong></span> 
     </span>
    </p>
   </div>
   <div class='ocr_carea' id='block_1_21' title="bbox 292 2110 1996 2179">
    <p class='ocr_par' dir='ltr' id='par_1_21' title="bbox 292 2110 1996 2179">
     <span class='ocr_line' id='line_1_21' title="bbox 292 2110 1996 2179; baseline -0.002 -12"><span class='ocrx_word' id='word_1_146' title='bbox 292 2118 558 2167; x_wconf 83' lang='lat' dir='ltr'><strong>naturam</strong></span> <span class='ocrx_word' id='word_1_147' title='bbox 589 2112 924 2166; x_wconf 88' lang='lat' dir='ltr'><strong>inconcusse</strong></span> <span class='ocrx_word' id='word_1_148' title='bbox 944 2110 1176 2165; x_wconf 89' lang='lat' dir='ltr'><strong>tenebat</strong></span> <span class='ocrx_word' id='word_1_149' title='bbox 1198 2111 1381 2176; x_wconf 70' lang='lat' dir='ltr'><strong>(Ibid.,</strong></span> <span class='ocrx_word' id='word_1_150' title='bbox 1405 2111 1497 2165; x_wconf 93' lang='lat' dir='ltr'><strong>lib.</strong></span> <span class='ocrx_word' id='word_1_151' title='bbox 1517 2115 1571 2172; x_wconf 88' lang='lat'><strong>7,</strong></span> <span class='ocrx_word' id='word_1_152' title='bbox 1605 2127 1727 2179; x_wconf 89' lang='lat' dir='ltr'><strong>cap.</strong></span> <span class='ocrx_word' id='word_1_153' title='bbox 1765 2114 1813 2177; x_wconf 89' lang='grc'>1,</span> <span class='ocrx_word' id='word_1_154' title='bbox 1837 2127 1891 2171; x_wconf 88' lang='lat' dir='ltr'><strong>n,</strong></span> <span class='ocrx_word' id='word_1_155' title='bbox 1925 2112 1996 2177; x_wconf 70' lang='lat'><strong>2}.</strong></span> 
     </span>
    </p>
   </div>
   <div class='ocr_carea' id='block_1_22' title="bbox 294 2197 1998 2270">
    <p class='ocr_par' dir='ltr' id='par_1_22' title="bbox 294 2197 1998 2270">
     <span class='ocr_line' id='line_1_22' title="bbox 294 2197 1998 2270; baseline -0.001 -17"><span class='ocrx_word' id='word_1_156' title='bbox 294 2201 416 2264; x_wconf 85' lang='lat' dir='ltr'><strong>Quo</strong></span> <span class='ocrx_word' id='word_1_157' title='bbox 459 2199 716 2254; x_wconf 90' lang='lat' dir='ltr'><strong>insanius</strong></span> <span class='ocrx_word' id='word_1_158' title='bbox 767 2199 1010 2252; x_wconf 89' lang='lat' dir='ltr'><strong>delirare</strong></span> <span class='ocrx_word' id='word_1_159' title='bbox 1063 2199 1448 2252; x_wconf 88' lang='lat' dir='ltr'><strong>arbitrabatur</strong></span> <span class='ocrx_word' id='word_1_160' title='bbox 1490 2199 1848 2263; x_wconf 68' lang='lat' dir='ltr'><strong>Manicheam,</strong></span> <span class='ocrx_word' id='word_1_161' title='bbox 1900 2197 1998 2270; x_wconf 91' lang='lat' dir='ltr'><strong>qui</strong></span> 
     </span>
    </p>
   </div>
   <div class='ocr_carea' id='block_1_23' title="bbox 295 2286 2000 2359">
    <p class='ocr_par' dir='ltr' id='par_1_23' title="bbox 295 2286 2000 2359">
     <span class='ocr_line' id='line_1_23' title="bbox 295 2286 2000 2359; baseline 0.001 -19"><span class='ocrx_word' id='word_1_162' title='bbox 295 2286 547 2341; x_wconf 86' lang='lat' dir='ltr'><strong>divinam</strong></span> <span class='ocrx_word' id='word_1_163' title='bbox 577 2287 957 2341; x_wconf 86' lang='lat' dir='ltr'><strong>substantiam</strong></span> <span class='ocrx_word' id='word_1_164' title='bbox 989 2286 1142 2340; x_wconf 90' lang='lat' dir='ltr'><strong>malo</strong></span> <span class='ocrx_word' id='word_1_165' title='bbox 1171 2287 1443 2357; x_wconf 85' lang='lat' dir='ltr'><strong>patiendo</strong></span> <span class='ocrx_word' id='word_1_166' title='bbox 1469 2288 1794 2356; x_wconf 78' lang='lat' dir='ltr'><strong>obnoxiam,</strong></span> <span class='ocrx_word' id='word_1_167' title='bbox 1827 2304 2000 2359; x_wconf 88' lang='lat' dir='ltr'><strong>quam</strong></span> 
     </span>
    </p>
   </div>
   <div class='ocr_carea' id='block_1_24' title="bbox 293 2375 1999 2453">
    <p class='ocr_par' dir='ltr' id='par_1_24' title="bbox 293 2375 1999 2453">
     <span class='ocr_line' id='line_1_24' title="bbox 293 2375 1999 2453; baseline 0.002 -25"><span class='ocrx_word' id='word_1_168' title='bbox 293 2391 458 2429; x_wconf 89' lang='lat' dir='ltr'><strong>suam</strong></span> <span class='ocrx_word' id='word_1_169' title='bbox 509 2375 764 2446; x_wconf 88' lang='lat' dir='ltr'><strong>ipsorum</strong></span> <span class='ocrx_word' id='word_1_170' title='bbox 819 2376 970 2430; x_wconf 90' lang='lat' dir='ltr'><strong>malo</strong></span> <span class='ocrx_word' id='word_1_171' title='bbox 1029 2378 1414 2453; x_wconf 82' lang='lat' dir='ltr'><strong>perpetrando</strong></span> <span class='ocrx_word' id='word_1_172' title='bbox 1453 2394 1607 2432; x_wconf 89' lang='lat' dir='ltr'><strong>ream</strong></span> <span class='ocrx_word' id='word_1_173' title='bbox 1661 2377 1860 2445; x_wconf 89' lang='lat' dir='ltr'><strong>teneri,</strong></span> <span class='ocrx_word' id='word_1_174' title='bbox 1912 2395 1999 2432; x_wconf 90' lang='lat' dir='ltr'><strong>sa-</strong></span> 
     </span>
    </p>
   </div>
   <div class='ocr_carea' id='block_1_25' title="bbox 293 2463 2000 2535">
    <p class='ocr_par' dir='ltr' id='par_1_25' title="bbox 293 2463 2000 2535">
     <span class='ocr_line' id='line_1_25' title="bbox 293 2463 2000 2535; baseline 0.002 -18"><span class='ocrx_word' id='word_1_175' title='bbox 293 2463 473 2518; x_wconf 82' lang='lat' dir='ltr'><strong>satius</strong></span> <span class='ocrx_word' id='word_1_176' title='bbox 514 2463 908 2518; x_wconf 84' lang='lat' dir='ltr'><strong>existimarent</strong></span> <span class='ocrx_word' id='word_1_177' title='bbox 962 2465 1146 2535; x_wconf 89' lang='lat' dir='ltr'><strong>(Ibid.,</strong></span> <span class='ocrx_word' id='word_1_178' title='bbox 1192 2481 1313 2535; x_wconf 86' lang='lat' dir='ltr'><strong>cap.</strong></span> <span class='ocrx_word' id='word_1_179' title='bbox 1374 2469 1427 2533; x_wconf 87' lang='lat'><strong>3,</strong></span> <span class='ocrx_word' id='word_1_180' title='bbox 1483 2482 1632 2521; x_wconf 86' lang='lat' dir='ltr'><strong>num.</strong></span> <span class='ocrx_word' id='word_1_181' title='bbox 1691 2469 1763 2531; x_wconf 73' lang='grc'><strong>4).</strong></span> <span class='ocrx_word' id='word_1_182' title='bbox 1823 2467 2000 2521; x_wconf 83' lang='lat' dir='ltr'><strong>Nihil-</strong></span> 
     </span>
    </p>
   </div>
   <div class='ocr_carea' id='block_1_26' title="bbox 297 2552 2000 2626">
    <p class='ocr_par' dir='ltr' id='par_1_26' title="bbox 297 2552 2000 2626">
     <span class='ocr_line' id='line_1_26' title="bbox 297 2552 2000 2626; baseline 0.002 -20"><span class='ocrx_word' id='word_1_183' title='bbox 297 2552 530 2607; x_wconf 87' lang='lat' dir='ltr'><strong>ominus</strong></span> <span class='ocrx_word' id='word_1_184' title='bbox 609 2556 804 2608; x_wconf 88' lang='lat' dir='ltr'><strong>tamen</strong></span> <span class='ocrx_word' id='word_1_185' title='bbox 880 2570 1146 2624; x_wconf 73' lang='lat' dir='ltr'><strong>quaenam</strong></span> <span class='ocrx_word' id='word_1_186' title='bbox 1210 2560 1356 2608; x_wconf 85' lang='lat' dir='ltr'><strong>esset</strong></span> <span class='ocrx_word' id='word_1_187' title='bbox 1410 2555 1547 2608; x_wconf 91' lang='lat' dir='ltr'><strong>mali</strong></span> <span class='ocrx_word' id='word_1_188' title='bbox 1612 2556 1796 2626; x_wconf 87' lang='lat' dir='ltr'><strong>origo,</strong></span> <span class='ocrx_word' id='word_1_189' title='bbox 1858 2572 2000 2610; x_wconf 88' lang='lat' dir='ltr'><strong>non-</strong></span> 
     </span>
    </p>
   </div>
   <div class='ocr_carea' id='block_1_27' title="bbox 297 2640 2003 2713">
    <p class='ocr_par' dir='ltr' id='par_1_27' title="bbox 297 2640 2003 2713">
     <span class='ocr_line' id='line_1_27' title="bbox 297 2640 2003 2713; baseline 0.001 -16"><span class='ocrx_word' id='word_1_190' title='bbox 297 2643 437 2697; x_wconf 91' lang='lat' dir='ltr'><strong>dum</strong></span> <span class='ocrx_word' id='word_1_191' title='bbox 479 2641 725 2696; x_wconf 91' lang='lat' dir='ltr'><strong>dilucide</strong></span> <span class='ocrx_word' id='word_1_192' title='bbox 755 2642 1079 2713; x_wconf 87' lang='lat' dir='ltr'><strong>perspicere</strong></span> <span class='ocrx_word' id='word_1_193' title='bbox 1120 2647 1362 2713; x_wconf 87' lang='lat' dir='ltr'><strong>poterat.</strong></span> <span class='ocrx_word' id='word_1_194' title='bbox 1414 2640 1764 2699; x_wconf 75' lang='lat' dir='ltr'><strong>Occurrebat</strong></span> <span class='ocrx_word' id='word_1_195' title='bbox 1783 2644 2003 2699; x_wconf 90' lang='lat' dir='ltr'><strong>interea</strong></span> 
     </span>
    </p>
   </div>
   <div class='ocr_carea' id='block_1_28' title="bbox 297 2729 2004 2804">
    <p class='ocr_par' dir='ltr' id='par_1_28' title="bbox 297 2729 2004 2804">
     <span class='ocr_line' id='line_1_28' title="bbox 297 2729 2004 2804; baseline 0.002 -20"><span class='ocrx_word' id='word_1_196' title='bbox 297 2731 528 2802; x_wconf 90' lang='lat' dir='ltr'><strong>quidem</strong></span> <span class='ocrx_word' id='word_1_197' title='bbox 551 2729 747 2785; x_wconf 87' lang='lat' dir='ltr'><strong>solerti</strong></span> <span class='ocrx_word' id='word_1_198' title='bbox 775 2730 993 2799; x_wconf 90' lang='lat' dir='ltr'><strong>animo,</strong></span> <span class='ocrx_word' id='word_1_199' title='bbox 1017 2732 1172 2803; x_wconf 91' lang='lat' dir='ltr'><strong>quod</strong></span> <span class='ocrx_word' id='word_1_200' title='bbox 1194 2731 1506 2787; x_wconf 85' lang='lat' dir='ltr'><strong>identidem</strong></span> <span class='ocrx_word' id='word_1_201' title='bbox 1537 2733 1734 2787; x_wconf 91' lang='lat' dir='ltr'><strong>auditu</strong></span> <span class='ocrx_word' id='word_1_202' title='bbox 1767 2732 2004 2804; x_wconf 91' lang='lat' dir='ltr'><strong>accipie-</strong></span> 
     </span>
    </p>
   </div>
   <div class='ocr_carea' id='block_1_29' title="bbox 296 2819 2001 2892">
    <p class='ocr_par' dir='ltr' id='par_1_29' title="bbox 296 2819 2001 2892">
     <span class='ocr_line' id='line_1_29' title="bbox 296 2819 2001 2892; baseline 0.002 -19"><span class='ocrx_word' id='word_1_203' title='bbox 296 2820 414 2886; x_wconf 88' lang='lat' dir='ltr'><strong>bat,</strong></span> <span class='ocrx_word' id='word_1_204' title='bbox 446 2819 692 2872; x_wconf 89' lang='lat' dir='ltr'><strong>liberum</strong></span> <span class='ocrx_word' id='word_1_205' title='bbox 742 2820 1047 2874; x_wconf 84' lang='lat' dir='ltr'><strong>voluntatis</strong></span> <span class='ocrx_word' id='word_1_206' title='bbox 1077 2820 1400 2887; x_wconf 87' lang='lat' dir='ltr'><strong>arbitrium,</strong></span> <span class='ocrx_word' id='word_1_207' title='bbox 1437 2823 1558 2892; x_wconf 89' lang='lat' dir='ltr'><strong>ejus</strong></span> <span class='ocrx_word' id='word_1_208' title='bbox 1595 2822 1746 2892; x_wconf 91' lang='lat' dir='ltr'><strong>quod</strong></span> <span class='ocrx_word' id='word_1_209' title='bbox 1791 2823 2001 2876; x_wconf 90' lang='lat' dir='ltr'><strong>facere-</strong></span> 
     </span>
    </p>
   </div>
   <div class='ocr_carea' id='block_1_30' title="bbox 305 2908 2000 2981">
    <p class='ocr_par' dir='ltr' id='par_1_30' title="bbox 305 2908 2000 2981">
     <span class='ocr_line' id='line_1_30' title="bbox 305 2908 2000 2981; baseline 0.001 -17"><span class='ocrx_word' id='word_1_210' title='bbox 305 2925 452 2975; x_wconf 90' lang='lat' dir='ltr'><strong>mus,</strong></span> <span class='ocrx_word' id='word_1_211' title='bbox 476 2913 693 2962; x_wconf 91' lang='lat' dir='ltr'><strong>rectum</strong></span> <span class='ocrx_word' id='word_1_212' title='bbox 723 2924 856 2962; x_wconf 90' lang='lat' dir='ltr'><strong>vero</strong></span> <span class='ocrx_word' id='word_1_213' title='bbox 885 2908 984 2962; x_wconf 93' lang='lat' dir='ltr'><strong>Dei</strong></span> <span class='ocrx_word' id='word_1_214' title='bbox 1008 2909 1313 2980; x_wconf 89' lang='lat' dir='ltr'><strong>judicium,</strong></span> <span class='ocrx_word' id='word_1_215' title='bbox 1334 2911 1456 2980; x_wconf 90' lang='lat' dir='ltr'><strong>ejus</strong></span> <span class='ocrx_word' id='word_1_216' title='bbox 1485 2911 1636 2981; x_wconf 91' lang='lat' dir='ltr'><strong>quod</strong></span> <span class='ocrx_word' id='word_1_217' title='bbox 1652 2914 2000 2980; x_wconf 89' lang='lat' dir='ltr'><strong>pateremur,</strong></span> 
     </span>
    </p>
   </div>
   <div class='ocr_carea' id='block_1_31' title="bbox 295 2998 2007 3070">
    <p class='ocr_par' dir='ltr' id='par_1_31' title="bbox 295 2998 2007 3070">
     <span class='ocr_line' id='line_1_31' title="bbox 295 2998 2007 3070; baseline 0.001 -18"><span class='ocrx_word' id='word_1_218' title='bbox 295 2998 431 3052; x_wconf 90' lang='lat' dir='ltr'><strong>mali</strong></span> <span class='ocrx_word' id='word_1_219' title='bbox 470 3013 668 3052; x_wconf 90' lang='lat' dir='ltr'><strong>causas</strong></span> <span class='ocrx_word' id='word_1_220' title='bbox 699 3014 855 3064; x_wconf 87' lang='lat' dir='ltr'><strong>esse;</strong></span> <span class='ocrx_word' id='word_1_221' title='bbox 887 2998 984 3052; x_wconf 90' lang='lat' dir='ltr'><strong>sed</strong></span> <span class='ocrx_word' id='word_1_222' title='bbox 1019 3014 1123 3052; x_wconf 89' lang='lat' dir='ltr'><strong>nec</strong></span> <span class='ocrx_word' id='word_1_223' title='bbox 1152 2998 1372 3069; x_wconf 90' lang='lat' dir='ltr'><strong>liquido</strong></span> <span class='ocrx_word' id='word_1_224' title='bbox 1420 2999 1738 3070; x_wconf 87' lang='lat' dir='ltr'><strong>intelligere</strong></span> <span class='ocrx_word' id='word_1_225' title='bbox 1781 3003 2007 3070; x_wconf 86' lang='lat' dir='ltr'><strong>poterat</strong></span> 
     </span>
    </p>
   </div>
   <div class='ocr_carea' id='block_1_32' title="bbox 291 3085 2006 3159">
    <p class='ocr_par' dir='ltr' id='par_1_32' title="bbox 291 3085 2006 3159">
     <span class='ocr_line' id='line_1_32' title="bbox 291 3085 2006 3159; baseline 0.001 -18"><span class='ocrx_word' id='word_1_226' title='bbox 291 3103 393 3141; x_wconf 89' lang='lat' dir='ltr'><strong>cur</strong></span> <span class='ocrx_word' id='word_1_227' title='bbox 413 3087 492 3140; x_wconf 90' lang='lat' dir='ltr'><strong>ita</strong></span> <span class='ocrx_word' id='word_1_228' title='bbox 520 3103 611 3140; x_wconf 93' lang='lat' dir='ltr'><strong>res</strong></span> <span class='ocrx_word' id='word_1_229' title='bbox 635 3102 693 3139; x_wconf 91' lang='lat' dir='ltr'><strong>se</strong></span> <span class='ocrx_word' id='word_1_230' title='bbox 716 3085 952 3140; x_wconf 88' lang='lat' dir='ltr'><strong>haberet</strong></span> <span class='ocrx_word' id='word_1_231' title='bbox 977 3087 1114 3140; x_wconf 91' lang='lat' dir='ltr'><strong>:etsi</strong></span> <span class='ocrx_word' id='word_1_232' title='bbox 1135 3087 1290 3140; x_wconf 88' lang='lat' dir='ltr'><strong>enim</strong></span> <span class='ocrx_word' id='word_1_233' title='bbox 1315 3087 1584 3142; x_wconf 89' lang='lat' dir='ltr'><strong>sentienti</strong></span> <span class='ocrx_word' id='word_1_234' title='bbox 1611 3105 1668 3141; x_wconf 91' lang='lat' dir='ltr'><strong>se</strong></span> <span class='ocrx_word' id='word_1_235' title='bbox 1688 3088 1865 3142; x_wconf 91' lang='lat' dir='ltr'><strong>libero</strong></span> <span class='ocrx_word' id='word_1_236' title='bbox 1886 3090 2006 3159; x_wconf 91' lang='lat' dir='ltr'><strong>pol-</strong></span> 
     </span>
    </p>
   </div>
   <div class='ocr_carea' id='block_1_33' title="bbox 299 3171 2004 3245">
    <p class='ocr_par' dir='ltr' id='par_1_33' title="bbox 299 3171 2004 3245">
     <span class='ocr_line' id='line_1_33' title="bbox 299 3171 2004 3245; baseline 0.002 -20"><span class='ocrx_word' id='word_1_237' title='bbox 299 3174 416 3225; x_wconf 84' lang='lat' dir='ltr'><strong>lere</strong></span> <span class='ocrx_word' id='word_1_238' title='bbox 439 3171 749 3224; x_wconf 80' lang='lat' dir='ltr'><strong>voluntatis</strong></span> <span class='ocrx_word' id='word_1_239' title='bbox 766 3171 1026 3237; x_wconf 86' lang='lat' dir='ltr'><strong>arbitrio,</strong></span> <span class='ocrx_word' id='word_1_240' title='bbox 1055 3172 1313 3225; x_wconf 88' lang='lat' dir='ltr'><strong>nonnihil</strong></span> <span class='ocrx_word' id='word_1_241' title='bbox 1346 3173 1485 3226; x_wconf 91' lang='lat' dir='ltr'><strong>lucis</strong></span> <span class='ocrx_word' id='word_1_242' title='bbox 1513 3173 1857 3242; x_wconf 85' lang='lat' dir='ltr'><strong>oboriretur,</strong></span> <span class='ocrx_word' id='word_1_243' title='bbox 1889 3191 2004 3245; x_wconf 92' lang='lat' dir='ltr'><strong>quo</strong></span> 
     </span>
    </p>
   </div>
   <div class='ocr_carea' id='block_1_34' title="bbox 302 3259 2005 3332">
    <p class='ocr_par' dir='ltr' id='par_1_34' title="bbox 302 3259 2005 3332">
     <span class='ocr_line' id='line_1_34' title="bbox 302 3259 2005 3332; baseline 0.002 -20"><span class='ocrx_word' id='word_1_244' title='bbox 302 3259 446 3313; x_wconf 90' lang='lat' dir='ltr'><strong>illud</strong></span> <span class='ocrx_word' id='word_1_245' title='bbox 477 3276 597 3313; x_wconf 89' lang='lat' dir='ltr'><strong>esse</strong></span> <span class='ocrx_word' id='word_1_246' title='bbox 642 3259 860 3313; x_wconf 89' lang='lat' dir='ltr'><strong>fontem</strong></span> <span class='ocrx_word' id='word_1_247' title='bbox 911 3275 1112 3312; x_wconf 90' lang='lat' dir='ltr'><strong>eorum</strong></span> <span class='ocrx_word' id='word_1_248' title='bbox 1147 3266 1528 3330; x_wconf 87' lang='lat' dir='ltr'><strong>peccatorum,</strong></span> <span class='ocrx_word' id='word_1_249' title='bbox 1561 3278 1690 3332; x_wconf 63' lang='lat' dir='ltr'><strong>quae</strong></span> <span class='ocrx_word' id='word_1_250' title='bbox 1729 3262 1911 3316; x_wconf 92' lang='lat' dir='ltr'><strong>libens</strong></span> <span class='ocrx_word' id='word_1_251' title='bbox 1941 3279 2005 3316; x_wconf 90' lang='lat' dir='ltr'><strong>ac</strong></span> 
     </span>
    </p>
   </div>
   <div class='ocr_carea' id='block_1_35' title="bbox 296 3349 2005 3420">
    <p class='ocr_par' dir='ltr' id='par_1_35' title="bbox 296 3349 2005 3420">
     <span class='ocr_line' id='line_1_35' title="bbox 296 3349 2005 3420; baseline 0.001 -17"><span class='ocrx_word' id='word_1_252' title='bbox 296 3352 497 3404; x_wconf 87' lang='lat' dir='ltr'><strong>volens</strong></span> <span class='ocrx_word' id='word_1_253' title='bbox 524 3349 869 3415; x_wconf 87' lang='lat' dir='ltr'><strong>admisisset,</strong></span> <span class='ocrx_word' id='word_1_254' title='bbox 896 3365 1013 3404; x_wconf 91' lang='lat' dir='ltr'><strong>non</strong></span> <span class='ocrx_word' id='word_1_255' title='bbox 1034 3349 1338 3404; x_wconf 79' lang='lat' dir='ltr'><strong>difﬁculter</strong></span> <span class='ocrx_word' id='word_1_256' title='bbox 1353 3355 1685 3420; x_wconf 84' lang='lat' dir='ltr'><strong>agnosceret</strong></span> <span class='ocrx_word' id='word_1_257' title='bbox 1708 3367 1721 3416; x_wconf 91' lang='lat'><strong>;</strong></span> <span class='ocrx_word' id='word_1_258' title='bbox 1751 3355 2005 3406; x_wconf 89' lang='lat' dir='ltr'><strong>attamen</strong></span> 
     </span>
    </p>
   </div>
   <div class='ocr_carea' id='block_1_36' title="bbox 301 3438 2004 3510">
    <p class='ocr_par' dir='ltr' id='par_1_36' title="bbox 301 3438 2004 3510">
     <span class='ocr_line' id='line_1_36' title="bbox 301 3438 2004 3510; baseline 0.001 -17"><span class='ocrx_word' id='word_1_259' title='bbox 301 3455 500 3494; x_wconf 86' lang='lat' dir='ltr'><strong>rursus</strong></span> <span class='ocrx_word' id='word_1_260' title='bbox 520 3438 930 3494; x_wconf 85' lang='lat' dir='ltr'><strong>inextricabilis</strong></span> <span class='ocrx_word' id='word_1_261' title='bbox 956 3443 1077 3492; x_wconf 88' lang='lat' dir='ltr'><strong>erat</strong></span> <span class='ocrx_word' id='word_1_262' title='bbox 1099 3439 1359 3510; x_wconf 68' lang='lat' dir='ltr'><strong>qtuestio,</strong></span> <span class='ocrx_word' id='word_1_263' title='bbox 1391 3439 1543 3494; x_wconf 92' lang='lat' dir='ltr'><strong>unde</strong></span> <span class='ocrx_word' id='word_1_264' title='bbox 1572 3440 1749 3494; x_wconf 89' lang='lat' dir='ltr'><strong>libero</strong></span> <span class='ocrx_word' id='word_1_265' title='bbox 1769 3441 2004 3496; x_wconf 86' lang='lat' dir='ltr'><strong>arbitrio</strong></span> 
     </span>
    </p>
   </div>
   <div class='ocr_carea' id='block_1_37' title="bbox 295 3527 2003 3599">
    <p class='ocr_par' dir='ltr' id='par_1_37' title="bbox 295 3527 2003 3599">
     <span class='ocr_line' id='line_1_37' title="bbox 295 3527 2003 3599; baseline 0 -16"><span class='ocrx_word' id='word_1_266' title='bbox 295 3545 328 3582; x_wconf 92' lang='lat' dir='ltr'><strong>a</strong></span> <span class='ocrx_word' id='word_1_267' title='bbox 368 3529 484 3583; x_wconf 91' lang='lat' dir='ltr'><strong>Deo</strong></span> <span class='ocrx_word' id='word_1_268' title='bbox 507 3528 726 3599; x_wconf 91' lang='lat' dir='ltr'><strong>optimo</strong></span> <span class='ocrx_word' id='word_1_269' title='bbox 752 3527 988 3582; x_wconf 91' lang='lat' dir='ltr'><strong>condito</strong></span> <span class='ocrx_word' id='word_1_270' title='bbox 1017 3527 1189 3582; x_wconf 88' lang='lat' dir='ltr'><strong>insita</strong></span> <span class='ocrx_word' id='word_1_271' title='bbox 1217 3527 1288 3582; x_wconf 86' lang='lat' dir='ltr'><strong>ad</strong></span> <span class='ocrx_word' id='word_1_272' title='bbox 1319 3529 1533 3583; x_wconf 89' lang='lat' dir='ltr'><strong>malum</strong></span> <span class='ocrx_word' id='word_1_273' title='bbox 1566 3529 1886 3599; x_wconf 87' lang='lat' dir='ltr'><strong>proclivitas</strong></span> <span class='ocrx_word' id='word_1_274' title='bbox 1917 3547 2003 3583; x_wconf 87' lang='lat' dir='ltr'><strong>es-</strong></span> 
     </span>
    </p>
   </div>
   <div class='ocr_carea' id='block_1_38' title="bbox 292 3615 2000 3686">
    <p class='ocr_par' dir='ltr' id='par_1_38' title="bbox 292 3615 2000 3686">
     <span class='ocr_line' id='line_1_38' title="bbox 292 3615 2000 3686; baseline -0.001 -14"><span class='ocrx_word' id='word_1_275' title='bbox 292 3621 379 3672; x_wconf 89' lang='lat' dir='ltr'><strong>set</strong></span> <span class='ocrx_word' id='word_1_276' title='bbox 409 3634 422 3684; x_wconf 92' lang='lat'><strong>;</strong></span> <span class='ocrx_word' id='word_1_277' title='bbox 472 3616 624 3671; x_wconf 90' lang='lat' dir='ltr'><strong>unde</strong></span> <span class='ocrx_word' id='word_1_278' title='bbox 655 3615 739 3670; x_wconf 92' lang='lat' dir='ltr'><strong>illi</strong></span> <span class='ocrx_word' id='word_1_279' title='bbox 769 3617 919 3670; x_wconf 91' lang='lat' dir='ltr'><strong>male</strong></span> <span class='ocrx_word' id='word_1_280' title='bbox 948 3615 1114 3684; x_wconf 92' lang='lat' dir='ltr'><strong>velle,</strong></span> <span class='ocrx_word' id='word_1_281' title='bbox 1148 3619 1205 3670; x_wconf 92' lang='lat' dir='ltr'><strong>et</strong></span> <span class='ocrx_word' id='word_1_282' title='bbox 1235 3616 1379 3670; x_wconf 89' lang='lat' dir='ltr'><strong>bene</strong></span> <span class='ocrx_word' id='word_1_283' title='bbox 1425 3617 1578 3671; x_wconf 90' lang='lat' dir='ltr'><strong>nolle</strong></span> <span class='ocrx_word' id='word_1_284' title='bbox 1618 3616 1805 3686; x_wconf 88' lang='lat' dir='ltr'><strong>(Ibid.,</strong></span> <span class='ocrx_word' id='word_1_285' title='bbox 1831 3634 1886 3672; x_wconf 93' lang='lat' dir='ltr'><strong>n.</strong></span> <span class='ocrx_word' id='word_1_286' title='bbox 1931 3617 2000 3686; x_wconf 81' lang='lat'><strong>5).</strong></span> 
     </span>
    </p>
   </div>
   <div class='ocr_carea' id='block_1_39' title="bbox 298 3704 2001 3778">
    <p class='ocr_par' dir='ltr' id='par_1_39' title="bbox 298 3704 2001 3778">
     <span class='ocr_line' id='line_1_39' title="bbox 298 3704 2001 3778; baseline -0.001 -18"><span class='ocrx_word' id='word_1_287' title='bbox 298 3707 392 3760; x_wconf 90' lang='lat' dir='ltr'><strong>His</strong></span> <span class='ocrx_word' id='word_1_288' title='bbox 434 3722 498 3760; x_wconf 86' lang='lat' dir='ltr'><strong>ac</strong></span> <span class='ocrx_word' id='word_1_289' title='bbox 531 3705 932 3759; x_wconf 90' lang='lat' dir='ltr'><strong>consimilibus</strong></span> <span class='ocrx_word' id='word_1_290' title='bbox 962 3704 1376 3776; x_wconf 87' lang='lat' dir='ltr'><strong>cogitationum</strong></span> <span class='ocrx_word' id='word_1_291' title='bbox 1408 3705 1640 3760; x_wconf 73' lang='lat' dir='ltr'><strong>testibus</strong></span> <span class='ocrx_word' id='word_1_292' title='bbox 1669 3706 2001 3778; x_wconf 85' lang='lat' dir='ltr'><strong>exagitatus,</strong></span> 
     </span>
    </p>
   </div>
   <div class='ocr_carea' id='block_1_40' title="bbox 295 3793 2003 3866">
    <p class='ocr_par' dir='ltr' id='par_1_40' title="bbox 295 3793 2003 3866">
     <span class='ocr_line' id='line_1_40' title="bbox 295 3793 2003 3866; baseline 0.001 -18"><span class='ocrx_word' id='word_1_293' title='bbox 295 3794 447 3848; x_wconf 90' lang='lat' dir='ltr'><strong>curis</strong></span> <span class='ocrx_word' id='word_1_294' title='bbox 490 3793 898 3848; x_wconf 85' lang='lat' dir='ltr'><strong>conficiebatur</strong></span> <span class='ocrx_word' id='word_1_295' title='bbox 946 3793 1493 3865; x_wconf 87' lang='lat' dir='ltr'><strong>excruciabaturque</strong></span> <span class='ocrx_word' id='word_1_296' title='bbox 1537 3812 1603 3850; x_wconf 93' lang='lat' dir='ltr'><strong>eo</strong></span> <span class='ocrx_word' id='word_1_297' title='bbox 1652 3796 1854 3866; x_wconf 84' lang='lat' dir='ltr'><strong>magis,</strong></span> <span class='ocrx_word' id='word_1_298' title='bbox 1889 3813 2003 3866; x_wconf 88' lang='lat' dir='ltr'><strong>quo</strong></span> 
     </span>
    </p>
   </div>
   <div class='ocr_carea' id='block_1_41' title="bbox 295 3881 2005 3955">
    <p class='ocr_par' dir='ltr' id='par_1_41' title="bbox 295 3881 2005 3955">
     <span class='ocr_line' id='line_1_41' title="bbox 295 3881 2005 3955; baseline 0.001 -20"><span class='ocrx_word' id='word_1_299' title='bbox 295 3899 390 3936; x_wconf 85' lang='lat' dir='ltr'><strong>eas</strong></span> <span class='ocrx_word' id='word_1_300' title='bbox 422 3881 812 3936; x_wconf 89' lang='lat' dir='ltr'><strong>familiaribus</strong></span> <span class='ocrx_word' id='word_1_301' title='bbox 839 3882 949 3936; x_wconf 90' lang='lat' dir='ltr'><strong>suis</strong></span> <span class='ocrx_word' id='word_1_302' title='bbox 971 3882 1163 3936; x_wconf 84' lang='lat' dir='ltr'><strong>minus</strong></span> <span class='ocrx_word' id='word_1_303' title='bbox 1180 3882 1457 3952; x_wconf 87' lang='lat' dir='ltr'><strong>explicare</strong></span> <span class='ocrx_word' id='word_1_304' title='bbox 1485 3889 1654 3955; x_wconf 88' lang='lat' dir='ltr'><strong>atque</strong></span> <span class='ocrx_word' id='word_1_305' title='bbox 1674 3885 2005 3954; x_wconf 85' lang='lat' dir='ltr'><strong>explicando</strong></span> 
     </span>
    </p>
   </div>
   <div class='ocr_carea' id='block_1_42' title="bbox 297 3970 2008 4041">
    <p class='ocr_par' dir='ltr' id='par_1_42' title="bbox 297 3970 2008 4041">
     <span class='ocr_line' id='line_1_42' title="bbox 297 3970 2008 4041; baseline 0.001 -17"><span class='ocrx_word' id='word_1_306' title='bbox 297 3970 501 4041; x_wconf 87' lang='lat' dir='ltr'><strong>partiri</strong></span> <span class='ocrx_word' id='word_1_307' title='bbox 553 3974 807 4041; x_wconf 88' lang='lat' dir='ltr'><strong>poterat.</strong></span> <span class='ocrx_word' id='word_1_308' title='bbox 851 3970 958 4026; x_wconf 90' lang='lat' dir='ltr'><strong>Sed</strong></span> <span class='ocrx_word' id='word_1_309' title='bbox 990 3971 1160 4024; x_wconf 90' lang='lat' dir='ltr'><strong>tacita</strong></span> <span class='ocrx_word' id='word_1_310' title='bbox 1188 3971 1286 4023; x_wconf 92' lang='lat' dir='ltr'><strong>illa</strong></span> <span class='ocrx_word' id='word_1_311' title='bbox 1323 3970 1506 4024; x_wconf 89' lang='lat' dir='ltr'><strong>cordis</strong></span> <span class='ocrx_word' id='word_1_312' title='bbox 1532 3976 1817 4026; x_wconf 90' lang='lat' dir='ltr'><strong>tormenta</strong></span> <span class='ocrx_word' id='word_1_313' title='bbox 1846 3975 2008 4026; x_wconf 89' lang='lat' dir='ltr'><strong>erant</strong></span> 
     </span>
    </p>
   </div>
   <div class='ocr_carea' id='block_1_43' title="bbox 294 4059 2006 4129">
    <p class='ocr_par' dir='ltr' id='par_1_43' title="bbox 294 4059 2006 4129">
     <span class='ocr_line' id='line_1_43' title="bbox 294 4059 2006 4129; baseline 0.001 -17"><span class='ocrx_word' id='word_1_314' title='bbox 294 4061 454 4114; x_wconf 84' lang='lat' dir='ltr'><strong>velut</strong></span> <span class='ocrx_word' id='word_1_315' title='bbox 484 4059 828 4114; x_wconf 60' lang='lat' dir='ltr'><strong>clarissima!</strong></span> <span class='ocrx_word' id='word_1_316' title='bbox 858 4075 1044 4125; x_wconf 88' lang='lat' dir='ltr'><strong>voces,</strong></span> <span class='ocrx_word' id='word_1_317' title='bbox 1079 4075 1206 4129; x_wconf 68' lang='lat' dir='ltr'><strong>quae</strong></span> <span class='ocrx_word' id='word_1_318' title='bbox 1240 4059 1445 4114; x_wconf 64' lang='lat' dir='ltr'><strong>divinae</strong></span> <span class='ocrx_word' id='word_1_319' title='bbox 1479 4060 1884 4115; x_wconf 65' lang='lat' dir='ltr'><strong>misericordia:</strong></span> <span class='ocrx_word' id='word_1_320' title='bbox 1915 4077 2006 4114; x_wconf 90' lang='lat' dir='ltr'><strong>so-</strong></span> 
     </span>
    </p>
   </div>
   <div class='ocr_carea' id='block_1_44' title="bbox 295 4149 2006 4220">
    <p class='ocr_par' dir='ltr' id='par_1_44' title="bbox 295 4149 2006 4220">
     <span class='ocr_line' id='line_1_44' title="bbox 295 4149 2006 4220; baseline 0.002 -18"><span class='ocrx_word' id='word_1_321' title='bbox 295 4149 439 4204; x_wconf 90' lang='lat' dir='ltr'><strong>lium</strong></span> <span class='ocrx_word' id='word_1_322' title='bbox 479 4149 807 4220; x_wconf 87' lang='lat' dir='ltr'><strong>pulsabant.</strong></span> <span class='ocrx_word' id='word_1_323' title='bbox 843 4149 967 4203; x_wconf 90' lang='lat' dir='ltr'><strong>Sua</strong></span> <span class='ocrx_word' id='word_1_324' title='bbox 1014 4153 1207 4202; x_wconf 89' lang='lat' dir='ltr'><strong>tamen</strong></span> <span class='ocrx_word' id='word_1_325' title='bbox 1246 4163 1376 4202; x_wconf 90' lang='lat' dir='ltr'><strong>eum</strong></span> <span class='ocrx_word' id='word_1_326' title='bbox 1402 4149 1730 4219; x_wconf 87' lang='lat' dir='ltr'><strong>arrogantia</strong></span> <span class='ocrx_word' id='word_1_327' title='bbox 1757 4149 1888 4205; x_wconf 93' lang='lat' dir='ltr'><strong>inde</strong></span> <span class='ocrx_word' id='word_1_328' title='bbox 1919 4166 2006 4205; x_wconf 89' lang='lat' dir='ltr'><strong>re-</strong></span> 
     </span>
    </p>
   </div>
   <div class='ocr_carea' id='block_1_45' title="bbox 298 4236 2010 4308">
    <p class='ocr_par' dir='ltr' id='par_1_45' title="bbox 298 4236 2010 4308">
     <span class='ocr_line' id='line_1_45' title="bbox 298 4236 2010 4308; baseline 0.001 -18"><span class='ocrx_word' id='word_1_329' title='bbox 298 4237 563 4292; x_wconf 86' lang='lat' dir='ltr'><strong>movebat</strong></span> <span class='ocrx_word' id='word_1_330' title='bbox 588 4252 602 4304; x_wconf 88' lang='lat'><strong>;</strong></span> <span class='ocrx_word' id='word_1_331' title='bbox 637 4241 692 4292; x_wconf 90' lang='lat' dir='ltr'><strong>et</strong></span> <span class='ocrx_word' id='word_1_332' title='bbox 725 4237 819 4308; x_wconf 91' lang='lat' dir='ltr'><strong>qui</strong></span> <span class='ocrx_word' id='word_1_333' title='bbox 845 4237 1048 4291; x_wconf 84' lang='lat' dir='ltr'><strong>faciem</strong></span> <span class='ocrx_word' id='word_1_334' title='bbox 1075 4236 1198 4307; x_wconf 83' lang='lat' dir='ltr'><strong>ejus</strong></span> <span class='ocrx_word' id='word_1_335' title='bbox 1226 4236 1524 4292; x_wconf 84' lang='lat' dir='ltr'><strong>inﬂaverat</strong></span> <span class='ocrx_word' id='word_1_336' title='bbox 1553 4243 1761 4305; x_wconf 88' lang='lat' dir='ltr'><strong>tumor,</strong></span> <span class='ocrx_word' id='word_1_337' title='bbox 1785 4237 1862 4292; x_wconf 89' lang='lat' dir='ltr'><strong>sic</strong></span> <span class='ocrx_word' id='word_1_338' title='bbox 1881 4255 2010 4293; x_wconf 89' lang='lat' dir='ltr'><strong>ocu-</strong></span> 
     </span>
    </p>
   </div>
   <div class='ocr_carea' id='block_1_46' title="bbox 295 4324 2010 4396">
    <p class='ocr_par' dir='ltr' id='par_1_46' title="bbox 295 4324 2010 4396">
     <span class='ocr_line' id='line_1_46' title="bbox 295 4324 2010 4396; baseline 0.001 -17"><span class='ocrx_word' id='word_1_339' title='bbox 295 4328 379 4380; x_wconf 89' lang='lat' dir='ltr'><strong>los</strong></span> <span class='ocrx_word' id='word_1_340' title='bbox 410 4327 730 4390; x_wconf 89' lang='lat' dir='ltr'><strong>claudebat,</strong></span> <span class='ocrx_word' id='word_1_341' title='bbox 761 4330 829 4380; x_wconf 90' lang='lat' dir='ltr'><strong>ut</strong></span> <span class='ocrx_word' id='word_1_342' title='bbox 860 4324 1114 4378; x_wconf 89' lang='lat' dir='ltr'><strong>veritatis</strong></span> <span class='ocrx_word' id='word_1_343' title='bbox 1144 4326 1327 4378; x_wconf 89' lang='lat' dir='ltr'><strong>lucem</strong></span> <span class='ocrx_word' id='word_1_344' title='bbox 1355 4325 1653 4380; x_wconf 88' lang='lat' dir='ltr'><strong>admittere</strong></span> <span class='ocrx_word' id='word_1_345' title='bbox 1685 4343 1794 4380; x_wconf 93' lang='lat' dir='ltr'><strong>non</strong></span> <span class='ocrx_word' id='word_1_346' title='bbox 1819 4331 2010 4396; x_wconf 88' lang='lat' dir='ltr'><strong>posset</strong></span> 
     </span>
    </p>
   </div>
   <div class='ocr_carea' id='block_1_47' title="bbox 292 4413 2007 4496">
    <p class='ocr_par' dir='ltr' id='par_1_47' title="bbox 292 4413 2007 4496">
     <span class='ocr_line' id='line_1_47' title="bbox 292 4413 2007 4496; baseline 0.001 -27"><span class='ocrx_word' id='word_1_347' title='bbox 292 4415 486 4496; x_wconf 83' lang='lat' dir='ltr'><strong>(Ibid.,</strong></span> <span class='ocrx_word' id='word_1_348' title='bbox 519 4431 637 4484; x_wconf 88' lang='lat' dir='ltr'><strong>cap.</strong></span> <span class='ocrx_word' id='word_1_349' title='bbox 671 4419 727 4480; x_wconf 89' lang='lat' dir='ltr'><strong>&quot;l,</strong></span> <span class='ocrx_word' id='word_1_350' title='bbox 760 4431 816 4468; x_wconf 81' lang='grc' dir='ltr'><strong>η.</strong></span> <span class='ocrx_word' id='word_1_351' title='bbox 859 4416 962 4480; x_wconf 91' lang='grc'>11).</span> <span class='ocrx_word' id='word_1_352' title='bbox 1001 4416 1077 4467; x_wconf 84' lang='lat' dir='ltr'><strong>Tu</strong></span> <span class='ocrx_word' id='word_1_353' title='bbox 1107 4416 1352 4482; x_wconf 87' lang='lat' dir='ltr'><strong>Domine,</strong></span> <span class='ocrx_word' id='word_1_354' title='bbox 1393 4413 1600 4485; x_wconf 88' lang='lat' dir='ltr'><strong>inquit,</strong></span> <span class='ocrx_word' id='word_1_355' title='bbox 1637 4417 1874 4470; x_wconf 80' lang='lat' dir='ltr'><strong>stimulis</strong></span> <span class='ocrx_word' id='word_1_356' title='bbox 1917 4433 2007 4470; x_wconf 83' lang='lat' dir='ltr'><strong>m-</strong></span> 
     </span>
    </p>
   </div>
   <div class='ocr_carea' id='block_1_48' title="bbox 300 4503 2010 4573">
    <p class='ocr_par' dir='ltr' id='par_1_48' title="bbox 300 4503 2010 4573">
     <span class='ocr_line' id='line_1_48' title="bbox 300 4503 2010 4573; baseline 0.001 -17"><span class='ocrx_word' id='word_1_357' title='bbox 300 4505 467 4558; x_wconf 81' lang='lat' dir='ltr'><strong>ternis</strong></span> <span class='ocrx_word' id='word_1_358' title='bbox 497 4503 748 4571; x_wconf 87' lang='lat' dir='ltr'><strong>agitabas</strong></span> <span class='ocrx_word' id='word_1_359' title='bbox 778 4518 879 4569; x_wconf 90' lang='lat' dir='ltr'><strong>me,</strong></span> <span class='ocrx_word' id='word_1_360' title='bbox 911 4507 972 4557; x_wconf 91' lang='lat' dir='ltr'><strong>ut</strong></span> <span class='ocrx_word' id='word_1_361' title='bbox 1015 4504 1309 4572; x_wconf 89' lang='lat' dir='ltr'><strong>impatiens</strong></span> <span class='ocrx_word' id='word_1_362' title='bbox 1341 4518 1529 4570; x_wconf 89' lang='lat' dir='ltr'><strong>essem,</strong></span> <span class='ocrx_word' id='word_1_363' title='bbox 1561 4504 1725 4558; x_wconf 89' lang='lat' dir='ltr'><strong>donec</strong></span> <span class='ocrx_word' id='word_1_364' title='bbox 1749 4507 1888 4558; x_wconf 84' lang='lat' dir='ltr'><strong>mihi</strong></span> <span class='ocrx_word' id='word_1_365' title='bbox 1914 4521 2010 4573; x_wconf 84' lang='lat' dir='ltr'><strong>per</strong></span> 
     </span>
    </p>
   </div>
   <div class='ocr_carea' id='block_1_49' title="bbox 296 4593 2010 4661">
    <p class='ocr_par' dir='ltr' id='par_1_49' title="bbox 296 4593 2010 4661">
     <span class='ocr_line' id='line_1_49' title="bbox 296 4593 2010 4661; baseline 0.001 -15"><span class='ocrx_word' id='word_1_366' title='bbox 296 4595 613 4647; x_wconf 83' lang='lat' dir='ltr'><strong>interiorem</strong></span> <span class='ocrx_word' id='word_1_367' title='bbox 665 4596 940 4661; x_wconf 84' lang='lat' dir='ltr'><strong>aspectum</strong></span> <span class='ocrx_word' id='word_1_368' title='bbox 986 4597 1165 4646; x_wconf 87' lang='lat' dir='ltr'><strong>certus</strong></span> <span class='ocrx_word' id='word_1_369' title='bbox 1213 4607 1372 4645; x_wconf 87' lang='lat' dir='ltr'><strong>esses.</strong></span> <span class='ocrx_word' id='word_1_370' title='bbox 1405 4594 1475 4647; x_wconf 87' lang='lat' dir='ltr'><strong>Et</strong></span> <span class='ocrx_word' id='word_1_371' title='bbox 1517 4593 1784 4647; x_wconf 81' lang='lat' dir='ltr'><strong>residebat</strong></span> <span class='ocrx_word' id='word_1_372' title='bbox 1834 4597 2010 4647; x_wconf 86' lang='lat' dir='ltr'><strong>tumor</strong></span> 
     </span>
    </p>
   </div>
   <div class='ocr_carea' id='block_1_50' title="bbox 296 4679 2010 4748">
    <p class='ocr_par' dir='ltr' id='par_1_50' title="bbox 296 4679 2010 4748">
     <span class='ocr_line' id='line_1_50' title="bbox 296 4679 2010 4748; baseline 0 -14"><span class='ocrx_word' id='word_1_373' title='bbox 296 4695 444 4734; x_wconf 88' lang='lat' dir='ltr'><strong>meus</strong></span> <span class='ocrx_word' id='word_1_374' title='bbox 489 4695 556 4734; x_wconf 71' lang='lat' dir='ltr'><strong>ea:</strong></span> <span class='ocrx_word' id='word_1_375' title='bbox 599 4681 808 4735; x_wconf 88' lang='lat' dir='ltr'><strong>occulta</strong></span> <span class='ocrx_word' id='word_1_376' title='bbox 861 4695 1032 4734; x_wconf 90' lang='lat' dir='ltr'><strong>manu</strong></span> <span class='ocrx_word' id='word_1_377' title='bbox 1070 4679 1351 4734; x_wconf 60' lang='lat' dir='ltr'><strong>medicina</strong></span> <span class='ocrx_word' id='word_1_378' title='bbox 1381 4684 1502 4748; x_wconf 59' lang='lat' dir='ltr'><strong>tua),</strong></span> <span class='ocrx_word' id='word_1_379' title='bbox 1531 4682 1775 4748; x_wconf 84' lang='lat' dir='ltr'><strong>aciesque</strong></span> <span class='ocrx_word' id='word_1_380' title='bbox 1799 4686 2010 4734; x_wconf 85' lang='lat' dir='ltr'><strong>contur-</strong></span> 
     </span>
    </p>
   </div>
   <div class='ocr_carea' id='block_1_51' title="bbox 301 4768 2009 4838">
    <p class='ocr_par' dir='ltr' id='par_1_51' title="bbox 301 4768 2009 4838">
     <span class='ocr_line' id='line_1_51' title="bbox 301 4768 2009 4838; baseline 0.001 -16"><span class='ocrx_word' id='word_1_381' title='bbox 301 4770 429 4823; x_wconf 91' lang='lat' dir='ltr'><strong>bata</strong></span> <span class='ocrx_word' id='word_1_382' title='bbox 475 4773 526 4824; x_wconf 87' lang='lat' dir='ltr'><strong>et</strong></span> <span class='ocrx_word' id='word_1_383' title='bbox 570 4768 948 4824; x_wconf 88' lang='lat' dir='ltr'><strong>contenebrata</strong></span> <span class='ocrx_word' id='word_1_384' title='bbox 1003 4771 1198 4824; x_wconf 88' lang='lat' dir='ltr'><strong>mentis</strong></span> <span class='ocrx_word' id='word_1_385' title='bbox 1240 4784 1386 4835; x_wconf 57' lang='lat' dir='ltr'><strong>meae,</strong></span> <span class='ocrx_word' id='word_1_386' title='bbox 1436 4772 1554 4823; x_wconf 91' lang='lat' dir='ltr'><strong>aeri</strong></span> <span class='ocrx_word' id='word_1_387' title='bbox 1594 4769 1815 4838; x_wconf 82' lang='lat' dir='ltr'><strong>collyrio</strong></span> <span class='ocrx_word' id='word_1_388' title='bbox 1859 4771 2009 4824; x_wconf 90' lang='lat' dir='ltr'><strong>salu-</strong></span> 
     </span>
    </p>
   </div>
   <div class='ocr_carea' id='block_1_52' title="bbox 299 4857 2008 4929">
    <p class='ocr_par' dir='ltr' id='par_1_52' title="bbox 299 4857 2008 4929">
     <span class='ocr_line' id='line_1_52' title="bbox 299 4857 2008 4929; baseline 0.002 -18"><span class='ocrx_word' id='word_1_389' title='bbox 299 4857 476 4913; x_wconf 81' lang='lat' dir='ltr'><strong>brium</strong></span> <span class='ocrx_word' id='word_1_390' title='bbox 507 4859 750 4913; x_wconf 81' lang='lat' dir='ltr'><strong>dolorum</strong></span> <span class='ocrx_word' id='word_1_391' title='bbox 793 4857 858 4912; x_wconf 87' lang='lat' dir='ltr'><strong>de</strong></span> <span class='ocrx_word' id='word_1_392' title='bbox 889 4857 982 4912; x_wconf 87' lang='lat' dir='ltr'><strong>die</strong></span> <span class='ocrx_word' id='word_1_393' title='bbox 1011 4861 1070 4913; x_wconf 89' lang='lat' dir='ltr'><strong>in</strong></span> <span class='ocrx_word' id='word_1_394' title='bbox 1101 4858 1242 4913; x_wconf 88' lang='lat' dir='ltr'><strong>diem</strong></span> <span class='ocrx_word' id='word_1_395' title='bbox 1270 4858 1571 4914; x_wconf 85' lang='lat' dir='ltr'><strong>sanabatur</strong></span> <span class='ocrx_word' id='word_1_396' title='bbox 1591 4857 1774 4929; x_wconf 65' lang='lat' dir='ltr'><strong>(Ibid,</strong></span> <span class='ocrx_word' id='word_1_397' title='bbox 1805 4875 1925 4928; x_wconf 83' lang='lat' dir='ltr'><strong>cap.</strong></span> <span class='ocrx_word' id='word_1_398' title='bbox 1954 4862 2008 4921; x_wconf 89' lang='lat'><strong>8,</strong></span> 
     </span>
    </p>
   </div>
   <div class='ocr_carea' id='block_1_53' title="bbox 304 4948 509 5017">
    <p class='ocr_par' dir='ltr' id='par_1_53' title="bbox 304 4948 509 5017">
     <span class='ocr_line' id='line_1_53' title="bbox 304 4948 509 5017; baseline 0 -15"><span class='ocrx_word' id='word_1_399' title='bbox 304 4965 362 5002; x_wconf 90' lang='lat' dir='ltr'><strong>n.</strong></span> <span class='ocrx_word' id='word_1_400' title='bbox 401 4948 509 5017; x_wconf 82' lang='lat' dir='ltr'><strong>l2).</strong></span> 
     </span>
    </p>
   </div>
   <div class='ocr_carea' id='block_1_54' title="bbox 372 5035 2012 5107">
    <p class='ocr_par' dir='ltr' id='par_1_54' title="bbox 372 5035 2012 5107">
     <span class='ocr_line' id='line_1_54' title="bbox 372 5035 2012 5107; baseline -0.001 -16"><span class='ocrx_word' id='word_1_401' title='bbox 372 5040 426 5092; x_wconf 85' lang='lat'><strong>6.</strong></span> <span class='ocrx_word' id='word_1_402' title='bbox 483 5035 570 5090; x_wconf 81' lang='lat' dir='ltr'><strong>Ad</strong></span> <span class='ocrx_word' id='word_1_403' title='bbox 625 5035 682 5090; x_wconf 91' lang='lat' dir='ltr'><strong>id</strong></span> <span class='ocrx_word' id='word_1_404' title='bbox 740 5036 1055 5107; x_wconf 89' lang='lat' dir='ltr'><strong>plurimum</strong></span> <span class='ocrx_word' id='word_1_405' title='bbox 1104 5035 1214 5106; x_wconf 88' lang='lat' dir='ltr'><strong>ipsi</strong></span> <span class='ocrx_word' id='word_1_406' title='bbox 1262 5036 1501 5092; x_wconf 90' lang='lat' dir='ltr'><strong>subsidii</strong></span> <span class='ocrx_word' id='word_1_407' title='bbox 1559 5037 1798 5092; x_wconf 91' lang='lat' dir='ltr'><strong>contulit</strong></span> <span class='ocrx_word' id='word_1_408' title='bbox 1845 5035 2012 5092; x_wconf 84' lang='lat' dir='ltr'><strong>lectio</strong></span> 
     </span>
    </p>
   </div>
   <div class='ocr_carea' id='block_1_55' title="bbox 296 5125 2008 5198">
    <p class='ocr_par' dir='ltr' id='par_1_55' title="bbox 296 5125 2008 5198">
     <span class='ocr_line' id='line_1_55' title="bbox 296 5125 2008 5198; baseline -0.001 -18"><span class='ocrx_word' id='word_1_409' title='bbox 296 5125 682 5198; x_wconf 91' lang='lat' dir='ltr'><strong>quorumdam</strong></span> <span class='ocrx_word' id='word_1_410' title='bbox 733 5125 1020 5179; x_wconf 88' lang='lat' dir='ltr'><strong>librorum</strong></span> <span class='ocrx_word' id='word_1_411' title='bbox 1083 5125 1332 5178; x_wconf 87' lang='lat' dir='ltr'><strong>Platonis</strong></span> <span class='ocrx_word' id='word_1_412' title='bbox 1380 5131 1438 5181; x_wconf 90' lang='lat' dir='ltr'><strong>et</strong></span> <span class='ocrx_word' id='word_1_413' title='bbox 1483 5127 1604 5198; x_wconf 83' lang='lat' dir='ltr'><strong>ejus</strong></span> <span class='ocrx_word' id='word_1_414' title='bbox 1646 5130 2008 5190; x_wconf 88' lang='lat' dir='ltr'><strong>sectatorum,</strong></span> 
     </span>
    </p>
   </div>
   <div class='ocr_carea' id='block_1_56' title="bbox 293 5213 2013 5286">
    <p class='ocr_par' dir='ltr' id='par_1_56' title="bbox 293 5213 2013 5286">
     <span class='ocr_line' id='line_1_56' title="bbox 293 5213 2013 5286; baseline 0 -18"><span class='ocrx_word' id='word_1_415' title='bbox 293 5216 395 5286; x_wconf 83' lang='lat' dir='ltr'><strong>qui</strong></span> <span class='ocrx_word' id='word_1_416' title='bbox 427 5234 461 5270; x_wconf 92' lang='lat' dir='ltr'><strong>a</strong></span> <span class='ocrx_word' id='word_1_417' title='bbox 490 5213 781 5269; x_wconf 85' lang='lat' dir='ltr'><strong>Victorino</strong></span> <span class='ocrx_word' id='word_1_418' title='bbox 811 5213 970 5268; x_wconf 90' lang='lat' dir='ltr'><strong>urbis</strong></span> <span class='ocrx_word' id='word_1_419' title='bbox 1014 5213 1208 5268; x_wconf 61' lang='lat' dir='ltr'><strong>Romae</strong></span> <span class='ocrx_word' id='word_1_420' title='bbox 1240 5215 1468 5270; x_wconf 84' lang='lat' dir='ltr'><strong>rhetore</strong></span> <span class='ocrx_word' id='word_1_421' title='bbox 1498 5215 1810 5270; x_wconf 89' lang='lat' dir='ltr'><strong>clarissimo</strong></span> <span class='ocrx_word' id='word_1_422' title='bbox 1839 5215 2013 5268; x_wconf 86' lang='lat' dir='ltr'><strong>latine</strong></span> 
     </span>
    </p>
   </div>
   <div class='ocr_carea' id='block_1_57' title="bbox 301 5302 2014 5375">
    <p class='ocr_par' dir='ltr' id='par_1_57' title="bbox 301 5302 2014 5375">
     <span class='ocr_line' id='line_1_57' title="bbox 301 5302 2014 5375; baseline 0.001 -17"><span class='ocrx_word' id='word_1_423' title='bbox 301 5305 540 5369; x_wconf 90' lang='lat' dir='ltr'><strong>redditi,</strong></span> <span class='ocrx_word' id='word_1_424' title='bbox 562 5320 667 5375; x_wconf 90' lang='lat' dir='ltr'><strong>per</strong></span> <span class='ocrx_word' id='word_1_425' title='bbox 695 5303 1005 5375; x_wconf 87' lang='lat' dir='ltr'><strong>quemdam</strong></span> <span class='ocrx_word' id='word_1_426' title='bbox 1035 5302 1328 5358; x_wconf 89' lang='lat' dir='ltr'><strong>hominem</strong></span> <span class='ocrx_word' id='word_1_427' title='bbox 1351 5309 1558 5374; x_wconf 80' lang='lat' dir='ltr'><strong>praeter</strong></span> <span class='ocrx_word' id='word_1_428' title='bbox 1590 5305 1826 5359; x_wconf 91' lang='lat' dir='ltr'><strong>modum</strong></span> <span class='ocrx_word' id='word_1_429' title='bbox 1863 5321 2014 5359; x_wconf 88' lang='lat' dir='ltr'><strong>arro-</strong></span> 
     </span>
    </p>
   </div>
   <div class='ocr_carea' id='block_1_58' title="bbox 298 5392 2008 5465">
    <p class='ocr_par' dir='ltr' id='par_1_58' title="bbox 298 5392 2008 5465">
     <span class='ocr_line' id='line_1_58' title="bbox 298 5392 2008 5465; baseline 0 -17"><span class='ocrx_word' id='word_1_430' title='bbox 298 5399 530 5465; x_wconf 86' lang='lat' dir='ltr'><strong>gantem</strong></span> <span class='ocrx_word' id='word_1_431' title='bbox 544 5394 848 5457; x_wconf 87' lang='lat' dir='ltr'><strong>etelatum,</strong></span> <span class='ocrx_word' id='word_1_432' title='bbox 873 5392 933 5447; x_wconf 91' lang='lat' dir='ltr'><strong>in</strong></span> <span class='ocrx_word' id='word_1_433' title='bbox 952 5394 1076 5463; x_wconf 89' lang='lat' dir='ltr'><strong>ejus</strong></span> <span class='ocrx_word' id='word_1_434' title='bbox 1098 5409 1306 5447; x_wconf 88' lang='lat' dir='ltr'><strong>manus</strong></span> <span class='ocrx_word' id='word_1_435' title='bbox 1321 5398 1596 5448; x_wconf 84' lang='lat' dir='ltr'><strong>venerunt</strong></span> <span class='ocrx_word' id='word_1_436' title='bbox 1609 5393 1776 5464; x_wconf 88' lang='lat' dir='ltr'><strong>(Ibid.</strong></span> <span class='ocrx_word' id='word_1_437' title='bbox 1788 5437 1802 5463; x_wconf 89' lang='lat'><strong>,</strong></span> <span class='ocrx_word' id='word_1_438' title='bbox 1817 5409 1938 5463; x_wconf 83' lang='lat' dir='ltr'><strong>cap.</strong></span> <span class='ocrx_word' id='word_1_439' title='bbox 1954 5397 2008 5463; x_wconf 87' lang='grc'><strong>9,</strong></span> 
     </span>
    </p>
   </div>
   <div class='ocr_carea' id='block_1_59' title="bbox 303 5480 2013 5552">
    <p class='ocr_par' dir='ltr' id='par_1_59' title="bbox 303 5480 2013 5552">
     <span class='ocr_line' id='line_1_59' title="bbox 303 5480 2013 5552; baseline -0.001 -16"><span class='ocrx_word' id='word_1_440' title='bbox 303 5499 360 5536; x_wconf 89' lang='lat' dir='ltr'><strong>n.</strong></span> <span class='ocrx_word' id='word_1_441' title='bbox 410 5486 510 5547; x_wconf 87' lang='grc'><strong>13).</strong></span> <span class='ocrx_word' id='word_1_442' title='bbox 551 5484 695 5538; x_wconf 87' lang='lat' dir='ltr'><strong>Nam</strong></span> <span class='ocrx_word' id='word_1_443' title='bbox 743 5499 878 5538; x_wconf 91' lang='lat' dir='ltr'><strong>cum</strong></span> <span class='ocrx_word' id='word_1_444' title='bbox 931 5481 1129 5536; x_wconf 63' lang='lat' dir='ltr'><strong>casteri</strong></span> <span class='ocrx_word' id='word_1_445' title='bbox 1170 5480 1521 5551; x_wconf 86' lang='lat' dir='ltr'><strong>philosophi,</strong></span> <span class='ocrx_word' id='word_1_446' title='bbox 1553 5482 1652 5552; x_wconf 92' lang='lat' dir='ltr'><strong>qui</strong></span> <span class='ocrx_word' id='word_1_447' title='bbox 1682 5481 1813 5536; x_wconf 92' lang='lat' dir='ltr'><strong>solis</strong></span> <span class='ocrx_word' id='word_1_448' title='bbox 1843 5483 2013 5538; x_wconf 88' lang='lat' dir='ltr'><strong>rebus</strong></span> 
     </span>
    </p>
   </div>
   <div class='ocr_carea' id='block_1_60' title="bbox 229 5569 2015 5642">
    <p class='ocr_par' dir='ltr' id='par_1_60' title="bbox 229 5569 2015 5642">
     <span class='ocr_line' id='line_1_60' title="bbox 229 5569 2015 5642; baseline -0.001 -15"><span class='ocrx_word' id='word_1_449' title='bbox 229 5579 238 5587; x_wconf 86' lang='lat'>&#39;</span> <span class='ocrx_word' id='word_1_450' title='bbox 309 5572 600 5642; x_wconf 87' lang='lat' dir='ltr'><strong>corporeis</strong></span> <span class='ocrx_word' id='word_1_451' title='bbox 656 5573 1004 5628; x_wconf 64' lang='lat' dir='ltr'><strong>inhaerentes</strong></span> <span class='ocrx_word' id='word_1_452' title='bbox 1079 5587 1195 5624; x_wconf 90' lang='lat' dir='ltr'><strong>non</strong></span> <span class='ocrx_word' id='word_1_453' title='bbox 1253 5569 1422 5624; x_wconf 88' lang='lat' dir='ltr'><strong>altius</strong></span> <span class='ocrx_word' id='word_1_454' title='bbox 1471 5575 1794 5642; x_wconf 87' lang='lat' dir='ltr'><strong>assurgunt,</strong></span> <span class='ocrx_word' id='word_1_455' title='bbox 1857 5571 2015 5626; x_wconf 83' lang='lat' dir='ltr'><strong>falla-</strong></span> 
     </span>
    </p>
   </div>
   <div class='ocr_carea' id='block_1_61' title="bbox 2104 421 3806 493">
    <p class='ocr_par' dir='ltr' id='par_1_61' title="bbox 2104 421 3806 493">
     <span class='ocr_line' id='line_1_61' title="bbox 2104 421 3806 493; baseline 0.002 -18"><span class='ocrx_word' id='word_1_456' title='bbox 2104 421 2320 476; x_wconf 92' lang='lat' dir='ltr'><strong>ciarum</strong></span> <span class='ocrx_word' id='word_1_457' title='bbox 2353 427 2409 475; x_wconf 89' lang='lat' dir='ltr'><strong>et</strong></span> <span class='ocrx_word' id='word_1_458' title='bbox 2437 421 2841 493; x_wconf 89' lang='lat' dir='ltr'><strong>deceptionum</strong></span> <span class='ocrx_word' id='word_1_459' title='bbox 2885 422 3042 493; x_wconf 85' lang='lat' dir='ltr'><strong>pleni</strong></span> <span class='ocrx_word' id='word_1_460' title='bbox 3089 422 3232 490; x_wconf 89' lang='lat' dir='ltr'><strong>sint;</strong></span> <span class='ocrx_word' id='word_1_461' title='bbox 3278 422 3551 478; x_wconf 89' lang='lat' dir='ltr'><strong>Platonici</strong></span> <span class='ocrx_word' id='word_1_462' title='bbox 3588 425 3806 479; x_wconf 87' lang='lat' dir='ltr'><strong>eunetis</strong></span> 
     </span>
    </p>
   </div>
   <div class='ocr_carea' id='block_1_62' title="bbox 2105 510 3811 582">
    <p class='ocr_par' dir='ltr' id='par_1_62' title="bbox 2105 510 3811 582">
     <span class='ocr_line' id='line_1_62' title="bbox 2105 510 3811 582; baseline 0.003 -19"><span class='ocrx_word' id='word_1_463' title='bbox 2105 510 2222 565; x_wconf 91' lang='lat' dir='ltr'><strong>suis</strong></span> <span class='ocrx_word' id='word_1_464' title='bbox 2251 510 2781 566; x_wconf 90' lang='lat' dir='ltr'><strong>ratiocinationibus</strong></span> <span class='ocrx_word' id='word_1_465' title='bbox 2811 516 3067 566; x_wconf 90' lang='lat' dir='ltr'><strong>mentem</strong></span> <span class='ocrx_word' id='word_1_466' title='bbox 3105 512 3176 566; x_wconf 94' lang='lat' dir='ltr'><strong>ad</strong></span> <span class='ocrx_word' id='word_1_467' title='bbox 3205 512 3588 582; x_wconf 89' lang='lat' dir='ltr'><strong>cognitionem</strong></span> <span class='ocrx_word' id='word_1_468' title='bbox 3620 513 3722 568; x_wconf 88' lang='lat' dir='ltr'><strong>Dei</strong></span> <span class='ocrx_word' id='word_1_469' title='bbox 3750 519 3811 568; x_wconf 86' lang='lat' dir='ltr'><strong>et</strong></span> 
     </span>
    </p>
   </div>
   <div class='ocr_carea' id='block_1_63' title="bbox 2104 599 3806 670">
    <p class='ocr_par' dir='ltr' id='par_1_63' title="bbox 2104 599 3806 670">
     <span class='ocr_line' id='line_1_63' title="bbox 2104 599 3806 670; baseline 0.002 -18"><span class='ocrx_word' id='word_1_470' title='bbox 2104 599 2272 653; x_wconf 79' lang='lat' dir='ltr'><strong>Verbi</strong></span> <span class='ocrx_word' id='word_1_471' title='bbox 2302 599 2424 669; x_wconf 87' lang='lat' dir='ltr'><strong>ejus</strong></span> <span class='ocrx_word' id='word_1_472' title='bbox 2453 599 2652 653; x_wconf 65' lang='lat' dir='ltr'><strong>aeterni</strong></span> <span class='ocrx_word' id='word_1_473' title='bbox 2680 605 2959 654; x_wconf 88' lang='lat' dir='ltr'><strong>conantur</strong></span> <span class='ocrx_word' id='word_1_474' title='bbox 2988 601 3248 654; x_wconf 82' lang='lat' dir='ltr'><strong>evehere.</strong></span> <span class='ocrx_word' id='word_1_475' title='bbox 3283 601 3488 670; x_wconf 84' lang='lat' dir='ltr'><strong>Reipsa</strong></span> <span class='ocrx_word' id='word_1_476' title='bbox 3517 601 3576 656; x_wconf 91' lang='lat' dir='ltr'><strong>in</strong></span> <span class='ocrx_word' id='word_1_477' title='bbox 3607 619 3806 656; x_wconf 90' lang='lat' dir='ltr'><strong>eorum</strong></span> 
     </span>
    </p>
   </div>
   <div class='ocr_carea' id='block_1_64' title="bbox 2102 687 3806 762">
    <p class='ocr_par' dir='ltr' id='par_1_64' title="bbox 2102 687 3806 762">
     <span class='ocr_line' id='line_1_64' title="bbox 2102 687 3806 762; baseline 0.002 -20"><span class='ocrx_word' id='word_1_478' title='bbox 2102 687 2264 742; x_wconf 90' lang='lat' dir='ltr'><strong>libris</strong></span> <span class='ocrx_word' id='word_1_479' title='bbox 2308 687 2542 758; x_wconf 86' lang='lat' dir='ltr'><strong>reperit,</strong></span> <span class='ocrx_word' id='word_1_480' title='bbox 2578 704 2697 742; x_wconf 89' lang='lat' dir='ltr'><strong>non</strong></span> <span class='ocrx_word' id='word_1_481' title='bbox 2738 688 2942 742; x_wconf 85' lang='lat' dir='ltr'><strong>iisdem</strong></span> <span class='ocrx_word' id='word_1_482' title='bbox 2990 689 3224 760; x_wconf 89' lang='lat' dir='ltr'><strong>quidem</strong></span> <span class='ocrx_word' id='word_1_483' title='bbox 3275 689 3481 754; x_wconf 88' lang='lat' dir='ltr'><strong>verbis,</strong></span> <span class='ocrx_word' id='word_1_484' title='bbox 3524 691 3806 762; x_wconf 90' lang='lat' dir='ltr'><strong>quidquid</strong></span> 
     </span>
    </p>
   </div>
   <div class='ocr_carea' id='block_1_65' title="bbox 2101 776 3812 850">
    <p class='ocr_par' dir='ltr' id='par_1_65' title="bbox 2101 776 3812 850">
     <span class='ocr_line' id='line_1_65' title="bbox 2101 776 3812 850; baseline 0.002 -20"><span class='ocrx_word' id='word_1_485' title='bbox 2101 776 2349 830; x_wconf 83' lang='lat' dir='ltr'><strong>Joannes</strong></span> <span class='ocrx_word' id='word_1_486' title='bbox 2378 776 2499 847; x_wconf 90' lang='lat' dir='ltr'><strong>ipse</strong></span> <span class='ocrx_word' id='word_1_487' title='bbox 2528 777 2814 847; x_wconf 87' lang='lat' dir='ltr'><strong>Evangelii</strong></span> <span class='ocrx_word' id='word_1_488' title='bbox 2845 777 2932 830; x_wconf 89' lang='lat' dir='ltr'><strong>sui</strong></span> <span class='ocrx_word' id='word_1_489' title='bbox 2961 777 3197 832; x_wconf 87' lang='lat' dir='ltr'><strong>exordio</strong></span> <span class='ocrx_word' id='word_1_490' title='bbox 3227 778 3296 832; x_wconf 89' lang='lat' dir='ltr'><strong>de</strong></span> <span class='ocrx_word' id='word_1_491' title='bbox 3322 779 3490 833; x_wconf 89' lang='lat' dir='ltr'><strong>Verbi</strong></span> <span class='ocrx_word' id='word_1_492' title='bbox 3520 779 3724 850; x_wconf 83' lang='lat' dir='ltr'><strong>gloria,</strong></span> <span class='ocrx_word' id='word_1_493' title='bbox 3751 784 3812 834; x_wconf 92' lang='lat' dir='ltr'><strong>et</strong></span> 
     </span>
    </p>
   </div>
   <div class='ocr_carea' id='block_1_66' title="bbox 2103 863 3808 935">
    <p class='ocr_par' dir='ltr' id='par_1_66' title="bbox 2103 863 3808 935">
     <span class='ocr_line' id='line_1_66' title="bbox 2103 863 3808 935; baseline 0.002 -19"><span class='ocrx_word' id='word_1_494' title='bbox 2103 863 2254 934; x_wconf 92' lang='lat' dir='ltr'><strong>quod</strong></span> <span class='ocrx_word' id='word_1_495' title='bbox 2298 865 2507 918; x_wconf 90' lang='lat' dir='ltr'><strong>Paulus</strong></span> <span class='ocrx_word' id='word_1_496' title='bbox 2546 863 2616 918; x_wconf 93' lang='lat' dir='ltr'><strong>de</strong></span> <span class='ocrx_word' id='word_1_497' title='bbox 2653 864 2910 935; x_wconf 89' lang='lat' dir='ltr'><strong>ejusdem</strong></span> <span class='ocrx_word' id='word_1_498' title='bbox 2949 865 3274 935; x_wconf 65' lang='lat' dir='ltr'><strong>arqualitate</strong></span> <span class='ocrx_word' id='word_1_499' title='bbox 3315 881 3444 919; x_wconf 91' lang='lat' dir='ltr'><strong>cum</strong></span> <span class='ocrx_word' id='word_1_500' title='bbox 3485 867 3667 933; x_wconf 88' lang='lat' dir='ltr'><strong>Patre,</strong></span> <span class='ocrx_word' id='word_1_501' title='bbox 3701 867 3808 920; x_wconf 86' lang='lat' dir='ltr'><strong>do-</strong></span> 
     </span>
    </p>
   </div>
   <div class='ocr_carea' id='block_1_67' title="bbox 2103 952 3813 1023">
    <p class='ocr_par' dir='ltr' id='par_1_67' title="bbox 2103 952 3813 1023">
     <span class='ocr_line' id='line_1_67' title="bbox 2103 952 3813 1023; baseline 0.001 -17"><span class='ocrx_word' id='word_1_502' title='bbox 2103 957 2250 1006; x_wconf 91' lang='lat' dir='ltr'><strong>cent.</strong></span> <span class='ocrx_word' id='word_1_503' title='bbox 2301 952 2519 1007; x_wconf 82' lang='lat' dir='ltr'><strong>Ibidem</strong></span> <span class='ocrx_word' id='word_1_504' title='bbox 2563 953 2777 1023; x_wconf 91' lang='lat' dir='ltr'><strong>reperit</strong></span> <span class='ocrx_word' id='word_1_505' title='bbox 2826 953 3032 1007; x_wconf 87' lang='lat' dir='ltr'><strong>Filium</strong></span> <span class='ocrx_word' id='word_1_506' title='bbox 3079 954 3232 1008; x_wconf 88' lang='lat' dir='ltr'><strong>Patri</strong></span> <span class='ocrx_word' id='word_1_507' title='bbox 3279 971 3383 1009; x_wconf 90' lang='lat' dir='ltr'><strong>suo</strong></span> <span class='ocrx_word' id='word_1_508' title='bbox 3429 971 3550 1008; x_wconf 89' lang='lat' dir='ltr'><strong>esse</strong></span> <span class='ocrx_word' id='word_1_509' title='bbox 3578 960 3813 1009; x_wconf 64' lang='lat' dir='ltr'><strong>coaeter-</strong></span> 
     </span>
    </p>
   </div>
   <div class='ocr_carea' id='block_1_68' title="bbox 2103 1042 3806 1114">
    <p class='ocr_par' dir='ltr' id='par_1_68' title="bbox 2103 1042 3806 1114">
     <span class='ocr_line' id='line_1_68' title="bbox 2103 1042 3806 1114; baseline 0.001 -19"><span class='ocrx_word' id='word_1_510' title='bbox 2103 1057 2264 1108; x_wconf 86' lang='lat' dir='ltr'><strong>num,</strong></span> <span class='ocrx_word' id='word_1_511' title='bbox 2296 1047 2428 1096; x_wconf 88' lang='lat' dir='ltr'><strong>ante</strong></span> <span class='ocrx_word' id='word_1_512' title='bbox 2461 1043 2655 1096; x_wconf 88' lang='lat' dir='ltr'><strong>omnia</strong></span> <span class='ocrx_word' id='word_1_513' title='bbox 2684 1046 2741 1096; x_wconf 93' lang='lat' dir='ltr'><strong>et</strong></span> <span class='ocrx_word' id='word_1_514' title='bbox 2769 1059 2941 1112; x_wconf 90' lang='lat' dir='ltr'><strong>supra</strong></span> <span class='ocrx_word' id='word_1_515' title='bbox 2972 1042 3167 1096; x_wconf 86' lang='lat' dir='ltr'><strong>omnia</strong></span> <span class='ocrx_word' id='word_1_516' title='bbox 3195 1047 3458 1114; x_wconf 89' lang='lat' dir='ltr'><strong>tempora</strong></span> <span class='ocrx_word' id='word_1_517' title='bbox 3487 1043 3806 1098; x_wconf 91' lang='lat' dir='ltr'><strong>incommu-</strong></span> 
     </span>
    </p>
   </div>
   <div class='ocr_carea' id='block_1_69' title="bbox 2103 1129 3813 1203">
    <p class='ocr_par' dir='ltr' id='par_1_69' title="bbox 2103 1129 3813 1203">
     <span class='ocr_line' id='line_1_69' title="bbox 2103 1129 3813 1203; baseline 0.002 -21"><span class='ocrx_word' id='word_1_518' title='bbox 2103 1129 2357 1184; x_wconf 90' lang='lat' dir='ltr'><strong>tabiliter</strong></span> <span class='ocrx_word' id='word_1_519' title='bbox 2387 1146 2725 1200; x_wconf 88' lang='lat' dir='ltr'><strong>permanere</strong></span> <span class='ocrx_word' id='word_1_520' title='bbox 2749 1147 2761 1185; x_wconf 93' lang='lat'><strong>:</strong></span> <span class='ocrx_word' id='word_1_521' title='bbox 2788 1130 3009 1184; x_wconf 79' lang='lat' dir='ltr'><strong>animas</strong></span> <span class='ocrx_word' id='word_1_522' title='bbox 3029 1131 3099 1185; x_wconf 91' lang='lat' dir='ltr'><strong>de</strong></span> <span class='ocrx_word' id='word_1_523' title='bbox 3127 1131 3488 1202; x_wconf 89' lang='lat' dir='ltr'><strong>plenitudine</strong></span> <span class='ocrx_word' id='word_1_524' title='bbox 3521 1133 3643 1203; x_wconf 88' lang='lat' dir='ltr'><strong>ejus</strong></span> <span class='ocrx_word' id='word_1_525' title='bbox 3668 1133 3813 1186; x_wconf 89' lang='lat' dir='ltr'><strong>acci-</strong></span> 
     </span>
    </p>
   </div>
   <div class='ocr_carea' id='block_1_70' title="bbox 2103 1217 3812 1289">
    <p class='ocr_par' dir='ltr' id='par_1_70' title="bbox 2103 1217 3812 1289">
     <span class='ocr_line' id='line_1_70' title="bbox 2103 1217 3812 1289; baseline 0.001 -19"><span class='ocrx_word' id='word_1_526' title='bbox 2103 1233 2260 1287; x_wconf 88' lang='lat' dir='ltr'><strong>pere,</strong></span> <span class='ocrx_word' id='word_1_527' title='bbox 2296 1222 2359 1271; x_wconf 91' lang='lat' dir='ltr'><strong>ut</strong></span> <span class='ocrx_word' id='word_1_528' title='bbox 2387 1218 2566 1272; x_wconf 68' lang='lat' dir='ltr'><strong>beatae</strong></span> <span class='ocrx_word' id='word_1_529' title='bbox 2606 1218 2739 1285; x_wconf 91' lang='lat' dir='ltr'><strong>sint,</strong></span> <span class='ocrx_word' id='word_1_530' title='bbox 2780 1221 2837 1272; x_wconf 91' lang='lat' dir='ltr'><strong>et</strong></span> <span class='ocrx_word' id='word_1_531' title='bbox 2869 1217 3309 1289; x_wconf 87' lang='lat' dir='ltr'><strong>participatione</strong></span> <span class='ocrx_word' id='word_1_532' title='bbox 3351 1221 3632 1274; x_wconf 89' lang='lat' dir='ltr'><strong>manentis</strong></span> <span class='ocrx_word' id='word_1_533' title='bbox 3659 1219 3719 1273; x_wconf 92' lang='lat' dir='ltr'><strong>in</strong></span> <span class='ocrx_word' id='word_1_534' title='bbox 3749 1236 3812 1272; x_wconf 89' lang='lat' dir='ltr'><strong>se</strong></span> 
     </span>
    </p>
   </div>
   <div class='ocr_carea' id='block_1_71' title="bbox 2104 1306 3810 1378">
    <p class='ocr_par' dir='ltr' id='par_1_71' title="bbox 2104 1306 3810 1378">
     <span class='ocr_line' id='line_1_71' title="bbox 2104 1306 3810 1378; baseline 0.003 -19"><span class='ocrx_word' id='word_1_535' title='bbox 2104 1306 2408 1376; x_wconf 69' lang='lat' dir='ltr'><strong>Sapientia:</strong></span> <span class='ocrx_word' id='word_1_536' title='bbox 2439 1307 2722 1375; x_wconf 88' lang='lat' dir='ltr'><strong>renovari,</strong></span> <span class='ocrx_word' id='word_1_537' title='bbox 2746 1312 2812 1361; x_wconf 94' lang='lat' dir='ltr'><strong>ut</strong></span> <span class='ocrx_word' id='word_1_538' title='bbox 2841 1307 2956 1361; x_wconf 87' lang='lat' dir='ltr'><strong>sint</strong></span> <span class='ocrx_word' id='word_1_539' title='bbox 2985 1308 3290 1378; x_wconf 90' lang='lat' dir='ltr'><strong>sapientes.</strong></span> <span class='ocrx_word' id='word_1_540' title='bbox 3316 1309 3447 1363; x_wconf 88' lang='lat' dir='ltr'><strong>Inde</strong></span> <span class='ocrx_word' id='word_1_541' title='bbox 3475 1309 3810 1376; x_wconf 79' lang='lat' dir='ltr'><strong>admonitus,</strong></span> 
     </span>
    </p>
   </div>
   <div class='ocr_carea' id='block_1_72' title="bbox 2105 1395 3811 1466">
    <p class='ocr_par' dir='ltr' id='par_1_72' title="bbox 2105 1395 3811 1466">
     <span class='ocr_line' id='line_1_72' title="bbox 2105 1395 3811 1466; baseline 0.002 -18"><span class='ocrx_word' id='word_1_542' title='bbox 2105 1395 2314 1465; x_wconf 87' lang='lat' dir='ltr'><strong>inquit,</strong></span> <span class='ocrx_word' id='word_1_543' title='bbox 2345 1395 2527 1449; x_wconf 88' lang='lat' dir='ltr'><strong>redire</strong></span> <span class='ocrx_word' id='word_1_544' title='bbox 2556 1396 2630 1448; x_wconf 88' lang='lat' dir='ltr'><strong>ad</strong></span> <span class='ocrx_word' id='word_1_545' title='bbox 2668 1399 3060 1466; x_wconf 87' lang='lat' dir='ltr'><strong>memetipsum,</strong></span> <span class='ocrx_word' id='word_1_546' title='bbox 3099 1400 3310 1451; x_wconf 82' lang='lat' dir='ltr'><strong>intravi</strong></span> <span class='ocrx_word' id='word_1_547' title='bbox 3351 1401 3410 1452; x_wconf 87' lang='lat' dir='ltr'><strong>in</strong></span> <span class='ocrx_word' id='word_1_548' title='bbox 3447 1400 3641 1452; x_wconf 83' lang='lat' dir='ltr'><strong>intima</strong></span> <span class='ocrx_word' id='word_1_549' title='bbox 3670 1415 3811 1465; x_wconf 88' lang='lat' dir='ltr'><strong>mea,</strong></span> 
     </span>
    </p>
   </div>
   <div class='ocr_carea' id='block_1_73' title="bbox 2105 1485 3810 1556">
    <p class='ocr_par' dir='ltr' id='par_1_73' title="bbox 2105 1485 3810 1556">
     <span class='ocr_line' id='line_1_73' title="bbox 2105 1485 3810 1556; baseline 0.001 -18"><span class='ocrx_word' id='word_1_550' title='bbox 2105 1485 2236 1538; x_wconf 89' lang='lat' dir='ltr'><strong>duce</strong></span> <span class='ocrx_word' id='word_1_551' title='bbox 2266 1489 2346 1552; x_wconf 90' lang='lat' dir='ltr'><strong>te;</strong></span> <span class='ocrx_word' id='word_1_552' title='bbox 2389 1489 2439 1538; x_wconf 87' lang='lat' dir='ltr'><strong>et</strong></span> <span class='ocrx_word' id='word_1_553' title='bbox 2472 1487 2646 1554; x_wconf 85' lang='lat' dir='ltr'><strong>potui,</strong></span> <span class='ocrx_word' id='word_1_554' title='bbox 2685 1487 2941 1554; x_wconf 85' lang='lat' dir='ltr'><strong>quoniam</strong></span> <span class='ocrx_word' id='word_1_555' title='bbox 2969 1488 3151 1552; x_wconf 82' lang='lat' dir='ltr'><strong>factus</strong></span> <span class='ocrx_word' id='word_1_556' title='bbox 3179 1501 3231 1540; x_wconf 90' lang='lat' dir='ltr'><strong>es</strong></span> <span class='ocrx_word' id='word_1_557' title='bbox 3257 1486 3478 1556; x_wconf 86' lang='lat' dir='ltr'><strong>adjutor</strong></span> <span class='ocrx_word' id='word_1_558' title='bbox 3504 1501 3678 1540; x_wconf 87' lang='lat' dir='ltr'><strong>meus.</strong></span> <span class='ocrx_word' id='word_1_559' title='bbox 3716 1487 3810 1541; x_wconf 88' lang='lat' dir='ltr'><strong>ln-</strong></span> 
     </span>
    </p>
   </div>
   <div class='ocr_carea' id='block_1_74' title="bbox 2106 1573 3812 1643">
    <p class='ocr_par' dir='ltr' id='par_1_74' title="bbox 2106 1573 3812 1643">
     <span class='ocr_line' id='line_1_74' title="bbox 2106 1573 3812 1643; baseline 0.001 -17"><span class='ocrx_word' id='word_1_560' title='bbox 2106 1575 2272 1638; x_wconf 77' lang='lat' dir='ltr'><strong>trari,</strong></span> <span class='ocrx_word' id='word_1_561' title='bbox 2323 1583 2371 1626; x_wconf 87' lang='lat' dir='ltr'><strong>et</strong></span> <span class='ocrx_word' id='word_1_562' title='bbox 2415 1573 2533 1627; x_wconf 81' lang='lat' dir='ltr'><strong>vidi</strong></span> <span class='ocrx_word' id='word_1_563' title='bbox 2574 1574 2956 1643; x_wconf 85' lang='lat' dir='ltr'><strong>qualicumque</strong></span> <span class='ocrx_word' id='word_1_564' title='bbox 3006 1575 3154 1628; x_wconf 86' lang='lat' dir='ltr'><strong>oculo</strong></span> <span class='ocrx_word' id='word_1_565' title='bbox 3199 1577 3394 1628; x_wconf 66' lang='lat' dir='ltr'><strong>anima?</strong></span> <span class='ocrx_word' id='word_1_566' title='bbox 3448 1591 3594 1638; x_wconf 58' lang='lat' dir='ltr'><strong>mea,</strong></span> <span class='ocrx_word' id='word_1_567' title='bbox 3638 1590 3812 1643; x_wconf 84' lang='lat' dir='ltr'><strong>supra</strong></span> 
     </span>
    </p>
   </div>
   <div class='ocr_carea' id='block_1_75' title="bbox 2105 1661 3810 1732">
    <p class='ocr_par' dir='ltr' id='par_1_75' title="bbox 2105 1661 3810 1732">
     <span class='ocr_line' id='line_1_75' title="bbox 2105 1661 3810 1732; baseline 0 -16"><span class='ocrx_word' id='word_1_568' title='bbox 2105 1661 2344 1716; x_wconf 86' lang='lat' dir='ltr'><strong>eumdem</strong></span> <span class='ocrx_word' id='word_1_569' title='bbox 2373 1663 2582 1716; x_wconf 90' lang='lat' dir='ltr'><strong>oculum</strong></span> <span class='ocrx_word' id='word_1_570' title='bbox 2615 1664 2807 1716; x_wconf 72' lang='lat' dir='ltr'><strong>animae</strong></span> <span class='ocrx_word' id='word_1_571' title='bbox 2835 1678 2981 1726; x_wconf 64' lang='lat' dir='ltr'><strong>mem,</strong></span> <span class='ocrx_word' id='word_1_572' title='bbox 3021 1678 3190 1732; x_wconf 84' lang='lat' dir='ltr'><strong>supra</strong></span> <span class='ocrx_word' id='word_1_573' title='bbox 3227 1668 3454 1717; x_wconf 82' lang='lat' dir='ltr'><strong>mentem</strong></span> <span class='ocrx_word' id='word_1_574' title='bbox 3490 1679 3684 1730; x_wconf 89' lang='lat' dir='ltr'><strong>meam,</strong></span> <span class='ocrx_word' id='word_1_575' title='bbox 3724 1664 3810 1716; x_wconf 90' lang='lat' dir='ltr'><strong>lu-</strong></span> 
     </span>
    </p>
   </div>
   <div class='ocr_carea' id='block_1_76' title="bbox 2106 1751 3810 1822">
    <p class='ocr_par' dir='ltr' id='par_1_76' title="bbox 2106 1751 3810 1822">
     <span class='ocr_line' id='line_1_76' title="bbox 2106 1751 3810 1822; baseline 0 -18"><span class='ocrx_word' id='word_1_576' title='bbox 2106 1767 2212 1805; x_wconf 87' lang='lat' dir='ltr'><strong>cem</strong></span> <span class='ocrx_word' id='word_1_577' title='bbox 2270 1751 2787 1819; x_wconf 82' lang='lat' dir='ltr'><strong>incommutabilem;</strong></span> <span class='ocrx_word' id='word_1_578' title='bbox 2832 1767 2938 1806; x_wconf 88' lang='lat' dir='ltr'><strong>non</strong></span> <span class='ocrx_word' id='word_1_579' title='bbox 2980 1753 3118 1806; x_wconf 87' lang='lat' dir='ltr'><strong>hanc</strong></span> <span class='ocrx_word' id='word_1_580' title='bbox 3169 1753 3446 1821; x_wconf 84' lang='lat' dir='ltr'><strong>vulgarem</strong></span> <span class='ocrx_word' id='word_1_581' title='bbox 3501 1757 3551 1806; x_wconf 87' lang='lat' dir='ltr'><strong>et</strong></span> <span class='ocrx_word' id='word_1_582' title='bbox 3595 1755 3810 1822; x_wconf 84' lang='lat' dir='ltr'><strong>conspi-</strong></span> 
     </span>
    </p>
   </div>
   <div class='ocr_carea' id='block_1_77' title="bbox 2105 1841 3815 1910">
    <p class='ocr_par' dir='ltr' id='par_1_77' title="bbox 2105 1841 3815 1910">
     <span class='ocr_line' id='line_1_77' title="bbox 2105 1841 3815 1910; baseline 0.001 -17"><span class='ocrx_word' id='word_1_583' title='bbox 2105 1856 2260 1894; x_wconf 88' lang='lat' dir='ltr'><strong>cuam</strong></span> <span class='ocrx_word' id='word_1_584' title='bbox 2290 1843 2438 1894; x_wconf 89' lang='lat' dir='ltr'><strong>omni</strong></span> <span class='ocrx_word' id='word_1_585' title='bbox 2463 1842 2635 1906; x_wconf 87' lang='lat' dir='ltr'><strong>carni,</strong></span> <span class='ocrx_word' id='word_1_586' title='bbox 2661 1856 2756 1894; x_wconf 87' lang='lat' dir='ltr'><strong>nec</strong></span> <span class='ocrx_word' id='word_1_587' title='bbox 2795 1843 2958 1909; x_wconf 85' lang='lat' dir='ltr'><strong>quasi</strong></span> <span class='ocrx_word' id='word_1_588' title='bbox 2991 1857 3059 1895; x_wconf 73' lang='lat' dir='ltr'><strong>ex</strong></span> <span class='ocrx_word' id='word_1_589' title='bbox 3088 1841 3267 1895; x_wconf 86' lang='lat' dir='ltr'><strong>eodem</strong></span> <span class='ocrx_word' id='word_1_590' title='bbox 3297 1857 3502 1910; x_wconf 86' lang='lat' dir='ltr'><strong>genere.</strong></span> <span class='ocrx_word' id='word_1_591' title='bbox 3537 1841 3815 1897; x_wconf 87' lang='lat' dir='ltr'><strong>Grandior</strong></span> 
     </span>
    </p>
   </div>
   <div class='ocr_carea' id='block_1_78' title="bbox 2106 1930 3810 1999">
    <p class='ocr_par' dir='ltr' id='par_1_78' title="bbox 2106 1930 3810 1999">
     <span class='ocr_line' id='line_1_78' title="bbox 2106 1930 3810 1999; baseline 0.001 -17"><span class='ocrx_word' id='word_1_592' title='bbox 2106 1933 2242 1993; x_wconf 83' lang='lat' dir='ltr'><strong>erat,</strong></span> <span class='ocrx_word' id='word_1_593' title='bbox 2272 1933 2532 1999; x_wconf 87' lang='lat' dir='ltr'><strong>tanquam</strong></span> <span class='ocrx_word' id='word_1_594' title='bbox 2553 1931 2603 1984; x_wconf 92' lang='lat' dir='ltr'><strong>si</strong></span> <span class='ocrx_word' id='word_1_595' title='bbox 2620 1931 2727 1984; x_wconf 86' lang='lat' dir='ltr'><strong>ista</strong></span> <span class='ocrx_word' id='word_1_596' title='bbox 2752 1931 2918 1984; x_wconf 89' lang='lat' dir='ltr'><strong>multo</strong></span> <span class='ocrx_word' id='word_1_597' title='bbox 2939 1932 3217 1999; x_wconf 90' lang='lat' dir='ltr'><strong>multoque</strong></span> <span class='ocrx_word' id='word_1_598' title='bbox 3245 1931 3447 1984; x_wconf 89' lang='lat' dir='ltr'><strong>clarius</strong></span> <span class='ocrx_word' id='word_1_599' title='bbox 3477 1930 3810 1998; x_wconf 81' lang='lat' dir='ltr'><strong>claresceret,</strong></span> 
     </span>
    </p>
   </div>
   <div class='ocr_carea' id='block_1_79' title="bbox 2109 2019 3814 2088">
    <p class='ocr_par' dir='ltr' id='par_1_79' title="bbox 2109 2019 3814 2088">
     <span class='ocr_line' id='line_1_79' title="bbox 2109 2019 3814 2088; baseline 0.001 -16"><span class='ocrx_word' id='word_1_600' title='bbox 2109 2023 2380 2087; x_wconf 88' lang='lat' dir='ltr'><strong>totumque</strong></span> <span class='ocrx_word' id='word_1_601' title='bbox 2408 2024 2689 2088; x_wconf 87' lang='lat' dir='ltr'><strong>occuparet</strong></span> <span class='ocrx_word' id='word_1_602' title='bbox 2721 2019 3119 2084; x_wconf 86' lang='lat' dir='ltr'><strong>magnitudine.</strong></span> <span class='ocrx_word' id='word_1_603' title='bbox 3155 2021 3274 2076; x_wconf 87' lang='lat' dir='ltr'><strong>Non</strong></span> <span class='ocrx_word' id='word_1_604' title='bbox 3301 2021 3395 2074; x_wconf 85' lang='lat' dir='ltr'><strong>hoc</strong></span> <span class='ocrx_word' id='word_1_605' title='bbox 3425 2020 3526 2073; x_wconf 86' lang='lat' dir='ltr'><strong>illa</strong></span> <span class='ocrx_word' id='word_1_606' title='bbox 3552 2024 3689 2085; x_wconf 85' lang='lat' dir='ltr'><strong>erat,</strong></span> <span class='ocrx_word' id='word_1_607' title='bbox 3717 2019 3814 2073; x_wconf 85' lang='lat' dir='ltr'><strong>sed</strong></span> 
     </span>
    </p>
   </div>
   <div class='ocr_carea' id='block_1_80' title="bbox 2107 2107 3812 2176">
    <p class='ocr_par' dir='ltr' id='par_1_80' title="bbox 2107 2107 3812 2176">
     <span class='ocr_line' id='line_1_80' title="bbox 2107 2107 3812 2176; baseline 0.001 -16"><span class='ocrx_word' id='word_1_608' title='bbox 2107 2107 2280 2168; x_wconf 88' lang='lat' dir='ltr'><strong>aliud,</strong></span> <span class='ocrx_word' id='word_1_609' title='bbox 2307 2107 2463 2161; x_wconf 87' lang='lat' dir='ltr'><strong>aliud</strong></span> <span class='ocrx_word' id='word_1_610' title='bbox 2490 2107 2648 2160; x_wconf 84' lang='lat' dir='ltr'><strong>valde</strong></span> <span class='ocrx_word' id='word_1_611' title='bbox 2676 2108 2744 2160; x_wconf 90' lang='lat' dir='ltr'><strong>ab</strong></span> <span class='ocrx_word' id='word_1_612' title='bbox 2782 2111 2902 2162; x_wconf 87' lang='lat' dir='ltr'><strong>istis</strong></span> <span class='ocrx_word' id='word_1_613' title='bbox 2941 2107 3206 2162; x_wconf 83' lang='lat' dir='ltr'><strong>omnibus.</strong></span> <span class='ocrx_word' id='word_1_614' title='bbox 3241 2109 3348 2163; x_wconf 85' lang='lat' dir='ltr'><strong>Nec</strong></span> <span class='ocrx_word' id='word_1_615' title='bbox 3384 2109 3463 2162; x_wconf 87' lang='lat' dir='ltr'><strong>ita</strong></span> <span class='ocrx_word' id='word_1_616' title='bbox 3495 2113 3611 2162; x_wconf 89' lang='lat' dir='ltr'><strong>crat</strong></span> <span class='ocrx_word' id='word_1_617' title='bbox 3639 2123 3812 2176; x_wconf 83' lang='lat' dir='ltr'><strong>supra</strong></span> 
     </span>
    </p>
   </div>
   <div class='ocr_carea' id='block_1_81' title="bbox 2106 2198 3813 2266">
    <p class='ocr_par' dir='ltr' id='par_1_81' title="bbox 2106 2198 3813 2266">
     <span class='ocr_line' id='line_1_81' title="bbox 2106 2198 3813 2266; baseline -0.001 -16"><span class='ocrx_word' id='word_1_618' title='bbox 2106 2201 2331 2251; x_wconf 89' lang='lat' dir='ltr'><strong>mentem</strong></span> <span class='ocrx_word' id='word_1_619' title='bbox 2360 2212 2552 2262; x_wconf 87' lang='lat' dir='ltr'><strong>meam,</strong></span> <span class='ocrx_word' id='word_1_620' title='bbox 2583 2198 2721 2251; x_wconf 85' lang='lat' dir='ltr'><strong>sicut</strong></span> <span class='ocrx_word' id='word_1_621' title='bbox 2762 2198 2932 2251; x_wconf 90' lang='lat' dir='ltr'><strong>oleum</strong></span> <span class='ocrx_word' id='word_1_622' title='bbox 2960 2212 3122 2266; x_wconf 86' lang='lat' dir='ltr'><strong>super</strong></span> <span class='ocrx_word' id='word_1_623' title='bbox 3149 2212 3371 2266; x_wconf 87' lang='lat' dir='ltr'><strong>aquam,</strong></span> <span class='ocrx_word' id='word_1_624' title='bbox 3403 2213 3496 2251; x_wconf 88' lang='lat' dir='ltr'><strong>nec</strong></span> <span class='ocrx_word' id='word_1_625' title='bbox 3527 2198 3669 2252; x_wconf 86' lang='lat' dir='ltr'><strong>sicut</strong></span> <span class='ocrx_word' id='word_1_626' title='bbox 3703 2212 3813 2250; x_wconf 73' lang='lat' dir='ltr'><strong>ctr-</strong></span> 
     </span>
    </p>
   </div>
   <div class='ocr_carea' id='block_1_82' title="bbox 2109 2285 3815 2356">
    <p class='ocr_par' dir='ltr' id='par_1_82' title="bbox 2109 2285 3815 2356">
     <span class='ocr_line' id='line_1_82' title="bbox 2109 2285 3815 2356; baseline 0 -17"><span class='ocrx_word' id='word_1_627' title='bbox 2109 2287 2218 2339; x_wconf 91' lang='lat' dir='ltr'><strong>lum</strong></span> <span class='ocrx_word' id='word_1_628' title='bbox 2247 2300 2409 2354; x_wconf 89' lang='lat' dir='ltr'><strong>super</strong></span> <span class='ocrx_word' id='word_1_629' title='bbox 2441 2289 2669 2352; x_wconf 86' lang='lat' dir='ltr'><strong>terram;</strong></span> <span class='ocrx_word' id='word_1_630' title='bbox 2701 2285 2796 2340; x_wconf 84' lang='lat' dir='ltr'><strong>sed</strong></span> <span class='ocrx_word' id='word_1_631' title='bbox 2823 2288 3090 2355; x_wconf 86' lang='lat' dir='ltr'><strong>superior,</strong></span> <span class='ocrx_word' id='word_1_632' title='bbox 3129 2289 3262 2356; x_wconf 89' lang='lat' dir='ltr'><strong>quia</strong></span> <span class='ocrx_word' id='word_1_633' title='bbox 3303 2288 3426 2355; x_wconf 86' lang='lat' dir='ltr'><strong>ipsa</strong></span> <span class='ocrx_word' id='word_1_634' title='bbox 3460 2288 3591 2352; x_wconf 84' lang='lat' dir='ltr'><strong>fecit</strong></span> <span class='ocrx_word' id='word_1_635' title='bbox 3620 2301 3729 2349; x_wconf 86' lang='lat' dir='ltr'><strong>me;</strong></span> <span class='ocrx_word' id='word_1_636' title='bbox 3762 2290 3815 2339; x_wconf 85' lang='lat' dir='ltr'><strong>et</strong></span> 
     </span>
    </p>
   </div>
   <div class='ocr_carea' id='block_1_83' title="bbox 2108 2375 3812 2443">
    <p class='ocr_par' dir='ltr' id='par_1_83' title="bbox 2108 2375 3812 2443">
     <span class='ocr_line' id='line_1_83' title="bbox 2108 2375 3812 2443; baseline 0.001 -17"><span class='ocrx_word' id='word_1_637' title='bbox 2108 2388 2202 2442; x_wconf 91' lang='lat' dir='ltr'><strong>ego</strong></span> <span class='ocrx_word' id='word_1_638' title='bbox 2228 2375 2476 2440; x_wconf 81' lang='lat' dir='ltr'><strong>inferior,</strong></span> <span class='ocrx_word' id='word_1_639' title='bbox 2512 2376 2644 2443; x_wconf 88' lang='lat' dir='ltr'><strong>quia</strong></span> <span class='ocrx_word' id='word_1_640' title='bbox 2668 2377 2849 2441; x_wconf 80' lang='lat' dir='ltr'><strong>factus</strong></span> <span class='ocrx_word' id='word_1_641' title='bbox 2871 2390 2989 2429; x_wconf 92' lang='lat' dir='ltr'><strong>sum</strong></span> <span class='ocrx_word' id='word_1_642' title='bbox 3015 2375 3082 2428; x_wconf 90' lang='lat' dir='ltr'><strong>ab</strong></span> <span class='ocrx_word' id='word_1_643' title='bbox 3113 2390 3193 2428; x_wconf 89' lang='lat' dir='ltr'><strong>ea.</strong></span> <span class='ocrx_word' id='word_1_644' title='bbox 3227 2375 3332 2441; x_wconf 86' lang='lat' dir='ltr'><strong>Qui</strong></span> <span class='ocrx_word' id='word_1_645' title='bbox 3355 2375 3504 2429; x_wconf 88' lang='lat' dir='ltr'><strong>novit</strong></span> <span class='ocrx_word' id='word_1_646' title='bbox 3531 2376 3812 2428; x_wconf 80' lang='lat' dir='ltr'><strong>veritatem</strong></span> 
     </span>
    </p>
   </div>
   <div class='ocr_carea' id='block_1_84' title="bbox 2108 2463 3812 2530">
    <p class='ocr_par' dir='ltr' id='par_1_84' title="bbox 2108 2463 3812 2530">
     <span class='ocr_line' id='line_1_84' title="bbox 2108 2463 3812 2530; baseline 0 -14"><span class='ocrx_word' id='word_1_647' title='bbox 2108 2466 2256 2516; x_wconf 74' lang='lat' dir='ltr'><strong>novit</strong></span> <span class='ocrx_word' id='word_1_648' title='bbox 2281 2477 2433 2516; x_wconf 90' lang='lat' dir='ltr'><strong>eam:</strong></span> <span class='ocrx_word' id='word_1_649' title='bbox 2463 2467 2512 2516; x_wconf 90' lang='lat' dir='ltr'><strong>et</strong></span> <span class='ocrx_word' id='word_1_650' title='bbox 2537 2464 2634 2530; x_wconf 92' lang='lat' dir='ltr'><strong>qui</strong></span> <span class='ocrx_word' id='word_1_651' title='bbox 2652 2465 2802 2517; x_wconf 84' lang='lat' dir='ltr'><strong>novit</strong></span> <span class='ocrx_word' id='word_1_652' title='bbox 2831 2479 2968 2527; x_wconf 80' lang='lat' dir='ltr'><strong>emn,</strong></span> <span class='ocrx_word' id='word_1_653' title='bbox 2994 2465 3143 2517; x_wconf 88' lang='lat' dir='ltr'><strong>novit</strong></span> <span class='ocrx_word' id='word_1_654' title='bbox 3161 2465 3531 2517; x_wconf 76' lang='lat' dir='ltr'><strong>aeternitatem.</strong></span> <span class='ocrx_word' id='word_1_655' title='bbox 3558 2463 3812 2519; x_wconf 83' lang='lat' dir='ltr'><strong>Charitas</strong></span> 
     </span>
    </p>
   </div>
   <div class='ocr_carea' id='block_1_85' title="bbox 2110 2550 3812 2622">
    <p class='ocr_par' dir='ltr' id='par_1_85' title="bbox 2110 2550 3812 2622">
     <span class='ocr_line' id='line_1_85' title="bbox 2110 2550 3812 2622; baseline -0.001 -18"><span class='ocrx_word' id='word_1_656' title='bbox 2110 2553 2260 2605; x_wconf 86' lang='lat' dir='ltr'><strong>novit</strong></span> <span class='ocrx_word' id='word_1_657' title='bbox 2286 2567 2402 2605; x_wconf 89' lang='lat' dir='ltr'><strong>eam</strong></span> <span class='ocrx_word' id='word_1_658' title='bbox 2432 2551 2612 2618; x_wconf 67' lang='lat' dir='ltr'><strong>(Ibid,</strong></span> <span class='ocrx_word' id='word_1_659' title='bbox 2650 2568 2769 2622; x_wconf 88' lang='lat' dir='ltr'><strong>cap.</strong></span> <span class='ocrx_word' id='word_1_660' title='bbox 2812 2553 2898 2621; x_wconf 89' lang='grc'><strong>10,</strong></span> <span class='ocrx_word' id='word_1_661' title='bbox 2930 2568 2985 2606; x_wconf 89' lang='lat' dir='ltr'><strong>n.</strong></span> <span class='ocrx_word' id='word_1_662' title='bbox 3032 2555 3134 2619; x_wconf 76' lang='grc'>16).</span> <span class='ocrx_word' id='word_1_663' title='bbox 3170 2554 3370 2607; x_wconf 89' lang='lat' dir='ltr'><strong>Postea</strong></span> <span class='ocrx_word' id='word_1_664' title='bbox 3412 2553 3534 2606; x_wconf 84' lang='lat' dir='ltr'><strong>fuse</strong></span> <span class='ocrx_word' id='word_1_665' title='bbox 3563 2569 3628 2605; x_wconf 92' lang='lat' dir='ltr'><strong>ac</strong></span> <span class='ocrx_word' id='word_1_666' title='bbox 3657 2550 3812 2604; x_wconf 85' lang='lat' dir='ltr'><strong>miri-</strong></span> 
     </span>
    </p>
   </div>
   <div class='ocr_carea' id='block_1_86' title="bbox 2111 2639 3810 2711">
    <p class='ocr_par' dir='ltr' id='par_1_86' title="bbox 2111 2639 3810 2711">
     <span class='ocr_line' id='line_1_86' title="bbox 2111 2639 3810 2711; baseline 0 -18"><span class='ocrx_word' id='word_1_667' title='bbox 2111 2639 2214 2693; x_wconf 76' lang='lat' dir='ltr'><strong>tice</strong></span> <span class='ocrx_word' id='word_1_668' title='bbox 2253 2639 2541 2706; x_wconf 87' lang='lat' dir='ltr'><strong>describit,</strong></span> <span class='ocrx_word' id='word_1_669' title='bbox 2583 2656 2697 2711; x_wconf 92' lang='lat' dir='ltr'><strong>quo</strong></span> <span class='ocrx_word' id='word_1_670' title='bbox 2737 2645 2900 2711; x_wconf 90' lang='lat' dir='ltr'><strong>pacto</strong></span> <span class='ocrx_word' id='word_1_671' title='bbox 2949 2641 3018 2695; x_wconf 88' lang='lat' dir='ltr'><strong>ad</strong></span> <span class='ocrx_word' id='word_1_672' title='bbox 3061 2641 3501 2711; x_wconf 82' lang='lat' dir='ltr'><strong>cognoscendam</strong></span> <span class='ocrx_word' id='word_1_673' title='bbox 3535 2645 3810 2694; x_wconf 66' lang='lat' dir='ltr'><strong>internam</strong></span> 
     </span>
    </p>
   </div>
   <div class='ocr_carea' id='block_1_87' title="bbox 2110 2725 3810 2799">
    <p class='ocr_par' dir='ltr' id='par_1_87' title="bbox 2110 2725 3810 2799">
     <span class='ocr_line' id='line_1_87' title="bbox 2110 2725 3810 2799; baseline 0.002 -21"><span class='ocrx_word' id='word_1_674' title='bbox 2110 2725 2429 2793; x_wconf 90' lang='lat' dir='ltr'><strong>veritatem,</strong></span> <span class='ocrx_word' id='word_1_675' title='bbox 2458 2733 2848 2782; x_wconf 85' lang='lat' dir='ltr'><strong>creaturarum</strong></span> <span class='ocrx_word' id='word_1_676' title='bbox 2865 2729 3251 2784; x_wconf 91' lang='lat' dir='ltr'><strong>conditionem</strong></span> <span class='ocrx_word' id='word_1_677' title='bbox 3275 2745 3338 2783; x_wconf 92' lang='lat' dir='ltr'><strong>ac</strong></span> <span class='ocrx_word' id='word_1_678' title='bbox 3363 2733 3596 2799; x_wconf 85' lang='lat' dir='ltr'><strong>statum,</strong></span> <span class='ocrx_word' id='word_1_679' title='bbox 3618 2744 3810 2782; x_wconf 89' lang='lat' dir='ltr'><strong>veram</strong></span> 
     </span>
    </p>
   </div>
   <div class='ocr_carea' id='block_1_88' title="bbox 2111 2816 3814 2887">
    <p class='ocr_par' dir='ltr' id='par_1_88' title="bbox 2111 2816 3814 2887">
     <span class='ocr_line' id='line_1_88' title="bbox 2111 2816 3814 2887; baseline 0.001 -19"><span class='ocrx_word' id='word_1_680' title='bbox 2111 2831 2341 2886; x_wconf 88' lang='lat' dir='ltr'><strong>quoque</strong></span> <span class='ocrx_word' id='word_1_681' title='bbox 2372 2817 2506 2870; x_wconf 91' lang='lat' dir='ltr'><strong>mali</strong></span> <span class='ocrx_word' id='word_1_682' title='bbox 2533 2816 2838 2887; x_wconf 90' lang='lat' dir='ltr'><strong>originem,</strong></span> <span class='ocrx_word' id='word_1_683' title='bbox 2860 2817 3130 2872; x_wconf 89' lang='lat' dir='ltr'><strong>divinitus</strong></span> <span class='ocrx_word' id='word_1_684' title='bbox 3151 2817 3322 2872; x_wconf 86' lang='lat' dir='ltr'><strong>fuerit</strong></span> <span class='ocrx_word' id='word_1_685' title='bbox 3341 2817 3675 2872; x_wconf 89' lang='lat' dir='ltr'><strong>illustratus.</strong></span> <span class='ocrx_word' id='word_1_686' title='bbox 3703 2817 3814 2870; x_wconf 75' lang='lat' dir='ltr'><strong>Nec</strong></span> 
     </span>
    </p>
   </div>
   <div class='ocr_carea' id='block_1_89' title="bbox 2109 2904 3813 2978">
    <p class='ocr_par' dir='ltr' id='par_1_89' title="bbox 2109 2904 3813 2978">
     <span class='ocr_line' id='line_1_89' title="bbox 2109 2904 3813 2978; baseline 0.001 -20"><span class='ocrx_word' id='word_1_687' title='bbox 2109 2921 2241 2959; x_wconf 90' lang='lat' dir='ltr'><strong>vero</strong></span> <span class='ocrx_word' id='word_1_688' title='bbox 2273 2904 2331 2958; x_wconf 91' lang='lat' dir='ltr'><strong>in</strong></span> <span class='ocrx_word' id='word_1_689' title='bbox 2363 2905 2494 2960; x_wconf 91' lang='lat' dir='ltr'><strong>solis</strong></span> <span class='ocrx_word' id='word_1_690' title='bbox 2521 2907 2946 2962; x_wconf 86' lang='lat' dir='ltr'><strong>Platonicorum</strong></span> <span class='ocrx_word' id='word_1_691' title='bbox 2978 2907 3136 2962; x_wconf 85' lang='lat' dir='ltr'><strong>libris</strong></span> <span class='ocrx_word' id='word_1_692' title='bbox 3166 2907 3402 2978; x_wconf 89' lang='lat' dir='ltr'><strong>reperit,</strong></span> <span class='ocrx_word' id='word_1_693' title='bbox 3435 2923 3566 2961; x_wconf 92' lang='lat' dir='ltr'><strong>cum</strong></span> <span class='ocrx_word' id='word_1_694' title='bbox 3597 2907 3667 2960; x_wconf 91' lang='lat' dir='ltr'><strong>de</strong></span> <span class='ocrx_word' id='word_1_695' title='bbox 3701 2907 3813 2960; x_wconf 90' lang='lat' dir='ltr'><strong>Deo</strong></span> 
     </span>
    </p>
   </div>
   <div class='ocr_carea' id='block_1_90' title="bbox 2112 2993 3813 3066">
    <p class='ocr_par' dir='ltr' id='par_1_90' title="bbox 2112 2993 3813 3066">
     <span class='ocr_line' id='line_1_90' title="bbox 2112 2993 3813 3066; baseline 0.001 -19"><span class='ocrx_word' id='word_1_696' title='bbox 2112 2999 2169 3048; x_wconf 93' lang='lat' dir='ltr'><strong>et</strong></span> <span class='ocrx_word' id='word_1_697' title='bbox 2201 2993 2271 3048; x_wconf 91' lang='lat' dir='ltr'><strong>de</strong></span> <span class='ocrx_word' id='word_1_698' title='bbox 2312 2994 2504 3048; x_wconf 89' lang='lat' dir='ltr'><strong>anima</strong></span> <span class='ocrx_word' id='word_1_699' title='bbox 2537 2995 2902 3066; x_wconf 88' lang='lat' dir='ltr'><strong>cogitaretur,</strong></span> <span class='ocrx_word' id='word_1_700' title='bbox 2943 2995 3088 3051; x_wconf 89' lang='lat' dir='ltr'><strong>nihil</strong></span> <span class='ocrx_word' id='word_1_701' title='bbox 3124 2995 3359 3051; x_wconf 91' lang='lat' dir='ltr'><strong>omnino</strong></span> <span class='ocrx_word' id='word_1_702' title='bbox 3399 2995 3654 3066; x_wconf 89' lang='lat' dir='ltr'><strong>corporis</strong></span> <span class='ocrx_word' id='word_1_703' title='bbox 3693 3011 3813 3049; x_wconf 88' lang='lat' dir='ltr'><strong>esse</strong></span> 
     </span>
    </p>
   </div>
   <div class='ocr_carea' id='block_1_91' title="bbox 2111 3083 3811 3155">
    <p class='ocr_par' dir='ltr' id='par_1_91' title="bbox 2111 3083 3811 3155">
     <span class='ocr_line' id='line_1_91' title="bbox 2111 3083 3811 3155; baseline 0.001 -19"><span class='ocrx_word' id='word_1_704' title='bbox 2111 3083 2480 3154; x_wconf 89' lang='lat' dir='ltr'><strong>cogitandum</strong></span> <span class='ocrx_word' id='word_1_705' title='bbox 2514 3102 2526 3138; x_wconf 91' lang='lat'>:</span> <span class='ocrx_word' id='word_1_706' title='bbox 2569 3084 2628 3138; x_wconf 89' lang='lat' dir='ltr'><strong>id</strong></span> <span class='ocrx_word' id='word_1_707' title='bbox 2665 3084 2855 3155; x_wconf 91' lang='lat' dir='ltr'><strong>ipsum</strong></span> <span class='ocrx_word' id='word_1_708' title='bbox 2891 3085 3089 3139; x_wconf 84' lang='lat' dir='ltr'><strong>didicit</strong></span> <span class='ocrx_word' id='word_1_709' title='bbox 3125 3101 3192 3139; x_wconf 88' lang='lat' dir='ltr'><strong>ex</strong></span> <span class='ocrx_word' id='word_1_710' title='bbox 3233 3084 3595 3140; x_wconf 88' lang='lat' dir='ltr'><strong>sermonibus</strong></span> <span class='ocrx_word' id='word_1_711' title='bbox 3629 3100 3811 3138; x_wconf 87' lang='lat' dir='ltr'><strong>sacer-</strong></span> 
     </span>
    </p>
   </div>
   <div class='ocr_carea' id='block_1_92' title="bbox 2112 3172 3812 3241">
    <p class='ocr_par' dir='ltr' id='par_1_92' title="bbox 2112 3172 3812 3241">
     <span class='ocr_line' id='line_1_92' title="bbox 2112 3172 3812 3241; baseline 0 -16"><span class='ocrx_word' id='word_1_712' title='bbox 2112 3172 2261 3226; x_wconf 92' lang='lat' dir='ltr'><strong>dotis</strong></span> <span class='ocrx_word' id='word_1_713' title='bbox 2298 3172 2607 3241; x_wconf 84' lang='lat' dir='ltr'><strong>Ambrosii,</strong></span> <span class='ocrx_word' id='word_1_714' title='bbox 2649 3177 2707 3228; x_wconf 88' lang='lat' dir='ltr'><strong>et</strong></span> <span class='ocrx_word' id='word_1_715' title='bbox 2743 3173 2918 3228; x_wconf 85' lang='lat' dir='ltr'><strong>Mallii</strong></span> <span class='ocrx_word' id='word_1_716' title='bbox 2957 3174 3257 3239; x_wconf 88' lang='lat' dir='ltr'><strong>Theodori,</strong></span> <span class='ocrx_word' id='word_1_717' title='bbox 3298 3174 3404 3228; x_wconf 88' lang='lat' dir='ltr'><strong>viri</strong></span> <span class='ocrx_word' id='word_1_718' title='bbox 3445 3190 3563 3228; x_wconf 91' lang='lat' dir='ltr'><strong>non</strong></span> <span class='ocrx_word' id='word_1_719' title='bbox 3603 3172 3812 3227; x_wconf 90' lang='lat' dir='ltr'><strong>eruditi</strong></span> 
     </span>
    </p>
   </div>
   <div class='ocr_carea' id='block_1_93' title="bbox 2114 3261 3814 3333">
    <p class='ocr_par' dir='ltr' id='par_1_93' title="bbox 2114 3261 3814 3333">
     <span class='ocr_line' id='line_1_93' title="bbox 2114 3261 3814 3333; baseline -0.001 -19"><span class='ocrx_word' id='word_1_720' title='bbox 2114 3261 2306 3330; x_wconf 92' lang='lat' dir='ltr'><strong>modo,</strong></span> <span class='ocrx_word' id='word_1_721' title='bbox 2357 3262 2453 3316; x_wconf 91' lang='lat' dir='ltr'><strong>sed</strong></span> <span class='ocrx_word' id='word_1_722' title='bbox 2503 3262 2678 3316; x_wconf 89' lang='lat' dir='ltr'><strong>etiam</strong></span> <span class='ocrx_word' id='word_1_723' title='bbox 2729 3263 3003 3333; x_wconf 86' lang='lat' dir='ltr'><strong>religione</strong></span> <span class='ocrx_word' id='word_1_724' title='bbox 3051 3262 3368 3318; x_wconf 88' lang='lat' dir='ltr'><strong>christiani.</strong></span> <span class='ocrx_word' id='word_1_725' title='bbox 3417 3262 3517 3316; x_wconf 78' lang='lat' dir='ltr'><strong>llic</strong></span> <span class='ocrx_word' id='word_1_726' title='bbox 3560 3261 3683 3332; x_wconf 88' lang='lat' dir='ltr'><strong>ipse</strong></span> <span class='ocrx_word' id='word_1_727' title='bbox 3731 3267 3814 3314; x_wconf 86' lang='lat' dir='ltr'><strong>est</strong></span> 
     </span>
    </p>
   </div>
   <div class='ocr_carea' id='block_1_94' title="bbox 2112 3348 3814 3422">
    <p class='ocr_par' dir='ltr' id='par_1_94' title="bbox 2112 3348 3814 3422">
     <span class='ocr_line' id='line_1_94' title="bbox 2112 3348 3814 3422; baseline 0.001 -20"><span class='ocrx_word' id='word_1_728' title='bbox 2112 3348 2267 3404; x_wconf 89' lang='lat' dir='ltr'><strong>haud</strong></span> <span class='ocrx_word' id='word_1_729' title='bbox 2296 3349 2491 3416; x_wconf 89' lang='lat' dir='ltr'><strong>dubie,</strong></span> <span class='ocrx_word' id='word_1_730' title='bbox 2523 3351 2622 3422; x_wconf 92' lang='lat' dir='ltr'><strong>qui</strong></span> <span class='ocrx_word' id='word_1_731' title='bbox 2653 3352 3012 3406; x_wconf 89' lang='lat' dir='ltr'><strong>consulatum</strong></span> <span class='ocrx_word' id='word_1_732' title='bbox 3041 3352 3215 3422; x_wconf 89' lang='lat' dir='ltr'><strong>gessit</strong></span> <span class='ocrx_word' id='word_1_733' title='bbox 3234 3367 3384 3405; x_wconf 91' lang='lat' dir='ltr'><strong>anno</strong></span> <span class='ocrx_word' id='word_1_734' title='bbox 3416 3350 3814 3405; x_wconf 88' lang='lat' dir='ltr'><strong>trecentesimo</strong></span> 
     </span>
    </p>
   </div>
   <div class='ocr_carea' id='block_1_95' title="bbox 2113 3438 3815 3510">
    <p class='ocr_par' dir='ltr' id='par_1_95' title="bbox 2113 3438 3815 3510">
     <span class='ocr_line' id='line_1_95' title="bbox 2113 3438 3815 3510; baseline -0.001 -18"><span class='ocrx_word' id='word_1_735' title='bbox 2113 3438 2488 3510; x_wconf 88' lang='lat' dir='ltr'><strong>nonagesimo</strong></span> <span class='ocrx_word' id='word_1_736' title='bbox 2530 3456 2702 3494; x_wconf 92' lang='lat' dir='ltr'><strong>nono.</strong></span> <span class='ocrx_word' id='word_1_737' title='bbox 2748 3441 2852 3495; x_wconf 87' lang='lat' dir='ltr'><strong>Ubi</strong></span> <span class='ocrx_word' id='word_1_738' title='bbox 2890 3441 3012 3495; x_wconf 86' lang='lat' dir='ltr'><strong>fuse</strong></span> <span class='ocrx_word' id='word_1_739' title='bbox 3054 3440 3252 3495; x_wconf 90' lang='lat' dir='ltr'><strong>retulit</strong></span> <span class='ocrx_word' id='word_1_740' title='bbox 3287 3439 3660 3510; x_wconf 83' lang='lat' dir='ltr'><strong>Augustinus,</strong></span> <span class='ocrx_word' id='word_1_741' title='bbox 3701 3455 3815 3509; x_wconf 89' lang='lat' dir='ltr'><strong>qua</strong></span> 
     </span>
    </p>
   </div>
   <div class='ocr_carea' id='block_1_96' title="bbox 2111 3526 3812 3597">
    <p class='ocr_par' dir='ltr' id='par_1_96' title="bbox 2111 3526 3812 3597">
     <span class='ocr_line' id='line_1_96' title="bbox 2111 3526 3812 3597; baseline -0.001 -17"><span class='ocrx_word' id='word_1_742' title='bbox 2111 3526 2333 3581; x_wconf 90' lang='lat' dir='ltr'><strong>ratione</strong></span> <span class='ocrx_word' id='word_1_743' title='bbox 2359 3544 2462 3597; x_wconf 93' lang='lat' dir='ltr'><strong>per</strong></span> <span class='ocrx_word' id='word_1_744' title='bbox 2491 3528 2913 3584; x_wconf 87' lang='lat' dir='ltr'><strong>Platonicorum</strong></span> <span class='ocrx_word' id='word_1_745' title='bbox 2944 3530 3121 3584; x_wconf 90' lang='lat' dir='ltr'><strong>libros</strong></span> <span class='ocrx_word' id='word_1_746' title='bbox 3151 3547 3185 3583; x_wconf 90' lang='lat' dir='ltr'><strong>a</strong></span> <span class='ocrx_word' id='word_1_747' title='bbox 3217 3531 3329 3584; x_wconf 90' lang='lat' dir='ltr'><strong>Deo</strong></span> <span class='ocrx_word' id='word_1_748' title='bbox 3359 3527 3530 3582; x_wconf 88' lang='lat' dir='ltr'><strong>fuerit</strong></span> <span class='ocrx_word' id='word_1_749' title='bbox 3559 3527 3812 3591; x_wconf 89' lang='lat' dir='ltr'><strong>edoctus,</strong></span> 
     </span>
    </p>
   </div>
   <div class='ocr_carea' id='block_1_97' title="bbox 2113 3616 3814 3688">
    <p class='ocr_par' dir='ltr' id='par_1_97' title="bbox 2113 3616 3814 3688">
     <span class='ocr_line' id='line_1_97' title="bbox 2113 3616 3814 3688; baseline 0.001 -19"><span class='ocrx_word' id='word_1_750' title='bbox 2113 3616 2237 3670; x_wconf 68' lang='lat' dir='ltr'><strong>hinc</strong></span> <span class='ocrx_word' id='word_1_751' title='bbox 2267 3616 2564 3687; x_wconf 88' lang='lat' dir='ltr'><strong>subjungit</strong></span> <span class='ocrx_word' id='word_1_752' title='bbox 2588 3634 2600 3671; x_wconf 92' lang='lat'><strong>:</strong></span> <span class='ocrx_word' id='word_1_753' title='bbox 2625 3618 2875 3673; x_wconf 82' lang='lat' dir='ltr'><strong>Mirabar</strong></span> <span class='ocrx_word' id='word_1_754' title='bbox 2903 3619 3048 3688; x_wconf 86' lang='lat' dir='ltr'><strong>quod</strong></span> <span class='ocrx_word' id='word_1_755' title='bbox 3067 3621 3187 3688; x_wconf 88' lang='lat' dir='ltr'><strong>jam</strong></span> <span class='ocrx_word' id='word_1_756' title='bbox 3220 3623 3268 3674; x_wconf 89' lang='lat' dir='ltr'><strong>te</strong></span> <span class='ocrx_word' id='word_1_757' title='bbox 3287 3618 3560 3682; x_wconf 87' lang='lat' dir='ltr'><strong>amabam,</strong></span> <span class='ocrx_word' id='word_1_758' title='bbox 3581 3632 3688 3670; x_wconf 88' lang='lat' dir='ltr'><strong>non</strong></span> <span class='ocrx_word' id='word_1_759' title='bbox 3713 3631 3814 3685; x_wconf 84' lang='lat' dir='ltr'><strong>pro</strong></span> 
     </span>
    </p>
   </div>
   <div class='ocr_carea' id='block_1_98' title="bbox 2115 3703 3817 3773">
    <p class='ocr_par' dir='ltr' id='par_1_98' title="bbox 2115 3703 3817 3773">
     <span class='ocr_line' id='line_1_98' title="bbox 2115 3703 3817 3773; baseline -0.002 -15"><span class='ocrx_word' id='word_1_760' title='bbox 2115 3709 2163 3758; x_wconf 92' lang='lat' dir='ltr'><strong>te</strong></span> <span class='ocrx_word' id='word_1_761' title='bbox 2193 3705 2540 3773; x_wconf 85' lang='lat' dir='ltr'><strong>phantasma.</strong></span> <span class='ocrx_word' id='word_1_762' title='bbox 2565 3708 2635 3760; x_wconf 86' lang='lat' dir='ltr'><strong>Et</strong></span> <span class='ocrx_word' id='word_1_763' title='bbox 2655 3721 2758 3760; x_wconf 85' lang='lat' dir='ltr'><strong>non</strong></span> <span class='ocrx_word' id='word_1_764' title='bbox 2787 3707 3000 3761; x_wconf 87' lang='lat' dir='ltr'><strong>stabam</strong></span> <span class='ocrx_word' id='word_1_765' title='bbox 3023 3709 3144 3773; x_wconf 82' lang='lat' dir='ltr'><strong>frui</strong></span> <span class='ocrx_word' id='word_1_766' title='bbox 3172 3710 3277 3761; x_wconf 89' lang='lat' dir='ltr'><strong>Deo</strong></span> <span class='ocrx_word' id='word_1_767' title='bbox 3298 3721 3430 3772; x_wconf 88' lang='lat' dir='ltr'><strong>meo,</strong></span> <span class='ocrx_word' id='word_1_768' title='bbox 3449 3705 3542 3759; x_wconf 87' lang='lat' dir='ltr'><strong>sed</strong></span> <span class='ocrx_word' id='word_1_769' title='bbox 3559 3703 3817 3773; x_wconf 86' lang='lat' dir='ltr'><strong>rapiebar</strong></span> 
     </span>
    </p>
   </div>
   <div class='ocr_carea' id='block_1_99' title="bbox 2113 3793 3812 3864">
    <p class='ocr_par' dir='ltr' id='par_1_99' title="bbox 2113 3793 3812 3864">
     <span class='ocr_line' id='line_1_99' title="bbox 2113 3793 3812 3864; baseline 0.002 -19"><span class='ocrx_word' id='word_1_770' title='bbox 2113 3793 2188 3846; x_wconf 87' lang='lat' dir='ltr'><strong>ad</strong></span> <span class='ocrx_word' id='word_1_771' title='bbox 2218 3797 2266 3846; x_wconf 91' lang='lat' dir='ltr'><strong>te</strong></span> <span class='ocrx_word' id='word_1_772' title='bbox 2295 3793 2478 3848; x_wconf 84' lang='lat' dir='ltr'><strong>decore</strong></span> <span class='ocrx_word' id='word_1_773' title='bbox 2508 3799 2620 3862; x_wconf 87' lang='lat' dir='ltr'><strong>tuo,</strong></span> <span class='ocrx_word' id='word_1_774' title='bbox 2645 3811 2875 3863; x_wconf 70' lang='lat' dir='ltr'><strong>memque</strong></span> <span class='ocrx_word' id='word_1_775' title='bbox 2903 3795 3211 3864; x_wconf 86' lang='lat' dir='ltr'><strong>deripiebar</strong></span> <span class='ocrx_word' id='word_1_776' title='bbox 3232 3795 3328 3848; x_wconf 85' lang='lat' dir='ltr'><strong>abs</strong></span> <span class='ocrx_word' id='word_1_777' title='bbox 3361 3800 3408 3848; x_wconf 86' lang='lat' dir='ltr'><strong>te</strong></span> <span class='ocrx_word' id='word_1_778' title='bbox 3423 3793 3657 3864; x_wconf 80' lang='lat' dir='ltr'><strong>pondere</strong></span> <span class='ocrx_word' id='word_1_779' title='bbox 3679 3807 3812 3857; x_wconf 84' lang='lat' dir='ltr'><strong>meo,</strong></span> 
     </span>
    </p>
   </div>
   <div class='ocr_carea' id='block_1_100' title="bbox 2113 3881 3817 3953">
    <p class='ocr_par' dir='ltr' id='par_1_100' title="bbox 2113 3881 3817 3953">
     <span class='ocr_line' id='line_1_100' title="bbox 2113 3881 3817 3953; baseline 0.001 -19"><span class='ocrx_word' id='word_1_780' title='bbox 2113 3887 2161 3935; x_wconf 89' lang='lat' dir='ltr'><strong>et</strong></span> <span class='ocrx_word' id='word_1_781' title='bbox 2188 3881 2409 3936; x_wconf 86' lang='lat' dir='ltr'><strong>ruebam</strong></span> <span class='ocrx_word' id='word_1_782' title='bbox 2439 3885 2497 3936; x_wconf 86' lang='lat' dir='ltr'><strong>in</strong></span> <span class='ocrx_word' id='word_1_783' title='bbox 2526 3885 2635 3937; x_wconf 89' lang='lat' dir='ltr'><strong>ista</strong></span> <span class='ocrx_word' id='word_1_784' title='bbox 2655 3898 2773 3937; x_wconf 88' lang='lat' dir='ltr'><strong>cum</strong></span> <span class='ocrx_word' id='word_1_785' title='bbox 2798 3885 3034 3951; x_wconf 83' lang='lat' dir='ltr'><strong>gemitu:</strong></span> <span class='ocrx_word' id='word_1_786' title='bbox 3059 3888 3108 3937; x_wconf 91' lang='lat' dir='ltr'><strong>et</strong></span> <span class='ocrx_word' id='word_1_787' title='bbox 3121 3882 3336 3953; x_wconf 78' lang='lat' dir='ltr'><strong>pondus</strong></span> <span class='ocrx_word' id='word_1_788' title='bbox 3359 3883 3472 3944; x_wconf 83' lang='lat' dir='ltr'><strong>hoc,</strong></span> <span class='ocrx_word' id='word_1_789' title='bbox 3495 3881 3817 3936; x_wconf 86' lang='lat' dir='ltr'><strong>consuetudo</strong></span> 
     </span>
    </p>
   </div>
   <div class='ocr_carea' id='block_1_101' title="bbox 2115 3971 3817 4040">
    <p class='ocr_par' dir='ltr' id='par_1_101' title="bbox 2115 3971 3817 4040">
     <span class='ocr_line' id='line_1_101' title="bbox 2115 3971 3817 4040; baseline 0 -14"><span class='ocrx_word' id='word_1_790' title='bbox 2115 3974 2372 4027; x_wconf 85' lang='lat' dir='ltr'><strong>carnalis.</strong></span> <span class='ocrx_word' id='word_1_791' title='bbox 2406 3971 2512 4027; x_wconf 90' lang='lat' dir='ltr'><strong>Sed</strong></span> <span class='ocrx_word' id='word_1_792' title='bbox 2540 3988 2742 4027; x_wconf 88' lang='lat' dir='ltr'><strong>meeum</strong></span> <span class='ocrx_word' id='word_1_793' title='bbox 2771 3976 2886 4026; x_wconf 80' lang='lat' dir='ltr'><strong>erat</strong></span> <span class='ocrx_word' id='word_1_794' title='bbox 2912 3975 3164 4026; x_wconf 83' lang='lat' dir='ltr'><strong>memoria</strong></span> <span class='ocrx_word' id='word_1_795' title='bbox 3197 3975 3298 4040; x_wconf 85' lang='lat' dir='ltr'><strong>tui,</strong></span> <span class='ocrx_word' id='word_1_796' title='bbox 3325 3987 3493 4040; x_wconf 81' lang='lat' dir='ltr'><strong>neque</strong></span> <span class='ocrx_word' id='word_1_797' title='bbox 3522 3973 3629 4026; x_wconf 89' lang='lat' dir='ltr'><strong>ullo</strong></span> <span class='ocrx_word' id='word_1_798' title='bbox 3663 3971 3817 4028; x_wconf 87' lang='lat' dir='ltr'><strong>modo</strong></span> 
     </span>
    </p>
   </div>
   <div class='ocr_carea' id='block_1_102' title="bbox 2115 4061 3819 4130">
    <p class='ocr_par' dir='ltr' id='par_1_102' title="bbox 2115 4061 3819 4130">
     <span class='ocr_line' id='line_1_102' title="bbox 2115 4061 3819 4130; baseline -0.001 -16"><span class='ocrx_word' id='word_1_799' title='bbox 2115 4062 2435 4116; x_wconf 87' lang='lat' dir='ltr'><strong>dubitabam</strong></span> <span class='ocrx_word' id='word_1_800' title='bbox 2465 4076 2576 4115; x_wconf 89' lang='lat' dir='ltr'><strong>esse</strong></span> <span class='ocrx_word' id='word_1_801' title='bbox 2603 4064 2690 4115; x_wconf 89' lang='lat' dir='ltr'><strong>cui</strong></span> <span class='ocrx_word' id='word_1_802' title='bbox 2715 4062 3057 4128; x_wconf 62' lang='lat' dir='ltr'><strong>cohererem;</strong></span> <span class='ocrx_word' id='word_1_803' title='bbox 3090 4061 3183 4115; x_wconf 89' lang='lat' dir='ltr'><strong>sed</strong></span> <span class='ocrx_word' id='word_1_804' title='bbox 3211 4061 3447 4115; x_wconf 87' lang='lat' dir='ltr'><strong>nondum</strong></span> <span class='ocrx_word' id='word_1_805' title='bbox 3473 4076 3583 4115; x_wconf 89' lang='lat' dir='ltr'><strong>esse</strong></span> <span class='ocrx_word' id='word_1_806' title='bbox 3611 4079 3694 4116; x_wconf 86' lang='lat' dir='ltr'><strong>me</strong></span> <span class='ocrx_word' id='word_1_807' title='bbox 3722 4064 3819 4130; x_wconf 82' lang='lat' dir='ltr'><strong>qui</strong></span> 
     </span>
    </p>
   </div>
   <div class='ocr_carea' id='block_1_103' title="bbox 2114 4149 3817 4220">
    <p class='ocr_par' dir='ltr' id='par_1_103' title="bbox 2114 4149 3817 4220">
     <span class='ocr_line' id='line_1_103' title="bbox 2114 4149 3817 4220; baseline -0.001 -15"><span class='ocrx_word' id='word_1_808' title='bbox 2114 4150 2430 4205; x_wconf 73' lang='lat' dir='ltr'><strong>cohzerert-m</strong></span> <span class='ocrx_word' id='word_1_809' title='bbox 2471 4150 2657 4218; x_wconf 73' lang='lat' dir='ltr'><strong>(Ibid,</strong></span> <span class='ocrx_word' id='word_1_810' title='bbox 2709 4165 2835 4220; x_wconf 86' lang='lat' dir='ltr'><strong>cap.</strong></span> <span class='ocrx_word' id='word_1_811' title='bbox 2898 4153 2982 4215; x_wconf 85' lang='grc'><strong>17,</strong></span> <span class='ocrx_word' id='word_1_812' title='bbox 3026 4165 3084 4205; x_wconf 86' lang='lat' dir='ltr'><strong>n.</strong></span> <span class='ocrx_word' id='word_1_813' title='bbox 3123 4149 3236 4218; x_wconf 75' lang='lat'><strong>23).</strong></span> <span class='ocrx_word' id='word_1_814' title='bbox 3286 4149 3587 4213; x_wconf 69' lang='lat' dir='ltr'><strong>Quaerebat</strong></span> <span class='ocrx_word' id='word_1_815' title='bbox 3623 4150 3817 4220; x_wconf 89' lang='lat' dir='ltr'><strong>itaque</strong></span> 
     </span>
    </p>
   </div>
   <div class='ocr_carea' id='block_1_104' title="bbox 2116 4236 3818 4309">
    <p class='ocr_par' dir='ltr' id='par_1_104' title="bbox 2116 4236 3818 4309">
     <span class='ocr_line' id='line_1_104' title="bbox 2116 4236 3818 4309; baseline -0.001 -17"><span class='ocrx_word' id='word_1_816' title='bbox 2116 4238 2290 4304; x_wconf 88' lang='lat' dir='ltr'><strong>viam,</strong></span> <span class='ocrx_word' id='word_1_817' title='bbox 2315 4254 2430 4309; x_wconf 89' lang='lat' dir='ltr'><strong>qua</strong></span> <span class='ocrx_word' id='word_1_818' title='bbox 2459 4237 2733 4292; x_wconf 90' lang='lat' dir='ltr'><strong>idoneum</strong></span> <span class='ocrx_word' id='word_1_819' title='bbox 2756 4238 2822 4292; x_wconf 90' lang='lat' dir='ltr'><strong>ad</strong></span> <span class='ocrx_word' id='word_1_820' title='bbox 2853 4238 3159 4293; x_wconf 81' lang='lat' dir='ltr'><strong>fruendum</strong></span> <span class='ocrx_word' id='word_1_821' title='bbox 3180 4239 3294 4292; x_wconf 89' lang='lat' dir='ltr'><strong>Deo</strong></span> <span class='ocrx_word' id='word_1_822' title='bbox 3325 4236 3502 4291; x_wconf 90' lang='lat' dir='ltr'><strong>robur</strong></span> <span class='ocrx_word' id='word_1_823' title='bbox 3529 4237 3637 4291; x_wconf 90' lang='lat' dir='ltr'><strong>sibi</strong></span> <span class='ocrx_word' id='word_1_824' title='bbox 3666 4253 3818 4291; x_wconf 89' lang='lat' dir='ltr'><strong>com-</strong></span> 
     </span>
    </p>
   </div>
   <div class='ocr_carea' id='block_1_105' title="bbox 2115 4326 3817 4398">
    <p class='ocr_par' dir='ltr' id='par_1_105' title="bbox 2115 4326 3817 4398">
     <span class='ocr_line' id='line_1_105' title="bbox 2115 4326 3817 4398; baseline -0.001 -17"><span class='ocrx_word' id='word_1_825' title='bbox 2115 4331 2362 4398; x_wconf 87' lang='lat' dir='ltr'><strong>pararet,</strong></span> <span class='ocrx_word' id='word_1_826' title='bbox 2405 4343 2510 4381; x_wconf 88' lang='lat' dir='ltr'><strong>ncc</strong></span> <span class='ocrx_word' id='word_1_827' title='bbox 2551 4326 2877 4382; x_wconf 84' lang='lat' dir='ltr'><strong>inveniebat</strong></span> <span class='ocrx_word' id='word_1_828' title='bbox 2918 4327 3026 4381; x_wconf 91' lang='lat' dir='ltr'><strong>nisi</strong></span> <span class='ocrx_word' id='word_1_829' title='bbox 3069 4327 3129 4381; x_wconf 91' lang='lat' dir='ltr'><strong>in</strong></span> <span class='ocrx_word' id='word_1_830' title='bbox 3168 4327 3493 4398; x_wconf 89' lang='lat' dir='ltr'><strong>cognitione</strong></span> <span class='ocrx_word' id='word_1_831' title='bbox 3535 4331 3588 4381; x_wconf 90' lang='lat' dir='ltr'><strong>et</strong></span> <span class='ocrx_word' id='word_1_832' title='bbox 3619 4343 3817 4381; x_wconf 89' lang='lat' dir='ltr'><strong>amore</strong></span> 
     </span>
    </p>
   </div>
   <div class='ocr_carea' id='block_1_106' title="bbox 2117 4414 3819 4472">
    <p class='ocr_par' dir='ltr' id='par_1_106' title="bbox 2117 4414 3819 4472">
     <span class='ocr_line' id='line_1_106' title="bbox 2117 4414 3819 4472; baseline -0.002 -1"><span class='ocrx_word' id='word_1_833' title='bbox 2117 4416 2444 4472; x_wconf 81' lang='lat' dir='ltr'><strong>Mediatoris</strong></span> <span class='ocrx_word' id='word_1_834' title='bbox 2486 4416 2587 4470; x_wconf 90' lang='lat' dir='ltr'><strong>Dei</strong></span> <span class='ocrx_word' id='word_1_835' title='bbox 2628 4421 2686 4470; x_wconf 88' lang='lat' dir='ltr'><strong>et</strong></span> <span class='ocrx_word' id='word_1_836' title='bbox 2725 4417 3027 4471; x_wconf 90' lang='lat' dir='ltr'><strong>hominum</strong></span> <span class='ocrx_word' id='word_1_837' title='bbox 3065 4417 3197 4470; x_wconf 85' lang='lat' dir='ltr'><strong>Jesu</strong></span> <span class='ocrx_word' id='word_1_838' title='bbox 3239 4415 3447 4470; x_wconf 85' lang='lat' dir='ltr'><strong>Christi</strong></span> <span class='ocrx_word' id='word_1_839' title='bbox 3489 4414 3588 4470; x_wconf 91' lang='lat' dir='ltr'><strong>Dei</strong></span> <span class='ocrx_word' id='word_1_840' title='bbox 3627 4420 3684 4469; x_wconf 92' lang='lat' dir='ltr'><strong>et</strong></span> <span class='ocrx_word' id='word_1_841' title='bbox 3719 4415 3819 4469; x_wconf 54' lang='lat' dir='ltr'><strong>hoc</strong></span> 
     </span>
    </p>
   </div>
   <div class='ocr_carea' id='block_1_107' title="bbox 2117 4504 3816 4576">
    <p class='ocr_par' dir='ltr' id='par_1_107' title="bbox 2117 4504 3816 4576">
     <span class='ocr_line' id='line_1_107' title="bbox 2117 4504 3816 4576; baseline -0.001 -17"><span class='ocrx_word' id='word_1_842' title='bbox 2117 4505 2311 4559; x_wconf 90' lang='lat' dir='ltr'><strong>minis.</strong></span> <span class='ocrx_word' id='word_1_843' title='bbox 2348 4508 2550 4560; x_wconf 82' lang='lat' dir='ltr'><strong>Verum</strong></span> <span class='ocrx_word' id='word_1_844' title='bbox 2585 4521 2768 4576; x_wconf 90' lang='lat' dir='ltr'><strong>neque</strong></span> <span class='ocrx_word' id='word_1_845' title='bbox 2803 4507 2996 4560; x_wconf 86' lang='lat' dir='ltr'><strong>Jesum</strong></span> <span class='ocrx_word' id='word_1_846' title='bbox 3032 4507 3318 4561; x_wconf 90' lang='lat' dir='ltr'><strong>Christum</strong></span> <span class='ocrx_word' id='word_1_847' title='bbox 3359 4505 3588 4559; x_wconf 90' lang='lat' dir='ltr'><strong>tenebat</strong></span> <span class='ocrx_word' id='word_1_848' title='bbox 3622 4504 3816 4558; x_wconf 88' lang='lat' dir='ltr'><strong>humi-</strong></span> 
     </span>
    </p>
   </div>
   <div class='ocr_carea' id='block_1_108' title="bbox 2116 4593 3821 4666">
    <p class='ocr_par' dir='ltr' id='par_1_108' title="bbox 2116 4593 3821 4666">
     <span class='ocr_line' id='line_1_108' title="bbox 2116 4593 3821 4666; baseline -0.002 -17"><span class='ocrx_word' id='word_1_849' title='bbox 2116 4595 2254 4660; x_wconf 89' lang='lat' dir='ltr'><strong>lem,</strong></span> <span class='ocrx_word' id='word_1_850' title='bbox 2287 4595 2386 4665; x_wconf 89' lang='lat' dir='ltr'><strong>qui</strong></span> <span class='ocrx_word' id='word_1_851' title='bbox 2424 4593 2660 4648; x_wconf 88' lang='lat' dir='ltr'><strong>humilis</strong></span> <span class='ocrx_word' id='word_1_852' title='bbox 2689 4610 2806 4648; x_wconf 92' lang='lat' dir='ltr'><strong>non</strong></span> <span class='ocrx_word' id='word_1_853' title='bbox 2831 4599 2980 4661; x_wconf 91' lang='lat' dir='ltr'><strong>erat;</strong></span> <span class='ocrx_word' id='word_1_854' title='bbox 3018 4611 3204 4666; x_wconf 89' lang='lat' dir='ltr'><strong>neque</strong></span> <span class='ocrx_word' id='word_1_855' title='bbox 3238 4596 3399 4665; x_wconf 87' lang='lat' dir='ltr'><strong>cujus</strong></span> <span class='ocrx_word' id='word_1_856' title='bbox 3430 4593 3515 4648; x_wconf 91' lang='lat' dir='ltr'><strong>rei</strong></span> <span class='ocrx_word' id='word_1_857' title='bbox 3548 4593 3821 4664; x_wconf 88' lang='lat' dir='ltr'><strong>magistra</strong></span> 
     </span>
    </p>
   </div>
   <div class='ocr_carea' id='block_1_109' title="bbox 2117 4681 3820 4754">
    <p class='ocr_par' dir='ltr' id='par_1_109' title="bbox 2117 4681 3820 4754">
     <span class='ocr_line' id='line_1_109' title="bbox 2117 4681 3820 4754; baseline -0.001 -18"><span class='ocrx_word' id='word_1_858' title='bbox 2117 4687 2266 4737; x_wconf 88' lang='lat' dir='ltr'><strong>esset</strong></span> <span class='ocrx_word' id='word_1_859' title='bbox 2295 4683 2418 4753; x_wconf 88' lang='lat' dir='ltr'><strong>ejus</strong></span> <span class='ocrx_word' id='word_1_860' title='bbox 2447 4682 2772 4750; x_wconf 80' lang='lat' dir='ltr'><strong>infirmitas,</strong></span> <span class='ocrx_word' id='word_1_861' title='bbox 2806 4688 3060 4738; x_wconf 88' lang='lat' dir='ltr'><strong>noverat.</strong></span> <span class='ocrx_word' id='word_1_862' title='bbox 3101 4685 3486 4754; x_wconf 77' lang='lat' dir='ltr'><strong>Praeterquam</strong></span> <span class='ocrx_word' id='word_1_863' title='bbox 3520 4681 3671 4753; x_wconf 90' lang='lat' dir='ltr'><strong>quod</strong></span> <span class='ocrx_word' id='word_1_864' title='bbox 3702 4697 3820 4735; x_wconf 91' lang='lat' dir='ltr'><strong>non</strong></span> 
     </span>
    </p>
   </div>
   <div class='ocr_carea' id='block_1_110' title="bbox 2119 4770 3820 4839">
    <p class='ocr_par' dir='ltr' id='par_1_110' title="bbox 2119 4770 3820 4839">
     <span class='ocr_line' id='line_1_110' title="bbox 2119 4770 3820 4839; baseline 0 -14"><span class='ocrx_word' id='word_1_865' title='bbox 2119 4771 2273 4826; x_wconf 90' lang='lat' dir='ltr'><strong>aliud</strong></span> <span class='ocrx_word' id='word_1_866' title='bbox 2305 4772 2374 4826; x_wconf 90' lang='lat' dir='ltr'><strong>de</strong></span> <span class='ocrx_word' id='word_1_867' title='bbox 2405 4771 2650 4826; x_wconf 89' lang='lat' dir='ltr'><strong>Domino</strong></span> <span class='ocrx_word' id='word_1_868' title='bbox 2682 4773 2904 4827; x_wconf 89' lang='lat' dir='ltr'><strong>Christo</strong></span> <span class='ocrx_word' id='word_1_869' title='bbox 2929 4772 3229 4839; x_wconf 88' lang='lat' dir='ltr'><strong>sentiebat,</strong></span> <span class='ocrx_word' id='word_1_870' title='bbox 3262 4771 3370 4825; x_wconf 91' lang='lat' dir='ltr'><strong>nisi</strong></span> <span class='ocrx_word' id='word_1_871' title='bbox 3400 4787 3532 4825; x_wconf 90' lang='lat' dir='ltr'><strong>eum</strong></span> <span class='ocrx_word' id='word_1_872' title='bbox 3563 4786 3685 4824; x_wconf 87' lang='lat' dir='ltr'><strong>esse</strong></span> <span class='ocrx_word' id='word_1_873' title='bbox 3714 4770 3820 4825; x_wconf 87' lang='lat' dir='ltr'><strong>ho-</strong></span> 
     </span>
    </p>
   </div>
   <div class='ocr_carea' id='block_1_111' title="bbox 2120 4859 3823 4931">
    <p class='ocr_par' dir='ltr' id='par_1_111' title="bbox 2120 4859 3823 4931">
     <span class='ocr_line' id='line_1_111' title="bbox 2120 4859 3823 4931; baseline -0.001 -16"><span class='ocrx_word' id='word_1_874' title='bbox 2120 4860 2338 4915; x_wconf 87' lang='lat' dir='ltr'><strong>minem</strong></span> <span class='ocrx_word' id='word_1_875' title='bbox 2377 4859 2597 4914; x_wconf 69' lang='lat' dir='ltr'><strong>caateris</strong></span> <span class='ocrx_word' id='word_1_876' title='bbox 2627 4860 2894 4930; x_wconf 81' lang='lat' dir='ltr'><strong>similem,</strong></span> <span class='ocrx_word' id='word_1_877' title='bbox 2925 4878 2988 4916; x_wconf 89' lang='lat' dir='ltr'><strong>ex</strong></span> <span class='ocrx_word' id='word_1_878' title='bbox 3029 4877 3290 4931; x_wconf 88' lang='lat' dir='ltr'><strong>corpore,</strong></span> <span class='ocrx_word' id='word_1_879' title='bbox 3321 4861 3513 4914; x_wconf 89' lang='lat' dir='ltr'><strong>anima</strong></span> <span class='ocrx_word' id='word_1_880' title='bbox 3543 4863 3599 4913; x_wconf 87' lang='lat' dir='ltr'><strong>et</strong></span> <span class='ocrx_word' id='word_1_881' title='bbox 3631 4864 3823 4914; x_wconf 88' lang='lat' dir='ltr'><strong>mente</strong></span> 
     </span>
    </p>
   </div>
   <div class='ocr_carea' id='block_1_112' title="bbox 2119 4946 3825 5018">
    <p class='ocr_par' dir='ltr' id='par_1_112' title="bbox 2119 4946 3825 5018">
     <span class='ocr_line' id='line_1_112' title="bbox 2119 4946 3825 5018; baseline -0.002 -15"><span class='ocrx_word' id='word_1_882' title='bbox 2119 4948 2387 5004; x_wconf 85' lang='lat' dir='ltr'><strong>rationali</strong></span> <span class='ocrx_word' id='word_1_883' title='bbox 2417 4953 2792 5014; x_wconf 91' lang='lat' dir='ltr'><strong>constantem,</strong></span> <span class='ocrx_word' id='word_1_884' title='bbox 2816 4949 3124 5005; x_wconf 84' lang='lat' dir='ltr'><strong>excellente</strong></span> <span class='ocrx_word' id='word_1_885' title='bbox 3156 4949 3515 5002; x_wconf 86' lang='lat' dir='ltr'><strong>solummodo</strong></span> <span class='ocrx_word' id='word_1_886' title='bbox 3543 4946 3825 5018; x_wconf 86' lang='lat' dir='ltr'><strong>sapientia</strong></span> 
     </span>
    </p>
   </div>
   <div class='ocr_carea' id='block_1_113' title="bbox 2120 5035 3826 5109">
    <p class='ocr_par' dir='ltr' id='par_1_113' title="bbox 2120 5035 3826 5109">
     <span class='ocr_line' id='line_1_113' title="bbox 2120 5035 3826 5109; baseline -0.002 -17"><span class='ocrx_word' id='word_1_887' title='bbox 2120 5037 2456 5109; x_wconf 70' lang='lat' dir='ltr'><strong>praeditum,</strong></span> <span class='ocrx_word' id='word_1_888' title='bbox 2487 5038 2580 5092; x_wconf 90' lang='lat' dir='ltr'><strong>cui</strong></span> <span class='ocrx_word' id='word_1_889' title='bbox 2611 5039 2800 5092; x_wconf 91' lang='lat' dir='ltr'><strong>nullus</strong></span> <span class='ocrx_word' id='word_1_890' title='bbox 2829 5038 3006 5109; x_wconf 90' lang='lat' dir='ltr'><strong>possit</strong></span> <span class='ocrx_word' id='word_1_891' title='bbox 3035 5037 3282 5109; x_wconf 68' lang='lat' dir='ltr'><strong>(aquari;</strong></span> <span class='ocrx_word' id='word_1_892' title='bbox 3315 5053 3487 5108; x_wconf 87' lang='lat' dir='ltr'><strong>quem</strong></span> <span class='ocrx_word' id='word_1_893' title='bbox 3520 5037 3670 5090; x_wconf 88' lang='lat' dir='ltr'><strong>Deus</strong></span> <span class='ocrx_word' id='word_1_894' title='bbox 3701 5035 3826 5089; x_wconf 86' lang='lat' dir='ltr'><strong>sin—</strong></span> 
     </span>
    </p>
   </div>
   <div class='ocr_carea' id='block_1_114' title="bbox 2119 5123 3829 5198">
    <p class='ocr_par' dir='ltr' id='par_1_114' title="bbox 2119 5123 3829 5198">
     <span class='ocr_line' id='line_1_114' title="bbox 2119 5123 3829 5198; baseline -0.002 -18"><span class='ocrx_word' id='word_1_895' title='bbox 2119 5126 2307 5196; x_wconf 87' lang='lat' dir='ltr'><strong>gulari</strong></span> <span class='ocrx_word' id='word_1_896' title='bbox 2353 5142 2488 5197; x_wconf 88' lang='lat' dir='ltr'><strong>erga</strong></span> <span class='ocrx_word' id='word_1_897' title='bbox 2540 5142 2643 5180; x_wconf 91' lang='lat' dir='ltr'><strong>nos</strong></span> <span class='ocrx_word' id='word_1_898' title='bbox 2681 5127 3039 5198; x_wconf 87' lang='lat' dir='ltr'><strong>providentia</strong></span> <span class='ocrx_word' id='word_1_899' title='bbox 3085 5143 3154 5180; x_wconf 87' lang='lat' dir='ltr'><strong>ex</strong></span> <span class='ocrx_word' id='word_1_900' title='bbox 3207 5125 3437 5196; x_wconf 79' lang='lat' dir='ltr'><strong>Virgine</strong></span> <span class='ocrx_word' id='word_1_901' title='bbox 3482 5123 3829 5179; x_wconf 89' lang='lat' dir='ltr'><strong>mirabiliter</strong></span> 
     </span>
    </p>
   </div>
   <div class='ocr_carea' id='block_1_115' title="bbox 2120 5217 3826 5289">
    <p class='ocr_par' dir='ltr' id='par_1_115' title="bbox 2120 5217 3826 5289">
     <span class='ocr_line' id='line_1_115' title="bbox 2120 5217 3826 5289; baseline -0.001 -18"><span class='ocrx_word' id='word_1_902' title='bbox 2120 5217 2294 5282; x_wconf 90' lang='lat' dir='ltr'><strong>nasci,</strong></span> <span class='ocrx_word' id='word_1_903' title='bbox 2328 5233 2726 5289; x_wconf 89' lang='lat' dir='ltr'><strong>summamque</strong></span> <span class='ocrx_word' id='word_1_904' title='bbox 2766 5218 2825 5272; x_wconf 91' lang='lat' dir='ltr'><strong>in</strong></span> <span class='ocrx_word' id='word_1_905' title='bbox 2863 5218 3156 5272; x_wconf 87' lang='lat' dir='ltr'><strong>universos</strong></span> <span class='ocrx_word' id='word_1_906' title='bbox 3186 5217 3580 5272; x_wconf 85' lang='lat' dir='ltr'><strong>auctoritatem</strong></span> <span class='ocrx_word' id='word_1_907' title='bbox 3611 5221 3669 5270; x_wconf 87' lang='lat' dir='ltr'><strong>et</strong></span> <span class='ocrx_word' id='word_1_908' title='bbox 3697 5232 3826 5270; x_wconf 85' lang='lat' dir='ltr'><strong>ma-</strong></span> 
     </span>
    </p>
   </div>
   <div class='ocr_carea' id='block_1_116' title="bbox 2121 5305 3827 5378">
    <p class='ocr_par' dir='ltr' id='par_1_116' title="bbox 2121 5305 3827 5378">
     <span class='ocr_line' id='line_1_116' title="bbox 2121 5305 3827 5378; baseline 0.001 -20"><span class='ocrx_word' id='word_1_909' title='bbox 2121 5305 2421 5376; x_wconf 88' lang='lat' dir='ltr'><strong>gisterium</strong></span> <span class='ocrx_word' id='word_1_910' title='bbox 2455 5306 2716 5361; x_wconf 90' lang='lat' dir='ltr'><strong>obtinere</strong></span> <span class='ocrx_word' id='word_1_911' title='bbox 2742 5307 3023 5378; x_wconf 78' lang='lat' dir='ltr'><strong>voluerat,</strong></span> <span class='ocrx_word' id='word_1_912' title='bbox 3053 5311 3118 5362; x_wconf 91' lang='lat' dir='ltr'><strong>ut</strong></span> <span class='ocrx_word' id='word_1_913' title='bbox 3148 5307 3270 5377; x_wconf 88' lang='lat' dir='ltr'><strong>ejus</strong></span> <span class='ocrx_word' id='word_1_914' title='bbox 3295 5305 3577 5376; x_wconf 85' lang='lat' dir='ltr'><strong>exemplo,</strong></span> <span class='ocrx_word' id='word_1_915' title='bbox 3609 5305 3683 5360; x_wconf 90' lang='lat' dir='ltr'><strong>ad</strong></span> <span class='ocrx_word' id='word_1_916' title='bbox 3712 5306 3827 5360; x_wconf 89' lang='lat' dir='ltr'><strong>im-</strong></span> 
     </span>
    </p>
   </div>
   <div class='ocr_carea' id='block_1_117' title="bbox 2121 5395 3829 5467">
    <p class='ocr_par' dir='ltr' id='par_1_117' title="bbox 2121 5395 3829 5467">
     <span class='ocr_line' id='line_1_117' title="bbox 2121 5395 3829 5467; baseline -0.002 -19"><span class='ocrx_word' id='word_1_917' title='bbox 2121 5395 2530 5450; x_wconf 89' lang='lat' dir='ltr'><strong>mortalitatem</strong></span> <span class='ocrx_word' id='word_1_918' title='bbox 2578 5395 3026 5467; x_wconf 88' lang='lat' dir='ltr'><strong>adipiscendam,</strong></span> <span class='ocrx_word' id='word_1_919' title='bbox 3077 5395 3414 5466; x_wconf 85' lang='lat' dir='ltr'><strong>temporalia</strong></span> <span class='ocrx_word' id='word_1_920' title='bbox 3454 5398 3829 5448; x_wconf 87' lang='lat' dir='ltr'><strong>contemnere</strong></span> 
     </span>
    </p>
   </div>
   <div class='ocr_carea' id='block_1_118' title="bbox 2120 5482 3829 5550">
    <p class='ocr_par' dir='ltr' id='par_1_118' title="bbox 2120 5482 3829 5550">
     <span class='ocr_line' id='line_1_118' title="bbox 2120 5482 3829 5550; baseline 0 -14"><span class='ocrx_word' id='word_1_921' title='bbox 2120 5482 2485 5538; x_wconf 89' lang='lat' dir='ltr'><strong>disceremus.</strong></span> <span class='ocrx_word' id='word_1_922' title='bbox 2522 5484 2671 5550; x_wconf 86' lang='lat' dir='ltr'><strong>Quid</strong></span> <span class='ocrx_word' id='word_1_923' title='bbox 2703 5489 2895 5540; x_wconf 90' lang='lat' dir='ltr'><strong>autem</strong></span> <span class='ocrx_word' id='word_1_924' title='bbox 2925 5485 3262 5540; x_wconf 89' lang='lat' dir='ltr'><strong>sacramenti</strong></span> <span class='ocrx_word' id='word_1_925' title='bbox 3299 5485 3503 5539; x_wconf 89' lang='lat' dir='ltr'><strong>lateret</strong></span> <span class='ocrx_word' id='word_1_926' title='bbox 3531 5483 3640 5538; x_wconf 91' lang='lat' dir='ltr'><strong>sub</strong></span> <span class='ocrx_word' id='word_1_927' title='bbox 3674 5482 3829 5537; x_wconf 89' lang='lat' dir='ltr'><strong>hisce</strong></span> 
     </span>
    </p>
   </div>
   <div class='ocr_carea' id='block_1_119' title="bbox 2122 5571 3833 5643">
    <p class='ocr_par' dir='ltr' id='par_1_119' title="bbox 2122 5571 3833 5643">
     <span class='ocr_line' id='line_1_119' title="bbox 2122 5571 3833 5643; baseline 0.004 -17"><span class='ocrx_word' id='word_1_928' title='bbox 2122 5571 2332 5640; x_wconf 90' lang='lat' dir='ltr'><strong>verbis,</strong></span> <span class='ocrx_word' id='word_1_929' title='bbox 2381 5573 2612 5629; x_wconf 81' lang='lat' dir='ltr'><strong>Verbum</strong></span> <span class='ocrx_word' id='word_1_930' title='bbox 2652 5590 2777 5629; x_wconf 89' lang='lat' dir='ltr'><strong>caro</strong></span> <span class='ocrx_word' id='word_1_931' title='bbox 2815 5577 3022 5642; x_wconf 83' lang='lat' dir='ltr'><strong>factum</strong></span> <span class='ocrx_word' id='word_1_932' title='bbox 3061 5579 3136 5629; x_wconf 86' lang='lat' dir='ltr'><strong>est</strong></span> <span class='ocrx_word' id='word_1_933' title='bbox 3175 5576 3346 5641; x_wconf 67' lang='lat' dir='ltr'><strong>(toan.</strong></span> <span class='ocrx_word' id='word_1_934' title='bbox 3398 5590 3438 5643; x_wconf 82' lang='grc' dir='ltr'><strong>ι,</strong></span> <span class='ocrx_word' id='word_1_935' title='bbox 3486 5573 3592 5642; x_wconf 55' lang='lat' dir='ltr'><strong>li).</strong></span> <span class='ocrx_word' id='word_1_936' title='bbox 3635 5589 3708 5627; x_wconf 92' lang='lat' dir='ltr'><strong>ne</strong></span> <span class='ocrx_word' id='word_1_937' title='bbox 3753 5572 3833 5632; x_wconf 90' lang='lat' dir='ltr'><strong>le-</strong></span> 
     </span>
    </p>
   </div>
  </div>
