4048 6194
165 320 254 372 105
1600 317 1814 374 LIBER
1855 318 2242 378 SECUNDUS.

160 439 293 494 viter
341 437 580 510 quidem
624 437 902 510 suspicari
947 442 1172 510 poterat
1223 455 1236 493 :
1287 455 1390 493 nec
1430 439 1538 494 nisi
1568 439 1861 512 aliquanto

157 528 434 600 posterius
462 528 686 598 didicit,
729 544 846 600 qua
874 528 1096 583 ratione
1127 545 1300 600 super
1333 529 1436 583 hoc
1468 530 1738 601 mysterio
1769 547 1861 585 ca-

157 619 361 672 tholica
403 617 615 672 veritas
662 618 734 673 ab
778 634 969 673 errore
1014 618 1247 674 Photini
1288 618 1646 690 discreparet.
1680 621 1745 674 In
1792 620 1860 674 li-

154 707 260 761 bris
290 707 530 779 quidem
562 708 990 762 Platonicorum
1029 709 1387 780 majestatem
1421 713 1478 763 et
1507 707 1862 764 divinitatem

154 796 318 850 Verbi
347 800 644 867 repererat
676 813 691 850 :
723 797 819 852 sed
851 797 996 851 nihil
1026 797 1095 853 de
1128 797 1282 853 illius
1313 798 1697 869 depressione,
1720 798 1863 853 nihil

157 885 216 940 de
261 884 690 953 incarnatione,
732 885 879 941 nihil
909 886 979 941 de
1011 887 1266 958 ejusdem
1296 891 1481 944 morte
1508 891 1565 944 et
1592 904 1754 943 cruce
1787 889 1864 943 1e-

158 978 336 1044 gerat.

213 1066 274 1116 7.
328 1063 454 1127 Quo
485 1062 614 1134 plus
644 1064 839 1117 autem
870 1079 1062 1134 operte
1095 1079 1158 1118 ac
1188 1064 1399 1119 laboris
1436 1071 1864 1137 consumpserat

154 1151 508 1222 Augustinus
544 1151 605 1204 in
650 1151 1046 1222 investiganda
1092 1152 1348 1219 veritate,
1393 1170 1461 1207 eo
1491 1154 1861 1225 postmodum

157 1240 428 1295 teneriori
458 1241 975 1296 commiserationis
1005 1257 1176 1296 sensu
1206 1242 1560 1298 afﬁciebatur
1579 1260 1712 1314 erga
1743 1261 1855 1308 eos,

161 1329 360 1400 quibus
383 1329 448 1384 id
476 1330 741 1385 beneﬁcii
765 1331 911 1384 Deus
940 1331 1194 1386 nondum
1227 1333 1564 1388 contulerat.
1591 1333 1678 1388 Sic
1709 1334 1860 1388 enim

157 1418 498 1473 Manichaeos
528 1420 834 1491 compellat
865 1436 878 1475 :
911 1421 1003 1475 Illi
1024 1423 1084 1475 in
1104 1436 1195 1476 vos
1224 1425 1471 1490 saeviant,
1501 1425 1598 1491 qui
1618 1425 1863 1478 nesciunt

154 1525 259 1562 cum
300 1525 414 1579 quo
445 1509 627 1564 labore
655 1525 843 1564 verum
869 1511 1202 1580 inveniatur,
1232 1515 1283 1565 et
1311 1527 1476 1580 quam
1514 1511 1742 1581 difﬁcile
1771 1528 1861 1566 ca-

151 1603 376 1653 veantur
417 1615 641 1654 errores.
687 1601 779 1654 Illi
809 1602 866 1654 in
891 1615 980 1654 vos
1009 1603 1254 1667 saeviant,
1297 1603 1395 1670 qui
1426 1603 1669 1655 nesciunt
1698 1618 1862 1671 quam

147 1705 333 1742 rerum
365 1693 423 1742 et
466 1689 703 1743 arduum
741 1691 816 1744 sit
841 1690 1089 1744 carnalia
1110 1690 1506 1759 phantasmata
1529 1692 1640 1759 pia:
1668 1693 1860 1745 mentis

147 1781 437 1832 serenitate
454 1793 731 1848 superare.
756 1779 848 1833 Illi
873 1781 931 1833 in
959 1794 1050 1833 vos
1079 1781 1326 1845 saeviant,
1360 1782 1457 1847 qui
1482 1782 1725 1834 nesciunt
1743 1795 1861 1834 cum

147 1873 355 1936 quanta
396 1867 728 1936 difﬁcultate
753 1873 974 1922 sanetur
1010 1869 1191 1923 oculus
1221 1870 1496 1922 interioris
1527 1869 1778 1936 hominis,
1801 1872 1862 1923 ut

141 1958 314 2026 possit
353 1958 568 2010 intueri
601 1958 762 2011 solem
798 1973 974 2012 suum.
1014 1957 1104 2012 Illi
1141 1959 1200 2010 in
1235 1972 1327 2012 vos
1355 1959 1602 2023 saeviant,
1646 1960 1743 2028 qui
1766 1973 1859 2012 ne-

147 2049 320 2100 sciunt
347 2045 554 2114 quibus
581 2048 835 2114 suspiriis
857 2051 906 2100 et
924 2047 1210 2114 gemitibus
1237 2049 1357 2117 ﬁat,
1386 2051 1448 2101 ut
1475 2063 1544 2101 ea:
1572 2049 1866 2115 quantula-

147 2151 372 2204 cumque
399 2140 564 2205 parte
585 2134 763 2205 possit
802 2136 1033 2203 intelligi
1059 2139 1217 2191 Deus.
1250 2139 1542 2200 Postremo,
1571 2137 1658 2190 illi
1684 2139 1741 2190 in
1768 2152 1860 2191 vos

145 2227 398 2291 miunt,
431 2226 534 2293 qui
557 2239 838 2293 nunquam
867 2225 968 2279 tali
995 2240 1174 2280 errore
1193 2225 1400 2294 decepti
1412 2230 1558 2292 sunt,
1592 2227 1746 2294 quali
1767 2240 1860 2279 vos

145 2315 393 2380 deceptos
431 2315 636 2369 vident.
671 2318 784 2382 Ego
809 2321 985 2370 autem
1015 2318 1112 2385 qui
1139 2315 1236 2369 diu
1261 2317 1594 2385 multumque
1615 2317 1860 2386 jactatus

146 2403 365 2457 tandem
395 2405 664 2472 respicere
677 2407 856 2472 potui,
886 2405 1022 2472 quid
1048 2408 1120 2459 sit
1141 2406 1239 2459 illa
1266 2407 1566 2473 sinceritas,
1601 2422 1718 2475 quae
1746 2408 1862 2461 sine

147 2495 325 2547 inanis
345 2493 562 2558 fabula
580 2496 897 2548 narratione
911 2496 1242 2563 percipitur;
1272 2497 1368 2563 qui
1394 2510 1566 2548 vanas
1595 2497 1860 2564 imagina-

147 2586 311 2637 tiones
328 2582 518 2638 animi
535 2585 642 2636 mei
659 2585 832 2636 variis
853 2583 1198 2652 opinionibus
1218 2598 1362 2637 error
1371 2584 1598 2653 ibusque
1617 2585 1859 2639 collectas

145 2676 234 2725 via:
275 2675 447 2726 miser
475 2674 655 2725 merui
687 2673 909 2726 Domino
952 2673 1252 2741 opitulante
1289 2674 1622 2739 convincere;
1655 2675 1753 2742 qui
1779 2688 1860 2726 me

145 2761 215 2814 ad
243 2759 640 2827 detergendum
669 2760 955 2829 caliginem
983 2762 1176 2814 mentis
1207 2764 1316 2814 tam
1347 2761 1501 2814 tarde
1520 2762 1860 2816 clementissi-

144 2867 223 2904 mo
252 2849 468 2904 medico
499 2852 719 2904 vocanti
739 2849 1144 2919 blandientique
1161 2848 1394 2918 subjeci;
1417 2852 1514 2918 qui
1537 2850 1633 2904 diu
1649 2853 1774 2919 flevi
1801 2855 1859 2904 ut

145 2937 609 2994 incommutabilis
640 2943 689 2992 et
728 2938 1144 2992 immaculabilis
1173 2938 1499 3001 substantia,
1533 2941 1856 2994 concinenti-

147 3029 239 3083 bus
280 3028 499 3082 divinis
538 3027 722 3082 Libris
751 3041 862 3081 sese
898 3026 1042 3082 mihi
1063 3027 1394 3096 persuadere
1421 3029 1742 3083 intrinsecus
1773 3028 1861 3082 di-

145 3122 441 3183 gnaretur;
472 3117 573 3185 qui
599 3115 827 3184 denique
855 3117 1035 3169 omnia
1053 3116 1153 3169 illa
1171 3119 1444 3185 ﬁgmenta,
1469 3133 1586 3185 quae
1613 3132 1703 3172 vos
1734 3117 1858 3171 diu-

148 3212 306 3260 turna
339 3204 736 3260 consuetudine
779 3205 1079 3273 implicatos
1129 3210 1180 3259 et
1222 3208 1532 3260 constrictos
1574 3211 1770 3272 tenent,
1811 3211 1861 3261 et

148 3297 378 3364 quaesivi
424 3295 658 3358 curiose,
690 3297 739 3347 et
769 3297 968 3346 attente
992 3293 1202 3360 audivi,
1253 3298 1301 3349 et
1333 3299 1523 3349 temere
1551 3295 1781 3362 credidi,
1811 3300 1862 3349 et

149 3388 419 3438 instanter
445 3385 647 3451 quibus
662 3383 822 3450 potui
841 3384 1114 3451 persuasi,
1145 3386 1195 3434 et
1225 3383 1483 3438 adversus
1521 3386 1657 3437 alios
1683 3385 1861 3453 perti-

149 3477 359 3528 naciter
398 3474 749 3540 animoseque
786 3470 1024 3538 defendi,
1068 3474 1254 3526 smvire
1292 3474 1349 3526 in
1385 3487 1478 3527 vos
1516 3474 1728 3526 omnino
1756 3488 1860 3526 non

145 3577 388 3632 possum,
421 3575 559 3629 quos
601 3561 740 3613 sicut
770 3574 850 3612 me
878 3560 1054 3628 ipsum
1086 3561 1178 3614 illo
1208 3564 1456 3629 tempore,
1490 3563 1568 3614 ita
1598 3577 1737 3615 nunc
1769 3562 1859 3615 de-

153 3654 240 3706 beo
264 3653 560 3717 sustinere,
592 3653 642 3702 et
672 3653 827 3703 tanta
844 3651 1117 3718 patientia
1145 3650 1416 3705 vobiscum
1446 3666 1624 3720 agere,
1655 3656 1861 3720 quanta

154 3757 352 3795 mecum
400 3743 629 3807 egerunt
669 3739 912 3807 proximi
957 3741 1080 3805 mei,
1125 3754 1244 3793 cum
1289 3741 1348 3793 in
1388 3744 1564 3794 vestro
1616 3740 1862 3807 dogmate

154 3832 399 3885 rabiosus
450 3835 502 3884 et
547 3843 713 3884 caecus
754 3843 990 3882 errarem
1048 3828 1265 3900 (Contra
1313 3832 1491 3899 Epist.
1549 3829 1857 3896 Manichwi,

154 3938 240 3975 nn.
273 3924 329 3986 2,
359 3922 435 3983 3).

835 4043 1058 4098 CAPUT
1097 4043 1186 4098 ιν.

161 4156 176 4205 l
221 4153 308 4208 Sic
338 4152 627 4206 veritatem
657 4153 990 4204 consectatur
1024 4150 1382 4216 Augustinus,
1423 4152 1483 4202 ut
1511 4150 1861 4206 nihilominus

225 4243 458 4295 terrenis
497 4240 676 4293 adhuc
709 4240 894 4304 inhiet.
929 4242 959 4292 2
989 4241 1073 4292 Em
1100 4237 1341 4292 mendico
1364 4238 1581 4307 jocante
1605 4243 1656 4293 et
1681 4241 1861 4294 lentan-

225 4336 294 4396 te,
341 4332 619 4384 miseriam
663 4329 1069 4382 ambitiosorum
1111 4328 1386 4395 intelligit.
1442 4330 1472 4382 3
1509 4329 1575 4382 In
1621 4329 1861 4396 eligendo

225 4421 351 4472 vitae
397 4433 592 4485 genere
632 4420 880 4483 ﬂuctuat.
929 4417 962 4470 4
1009 4415 1313 4470 Concubina
1345 4415 1413 4469 ab
1447 4429 1520 4481 se,
1552 4419 1612 4469 ut
1641 4431 1862 4471 uxorem

225 4507 415 4572 ducat,
464 4505 710 4571 dimissa,
761 4505 928 4557 aliam
967 4506 1213 4558 assumit.
1254 4507 1284 4558 5
1316 4507 1390 4558 De
1412 4505 1537 4558 vitae
1563 4507 1862 4560 communi-

226 4602 338 4651 tate
371 4594 615 4648 ineunda
643 4595 927 4647 consilium
955 4595 1171 4660 frustra
1212 4609 1330 4647 cum
1370 4595 1562 4647 amicis
1595 4594 1858 4649 habitum.

224 4690 255 4739 6
303 4685 448 4753 Ejus
503 4698 736 4736 amorem
786 4697 916 4749 erga
961 4683 1283 4752 sapientiam
1327 4688 1526 4750 augent
1575 4683 1859 4738 Platonici.

223 4776 254 4824 7
289 4772 598 4827 Plurimum
622 4772 836 4840 proficit
863 4785 931 4824 ex
958 4770 1210 4840 Apostoli
1239 4771 1476 4827 lectione.

228 4902 276 4952 1.
316 4896 444 4950 Non
467 4894 588 4948 sola
608 4893 888 4966 ignoratio
910 4893 1026 4948 veri
1055 4893 1312 4948 obstabat
1326 4894 1632 4965 quominus
1653 4893 1711 4948 in
1734 4894 1864 4966 phi-

159 4985 443 5058 losophice
497 4983 687 5038 sinum
722 4983 982 5038 celeriter
1018 4982 1269 5038 evolaret
1294 4984 1648 5054 Augustinus
1680 4999 1694 5038 :
1728 5001 1863 5039 Cun-

150 5075 300 5147 jugii
332 5075 526 5131 adhuc
563 5079 620 5129 et
662 5073 895 5128 honoris
923 5072 1188 5128 illecebra
1223 5070 1600 5126 detinebatur.
1641 5073 1864 5128 Utrum-

157 5183 266 5237 que
305 5181 450 5230 vero
471 5162 727 5235 primum
756 5161 1025 5232 consequi
1057 5176 1121 5214 ac
1149 5163 1272 5215 tum
1299 5159 1536 5214 demum
1563 5159 1696 5214 totis
1726 5161 1863 5216 velis

158 5254 546 5326 omnibusque
574 5251 748 5306 remis
769 5251 839 5304 ad
859 5250 1012 5305 hunc
1040 5265 1304 5304 securum
1335 5253 1568 5318 portum
1595 5266 1864 5321 propera-

158 5360 236 5403 re,
265 5343 462 5416 ibique
501 5340 907 5412 conquiescere
938 5339 1292 5410 peroptabat.
1319 5339 1385 5392 In
1407 5338 1523 5393 haec
1555 5338 1862 5410 aliquando

159 5432 324 5487 verba
371 5430 735 5501 erumpebat,
773 5423 1088 5481 familiares
1129 5443 1260 5481 suos
1298 5427 1645 5496 compellans
1678 5443 1690 5481 :
1721 5427 1864 5493 Quid

161 5527 494 5590 cunctamur,
562 5520 754 5574 relicta
796 5531 889 5586 spe
929 5517 1126 5583 saeculi,
1176 5517 1416 5583 conferre
1460 5530 1556 5570 nos
1603 5519 1734 5571 totos
1790 5519 1866 5572 ad

165 5612 508 5680 quaerendum
535 5611 706 5664 Deum
734 5610 785 5662 et
808 5607 982 5660 vitam
1009 5605 1264 5662 beatam?
1291 5604 1397 5660 Sed
1419 5607 1671 5673 exspecta
1704 5620 1717 5659 :
1760 5605 1861 5674 ju-

515 5708 795 5773 PATBOL.
847 5703 1096 5769 XXXII.

3571 328 3672 383 106

1973 461 2149 515 cunda
2193 463 2320 516 sunt
2343 461 2506 515 etiam
2536 461 2666 530 ista,
2705 460 2901 514 habent
2937 475 3044 516 non
3070 476 3302 532 parvam
3339 462 3680 520 dulcedinem

1972 564 2128 604 suam
2156 569 2172 604 :
2201 566 2307 605 non
2331 551 2496 618 facile
2524 551 2591 604 ab
2630 552 2706 604 eis
2743 551 3094 620 praecidenda
3142 556 3222 607 est
3250 553 3504 621 intentio;
3545 556 3680 624 quia

1974 642 2130 709 turpe
2153 645 2230 695 est
2261 641 2335 694 ad
2353 657 2415 695 ea
2441 656 2659 696 rursum
2687 640 2883 695 redire.
2917 643 3050 696 Ecce
3065 641 3190 711 jam
3217 646 3480 711 quantum
3507 648 3604 711 est,
3621 648 3681 699 ut

1972 730 2289 799 impetretur
2302 731 2504 800 aliquis
2526 731 2734 786 honor?
2763 735 2813 786 et
2841 730 2977 801 quid
3005 731 3240 800 amplius
3270 732 3327 785 in
3360 731 3444 786 his
3475 732 3681 787 deside-

1971 819 2246 875 randum?
2291 821 2544 890 Suppetit
2581 822 2875 874 amicorum
2918 820 3187 889 majorum
3221 820 3375 889 copia
3405 838 3421 874 :
3453 823 3514 874 ut
3539 821 3682 876 nihil

1972 908 2146 975 aliud,
2178 912 2229 963 et
2255 910 2484 964 multum
2519 910 2857 978 festinemus,
2882 911 2965 964 vel
2989 909 3322 978 praesidatus
3353 909 3482 963 dari
3503 914 3682 980 potest

1971 1001 2022 1052 et
2049 997 2293 1052 ducenda
2333 1014 2474 1052 umor
2511 1013 2631 1052 cum
2673 999 2864 1068 aliqua
2897 1001 3148 1069 pecunia,
3181 1014 3246 1052 ne
3273 1002 3548 1069 sumptum
3575 1014 3679 1054 no-

1970 1091 2144 1142 strum
2172 1091 2389 1156 gravet;
2423 1092 2471 1142 et
2501 1088 2589 1142 ille
2609 1089 2712 1141 erit
2732 1087 2922 1142 modus
2944 1087 3290 1156 cupiditatis.
3318 1089 3481 1142 Multi
3495 1091 3685 1156 magni

1969 1178 2082 1230 viri
2104 1180 2154 1230 et
2185 1178 2482 1230 imitatione
2508 1177 2821 1245 dignissimi
2838 1178 3120 1245 sapientiae
3149 1176 3328 1230 studio
3357 1192 3475 1232 eum
3497 1178 3680 1248 conju-

1970 1265 2127 1332 gibus
2173 1265 2348 1319 dediti
2390 1268 2612 1332 fuerunt
2657 1265 2912 1335 (Confess.
2964 1265 3058 1319 lib.
3092 1267 3144 1330 6,
3194 1281 3314 1334 cap.
3353 1269 3436 1333 ll,
3469 1282 3524 1322 n.
3563 1270 3674 1339 l9).

1973 1353 2148 1408 Nimis
2179 1353 2333 1408 enim
2357 1370 2416 1407 se
2446 1353 2717 1408 miserum
2749 1354 2872 1408 fore
2901 1353 3307 1423 arbitrabatur,
3338 1353 3384 1408 si
3413 1355 3678 1412 caelibem

1968 1443 2142 1497 vitam
2170 1443 2424 1498 duceret.
2475 1443 2616 1497 Hinc
2646 1442 2982 1514 episcopum
3025 1442 3413 1510 Ambrosium,
3459 1444 3558 1515 qui
3604 1445 3676 1498 ab

1967 1535 2106 1607 ipsis
2135 1523 2286 1591 urbis
2316 1535 2671 1606 principibus
2714 1534 2972 1606 impense
3004 1535 3303 1603 coleretur,
3335 1535 3558 1592 felicem
3588 1554 3676 1593 se-

1970 1626 2222 1680 cundum
2250 1626 2522 1680 saeculum
2550 1625 2852 1695 reputabat
2885 1641 2898 1680 :
2931 1641 3081 1679 unus
3109 1624 3265 1679 illius
3297 1626 3593 1681 caelibatus
3623 1625 3676 1682 ei

1970 1714 2290 1770 laboriosus
2333 1718 2387 1769 et
2419 1715 2693 1769 molestus
2721 1713 3045 1781 videbatur;
3081 1730 3212 1769 cum
3243 1715 3395 1786 quod
3427 1714 3524 1770 ille
3554 1716 3675 1787 spei

1971 1808 2212 1874 gereret,
2247 1804 2382 1875 quid
2430 1804 2699 1858 adversus
2727 1803 2910 1874 ipsius
2947 1803 3290 1859 excellentiae
3321 1808 3677 1860 tentamenta

1970 1892 2315 1958 luctaminis,
2367 1891 2573 1964 quidve
2622 1890 2914 1946 solaminis
2961 1891 3022 1945 in
3061 1891 3308 1947 adversis
3338 1893 3591 1962 haberet,
3621 1898 3678 1949 et

1971 1999 2145 2054 quam
2188 1981 2382 2053 sapida
2421 1984 2608 2035 essent
2652 1980 2774 2050 ejus
2821 1979 3052 2050 gaudia,
3103 1996 3175 2035 ne
3223 1979 3502 2051 conjicere
3553 1982 3680 2052 qui-

1971 2071 2102 2126 dem
2148 2073 2343 2141 posset
2368 2069 2568 2139 f(lbid.,
2618 2084 2739 2138 cap.
2786 2071 2840 2134 3,
2881 2084 2937 2123 n.
2990 2068 3064 2140 3).
3109 2069 3433 2124 Honoribus
3476 2069 3674 2141 igitur,

1969 2159 2193 2231 opibus,
2225 2158 2491 2230 conjugio
2523 2158 2782 2213 inhiabat
2805 2157 2992 2229 (Ibid,
3022 2173 3145 2228 cap.
3177 2161 3229 2226 6,
3260 2175 3312 2213 n.
3352 2162 3425 2228 9).
3467 2160 3677 2215 Verum

1973 2249 2119 2302 Deus
2148 2245 2300 2301 illius
2342 2251 2473 2301 vota
2511 2246 2807 2314 deludens,
2860 2245 2922 2300 in
2951 2245 3076 2316 ipso
3103 2246 3481 2316 cupiditatum
3512 2252 3674 2316 aestu,

1970 2333 2338 2389 amarissimis
2376 2350 2510 2390 eum
2547 2333 2978 2389 difﬁcultatibus
3026 2334 3334 2404 cruciabat,
3366 2339 3524 2392 tanto
3553 2353 3675 2392 ma-

1969 2423 2056 2494 gis
2101 2423 2406 2494 propitius,
2457 2427 2670 2495 quanto
2710 2423 2901 2478 minus
2942 2423 2995 2478 ei
3026 2423 3242 2496 aliquid
3273 2429 3430 2480 extra
3461 2442 3519 2480 se
3548 2426 3678 2481 dul-

1969 2528 2190 2567 cescere
2213 2512 2454 2579 sinebat,
2476 2517 2540 2567 ut
2569 2513 2835 2568 omnibus
2861 2513 3203 2585 posthabitis
3232 2513 3305 2569 ad
3324 2513 3514 2586 ipsum
3540 2531 3673 2570 con-

1971 2605 2305 2657 verteretur.

2039 2693 2092 2744 2.
2127 2691 2296 2744 Notat
2326 2689 2467 2762 ipse,
2499 2707 2611 2762 qua
2649 2691 2781 2747 data
2808 2691 3101 2747 occasione
3133 2691 3423 2748 miseriam
3452 2694 3674 2765 perspi-

1968 2795 2072 2834 cue
2116 2796 2279 2833 suam
2317 2779 2681 2848 intellexerit,
2715 2797 2846 2835 cum
2875 2781 2944 2836 ad
2973 2781 3384 2853 panegyricum
3416 2799 3474 2836 se
3514 2800 3671 2838 com-

1967 2871 2212 2939 pararet,
2241 2869 2638 2924 Valentiniano
2665 2869 2885 2940 juniori
2913 2874 3169 2940 Augusto
3203 2870 3527 2926 dicendum.
3572 2874 3673 2926 Lo-

1969 2954 2165 3025 quitur
2182 2954 2317 3010 alibi
2340 2956 2408 3011 de
2429 2957 2722 3027 panegyri,
2756 2974 2928 3030 quam
2944 2975 3051 3029 pro
3081 2975 3184 3013 sua
3211 2959 3512 3014 rhetoricae.
3536 2960 3674 3014 artis

1969 3042 2316 3112 professione
2361 3043 2421 3098 in
2467 3044 2934 3116 frequentissimo
2984 3061 3250 3100 consessu
3287 3046 3549 3101 kalendis
3583 3047 3672 3118 ja-

1926 3195 1930 3198 ,
1969 3130 2186 3184 nuariis
2215 3131 2497 3186 habuerat
2525 3134 2693 3200 (Cont.
2722 3134 2856 3188 Litt.
2890 3135 3071 3202 Petil.,
3105 3135 3200 3190 lib.
3231 3138 3285 3204 3,
3315 3151 3372 3189 n.
3407 3135 3493 3207 30)
3527 3154 3543 3189 :
3577 3135 3675 3191 sed

1970 3235 2037 3273 ea
2091 3220 2273 3274 oratio
2308 3220 2652 3291 panegyrica
2681 3222 2921 3276 Bautoni
2951 3227 3076 3277 tum
3111 3224 3332 3278 consuli
3359 3240 3510 3280 anno
3557 3229 3673 3281 tre-

1969 3307 2279 3362 centesimo
2309 3308 2658 3379 octogesimo
2682 3309 2902 3380 quinto,
2931 3309 3080 3364 dicta
3101 3311 3225 3365 fuit.
3248 3313 3327 3366 De
3353 3312 3459 3366 hoc
3482 3317 3673 3369 autem

1969 3396 2334 3466 Imperatoris
2377 3397 2719 3468 panegyrico
2764 3397 2842 3451 sic
2888 3399 3144 3469 loquitur
3185 3417 3198 3454 :
3247 3401 3378 3456 Cum
3416 3417 3674 3469 pararem

1967 3487 2194 3540 recitare
2233 3488 2555 3554 Imperatori
2595 3487 2802 3552 laudes,
2844 3489 3038 3556 quibus
3073 3489 3238 3557 plura
3285 3492 3559 3556 mentirer,
3620 3495 3670 3544 et

1969 3574 2247 3628 mentienti
2273 3576 2554 3641 faveretur
2581 3575 2648 3628 ab
2669 3576 2978 3642 scientibus,
3001 3591 3197 3646 easque
3211 3592 3374 3631 curas
3394 3578 3674 3633 anhelaret

1970 3677 2059 3716 cor
2078 3677 2271 3724 meum,
2293 3668 2341 3716 et
2359 3665 2744 3730 cogitationum
2765 3661 3108 3734 tabi/irarum
3123 3666 3367 3732 febribus
3387 3671 3673 3734 aestuaret;

1970 3753 2239 3805 transiens
2265 3766 2366 3820 per
2397 3751 2680 3820 quemdam
2711 3754 2889 3806 vicum
2917 3753 3384 3822 Mediolanensem,
3418 3755 3673 3810 animad-

1967 3842 2107 3893 verti
2159 3855 2456 3908 pauperem
2493 3840 2815 3909 mendicum,
2855 3841 2977 3911 jam
3004 3843 3158 3898 credo
3191 3848 3458 3907 saturum,
3484 3845 3676 3914 jocan-

1970 3931 2073 3982 tem
2119 3932 2281 3998 atque
2317 3929 2584 3983 laetantem
2631 3947 2647 3982 :
2688 3934 2738 3984 et
2771 3931 3028 3998 ingemat,
3069 3937 3118 3987 et
3153 3933 3361 3987 locutus
3406 3949 3525 3988 sum
3554 3951 3674 3990 cum

1971 4019 2180 4085 amicis,
2206 4018 2302 4085 qui
2331 4032 2533 4071 mecum
2562 4021 2736 4086 erant,
2770 4019 2962 4074 multos
2990 4019 3194 4075 dolores
3217 4023 3558 4077 insaniarum
3576 4039 3673 4078 no-

1969 4109 2240 4170 strarum;
2280 4107 2410 4173 quia
2437 4105 2683 4161 omnibus
2715 4106 2916 4160 talibus
2947 4109 3223 4163 conatibus
3247 4112 3466 4177 nostris,
3500 4113 3676 4181 qualiv

1971 4194 2068 4248 bus
2112 4198 2236 4248 tunc
2272 4194 2605 4264 laborabam,
2653 4195 3020 4251 substimulis
3063 4197 3426 4266 cupiditatum
3457 4201 3674 4256 trahens

1968 4282 2322 4350 infelicitatis
2354 4298 2480 4338 mea:
2499 4286 2797 4348 sarcinam,
2824 4288 2874 4339 et
2899 4285 3159 4340 trahendo
3175 4289 3675 4354 exaggeransmihil

1969 4371 2220 4426 vellemus
2249 4372 2404 4426 aliud
2431 4373 2541 4427 nisi
2570 4373 2645 4426 ad
2673 4388 2917 4428 securam
2948 4374 3195 4429 laetitiam
3218 4378 3520 4444 pervenire,
3569 4393 3672 4447 quo

1970 4475 2064 4515 nos
2089 4461 2361 4515 mendicus
2405 4462 2495 4515 ille
2529 4462 2651 4531 jam
2693 4464 3074 4532 praeessisset,
3120 4478 3398 4530 nunquam
3444 4465 3675 4531 fortasse

1971 4550 2101 4603 illuc
2147 4551 2429 4604 ventu-ros!
2475 4550 2628 4616 Quod
2664 4552 2804 4605 enim
2823 4552 2946 4620 jam
2970 4552 3059 4606 ille
3086 4551 3333 4620 pauculis
3359 4555 3409 4606 et
3439 4555 3674 4610 emendi-

1971 4633 2108 4685 catis
2137 4634 2426 4687 nummulis
2455 4633 2684 4702 adeptus
2706 4639 2843 4702 erat,
2877 4634 2952 4688 ad
2979 4634 3074 4688 hoc
3103 4647 3197 4701 ego
3224 4637 3335 4688 tam
3363 4641 3676 4696 aerumnosis

1972 4721 2314 4786 anfractibus
2345 4727 2392 4775 et
2422 4723 2739 4778 circuitibus
2761 4722 3082 4785 ambiebam,
3109 4722 3184 4777 ad
3209 4723 3453 4780 laetitiam
3475 4727 3676 4781 scilicet

1974 4810 2283 4878 temporalis
2329 4811 2628 4876 felicitatis.
2662 4813 2782 4868 Non
2821 4813 2961 4865 enim
2997 4827 3181 4866 verum
3209 4813 3474 4880 gaudium
3518 4812 3677 4867 habe-

1975 4898 2085 4965 bat,
2108 4898 2203 4952 sed
2231 4903 2279 4953 et
2301 4914 2393 4967 ego
2415 4901 2527 4954 illis
2557 4899 2944 4955 ambitionibus
2967 4902 3134 4957 multo
3152 4903 3354 4969 falsius
3375 4901 3675 4972 quaerebam

1975 4986 2149 5057 (Conf.
2177 4985 2272 5041 lib.
2306 4990 2354 5053 6,
2385 5002 2504 5056 cap.
2531 4990 2660 5055 6,11.
2680 4989 2760 5059 9).
2787 4991 2917 5044 Haec
2945 4994 3068 5046 erat
3096 4990 3502 5063 gemituum,in
3532 5007 3674 5058 quos

1973 5073 2094 5144 ipse
2123 5090 2252 5128 cum
2281 5074 2477 5130 amicis
2505 5077 2862 5149 erumpebat,
2893 5080 3121 5136 assidua
3142 5080 3435 5148 materies;
3467 5081 3537 5135 de
3561 5095 3675 5151 qua
3724 5141 3730 5146 _

1973 5167 2028 5217 et
2057 5162 2410 5234 frequentius
2456 5169 2628 5236 atque
2679 5168 3062 5225 conﬁdentius
3091 5187 3222 5226 cum
3251 5169 3453 5242 Alypio
3482 5172 3535 5222 et
3565 5169 3672 5222 Ne-

1971 5248 2156 5304 bridio
2194 5250 2642 5322 colloquebatur.
2699 5254 2998 5311 Nebridius
3047 5257 3201 5312 enim
3230 5262 3434 5325 matre,
3464 5253 3669 5326 patria,

1972 5338 2204 5410 praediis
2233 5339 2460 5408 relictis,
2492 5342 2832 5417 Carthagine
2863 5346 3244 5402 Mediolanum
3264 5361 3381 5400 non
3401 5343 3573 5399 aliam
3599 5344 3674 5400 ob

1973 5443 2206 5483 causam
2234 5443 2292 5481 se
2322 5431 2656 5499 contulerat,
2680 5449 2856 5504 quam
2885 5438 2948 5488 ut
2975 5433 3290 5504 Augustino
3327 5433 3670 5502 conviveret,

1975 5520 2032 5571 ct
2054 5515 2270 5587 pariter
2299 5532 2428 5572 cum
2459 5535 2524 5573 eo
2548 5519 2620 5574 ad
2648 5519 2900 5576 veritatis
2931 5537 2996 5576 ac
3026 5521 3323 5592 sapientiae
3352 5522 3672 5596 indagatio-

1975 5621 2106 5661 nem
2140 5604 2298 5662 omni
2331 5607 2520 5664 studio
2549 5607 2926 5679 incumberet,
2975 5610 3158 5665 beatae
3196 5609 3328 5666 vita:
3369 5610 3676 5686 inquisitor

3072 5707 3407 5794 (Quatre.)
