4048 6194
356 356 454 411 107
1530 351 1702 409 VITA
1755 352 1809 405 S.
1871 347 2253 406 AUGUSTINI
2312 348 2653 406 EPISCOPI.
3760 342 3858 407 108

355 477 580 546 ardens,
612 480 669 531 et
696 476 1078 548 quaestionum
1098 476 1566 533 difficillimarum
1589 479 1872 531 scrutator
1899 488 2050 527 acer—

352 566 555 624 rimus.
586 568 778 631 Erant,
825 565 904 621 ait
937 566 1315 638 Augustinus,
1357 583 1453 622 ora
1484 568 1649 622 trium
1678 565 1963 634 egentium,
1998 565 2049 616 et

354 658 596 726 inopiam
620 670 775 710 suam
802 655 1016 710 sibimet
1058 655 1286 711 invicem
1315 656 1707 722 anhelantium,
1736 656 1786 706 et
1811 667 1845 704 a
1874 655 1922 704 te
1950 665 2051 704 ea:-

347 746 707 815 spectantium
734 749 796 799 ut
822 744 980 798 dares
1009 742 1086 798 eis
1105 758 1278 798 escam
1297 746 1356 798 in
1385 749 1618 813 tempore
1642 743 1959 811 opportuno.
1976 740 2049 792 Et

347 836 409 888 in
449 834 595 888 omni
637 831 1023 897 amaritudine,
1067 846 1185 900 qum
1220 835 1430 885 nostros
1476 829 1756 883 saeculares
1795 831 1947 881 actus
1983 824 2049 879 de

345 921 718 978 misericordia
745 926 841 976 tua
868 919 1210 988 sequebatur,
1234 918 1573 973 intuentibus
1591 916 1745 971 nobis
1764 918 1923 985 ﬁnem
1952 930 2049 970 cur

347 1027 410 1066 ea
438 1015 764 1081 pateremur,
796 1008 1143 1063 occurrebant
1174 1006 1427 1073 tenebrae;
1459 1010 1510 1060 et
1534 1004 1921 1060 aversabamur
1947 1019 2046 1070 ge-

342 1104 562 1166 mentes,
605 1103 656 1153 et
706 1097 1059 1152 dicebamus:
1094 1095 1368 1162 Quamdiu
1421 1096 1573 1149 hzec?
1615 1097 1685 1149 Et
1727 1093 1823 1148 hoc
1865 1092 2047 1147 crebro

342 1187 682 1254 dicebamus;
715 1190 767 1241 et
789 1187 1022 1241 dicentes
1050 1200 1156 1239 non
1186 1184 1620 1253 relinquebamus
1650 1198 1713 1237 ea
1738 1201 1754 1236 :
1787 1183 1917 1250 quia
1941 1196 2047 1236 non

342 1275 580 1332 elucebat
608 1280 811 1330 certum
838 1274 1055 1345 aliquid
1084 1274 1229 1343 quod
1251 1275 1362 1328 illis
1390 1272 1595 1328 relictis
1620 1269 2046 1341 apprehendere-

341 1381 460 1421 mus
492 1364 689 1436 (Ibid.,
729 1380 851 1434 cap.
888 1365 975 1431 10,
1006 1378 1065 1418 n.
1107 1363 1213 1433 17).

415 1456 467 1509 3.
516 1457 588 1509 Et
628 1469 745 1522 ego,
799 1452 1031 1523 subjicit
1076 1450 1449 1522 Augustinus,
1498 1450 1734 1504 maxime
1780 1447 2043 1514 mirabar,

336 1547 594 1611 satagens
624 1546 675 1597 et
710 1543 941 1597 recolens
970 1556 1134 1611 quam
1162 1541 1379 1609 longum
1400 1544 1604 1609 tempus
1630 1542 1762 1593 esset
1785 1538 1853 1591 ab
1884 1536 2047 1591 unde-

341 1634 597 1702 vigesimo
626 1646 766 1686 anno
800 1628 980 1685 etatis
1022 1645 1169 1698 meae,
1209 1644 1313 1698 quo
1342 1630 1550 1696 fervere
1577 1641 1839 1696 caperem
1864 1623 2045 1680 studio

343 1723 644 1792 sapientia,
684 1721 972 1790 disponens
999 1734 1062 1773 ea
1088 1720 1309 1772 inventa
1335 1717 1636 1786 relinquere
1664 1728 1842 1769 omnes
1870 1728 2043 1768 vana-

342 1828 466 1867 rum
512 1810 875 1880 cupiditatum
916 1822 1035 1878 spes
1074 1809 1262 1862 inanes
1291 1811 1340 1861 et
1370 1807 1616 1860 insanias
1644 1803 1923 1858 mendaces
1947 1820 1965 1856 ε
1994 1805 2046 1856 et

342 1913 456 1954 ecce
485 1898 608 1967 jam
654 1897 1001 1951 tricenariam
1052 1899 1265 1950 aetatem
1305 1894 1573 1961 gerebam,
1621 1894 1680 1946 in
1726 1891 1904 1946 eodem
1934 1891 2045 1945 luto

342 1988 617 2053 haesitans,
662 1984 928 2040 aviditate
961 1982 1189 2051 fruendi
1222 1981 1599 2054 praesentibus,
1630 1980 1967 2049 fugientibus
1995 1983 2047 2033 et

341 2073 738 2144 dissipantibus
766 2089 867 2139 me,
892 2072 1023 2127 dum
1044 2072 1163 2128 dico
1192 2089 1205 2128 :
1238 2073 1371 2129 Cras
1391 2072 1694 2136 inveniam;
1720 2084 1832 2124 ecce
1859 2069 2046 2123 mani-

339 2166 541 2231 festum
582 2162 891 2233 apparebit,
938 2165 990 2215 et
1043 2160 1223 2215 tenebo
1271 2160 1457 2231 (Ibid,
1510 2174 1630 2228 cap.
1684 2161 1770 2226 11,
1820 2173 1879 2212 n.
1936 2156 2041 2225 18).

341 2251 536 2322 Pergit
563 2251 667 2306 sub
697 2251 820 2305 haec
857 2248 1064 2304 eximie
1093 2248 1432 2317 describere,
1463 2248 1674 2320 quibus
1703 2247 1823 2317 ipse
1854 2245 2042 2301 dubiis

342 2339 758 2395 distraheretur
784 2338 933 2393 circa
960 2339 1089 2394 vitae
1119 2354 1319 2410 genus,
1356 2337 1509 2409 quod
1536 2336 1642 2391 sibi
1682 2336 1827 2391 foret
1854 2334 1926 2390 ad
1953 2334 2040 2389 in-

341 2430 683 2503 quirendam
706 2429 1003 2486 veritatem
1023 2433 1410 2501 opportunum
1437 2426 1902 2497 eligendumque.
1928 2424 2041 2496 Ipsi

342 2518 557 2591 quippe
577 2519 774 2573 lumen
794 2517 1049 2573 veritatis
1072 2517 1161 2571 vix
1178 2516 1429 2588 primum
1459 2515 1748 2569 affulserat
1775 2514 1883 2568 hoc
1901 2517 2042 2567 tem-

342 2624 502 2680 pore,
532 2624 646 2680 quo
674 2607 934 2663 videlicet
952 2606 1213 2661 nondum
1235 2604 1657 2660 Platonicorum
1686 2602 1864 2657 libros
1888 2603 2037 2673 lege-

347 2700 459 2753 rat.
496 2697 561 2750 In
598 2696 705 2751 hoc
735 2695 1038 2766 multiplici
1062 2698 1202 2749 aestu
1235 2699 1493 2748 motuum
1519 2695 1575 2746 et
1602 2690 2036 2762 cogitationum,

342 2783 552 2856 quibus
604 2782 770 2837 simul
804 2782 1152 2853 jactabatur,
1203 2785 1260 2836 et
1304 2780 1462 2835 navis
1506 2779 1685 2834 instar
1742 2778 2040 2833 contrariis

340 2872 522 2927 ventis
568 2871 840 2942 abreptas,
872 2870 984 2925 huc
1022 2874 1192 2942 atque
1222 2870 1358 2924 illuc
1386 2868 1808 2940 impellebatur,
1842 2866 2037 2922 efflue-

340 2959 477 3014 bant
501 2963 782 3030 tempora,
813 2962 870 3012 et
895 2957 1018 3030 ipse
1039 2973 1264 3029 semper
1278 2957 1456 3012 animi
1476 2955 1683 3012 dubius
1701 2972 1862 3011 suam
1891 2972 2037 3026 quo-

336 3048 477 3104 tidie
507 3047 935 3102 conversionem
966 3046 1433 3117 procrastinabat.
1461 3036 1645 3100 Beataa
1670 3045 1798 3099 vitae
1818 3060 2035 3112 amans,

340 3152 466 3191 eam
498 3136 559 3189 in
587 3135 709 3205 ejus
736 3134 913 3205 ipsius
941 3134 1092 3203 sede,
1125 3150 1252 3205 quae
1283 3139 1367 3188 est
1398 3150 1590 3188 rerum
1613 3133 1872 3188 omnium
1903 3149 2038 3187 cou-

341 3220 582 3291 temptio
610 3221 682 3275 ad
701 3220 1103 3275 inhaerendum
1125 3221 1225 3274 uni
1252 3223 1389 3288 Deo,
1418 3221 1496 3275 sic
1522 3220 1780 3288 timebat,
1800 3226 1862 3274 ut
1891 3237 2040 3275 eam-

343 3309 475 3363 dem
504 3325 636 3363 cum
666 3313 969 3380 quaereret,
1003 3309 1224 3381 fugeret
1252 3309 1435 3381 (Ibid.,
1461 3326 1519 3365 η.
1549 3311 1658 3378 20).
1689 3308 2038 3364 lnﬁrmitatis

339 3412 455 3450 sum
484 3395 760 3464 conscius,
803 3400 859 3450 et
885 3395 1085 3467 gratim
1111 3396 1224 3450 vim
1258 3395 1513 3450 nondum
1545 3401 1832 3467 expertus,
1864 3396 2035 3451 indu-

338 3500 462 3539 cere
490 3485 749 3540 animum
781 3501 896 3539 non
940 3488 1184 3556 poterat,
1222 3488 1284 3539 ut
1311 3483 1573 3540 caelibem
1602 3484 1776 3540 vitam
1804 3486 2032 3540 coleret.

337 3574 576 3646 Alypius
590 3560 941 3630 castissimus
964 3574 1289 3629 adolescens
1310 3573 1471 3628 omni
1491 3574 1679 3628 studio
1693 3574 2033 3641 enitebatur,

337 3680 450 3736 quo
480 3680 613 3720 eum
642 3667 923 3719 averteret
963 3667 996 3718 ὸ.
1036 3652 1334 3736 coiijugio;
1381 3680 1513 3718 cum
1557 3667 1884 3719 causaretur
1910 3662 2037 3718 ﬁeri

336 3752 664 3806 nullatenus
692 3768 877 3822 posse,
930 3751 979 3805 si
1019 3767 1254 3806 uxorem
1290 3751 1541 3818 duceret,
1573 3756 1638 3806 ut
1667 3750 2034 3822 tranquillam

336 3839 512 3895 vitam
548 3840 719 3895 simul
750 3840 810 3894 in
840 3855 1035 3894 amore
1073 3840 1370 3911 sapientiae
1413 3841 1707 3911 degerent,
1748 3839 1892 3894 sicut
1912 3840 2034 3910 jam

334 3928 557 4000 pridem
587 3930 950 4000 expetebant.
984 3930 1063 3983 At
1103 3929 1376 3998 deligatus
1403 3930 1583 3984 morbo
1610 3930 1811 3995 carnis,
1838 3932 2033 3983 morti-

331 4020 457 4086 fera
499 4020 787 4081 suavitate,
837 4017 1043 4088 inquit,
1098 4018 1377 4072 trahebam
1405 4022 1648 4073 catenam
1677 4033 1869 4083 meam,
1900 4018 2037 4071 solvi

335 4109 546 4174 timens,
588 4111 639 4161 et
686 4108 847 4175 quasi
887 4122 1136 4162 concusso
1177 4107 1395 4161 vulnere
1432 4107 1690 4173 repellens
1715 4106 1878 4160 verba
1908 4106 2034 4160 bene

332 4196 634 4261 suadentis,
658 4200 919 4265 tanquam
947 4211 1167 4250 manum
1193 4196 1462 4250 solventis.
1492 4194 1629 4248 Hinc
1659 4194 2032 4265 Alypius,qui

334 4285 405 4341 de
451 4284 757 4357 Augustini
805 4284 1039 4356 ingenio
1081 4285 1223 4339 bene
1267 4282 1645 4348 existimabat,
1699 4280 2030 4336 curiositate

334 4374 658 4429 stimulatus
688 4378 744 4428 et
775 4373 919 4445 ipse,
946 4372 1280 4444 conjugium
1300 4376 1593 4442 expetere;
1626 4374 1682 4426 et
1706 4370 1892 4426 aliena
1920 4387 2031 4424 ser-

330 4461 510 4515 vitute
558 4461 1000 4532 obstupefactus,
1049 4461 1110 4514 in
1158 4459 1418 4514 eamdem
1467 4459 1617 4514 ultro
1669 4458 2030 4530 propendere

256 4608 263 4615 _
333 4551 663 4623 (Ibid.,cap.
699 4554 788 4619 l2,
822 4567 914 4608 nn.
946 4553 1035 4619 2t,
1065 4552 1173 4622 22).

398 4638 452 4693 4.
503 4638 646 4694 Cum
695 4638 890 4708 itaque
928 4640 1006 4694 sic
1051 4639 1245 4694 animo
1291 4637 1630 4694 constitutus
1673 4636 2028 4709 Augustinus

328 4729 494 4793 esset,
527 4726 670 4782 nihil
697 4728 909 4784 mirum
951 4728 999 4783 si
1040 4728 1301 4784 Monnica
1327 4728 1497 4783 dabat
1525 4743 1779 4798 operam,
1804 4730 1869 4781 ut
1896 4730 2027 4781 ante

327 4819 657 4887 susceptum
700 4817 1008 4889 Baptisma,
1058 4818 1128 4873 ad
1169 4817 1320 4889 quod
1346 4817 1509 4871 illum
1539 4832 1598 4870 se
1630 4815 1689 4870 in
1718 4815 1840 4870 dies
1870 4832 2029 4870 com-

324 4920 526 4978 parare
566 4906 873 4976 gaudebat,
910 4906 1275 4962 matrimonio
1310 4906 1653 4978 jungeretur
1684 4904 1870 4977 (lbid.,
1902 4920 2021 4968 cap.

328 4997 414 5057 l3,
460 5010 518 5051 n.
550 4997 660 5065 23),
704 5011 777 5050 ne
827 4995 1043 5050 scilicet
1084 5000 1215 5066 post
1265 5011 1486 5050 sacram
1531 4993 2025 5064 regenerationem

322 5082 755 5140 incontinentiae
800 5083 1056 5156 periculo
1098 5084 1246 5139 foret
1292 5084 1478 5140 adhuc
1508 5082 1810 5138 obnoxius.
1844 5082 2024 5136 Deum

321 5173 422 5229 illa
450 5172 784 5245 frequenter
811 5171 1011 5239 oravit,
1044 5171 1218 5227 etiam
1249 5189 1283 5228 a
1311 5172 1430 5227 ﬁlio
1462 5171 1780 5240 sollicitata,
1827 5174 1890 5223 ut
1918 5168 2026 5223 sibi

324 5263 396 5318 de
423 5262 531 5318 hoc
571 5260 946 5317 matrimonio
989 5259 1207 5331 aliquid
1242 5276 1346 5332 per
1372 5260 1559 5316 visum
1587 5259 1890 5327 indicaret;
1925 5258 2025 5313 scd

321 5366 621 5424 nunquam
666 5350 943 5408 exoravit.
988 5350 1235 5414 Quaesita
1263 5354 1456 5406 tamen
1488 5354 1573 5405 est
1602 5350 1816 5420 puella,
1845 5354 2025 5404 trans-

324 5444 628 5512 actumque
672 5441 968 5514 negotium
1018 5455 1032 5495 :
1084 5455 1281 5494 verum
1319 5454 1450 5494 cum
1495 5437 1594 5492 illa
1626 5438 1852 5493 nonnisi
1894 5442 2026 5510 post

324 5528 628 5584 biennium
656 5530 870 5586 nubilis
897 5531 1090 5585 futura
1130 5532 1295 5596 esset,
1326 5527 1544 5599 placuit
1572 5526 1846 5582 idoneum
1878 5532 2019 5582 tem-

324 5633 432 5689 pus
473 5619 805 5690 exspectari,
849 5619 999 5691 quod
1032 5618 1128 5674 illa
1156 5617 1409 5674 conditio
1438 5632 1552 5672 non
1584 5617 1907 5686 spernenda
1936 5616 2023 5672 vi-

2161 472 2413 528 deretur.
2452 471 2685 527 Interim
2742 486 2870 526 cum
2921 470 3074 526 illius
3116 470 3436 527 concubina
3477 466 3859 545 impedimen-

2159 565 2282 616 tum
2320 562 2549 616 alferret
2588 560 2875 632 conjugio,
2907 560 2977 615 ab
3008 559 3191 632 ipsius
3230 560 3403 615 latere
3445 562 3640 616 avulsa
3666 567 3770 617 est.
3802 563 3863 617 In

2157 649 2405 705 Africam
2435 650 2534 704 illa
2561 648 2751 716 rediit,
2775 663 2986 703 vovens
3022 649 3135 703 Deo
3163 647 3338 702 alium
3373 664 3431 702 se
3460 647 3647 703 virum
3684 650 3864 704 nesci-

2159 742 2366 794 turam.
2418 739 2486 793 At
2531 737 2627 792 ille
2671 753 2741 792 ne
2782 736 3180 792 mulierculam
3209 736 3446 808 quidem
3471 737 3624 792 virili
3669 738 3864 792 animo

2156 824 2372 881 imitari
2398 825 2579 881 valuit
2613 842 2626 880 :
2659 830 2717 881 et
2742 841 2870 880 cum
2902 825 3204 881 biennium
3232 825 3556 896 praestolari
3584 841 3704 881 non
3730 842 3866 898 pos-

2155 917 2258 980 set,
2312 914 2373 969 in
2418 915 2609 970 locum
2655 913 2811 969 illius
2858 930 2987 986 quas
3046 914 3393 976 discesserat,
3438 914 3609 970 aliam
3668 915 3866 970 ascivit

2153 1003 2345 1072 (Ibid,
2378 1020 2501 1074 cap.
2528 1008 2614 1071 15,
2646 1020 2701 1059 n.
2739 1004 2857 1075 25);
2890 1003 3055 1075 quasi
3079 1002 3288 1058 animai
3321 1019 3440 1057 sum
3471 1004 3736 1059 morbum
3767 1008 3870 1059 aut

2156 1106 2385 1161 semper
2433 1092 2768 1163 producere,
2820 1097 2917 1146 aut
2945 1090 3231 1162 proritare
3262 1095 3554 1147 statueret.
3606 1093 3715 1147 Nec
3745 1093 3867 1163 ipse

2158 1178 2458 1249 diffitetur,
2505 1197 2564 1234 se
2615 1183 2647 1233 ὰ
2694 1179 3066 1250 profundiore
3116 1179 3422 1235 libidinum
3468 1180 3717 1252 gurgite,
3747 1181 3868 1236 solo

2155 1268 2360 1323 mortis
2407 1272 2464 1323 et
2509 1267 2688 1323 divini
2727 1268 2931 1338 judicii
2960 1272 3117 1324 metu
3146 1268 3321 1325 fuisse
3350 1274 3677 1325 revocatum
3710 1287 3725 1324 :
3756 1270 3865 1337 Qui

2153 1360 2345 1427 metus,
2389 1355 2489 1424 ait,
2516 1373 2618 1427 per
2660 1359 2846 1412 varias
2878 1358 3096 1427 quidem
3140 1360 3437 1429 opiniones,
3468 1374 3746 1429 nunquam
3775 1362 3863 1413 ta-

2154 1461 2273 1500 men
2302 1449 2519 1501 recessit
2545 1446 2611 1501 de
2634 1450 2848 1516 pectore
2866 1462 2977 1501 meo
3004 1446 3189 1518 (1bid.,
3216 1462 3339 1517 cap.
3372 1450 3458 1515 16,
3490 1462 3552 1504 n.
3581 1450 3687 1510 26).
3719 1448 3864 1503 Cum

2156 1533 2225 1588 de
2254 1532 2463 1589 ﬁnibus
2490 1534 2778 1589 bonorum
2809 1539 2867 1590 et
2892 1536 3177 1590 malorum
3201 1551 3332 1590 cum
3357 1536 3563 1608 Alypio
3591 1540 3648 1592 et
3676 1536 3866 1592 Nebri-

2153 1622 2249 1678 dio
2304 1622 2594 1678 interdum
2631 1623 2967 1695 disputaret,
3002 1623 3224 1679 dicebat
3270 1640 3328 1678 se
3369 1626 3639 1680 daturum
3686 1626 3862 1680 fuisse

2153 1712 2405 1783 palmam
2458 1711 2718 1783 Epicuro,
2769 1711 2880 1766 nisi
2927 1711 3257 1767 credidisset
3299 1711 3440 1784 ipse,
3474 1714 3627 1784 quod
3660 1714 3863 1785 Epicu-

2153 1816 2251 1855 rus
2280 1801 2510 1856 credere
2541 1800 2749 1868 noluit,
2780 1805 2913 1871 post
2944 1806 3187 1856 mortem
3217 1808 3429 1857 restare
3460 1803 3666 1857 animm
3682 1804 3859 1859 vitam

2154 1894 2213 1944 et
2228 1894 2440 1944 tractus
2470 1890 2826 1945 meritorum.
2858 1889 2981 1954 Qua
3010 1894 3203 1944 mente
3224 1907 3386 1945 suam
3413 1890 3534 1962 ipse
3569 1892 3861 1947 miseriam

2154 1978 2287 2033 satis
2326 1982 2520 2050 aperte
2550 1978 2923 2044 monstrabat,
2957 1994 3131 2049 seque
3160 1978 3403 2034 cmlestis
3427 1979 3580 2034 illius
3608 1980 3863 2050 pulchri-

2152 2067 2385 2135 tudinis,
2418 2084 2547 2140 quae
2566 2070 2797 2139 propter
2824 2083 2882 2121 se
2909 2067 3225 2122 adamanda
3245 2071 3347 2133 est,
3367 2068 3742 2139 purissimum
3769 2070 3859 2124 lu-

2152 2173 2287 2212 men
2306 2173 2423 2211 non
2452 2173 2616 2227 posse
2648 2155 2991 2227 perspicere.

2224 2246 2276 2297 5.
2326 2244 2484 2299 Multi
2529 2246 2713 2306 amici,
2764 2244 2864 2310 ait,
2913 2246 3317 2312 agitaveramus
3363 2248 3565 2315 animo,
3605 2250 3656 2301 et
3700 2248 3860 2302 collo-

2152 2336 2388 2402 quentes,
2442 2348 2506 2387 ac
2554 2332 2877 2387 detestantes
2906 2332 3244 2388 turbulentas
3273 2334 3521 2389 humanae
3556 2336 3683 2389 vitae
3738 2351 3859 2390 mo-

2152 2421 2355 2488 lestias,
2394 2436 2530 2490 pene
2568 2421 2690 2490 jam
2729 2423 3137 2491 ﬁrmaveramus
3182 2425 3373 2477 remoti
3414 2439 3448 2477 a
3481 2424 3657 2478 turbis
3694 2427 3859 2479 otiose

2148 2512 2327 2565 vivere
2357 2526 2370 2565 :
2402 2510 2463 2564 id
2491 2512 2658 2564 otium
2681 2511 2759 2565 sic
2786 2512 2981 2578 moliti,
3011 2515 3072 2565 ut
3104 2511 3155 2566 si
3177 2511 3313 2580 quid
3341 2512 3534 2567 habere
3556 2528 3855 2582 possemus,

2148 2601 2510 2666 conferremus
2539 2601 2597 2653 in
2626 2599 2883 2666 medium,
2923 2615 3195 2669 unamque
3223 2615 3335 2654 rem
3362 2602 3699 2668 familiarem
3731 2618 3854 2656 con-

2148 2690 2398 2756 ﬂaremus
2431 2704 2499 2742 ea:
2521 2689 2765 2743 omnibus
2799 2704 2811 2742 :
2848 2693 2909 2742 ut
2948 2704 3047 2758 per
3083 2691 3334 2744 amicitia:
3361 2692 3725 2745 sinceritatem
3753 2708 3855 2745 non

2149 2781 2285 2832 esset
2311 2777 2467 2831 aliud
2495 2777 2680 2845 hujus,
2720 2782 2771 2831 et
2800 2778 2954 2831 aliud
2992 2778 3174 2846 illius;
3219 2779 3315 2833 sed
3359 2778 3504 2848 quod
3529 2794 3596 2832 ea:
3625 2782 3851 2846 cunctis,

2147 2869 2296 2935 ﬁeret
2348 2882 2533 2933 unum,
2580 2870 2631 2919 et
2669 2868 2979 2921 universum
3026 2869 3362 2936 singulorum
3390 2873 3545 2935 esset,
3595 2872 3646 2922 et
3675 2872 3855 2923 omnia

2149 2958 2477 3010 omnium...
2506 2956 2796 3010 Placuerat
2813 2956 2990 3022 nobis,
3014 2960 3074 3011 ut
3100 2957 3215 3010 bini
3237 2959 3429 3024 annui,
3466 2960 3733 3026 tanquam
3748 2973 3856 3010 ma-

2149 3047 2428 3113 gistratus,
2484 3046 2664 3098 omnia
2710 3046 3013 3099 necessaria
3054 3050 3326 3112 curarent,
3368 3048 3572 3100 exteris
3623 3047 3847 3115 quietis.

2148 3134 2256 3189 Sed
2297 3138 2651 3203 posteaquam
2699 3136 2853 3203 capit
2900 3135 3150 3201 cogitari,
3182 3139 3363 3191 utrum
3405 3135 3500 3189 hoc
3527 3135 3857 3189 mulierculae

2147 3224 2402 3288 sinerent,
2434 3238 2571 3292 quas
2601 3226 2651 3276 et
2696 3223 2800 3277 alii
2834 3227 3077 3276 nostrum
3091 3224 3211 3291 jam
3241 3222 3530 3289 habebant,
3561 3227 3615 3276 et
3640 3238 3740 3278 nos
3766 3224 3857 3277 ha-

2150 3308 2268 3364 bere
2294 3310 2615 3374 volebamus,
2652 3314 2819 3365 totum
2847 3311 2989 3364 illud
3031 3312 3296 3381 placitum
3327 3312 3469 3379 quod
3493 3311 3620 3365 bene
3641 3314 3854 3379 forma-

2148 3398 2355 3467 bamus,
2406 3398 2652 3454 dissiluit
2679 3402 2739 3453 in
2766 3400 3017 3455 manibus
3045 3404 3209 3470 atque
3257 3404 3591 3469 confractum
3619 3405 3671 3455 et
3699 3401 3857 3469 abje—

2146 3493 2290 3544 ctum
2329 3494 2426 3544 est.
2458 3488 2590 3544 Inde
2635 3488 2710 3542 ad
2755 3490 2996 3558 suspiria
3028 3493 3079 3543 et
3135 3491 3384 3556 gemitus,
3435 3492 3485 3542 et
3520 3502 3741 3557 gressus
3779 3487 3855 3540 ad

2145 3578 2443 3647 sequendas
2496 3577 2638 3632 latas
2694 3584 2745 3631 et
2790 3579 2952 3632 tritas
2980 3580 3100 3632 vias
3128 3578 3331 3645 saeculi,
3363 3579 3619 3646 quoniam
3664 3578 3851 3631 multae

2144 3668 2495 3736 cogitationes
2551 3670 2708 3721 erant
2758 3667 2816 3720 in
2871 3666 3029 3721 corde
3072 3671 3287 3733 nostro;
3336 3667 3621 3721 consilium
3672 3670 3855 3720 autem

2146 3762 2296 3810 tuum
2316 3760 2497 3810 manet
2532 3757 2589 3809 in
2627 3759 2902 3810 aeternam.
2934 3758 3023 3810 Ea:
3053 3771 3157 3825 quo
3186 3753 3406 3810 consilio
3437 3754 3728 3809 deridebas
3756 3770 3857 3809 no-

2144 3851 2281 3912 stra,
2305 3850 2357 3900 et
2382 3850 2474 3899 tua
2501 3845 2881 3915 przeparabas,
2912 3845 3064 3899 nobis
3094 3845 3326 3900 daturus
3363 3859 3536 3899 escam
3563 3846 3626 3898 in
3653 3860 3858 3914 oppor-

2145 3936 2395 4000 tunitate,
2446 3938 2499 3989 et
2542 3940 2831 4004 aperturas
2878 3949 3098 3988 manum
3139 3938 3308 4001 tuam,
3339 3938 3502 4002 atque
3528 3934 3859 4003 impleturus

2143 4024 2356 4078 animas
2377 4027 2592 4077 nostras
2614 4023 2976 4077 benedictione
3005 4022 3186 4094 (Ibid,
3219 4038 3339 4093 cap.
3378 4022 3459 4089 14,
3492 4038 3550 4076 n.
3575 4023 3691 4093 24).
3720 4022 3861 4077 Con-

2142 4111 2421 4183 gregandi
2462 4110 2803 4166 videbantur
2829 4110 3053 4165 circiter
3084 4111 3298 4176 decem,
3331 4112 3539 4182 quibus
3568 4111 3696 4166 haec
3726 4112 3858 4166 vita:

2142 4198 2379 4253 societas
2413 4196 2697 4252 arridebat
2729 4214 2742 4252 :
2774 4197 2926 4252 inter
2954 4214 3097 4269 quos
3128 4202 3291 4253 erant
3320 4197 3556 4269 quidam
3584 4197 3859 4269 praedivi-

2141 4290 2244 4353 tes,
2278 4285 2668 4341 Romanianus
2694 4286 2754 4340 in
2784 4285 2987 4357 primis
3018 4287 3340 4359 Augustino
3371 4303 3402 4341 a
3432 4286 3645 4341 teneris
3680 4286 3854 4342 fami-

2140 4372 2508 4443 liarissimus;
2550 4391 2657 4430 nec
2702 4380 2827 4430 erat
2873 4374 2971 4447 qui
3017 4375 3163 4431 hanc
3205 4375 3336 4431 vitm
3374 4374 3851 4431 communitatem

2141 4467 2239 4517 aut
2286 4479 2353 4517 eo
2400 4463 2694 4518 ardentius
2735 4467 3049 4533 expeteret,
3095 4467 3193 4518 aut
3236 4463 3307 4518 ad
3338 4480 3464 4518 eam
3493 4463 3851 4519 suadendam

2138 4551 2345 4622 majori
2372 4552 2707 4607 auctoritate
2734 4552 2993 4622 polleret,
3027 4568 3156 4607 cum
3186 4567 3277 4607 res
3308 4552 3360 4606 ei
3390 4551 3693 4607 familiaris
3723 4567 3851 4607 am-

2136 4640 2288 4713 plior
2320 4657 2493 4713 quam
2532 4641 2752 4695 caeteris
2787 4645 2960 4699 esset.
3012 4641 3076 4696 Id
3107 4642 3382 4712 temporis
3413 4640 3722 4697 Mediolani
3750 4641 3851 4696 de-

2136 4728 2326 4799 gebat,
2372 4731 2436 4784 ut
2479 4728 2728 4783 intentas
2771 4728 2879 4784 sibi
2909 4746 2941 4783 a
2970 4733 3325 4801 praepotente
3355 4729 3682 4784 adversario
3712 4728 3849 4784 lites

2134 4820 2593 4889 persequeretur,
2635 4816 2844 4889 quibus
2889 4818 3124 4890 quidem
3154 4834 3284 4874 cum
3312 4818 3507 4874 divina
3534 4817 3849 4890 providen-

2137 4906 2216 4962 tia
2247 4906 2501 4978 quodam
2523 4923 2727 4961 somno
2752 4906 2927 4978 hujus
2951 4906 3080 4962 vita:
3108 4913 3455 4975 veternoque
3484 4905 3737 4977 sopitum
3771 4921 3858 4960 ex-

2135 4995 2365 5051 citabat.
2406 4997 2485 5050 De
2514 4996 2621 5051 hoc
2648 4996 2884 5051 fortasse
2914 4995 3045 5050 vita:
3073 4996 3393 5051 communis
3423 4994 3855 5067 consilio,quod

2134 5082 2402 5151 inierant,
2446 5099 2577 5138 cum
2624 5101 2692 5139 eo
2730 5083 2852 5155 agit
2878 5084 3252 5154 Augustinus,
3285 5084 3424 5139 dum
3451 5083 3531 5138 sic
3562 5082 3731 5138 illum
3764 5083 3853 5138 al-

2132 5171 2390 5242 loquitur
2435 5189 2448 5227 :
2499 5173 2786 5243 Quidquid
2819 5172 2885 5227 de
2908 5174 3015 5228 otio
3047 5188 3161 5228 meo
3188 5173 3345 5229 modo
3374 5173 3607 5243 gaudeo,
3639 5172 3792 5243 quod
3820 5188 3855 5227 a

2133 5263 2529 5330 super/tuarum
2548 5262 2911 5331 cupiditatum
2923 5263 3153 5317 vinculis
3172 5264 3397 5329 evolavi,
3417 5262 3565 5331 quod
3586 5262 3855 5332 depositis

2133 5350 2383 5405 oneribus
2410 5356 2747 5406 mortuarum
2776 5367 3048 5416 curarum,
3099 5353 3329 5422 respiro,
3373 5352 3659 5421 resipisco,
3690 5355 3856 5406 redeo

2134 5437 2209 5492 ad
2236 5453 2335 5506 me,
2368 5440 2516 5508 quod
2544 5456 2725 5511 quaero
2753 5442 3150 5496 intentissimas
3179 5445 3483 5504 veritatem,
3516 5441 3666 5511 quod
3697 5444 3855 5497 inve-

2132 5527 2249 5582 nire
2269 5528 2390 5598 jam
2412 5530 2709 5598 ingredior,
2744 5530 2888 5598 quod
2916 5545 2999 5585 me
3027 5530 3102 5585 ad
3128 5544 3396 5585 summum
3422 5531 3604 5599 ipsum
3623 5530 3853 5585 modum

2130 5622 2516 5688 perventurum
2557 5634 2668 5675 esse
2693 5618 2928 5688 conﬁdo;
2964 5624 3022 5674 tu
3048 5620 3328 5686 animasti,
3361 5624 3418 5674 tu
3456 5619 3758 5688 impulisti,
3793 5623 3857 5674 tu
