  <div class='ocr_page' id='page_1' title='image "/cluster/home/n/w/nwhite01/storage/ocr_20150623/32/hvd.32044096580550/064.png"; bbox 0 0 4048 6194; ppageno 0'>
   <div class='ocr_carea' id='block_1_1' title="bbox 193 315 293 369">
    <p class='ocr_par' dir='ltr' id='par_1_1' title="bbox 193 315 293 369">
     <span class='ocr_line' id='line_1_1' title="bbox 193 315 293 369; baseline 0 0"><span class='ocrx_word' id='word_1_1' title='bbox 193 315 293 369; x_wconf 73' lang='grc'><strong><em>109</em></strong></span> 
     </span>
    </p>
   </div>
   <div class='ocr_carea' id='block_1_2' title="bbox 184 435 1901 512">
    <p class='ocr_par' dir='ltr' id='par_1_2' title="bbox 184 435 1901 512">
     <span class='ocr_line' id='line_1_2' title="bbox 184 435 1901 512; baseline 0.005 -23"><span class='ocrx_word' id='word_1_2' title='bbox 184 437 367 503; x_wconf 80' lang='lat' dir='ltr'><strong><em>fecisti</em></strong></span> <span class='ocrx_word' id='word_1_3' title='bbox 436 435 602 507; x_wconf 82' lang='lat' dir='ltr'><strong><em>Cujus</em></strong></span> <span class='ocrx_word' id='word_1_4' title='bbox 652 441 834 492; x_wconf 87' lang='lat' dir='ltr'><strong><em>autem</em></strong></span> <span class='ocrx_word' id='word_1_5' title='bbox 880 439 1129 493; x_wconf 85' lang='lat' dir='ltr'><strong><em>minister</em></strong></span> <span class='ocrx_word' id='word_1_6' title='bbox 1178 440 1374 507; x_wconf 84' lang='lat' dir='ltr'><strong><em>fueris,</em></strong></span> <span class='ocrx_word' id='word_1_7' title='bbox 1425 440 1548 510; x_wconf 86' lang='lat' dir='ltr'><strong><em>plus</em></strong></span> <span class='ocrx_word' id='word_1_8' title='bbox 1586 441 1766 497; x_wconf 85' lang='lat' dir='ltr'><strong><em>adhuc</em></strong></span> <span class='ocrx_word' id='word_1_9' title='bbox 1792 443 1901 512; x_wconf 74' lang='lat' dir='ltr'><strong><em>ﬁte</em></strong></span> 
     </span>
    </p>
   </div>
   <div class='ocr_carea' id='block_1_3' title="bbox 182 527 1898 602">
    <p class='ocr_par' dir='ltr' id='par_1_3' title="bbox 182 527 1898 602">
     <span class='ocr_line' id='line_1_3' title="bbox 182 527 1898 602; baseline 0.005 -23"><span class='ocrx_word' id='word_1_10' title='bbox 182 527 418 595; x_wconf 78' lang='lat' dir='ltr'><strong><em>concepi,</em></strong></span> <span class='ocrx_word' id='word_1_11' title='bbox 466 541 635 595; x_wconf 89' lang='lat' dir='ltr'><strong><em>quam</em></strong></span> <span class='ocrx_word' id='word_1_12' title='bbox 682 528 895 581; x_wconf 81' lang='lat' dir='ltr'><strong><em>ratione</em></strong></span> <span class='ocrx_word' id='word_1_13' title='bbox 938 529 1332 598; x_wconf 81' lang='lat' dir='ltr'><strong><em>comprehendi.</em></strong></span> <span class='ocrx_word' id='word_1_14' title='bbox 1388 531 1529 587; x_wconf 88' lang='lat' dir='ltr'><strong><em>Nam</em></strong></span> <span class='ocrx_word' id='word_1_15' title='bbox 1582 546 1702 586; x_wconf 89' lang='lat' dir='ltr'><strong><em>cum</em></strong></span> <span class='ocrx_word' id='word_1_16' title='bbox 1750 548 1898 602; x_wconf 77' lang='lat' dir='ltr'><strong><em>pra:-</em></strong></span> 
     </span>
    </p>
   </div>
   <div class='ocr_carea' id='block_1_4' title="bbox 180 616 1900 686">
    <p class='ocr_par' dir='ltr' id='par_1_4' title="bbox 180 616 1900 686">
     <span class='ocr_line' id='line_1_4' title="bbox 180 616 1900 686; baseline 0.004 -18"><span class='ocrx_word' id='word_1_17' title='bbox 180 629 299 670; x_wconf 81' lang='lat' dir='ltr'><strong><em>sens</em></strong></span> <span class='ocrx_word' id='word_1_18' title='bbox 347 617 610 685; x_wconf 58' lang='lat' dir='ltr'><strong><em>presenti</em></strong></span> <span class='ocrx_word' id='word_1_19' title='bbox 657 616 761 670; x_wconf 89' lang='lat' dir='ltr'><strong><em>tibi</em></strong></span> <span class='ocrx_word' id='word_1_20' title='bbox 792 618 1159 686; x_wconf 68' lang='lat' dir='ltr'><strong><em>exposuissem</em></strong></span> <span class='ocrx_word' id='word_1_21' title='bbox 1199 620 1477 674; x_wconf 85' lang='lat' dir='ltr'><strong><em>interiores</em></strong></span> <span class='ocrx_word' id='word_1_22' title='bbox 1505 624 1682 675; x_wconf 87' lang='lat' dir='ltr'><strong><em>motus</em></strong></span> <span class='ocrx_word' id='word_1_23' title='bbox 1726 623 1900 677; x_wconf 91' lang='lat' dir='ltr'><strong><em>animi</em></strong></span> 
     </span>
    </p>
   </div>
   <div class='ocr_carea' id='block_1_5' title="bbox 180 705 1897 776">
    <p class='ocr_par' dir='ltr' id='par_1_5' title="bbox 180 705 1897 776">
     <span class='ocr_line' id='line_1_5' title="bbox 180 705 1897 776; baseline 0.003 -17"><span class='ocrx_word' id='word_1_24' title='bbox 180 705 300 771; x_wconf 67' lang='lat' dir='ltr'><strong><em>mei,</em></strong></span> <span class='ocrx_word' id='word_1_25' title='bbox 338 705 782 774; x_wconf 86' lang='lat' dir='ltr'><strong><em>vehementerque</em></strong></span> <span class='ocrx_word' id='word_1_26' title='bbox 827 720 890 760; x_wconf 90' lang='lat' dir='ltr'><strong><em>ac</em></strong></span> <span class='ocrx_word' id='word_1_27' title='bbox 932 707 1130 776; x_wconf 62' lang='lat' dir='ltr'><strong><em>saepius</em></strong></span> <span class='ocrx_word' id='word_1_28' title='bbox 1161 721 1473 775; x_wconf 82' lang='lat' dir='ltr'><strong><em>assererem,</em></strong></span> <span class='ocrx_word' id='word_1_29' title='bbox 1512 710 1715 764; x_wconf 88' lang='lat' dir='ltr'><strong><em>nullam</em></strong></span> <span class='ocrx_word' id='word_1_30' title='bbox 1760 712 1897 764; x_wconf 89' lang='lat' dir='ltr'><strong><em>mihi</em></strong></span> 
     </span>
    </p>
   </div>
   <div class='ocr_carea' id='block_1_6' title="bbox 179 792 1895 868">
    <p class='ocr_par' dir='ltr' id='par_1_6' title="bbox 179 792 1895 868">
     <span class='ocr_line' id='line_1_6' title="bbox 179 792 1895 868; baseline 0.004 -22"><span class='ocrx_word' id='word_1_31' title='bbox 179 792 361 846; x_wconf 80' lang='lat' dir='ltr'><strong><em>videri</em></strong></span> <span class='ocrx_word' id='word_1_32' title='bbox 394 808 720 862; x_wconf 84' lang='lat' dir='ltr'><strong><em>prosperam</em></strong></span> <span class='ocrx_word' id='word_1_33' title='bbox 764 795 1064 863; x_wconf 79' lang='lat' dir='ltr'><strong><em>fortunam,</em></strong></span> <span class='ocrx_word' id='word_1_34' title='bbox 1116 797 1226 851; x_wconf 91' lang='lat' dir='ltr'><strong><em>nisi</em></strong></span> <span class='ocrx_word' id='word_1_35' title='bbox 1268 812 1388 867; x_wconf 64' lang='lat' dir='ltr'><strong><em>quae</em></strong></span> <span class='ocrx_word' id='word_1_36' title='bbox 1441 800 1609 852; x_wconf 84' lang='lat' dir='ltr'><strong><em>otium</em></strong></span> <span class='ocrx_word' id='word_1_37' title='bbox 1659 799 1895 868; x_wconf 87' lang='lat' dir='ltr'><strong><em>philoso-</em></strong></span> 
     </span>
    </p>
   </div>
   <div class='ocr_carea' id='block_1_7' title="bbox 177 881 1895 956">
    <p class='ocr_par' dir='ltr' id='par_1_7' title="bbox 177 881 1895 956">
     <span class='ocr_line' id='line_1_7' title="bbox 177 881 1895 956; baseline 0.004 -21"><span class='ocrx_word' id='word_1_38' title='bbox 177 881 394 950; x_wconf 80' lang='lat' dir='ltr'><strong><em>phandi</em></strong></span> <span class='ocrx_word' id='word_1_39' title='bbox 422 881 618 949; x_wconf 86' lang='lat' dir='ltr'><strong><em>daret;</em></strong></span> <span class='ocrx_word' id='word_1_40' title='bbox 655 884 864 938; x_wconf 89' lang='lat' dir='ltr'><strong><em>nullam</em></strong></span> <span class='ocrx_word' id='word_1_41' title='bbox 894 884 1102 939; x_wconf 86' lang='lat' dir='ltr'><strong><em>beatam</em></strong></span> <span class='ocrx_word' id='word_1_42' title='bbox 1132 887 1322 952; x_wconf 88' lang='lat' dir='ltr'><strong><em>vitam,</em></strong></span> <span class='ocrx_word' id='word_1_43' title='bbox 1355 887 1466 941; x_wconf 83' lang='lat' dir='ltr'><strong><em>nisi</em></strong></span> <span class='ocrx_word' id='word_1_44' title='bbox 1490 902 1600 955; x_wconf 90' lang='lat' dir='ltr'><strong><em>qua</em></strong></span> <span class='ocrx_word' id='word_1_45' title='bbox 1628 889 1687 941; x_wconf 89' lang='lat' dir='ltr'><strong><em>in</em></strong></span> <span class='ocrx_word' id='word_1_46' title='bbox 1707 888 1895 956; x_wconf 88' lang='lat' dir='ltr'><strong><em>philo—</em></strong></span> 
     </span>
    </p>
   </div>
   <div class='ocr_carea' id='block_1_8' title="bbox 180 971 1894 1044">
    <p class='ocr_par' dir='ltr' id='par_1_8' title="bbox 180 971 1894 1044">
     <span class='ocr_line' id='line_1_8' title="bbox 180 971 1894 1044; baseline 0.004 -20"><span class='ocrx_word' id='word_1_47' title='bbox 180 971 377 1040; x_wconf 79' lang='lat' dir='ltr'><strong><em>sophia</em></strong></span> <span class='ocrx_word' id='word_1_48' title='bbox 404 973 712 1037; x_wconf 79' lang='lat' dir='ltr'><strong><em>viveretur;</em></strong></span> <span class='ocrx_word' id='word_1_49' title='bbox 744 972 839 1026; x_wconf 83' lang='lat' dir='ltr'><strong><em>sed</em></strong></span> <span class='ocrx_word' id='word_1_50' title='bbox 866 988 947 1026; x_wconf 91' lang='lat' dir='ltr'><strong><em>me</em></strong></span> <span class='ocrx_word' id='word_1_51' title='bbox 985 976 1135 1027; x_wconf 88' lang='lat' dir='ltr'><strong><em>tanto</em></strong></span> <span class='ocrx_word' id='word_1_52' title='bbox 1177 989 1414 1028; x_wconf 88' lang='lat' dir='ltr'><strong><em>meorum</em></strong></span> <span class='ocrx_word' id='word_1_53' title='bbox 1451 990 1624 1043; x_wconf 89' lang='lat' dir='ltr'><strong><em>onere,</em></strong></span> <span class='ocrx_word' id='word_1_54' title='bbox 1666 991 1894 1044; x_wconf 80' lang='lat' dir='ltr'><strong><em>quorum</em></strong></span> 
     </span>
    </p>
   </div>
   <div class='ocr_carea' id='block_1_9' title="bbox 179 1058 1888 1133">
    <p class='ocr_par' dir='ltr' id='par_1_9' title="bbox 179 1058 1888 1133">
     <span class='ocr_line' id='line_1_9' title="bbox 179 1058 1888 1133; baseline 0.004 -21"><span class='ocrx_word' id='word_1_55' title='bbox 179 1074 243 1113; x_wconf 75' lang='lat' dir='ltr'><strong><em>ea:</em></strong></span> <span class='ocrx_word' id='word_1_56' title='bbox 290 1058 485 1129; x_wconf 76' lang='lat' dir='ltr'><strong><em>ofﬁcio</em></strong></span> <span class='ocrx_word' id='word_1_57' title='bbox 521 1074 636 1113; x_wconf 91' lang='lat' dir='ltr'><strong><em>meo</em></strong></span> <span class='ocrx_word' id='word_1_58' title='bbox 681 1061 799 1113; x_wconf 79' lang='lat' dir='ltr'><strong><em>vita</em></strong></span> <span class='ocrx_word' id='word_1_59' title='bbox 824 1060 1098 1129; x_wconf 80' lang='lat' dir='ltr'><strong><em>penderet,</em></strong></span> <span class='ocrx_word' id='word_1_60' title='bbox 1140 1062 1432 1131; x_wconf 87' lang='lat' dir='ltr'><strong><em>multisque</em></strong></span> <span class='ocrx_word' id='word_1_61' title='bbox 1461 1064 1888 1133; x_wconf 85' lang='lat' dir='ltr'><strong><em>necessitatibus,</em></strong></span> 
     </span>
    </p>
   </div>
   <div class='ocr_carea' id='block_1_10' title="bbox 178 1148 1890 1220">
    <p class='ocr_par' dir='ltr' id='par_1_10' title="bbox 178 1148 1890 1220">
     <span class='ocr_line' id='line_1_10' title="bbox 178 1148 1890 1220; baseline 0.003 -18"><span class='ocrx_word' id='word_1_62' title='bbox 178 1148 258 1202; x_wconf 86' lang='lat' dir='ltr'><strong><em>vel</em></strong></span> <span class='ocrx_word' id='word_1_63' title='bbox 288 1150 427 1202; x_wconf 82' lang='lat' dir='ltr'><strong><em>vani</em></strong></span> <span class='ocrx_word' id='word_1_64' title='bbox 464 1150 571 1203; x_wconf 89' lang='lat' dir='ltr'><strong><em>mei</em></strong></span> <span class='ocrx_word' id='word_1_65' title='bbox 593 1148 847 1218; x_wconf 70' lang='lat' dir='ltr'><strong><em>pudoris,</em></strong></span> <span class='ocrx_word' id='word_1_66' title='bbox 876 1150 959 1205; x_wconf 90' lang='lat' dir='ltr'><strong><em>vel</em></strong></span> <span class='ocrx_word' id='word_1_67' title='bbox 1002 1152 1198 1220; x_wconf 73' lang='lat' dir='ltr'><strong><em>inepta:</em></strong></span> <span class='ocrx_word' id='word_1_68' title='bbox 1238 1167 1474 1206; x_wconf 81' lang='lat' dir='ltr'><strong><em>meorum</em></strong></span> <span class='ocrx_word' id='word_1_69' title='bbox 1522 1154 1773 1219; x_wconf 59' lang='lat' dir='ltr'><strong><em>miserim,</em></strong></span> <span class='ocrx_word' id='word_1_70' title='bbox 1804 1168 1890 1207; x_wconf 90' lang='lat' dir='ltr'><strong><em>re-</em></strong></span> 
     </span>
    </p>
   </div>
   <div class='ocr_carea' id='block_1_11' title="bbox 181 1236 1891 1311">
    <p class='ocr_par' dir='ltr' id='par_1_11' title="bbox 181 1236 1891 1311">
     <span class='ocr_line' id='line_1_11' title="bbox 181 1236 1891 1311; baseline 0.003 -20"><span class='ocrx_word' id='word_1_71' title='bbox 181 1236 397 1302; x_wconf 83' lang='lat' dir='ltr'><strong><em>frenari</em></strong></span> <span class='ocrx_word' id='word_1_72' title='bbox 421 1252 436 1291; x_wconf 94' lang='lat'><strong><em>:</em></strong></span> <span class='ocrx_word' id='word_1_73' title='bbox 472 1241 584 1291; x_wconf 87' lang='lat' dir='ltr'><strong><em>tam</em></strong></span> <span class='ocrx_word' id='word_1_74' title='bbox 612 1253 808 1306; x_wconf 85' lang='lat' dir='ltr'><strong><em>magno</em></strong></span> <span class='ocrx_word' id='word_1_75' title='bbox 836 1253 889 1293; x_wconf 90' lang='lat' dir='ltr'><strong><em>es</em></strong></span> <span class='ocrx_word' id='word_1_76' title='bbox 923 1240 1094 1294; x_wconf 85' lang='lat' dir='ltr'><strong><em>elatus</em></strong></span> <span class='ocrx_word' id='word_1_77' title='bbox 1123 1239 1347 1309; x_wconf 87' lang='lat' dir='ltr'><strong><em>gaudio,</em></strong></span> <span class='ocrx_word' id='word_1_78' title='bbox 1375 1244 1486 1295; x_wconf 91' lang='lat' dir='ltr'><strong><em>tam</em></strong></span> <span class='ocrx_word' id='word_1_79' title='bbox 1516 1245 1699 1295; x_wconf 88' lang='lat' dir='ltr'><strong><em>sancto</em></strong></span> <span class='ocrx_word' id='word_1_80' title='bbox 1729 1242 1891 1311; x_wconf 86' lang='lat' dir='ltr'><strong><em>hujus</em></strong></span> 
     </span>
    </p>
   </div>
   <div class='ocr_carea' id='block_1_12' title="bbox 181 1326 1891 1397">
    <p class='ocr_par' dir='ltr' id='par_1_12' title="bbox 181 1326 1891 1397">
     <span class='ocr_line' id='line_1_12' title="bbox 181 1326 1891 1397; baseline 0.004 -18"><span class='ocrx_word' id='word_1_81' title='bbox 181 1328 301 1380; x_wconf 61' lang='lat' dir='ltr'><strong><em>vitae</em></strong></span> <span class='ocrx_word' id='word_1_82' title='bbox 330 1327 690 1395; x_wconf 81' lang='lat' dir='ltr'><strong><em>inflamnatus</em></strong></span> <span class='ocrx_word' id='word_1_83' title='bbox 719 1326 934 1394; x_wconf 88' lang='lat' dir='ltr'><strong><em>ardore,</em></strong></span> <span class='ocrx_word' id='word_1_84' title='bbox 966 1332 1028 1382; x_wconf 90' lang='lat' dir='ltr'><strong><em>ut</em></strong></span> <span class='ocrx_word' id='word_1_85' title='bbox 1065 1332 1115 1382; x_wconf 90' lang='lat' dir='ltr'><strong><em>te</em></strong></span> <span class='ocrx_word' id='word_1_86' title='bbox 1152 1328 1373 1397; x_wconf 83' lang='lat' dir='ltr'><strong><em>diceres,</em></strong></span> <span class='ocrx_word' id='word_1_87' title='bbox 1405 1332 1457 1384; x_wconf 90' lang='lat' dir='ltr'><strong><em>si</em></strong></span> <span class='ocrx_word' id='word_1_88' title='bbox 1486 1334 1543 1384; x_wconf 93' lang='lat' dir='ltr'><strong><em>tu</em></strong></span> <span class='ocrx_word' id='word_1_89' title='bbox 1572 1330 1640 1385; x_wconf 90' lang='lat' dir='ltr'><strong><em>ab</em></strong></span> <span class='ocrx_word' id='word_1_90' title='bbox 1670 1332 1891 1386; x_wconf 89' lang='lat' dir='ltr'><strong><em>illarum</em></strong></span> 
     </span>
    </p>
   </div>
   <div class='ocr_carea' id='block_1_13' title="bbox 180 1416 1886 1489">
    <p class='ocr_par' dir='ltr' id='par_1_13' title="bbox 180 1416 1886 1489">
     <span class='ocr_line' id='line_1_13' title="bbox 180 1416 1886 1489; baseline 0.004 -21"><span class='ocrx_word' id='word_1_91' title='bbox 180 1418 622 1485; x_wconf 68' lang='lat' dir='ltr'><strong><em>iaportunarum</em></strong></span> <span class='ocrx_word' id='word_1_92' title='bbox 652 1416 832 1471; x_wconf 90' lang='lat' dir='ltr'><strong><em>litium</em></strong></span> <span class='ocrx_word' id='word_1_93' title='bbox 872 1418 1103 1472; x_wconf 81' lang='lat' dir='ltr'><strong><em>vinculis</em></strong></span> <span class='ocrx_word' id='word_1_94' title='bbox 1131 1418 1324 1488; x_wconf 63' lang='lat' dir='ltr'><strong><em>faliquo</em></strong></span> <span class='ocrx_word' id='word_1_95' title='bbox 1361 1418 1516 1473; x_wconf 87' lang='lat' dir='ltr'><strong><em>modo</em></strong></span> <span class='ocrx_word' id='word_1_96' title='bbox 1555 1418 1886 1489; x_wconf 68' lang='lat' dir='ltr'><strong><em>eximar-eris,</em></strong></span> 
     </span>
    </p>
   </div>
   <div class='ocr_carea' id='block_1_14' title="bbox 180 1505 1889 1578">
    <p class='ocr_par' dir='ltr' id='par_1_14' title="bbox 180 1505 1889 1578">
     <span class='ocr_line' id='line_1_14' title="bbox 180 1505 1889 1578; baseline 0.002 -20"><span class='ocrx_word' id='word_1_97' title='bbox 180 1506 357 1559; x_wconf 69' lang='lat' dir='ltr'><strong><em>omnia</em></strong></span> <span class='ocrx_word' id='word_1_98' title='bbox 388 1520 512 1558; x_wconf 90' lang='lat' dir='ltr'><strong><em>mea</em></strong></span> <span class='ocrx_word' id='word_1_99' title='bbox 538 1505 758 1559; x_wconf 89' lang='lat' dir='ltr'><strong><em>vincula</em></strong></span> <span class='ocrx_word' id='word_1_100' title='bbox 781 1507 943 1559; x_wconf 86' lang='lat' dir='ltr'><strong><em>etiam</em></strong></span> <span class='ocrx_word' id='word_1_101' title='bbox 963 1508 1289 1575; x_wconf 85' lang='lat' dir='ltr'><strong><em>patrimonii</em></strong></span> <span class='ocrx_word' id='word_1_102' title='bbox 1316 1508 1399 1562; x_wconf 91' lang='lat' dir='ltr'><strong><em>tui</em></strong></span> <span class='ocrx_word' id='word_1_103' title='bbox 1424 1522 1625 1562; x_wconf 87' lang='lat' dir='ltr'><strong><em>mecum</em></strong></span> <span class='ocrx_word' id='word_1_104' title='bbox 1652 1511 1889 1578; x_wconf 86' lang='lat' dir='ltr'><strong><em>partici-</em></strong></span> 
     </span>
    </p>
   </div>
   <div class='ocr_carea' id='block_1_15' title="bbox 174 1593 1891 1663">
    <p class='ocr_par' dir='ltr' id='par_1_15' title="bbox 174 1593 1891 1663">
     <span class='ocr_line' id='line_1_15' title="bbox 174 1593 1891 1663; baseline 0.003 -16"><span class='ocrx_word' id='word_1_105' title='bbox 174 1595 397 1663; x_wconf 82' lang='lat' dir='ltr'><strong><em>patione</em></strong></span> <span class='ocrx_word' id='word_1_106' title='bbox 421 1596 734 1663; x_wconf 82' lang='lat' dir='ltr'><strong><em>rupturum.</em></strong></span> <span class='ocrx_word' id='word_1_107' title='bbox 767 1593 958 1663; x_wconf 79' lang='lat' dir='ltr'><strong><em>Itaque</em></strong></span> <span class='ocrx_word' id='word_1_108' title='bbox 983 1610 1102 1649; x_wconf 86' lang='lat' dir='ltr'><strong><em>cum</em></strong></span> <span class='ocrx_word' id='word_1_109' title='bbox 1131 1594 1344 1649; x_wconf 89' lang='lat' dir='ltr'><strong><em>admoto</em></strong></span> <span class='ocrx_word' id='word_1_110' title='bbox 1374 1596 1529 1651; x_wconf 89' lang='lat' dir='ltr'><strong><em>nobis</em></strong></span> <span class='ocrx_word' id='word_1_111' title='bbox 1555 1597 1744 1663; x_wconf 87' lang='lat' dir='ltr'><strong><em>fomite</em></strong></span> <span class='ocrx_word' id='word_1_112' title='bbox 1781 1598 1891 1652; x_wconf 88' lang='lat' dir='ltr'><strong><em>dis-</em></strong></span> 
     </span>
    </p>
   </div>
   <div class='ocr_carea' id='block_1_16' title="bbox 177 1684 1883 1756">
    <p class='ocr_par' dir='ltr' id='par_1_16' title="bbox 177 1684 1883 1756">
     <span class='ocr_line' id='line_1_16' title="bbox 177 1684 1883 1756; baseline 0.003 -19"><span class='ocrx_word' id='word_1_113' title='bbox 177 1685 455 1748; x_wconf 79' lang='lat' dir='ltr'><strong><em>cessisses,</em></strong></span> <span class='ocrx_word' id='word_1_114' title='bbox 479 1697 761 1751; x_wconf 85' lang='lat' dir='ltr'><strong><em>nunquam</em></strong></span> <span class='ocrx_word' id='word_1_115' title='bbox 776 1684 1099 1738; x_wconf 83' lang='lat' dir='ltr'><strong><em>cessavimus</em></strong></span> <span class='ocrx_word' id='word_1_116' title='bbox 1112 1684 1382 1739; x_wconf 82' lang='lat' dir='ltr'><strong><em>inhiantes</em></strong></span> <span class='ocrx_word' id='word_1_117' title='bbox 1395 1686 1453 1738; x_wconf 92' lang='lat' dir='ltr'><strong><em>in</em></strong></span> <span class='ocrx_word' id='word_1_118' title='bbox 1463 1685 1883 1756; x_wconf 81' lang='lat' dir='ltr'><strong><em>philosophiam,</em></strong></span> 
     </span>
    </p>
   </div>
   <div class='ocr_carea' id='block_1_17' title="bbox 172 1771 1879 1844">
    <p class='ocr_par' dir='ltr' id='par_1_17' title="bbox 172 1771 1879 1844">
     <span class='ocr_line' id='line_1_17' title="bbox 172 1771 1879 1844; baseline 0.004 -22"><span class='ocrx_word' id='word_1_119' title='bbox 172 1775 337 1839; x_wconf 87' lang='lat' dir='ltr'><strong><em>atque</em></strong></span> <span class='ocrx_word' id='word_1_120' title='bbox 356 1771 520 1824; x_wconf 86' lang='lat' dir='ltr'><strong><em>illam</em></strong></span> <span class='ocrx_word' id='word_1_121' title='bbox 542 1771 733 1838; x_wconf 84' lang='lat' dir='ltr'><strong><em>vitam,</em></strong></span> <span class='ocrx_word' id='word_1_122' title='bbox 767 1786 886 1840; x_wconf 73' lang='lat' dir='ltr'><strong><em>quae</em></strong></span> <span class='ocrx_word' id='word_1_123' title='bbox 912 1773 1052 1826; x_wconf 88' lang='lat' dir='ltr'><strong><em>inter</em></strong></span> <span class='ocrx_word' id='word_1_124' title='bbox 1076 1786 1171 1827; x_wconf 90' lang='lat' dir='ltr'><strong><em>nos</em></strong></span> <span class='ocrx_word' id='word_1_125' title='bbox 1185 1773 1399 1842; x_wconf 84' lang='lat' dir='ltr'><strong><em>placuit</em></strong></span> <span class='ocrx_word' id='word_1_126' title='bbox 1426 1778 1590 1844; x_wconf 89' lang='lat' dir='ltr'><strong><em>atque</em></strong></span> <span class='ocrx_word' id='word_1_127' title='bbox 1616 1778 1879 1843; x_wconf 87' lang='lat' dir='ltr'><strong><em>convenit,</em></strong></span> 
     </span>
    </p>
   </div>
   <div class='ocr_carea' id='block_1_18' title="bbox 168 1860 1887 1933">
    <p class='ocr_par' dir='ltr' id='par_1_18' title="bbox 168 1860 1887 1933">
     <span class='ocr_line' id='line_1_18' title="bbox 168 1860 1887 1933; baseline 0.005 -21"><span class='ocrx_word' id='word_1_128' title='bbox 168 1874 399 1927; x_wconf 83' lang='lat' dir='ltr'><strong><em>prorsus</em></strong></span> <span class='ocrx_word' id='word_1_129' title='bbox 430 1861 576 1913; x_wconf 82' lang='lat' dir='ltr'><strong><em>nihil</em></strong></span> <span class='ocrx_word' id='word_1_130' title='bbox 610 1860 769 1914; x_wconf 79' lang='lat' dir='ltr'><strong><em>aliud</em></strong></span> <span class='ocrx_word' id='word_1_131' title='bbox 798 1862 1050 1928; x_wconf 88' lang='lat' dir='ltr'><strong><em>cogitare.</em></strong></span> <span class='ocrx_word' id='word_1_132' title='bbox 1082 1861 1264 1931; x_wconf 86' lang='lat' dir='ltr'><strong><em>Atque</em></strong></span> <span class='ocrx_word' id='word_1_133' title='bbox 1309 1862 1372 1916; x_wconf 82' lang='lat' dir='ltr'><strong><em>id</em></strong></span> <span class='ocrx_word' id='word_1_134' title='bbox 1412 1867 1722 1919; x_wconf 83' lang='lat' dir='ltr'><strong><em>constanter</em></strong></span> <span class='ocrx_word' id='word_1_135' title='bbox 1768 1867 1887 1933; x_wconf 87' lang='lat' dir='ltr'><strong><em>qui-</em></strong></span> 
     </span>
    </p>
   </div>
   <div class='ocr_carea' id='block_1_19' title="bbox 171 1947 1886 2021">
    <p class='ocr_par' dir='ltr' id='par_1_19' title="bbox 171 1947 1886 2021">
     <span class='ocr_line' id='line_1_19' title="bbox 171 1947 1886 2021; baseline 0.003 -19"><span class='ocrx_word' id='word_1_136' title='bbox 171 1948 309 2016; x_wconf 84' lang='lat' dir='ltr'><strong><em>dem,</em></strong></span> <span class='ocrx_word' id='word_1_137' title='bbox 342 1947 447 2003; x_wconf 86' lang='lat' dir='ltr'><strong><em>sed</em></strong></span> <span class='ocrx_word' id='word_1_138' title='bbox 497 1950 682 2003; x_wconf 89' lang='lat' dir='ltr'><strong><em>minus</em></strong></span> <span class='ocrx_word' id='word_1_139' title='bbox 730 1950 936 2005; x_wconf 77' lang='lat' dir='ltr'><strong><em>acriter</em></strong></span> <span class='ocrx_word' id='word_1_140' title='bbox 979 1950 1305 2018; x_wconf 86' lang='lat' dir='ltr'><strong><em>agebamus;</em></strong></span> <span class='ocrx_word' id='word_1_141' title='bbox 1347 1952 1678 2021; x_wconf 82' lang='lat' dir='ltr'><strong><em>putabamus</em></strong></span> <span class='ocrx_word' id='word_1_142' title='bbox 1707 1956 1886 2007; x_wconf 88' lang='lat' dir='ltr'><strong><em>tamen</em></strong></span> 
     </span>
    </p>
   </div>
   <div class='ocr_carea' id='block_1_20' title="bbox 170 2037 1879 2109">
    <p class='ocr_par' dir='ltr' id='par_1_20' title="bbox 170 2037 1879 2109">
     <span class='ocr_line' id='line_1_20' title="bbox 170 2037 1879 2109; baseline 0.004 -20"><span class='ocrx_word' id='word_1_143' title='bbox 170 2038 309 2090; x_wconf 79' lang='lat' dir='ltr'><strong><em>satis</em></strong></span> <span class='ocrx_word' id='word_1_144' title='bbox 336 2050 439 2090; x_wconf 89' lang='lat' dir='ltr'><strong><em>nos</em></strong></span> <span class='ocrx_word' id='word_1_145' title='bbox 463 2051 644 2105; x_wconf 90' lang='lat' dir='ltr'><strong><em>agere.</em></strong></span> <span class='ocrx_word' id='word_1_146' title='bbox 672 2038 745 2091; x_wconf 89' lang='lat' dir='ltr'><strong><em>Et</em></strong></span> <span class='ocrx_word' id='word_1_147' title='bbox 773 2038 1028 2106; x_wconf 86' lang='lat' dir='ltr'><strong><em>quoniam</em></strong></span> <span class='ocrx_word' id='word_1_148' title='bbox 1056 2037 1294 2093; x_wconf 86' lang='lat' dir='ltr'><strong><em>nondum</em></strong></span> <span class='ocrx_word' id='word_1_149' title='bbox 1324 2038 1519 2094; x_wconf 88' lang='lat' dir='ltr'><strong><em>aderat</em></strong></span> <span class='ocrx_word' id='word_1_150' title='bbox 1546 2055 1609 2094; x_wconf 90' lang='lat' dir='ltr'><strong><em>ea</em></strong></span> <span class='ocrx_word' id='word_1_151' title='bbox 1638 2043 1879 2109; x_wconf 86' lang='lat' dir='ltr'><strong><em>ﬂamma,</em></strong></span> 
     </span>
    </p>
   </div>
   <div class='ocr_carea' id='block_1_21' title="bbox 168 2127 1883 2197">
    <p class='ocr_par' dir='ltr' id='par_1_21' title="bbox 168 2127 1883 2197">
     <span class='ocr_line' id='line_1_21' title="bbox 168 2127 1883 2197; baseline 0.003 -19"><span class='ocrx_word' id='word_1_152' title='bbox 168 2140 287 2193; x_wconf 59' lang='lat' dir='ltr'><strong><em>qua</em></strong></span> <span class='ocrx_word' id='word_1_153' title='bbox 309 2140 535 2179; x_wconf 82' lang='lat' dir='ltr'><strong><em>summa</em></strong></span> <span class='ocrx_word' id='word_1_154' title='bbox 563 2140 660 2179; x_wconf 89' lang='lat' dir='ltr'><strong><em>nos</em></strong></span> <span class='ocrx_word' id='word_1_155' title='bbox 688 2128 980 2195; x_wconf 81' lang='lat' dir='ltr'><strong><em>arreptum</em></strong></span> <span class='ocrx_word' id='word_1_156' title='bbox 1005 2131 1159 2193; x_wconf 90' lang='lat' dir='ltr'><strong><em>erat;</em></strong></span> <span class='ocrx_word' id='word_1_157' title='bbox 1192 2127 1348 2181; x_wconf 87' lang='lat' dir='ltr'><strong><em>illam</em></strong></span> <span class='ocrx_word' id='word_1_158' title='bbox 1374 2143 1485 2197; x_wconf 88' lang='lat' dir='ltr'><strong><em>qua</em></strong></span> <span class='ocrx_word' id='word_1_159' title='bbox 1513 2128 1657 2182; x_wconf 85' lang='lat' dir='ltr'><strong><em>lenta</em></strong></span> <span class='ocrx_word' id='word_1_160' title='bbox 1685 2134 1883 2184; x_wconf 67' lang='lat' dir='ltr'><strong><em>aestua-</em></strong></span> 
     </span>
    </p>
   </div>
   <div class='ocr_carea' id='block_1_22' title="bbox 167 2213 1880 2287">
    <p class='ocr_par' dir='ltr' id='par_1_22' title="bbox 167 2213 1880 2287">
     <span class='ocr_line' id='line_1_22' title="bbox 167 2213 1880 2287; baseline 0.003 -20"><span class='ocrx_word' id='word_1_161' title='bbox 167 2214 385 2283; x_wconf 84' lang='lat' dir='ltr'><strong><em>bamus,</em></strong></span> <span class='ocrx_word' id='word_1_162' title='bbox 413 2213 828 2268; x_wconf 88' lang='lat' dir='ltr'><strong><em>arbitrabamur</em></strong></span> <span class='ocrx_word' id='word_1_163' title='bbox 852 2214 937 2268; x_wconf 86' lang='lat' dir='ltr'><strong><em>vel</em></strong></span> <span class='ocrx_word' id='word_1_164' title='bbox 962 2228 1073 2269; x_wconf 89' lang='lat' dir='ltr'><strong><em>esse</em></strong></span> <span class='ocrx_word' id='word_1_165' title='bbox 1099 2217 1401 2270; x_wconf 62' lang='lat' dir='ltr'><strong><em>maximum</em></strong></span> <span class='ocrx_word' id='word_1_166' title='bbox 1430 2214 1651 2287; x_wconf 90' lang='lat' dir='ltr'><strong><em>(Contra</em></strong></span> <span class='ocrx_word' id='word_1_167' title='bbox 1682 2217 1880 2284; x_wconf 84' lang='lat' dir='ltr'><strong><em>Acad.,</em></strong></span> 
     </span>
    </p>
   </div>
   <div class='ocr_carea' id='block_1_23' title="bbox 165 2301 692 2373">
    <p class='ocr_par' dir='ltr' id='par_1_23' title="bbox 165 2301 692 2373">
     <span class='ocr_line' id='line_1_23' title="bbox 165 2301 692 2373; baseline 0.002 -17"><span class='ocrx_word' id='word_1_168' title='bbox 165 2301 262 2357; x_wconf 86' lang='lat' dir='ltr'><strong><em>lib.</em></strong></span> <span class='ocrx_word' id='word_1_169' title='bbox 295 2304 354 2369; x_wconf 91' lang='lat'><strong><em>2,</em></strong></span> <span class='ocrx_word' id='word_1_170' title='bbox 383 2318 491 2358; x_wconf 86' lang='lat' dir='ltr'><strong><em>nn.</em></strong></span> <span class='ocrx_word' id='word_1_171' title='bbox 532 2305 583 2369; x_wconf 80' lang='grc'><strong><em>4,</em></strong></span> <span class='ocrx_word' id='word_1_172' title='bbox 619 2303 692 2373; x_wconf 87' lang='grc'><strong><em>5).</em></strong></span> 
     </span>
    </p>
   </div>
   <div class='ocr_carea' id='block_1_24' title="bbox 234 2390 1882 2462">
    <p class='ocr_par' dir='ltr' id='par_1_24' title="bbox 234 2390 1882 2462">
     <span class='ocr_line' id='line_1_24' title="bbox 234 2390 1882 2462; baseline 0.002 -17"><span class='ocrx_word' id='word_1_173' title='bbox 234 2394 289 2445; x_wconf 83' lang='grc'><strong><em>6.</em></strong></span> <span class='ocrx_word' id='word_1_174' title='bbox 336 2392 479 2447; x_wconf 87' lang='lat' dir='ltr'><strong><em>Post</em></strong></span> <span class='ocrx_word' id='word_1_175' title='bbox 525 2391 649 2446; x_wconf 65' lang='lat' dir='ltr'><strong><em>haec</em></strong></span> <span class='ocrx_word' id='word_1_176' title='bbox 690 2390 831 2462; x_wconf 88' lang='lat' dir='ltr'><strong><em>legit</em></strong></span> <span class='ocrx_word' id='word_1_177' title='bbox 885 2390 1307 2447; x_wconf 80' lang='lat' dir='ltr'><strong><em>Platonicorum</em></strong></span> <span class='ocrx_word' id='word_1_178' title='bbox 1363 2390 1560 2460; x_wconf 90' lang='lat' dir='ltr'><strong><em>libros,</em></strong></span> <span class='ocrx_word' id='word_1_179' title='bbox 1607 2397 1673 2448; x_wconf 90' lang='lat' dir='ltr'><strong><em>ut</em></strong></span> <span class='ocrx_word' id='word_1_180' title='bbox 1726 2393 1882 2449; x_wconf 87' lang='lat' dir='ltr'><strong><em>hisce</em></strong></span> 
     </span>
    </p>
   </div>
   <div class='ocr_carea' id='block_1_25' title="bbox 165 2480 1884 2552">
    <p class='ocr_par' dir='ltr' id='par_1_25' title="bbox 165 2480 1884 2552">
     <span class='ocr_line' id='line_1_25' title="bbox 165 2480 1884 2552; baseline 0.003 -20"><span class='ocrx_word' id='word_1_181' title='bbox 165 2480 353 2535; x_wconf 86' lang='lat' dir='ltr'><strong><em>verbis</em></strong></span> <span class='ocrx_word' id='word_1_182' title='bbox 374 2484 663 2536; x_wconf 84' lang='lat' dir='ltr'><strong><em>testatur:</em></strong></span> <span class='ocrx_word' id='word_1_183' title='bbox 693 2482 825 2538; x_wconf 87' lang='lat' dir='ltr'><strong><em>Cum</em></strong></span> <span class='ocrx_word' id='word_1_184' title='bbox 849 2496 961 2536; x_wconf 90' lang='lat' dir='ltr'><strong><em>ecce</em></strong></span> <span class='ocrx_word' id='word_1_185' title='bbox 986 2480 1089 2535; x_wconf 85' lang='lat' dir='ltr'><strong><em>tibi</em></strong></span> <span class='ocrx_word' id='word_1_186' title='bbox 1115 2480 1247 2536; x_wconf 90' lang='lat' dir='ltr'><strong><em>libri</em></strong></span> <span class='ocrx_word' id='word_1_187' title='bbox 1271 2480 1497 2549; x_wconf 87' lang='lat' dir='ltr'><strong><em>quidam</em></strong></span> <span class='ocrx_word' id='word_1_188' title='bbox 1522 2482 1689 2552; x_wconf 90' lang='lat' dir='ltr'><strong><em>pleni,</em></strong></span> <span class='ocrx_word' id='word_1_189' title='bbox 1721 2489 1783 2538; x_wconf 93' lang='lat' dir='ltr'><strong><em>ut</em></strong></span> <span class='ocrx_word' id='word_1_190' title='bbox 1802 2487 1884 2538; x_wconf 88' lang='lat' dir='ltr'><strong><em>ait</em></strong></span> 
     </span>
    </p>
   </div>
   <div class='ocr_carea' id='block_1_26' title="bbox 169 2569 1884 2638">
    <p class='ocr_par' dir='ltr' id='par_1_26' title="bbox 169 2569 1884 2638">
     <span class='ocr_line' id='line_1_26' title="bbox 169 2569 1884 2638; baseline -0.002 -12"><span class='ocrx_word' id='word_1_191' title='bbox 169 2571 444 2637; x_wconf 82' lang='lat' dir='ltr'><strong><em>Celsinus,</em></strong></span> <span class='ocrx_word' id='word_1_192' title='bbox 479 2569 647 2625; x_wconf 88' lang='lat' dir='ltr'><strong><em>bonas</em></strong></span> <span class='ocrx_word' id='word_1_193' title='bbox 674 2584 760 2624; x_wconf 91' lang='lat' dir='ltr'><strong><em>res</em></strong></span> <span class='ocrx_word' id='word_1_194' title='bbox 788 2570 1040 2625; x_wconf 87' lang='lat' dir='ltr'><strong><em>arabicas</em></strong></span> <span class='ocrx_word' id='word_1_195' title='bbox 1081 2569 1178 2623; x_wconf 90' lang='lat' dir='ltr'><strong><em>ubi</em></strong></span> <span class='ocrx_word' id='word_1_196' title='bbox 1201 2569 1531 2624; x_wconf 67' lang='lat' dir='ltr'><strong><em>exhalarunt</em></strong></span> <span class='ocrx_word' id='word_1_197' title='bbox 1558 2571 1617 2624; x_wconf 91' lang='lat' dir='ltr'><strong><em>in</em></strong></span> <span class='ocrx_word' id='word_1_198' title='bbox 1643 2584 1759 2638; x_wconf 89' lang='lat' dir='ltr'><strong><em>nos,</em></strong></span> <span class='ocrx_word' id='word_1_199' title='bbox 1787 2570 1884 2624; x_wconf 89' lang='lat' dir='ltr'><strong><em>ubi</em></strong></span> 
     </span>
    </p>
   </div>
   <div class='ocr_carea' id='block_1_27' title="bbox 162 2659 1880 2729">
    <p class='ocr_par' dir='ltr' id='par_1_27' title="bbox 162 2659 1880 2729">
     <span class='ocr_line' id='line_1_27' title="bbox 162 2659 1880 2729; baseline 0.001 -16"><span class='ocrx_word' id='word_1_200' title='bbox 162 2661 251 2715; x_wconf 86' lang='lat' dir='ltr'><strong><em>illi</em></strong></span> <span class='ocrx_word' id='word_1_201' title='bbox 267 2659 577 2721; x_wconf 73' lang='lat' dir='ltr'><strong><em>ﬂammulas</em></strong></span> <span class='ocrx_word' id='word_1_202' title='bbox 605 2660 947 2714; x_wconf 84' lang='lat' dir='ltr'><strong><em>instillarunt</em></strong></span> <span class='ocrx_word' id='word_1_203' title='bbox 976 2659 1360 2729; x_wconf 84' lang='lat' dir='ltr'><strong><em>pretiosissimi</em></strong></span> <span class='ocrx_word' id='word_1_204' title='bbox 1394 2660 1658 2727; x_wconf 89' lang='lat' dir='ltr'><strong><em>unguenti</em></strong></span> <span class='ocrx_word' id='word_1_205' title='bbox 1695 2662 1880 2726; x_wconf 90' lang='lat' dir='ltr'><strong><em>guttas</em></strong></span> 
     </span>
    </p>
   </div>
   <div class='ocr_carea' id='block_1_28' title="bbox 161 2747 1879 2819">
    <p class='ocr_par' dir='ltr' id='par_1_28' title="bbox 161 2747 1879 2819">
     <span class='ocr_line' id='line_1_28' title="bbox 161 2747 1879 2819; baseline -0.001 -16"><span class='ocrx_word' id='word_1_206' title='bbox 161 2750 557 2819; x_wconf 70' lang='lat' dir='ltr'><strong><em>parcissimus,</em></strong></span> <span class='ocrx_word' id='word_1_207' title='bbox 584 2747 920 2812; x_wconf 86' lang='lat' dir='ltr'><strong><em>incredibile,</em></strong></span> <span class='ocrx_word' id='word_1_208' title='bbox 940 2750 1291 2815; x_wconf 81' lang='lat' dir='ltr'><strong><em>Romaniane,</em></strong></span> <span class='ocrx_word' id='word_1_209' title='bbox 1312 2747 1632 2802; x_wconf 88' lang='lat' dir='ltr'><strong><em>incredibile</em></strong></span> <span class='ocrx_word' id='word_1_210' title='bbox 1659 2751 1709 2801; x_wconf 92' lang='lat' dir='ltr'><strong><em>et</em></strong></span> <span class='ocrx_word' id='word_1_211' title='bbox 1732 2749 1879 2803; x_wconf 80' lang='lat' dir='ltr'><strong><em>ultra</em></strong></span> 
     </span>
    </p>
   </div>
   <div class='ocr_carea' id='block_1_29' title="bbox 165 2834 1879 2906">
    <p class='ocr_par' dir='ltr' id='par_1_29' title="bbox 165 2834 1879 2906">
     <span class='ocr_line' id='line_1_29' title="bbox 165 2834 1879 2906; baseline 0.001 -17"><span class='ocrx_word' id='word_1_212' title='bbox 165 2850 332 2904; x_wconf 77' lang='lat' dir='ltr'><strong><em>quam</em></strong></span> <span class='ocrx_word' id='word_1_213' title='bbox 361 2834 433 2889; x_wconf 87' lang='lat' dir='ltr'><strong><em>de</em></strong></span> <span class='ocrx_word' id='word_1_214' title='bbox 461 2851 548 2890; x_wconf 89' lang='lat' dir='ltr'><strong><em>me</em></strong></span> <span class='ocrx_word' id='word_1_215' title='bbox 571 2838 809 2903; x_wconf 89' lang='lat' dir='ltr'><strong><em>fortasse</em></strong></span> <span class='ocrx_word' id='word_1_216' title='bbox 836 2841 886 2891; x_wconf 92' lang='lat' dir='ltr'><strong><em>et</em></strong></span> <span class='ocrx_word' id='word_1_217' title='bbox 906 2840 965 2891; x_wconf 90' lang='lat' dir='ltr'><strong><em>tu</em></strong></span> <span class='ocrx_word' id='word_1_218' title='bbox 986 2836 1197 2903; x_wconf 89' lang='lat' dir='ltr'><strong><em>credis;</em></strong></span> <span class='ocrx_word' id='word_1_219' title='bbox 1231 2836 1368 2905; x_wconf 86' lang='lat' dir='ltr'><strong><em>quid</em></strong></span> <span class='ocrx_word' id='word_1_220' title='bbox 1390 2837 1626 2906; x_wconf 90' lang='lat' dir='ltr'><strong><em>amplius</em></strong></span> <span class='ocrx_word' id='word_1_221' title='bbox 1651 2835 1829 2891; x_wconf 89' lang='lat' dir='ltr'><strong><em>dicam</em></strong></span> <span class='ocrx_word' id='word_1_222' title='bbox 1851 2836 1879 2892; x_wconf 82' lang='lat'>?</span> 
     </span>
    </p>
   </div>
   <div class='ocr_carea' id='block_1_30' title="bbox 164 2923 1875 2994">
    <p class='ocr_par' dir='ltr' id='par_1_30' title="bbox 164 2923 1875 2994">
     <span class='ocr_line' id='line_1_30' title="bbox 164 2923 1875 2994; baseline 0.001 -16"><span class='ocrx_word' id='word_1_223' title='bbox 164 2926 328 2979; x_wconf 75' lang='lat' dir='ltr'><strong><em>etiam</em></strong></span> <span class='ocrx_word' id='word_1_224' title='bbox 357 2925 479 2978; x_wconf 87' lang='lat' dir='ltr'><strong><em>nisi</em></strong></span> <span class='ocrx_word' id='word_1_225' title='bbox 508 2925 624 2993; x_wconf 90' lang='lat' dir='ltr'><strong><em>ipsi</em></strong></span> <span class='ocrx_word' id='word_1_226' title='bbox 647 2923 715 2978; x_wconf 91' lang='lat' dir='ltr'><strong><em>de</em></strong></span> <span class='ocrx_word' id='word_1_227' title='bbox 742 2939 825 2978; x_wconf 90' lang='lat' dir='ltr'><strong><em>me</em></strong></span> <span class='ocrx_word' id='word_1_228' title='bbox 855 2926 972 2994; x_wconf 87' lang='lat' dir='ltr'><strong><em>ipso</em></strong></span> <span class='ocrx_word' id='word_1_229' title='bbox 1002 2924 1319 2980; x_wconf 86' lang='lat' dir='ltr'><strong><em>incredibile</em></strong></span> <span class='ocrx_word' id='word_1_230' title='bbox 1346 2924 1654 2979; x_wconf 89' lang='lat' dir='ltr'><strong><em>incendium</em></strong></span> <span class='ocrx_word' id='word_1_231' title='bbox 1697 2927 1875 2979; x_wconf 88' lang='lat' dir='ltr'><strong><em>conci-</em></strong></span> 
     </span>
    </p>
   </div>
   <div class='ocr_carea' id='block_1_31' title="bbox 165 3011 1872 3083">
    <p class='ocr_par' dir='ltr' id='par_1_31' title="bbox 165 3011 1872 3083">
     <span class='ocr_line' id='line_1_31' title="bbox 165 3011 1872 3083; baseline 0.001 -18"><span class='ocrx_word' id='word_1_232' title='bbox 165 3016 385 3067; x_wconf 80' lang='lat' dir='ltr'><strong><em>tarunt.</em></strong></span> <span class='ocrx_word' id='word_1_233' title='bbox 450 3011 592 3079; x_wconf 86' lang='lat' dir='ltr'><strong><em>Quis</em></strong></span> <span class='ocrx_word' id='word_1_234' title='bbox 646 3027 730 3066; x_wconf 87' lang='lat' dir='ltr'><strong><em>me</em></strong></span> <span class='ocrx_word' id='word_1_235' title='bbox 776 3016 900 3066; x_wconf 88' lang='lat' dir='ltr'><strong><em>tunc</em></strong></span> <span class='ocrx_word' id='word_1_236' title='bbox 943 3012 1128 3079; x_wconf 84' lang='lat' dir='ltr'><strong><em>honor,</em></strong></span> <span class='ocrx_word' id='word_1_237' title='bbox 1171 3029 1292 3083; x_wconf 69' lang='lat' dir='ltr'><strong><em>quae</em></strong></span> <span class='ocrx_word' id='word_1_238' title='bbox 1337 3014 1610 3068; x_wconf 90' lang='lat' dir='ltr'><strong><em>hominum</em></strong></span> <span class='ocrx_word' id='word_1_239' title='bbox 1651 3029 1872 3083; x_wconf 87' lang='lat' dir='ltr'><strong><em>pompa,</em></strong></span> 
     </span>
    </p>
   </div>
   <div class='ocr_carea' id='block_1_32' title="bbox 164 3101 1876 3172">
    <p class='ocr_par' dir='ltr' id='par_1_32' title="bbox 164 3101 1876 3172">
     <span class='ocr_line' id='line_1_32' title="bbox 164 3101 1876 3172; baseline -0.001 -14"><span class='ocrx_word' id='word_1_240' title='bbox 164 3117 280 3171; x_wconf 80' lang='lat' dir='ltr'><strong><em>qua:</em></strong></span> <span class='ocrx_word' id='word_1_241' title='bbox 298 3102 504 3158; x_wconf 83' lang='lat' dir='ltr'><strong><em>inanis</em></strong></span> <span class='ocrx_word' id='word_1_242' title='bbox 515 3105 683 3169; x_wconf 60' lang='lat' dir='ltr'><strong><em>fama</em></strong></span> <span class='ocrx_word' id='word_1_243' title='bbox 705 3101 999 3171; x_wconf 88' lang='lat' dir='ltr'><strong><em>cupiditas,</em></strong></span> <span class='ocrx_word' id='word_1_244' title='bbox 1024 3102 1169 3171; x_wconf 89' lang='lat' dir='ltr'><strong><em>quod</em></strong></span> <span class='ocrx_word' id='word_1_245' title='bbox 1189 3102 1418 3172; x_wconf 85' lang='lat' dir='ltr'><strong><em>denique</em></strong></span> <span class='ocrx_word' id='word_1_246' title='bbox 1447 3104 1610 3172; x_wconf 88' lang='lat' dir='ltr'><strong><em>hujus</em></strong></span> <span class='ocrx_word' id='word_1_247' title='bbox 1630 3104 1876 3158; x_wconf 88' lang='lat' dir='ltr'><strong><em>mortalis</em></strong></span> 
     </span>
    </p>
   </div>
   <div class='ocr_carea' id='block_1_33' title="bbox 162 3192 1873 3260">
    <p class='ocr_par' dir='ltr' id='par_1_33' title="bbox 162 3192 1873 3260">
     <span class='ocr_line' id='line_1_33' title="bbox 162 3192 1873 3260; baseline 0.001 -17"><span class='ocrx_word' id='word_1_248' title='bbox 162 3193 286 3246; x_wconf 63' lang='lat' dir='ltr'><strong><em>vita</em></strong></span> <span class='ocrx_word' id='word_1_249' title='bbox 335 3192 647 3258; x_wconf 82' lang='lat' dir='ltr'><strong><em>fomentum</em></strong></span> <span class='ocrx_word' id='word_1_250' title='bbox 698 3194 863 3259; x_wconf 88' lang='lat' dir='ltr'><strong><em>atque</em></strong></span> <span class='ocrx_word' id='word_1_251' title='bbox 897 3192 1255 3245; x_wconf 89' lang='lat' dir='ltr'><strong><em>retinaculum</em></strong></span> <span class='ocrx_word' id='word_1_252' title='bbox 1284 3192 1641 3247; x_wconf 88' lang='lat' dir='ltr'><strong><em>commovebat</em></strong></span> <span class='ocrx_word' id='word_1_253' title='bbox 1688 3192 1873 3260; x_wconf 76' lang='lat' dir='ltr'><strong><em>(Ibid,</em></strong></span> 
     </span>
    </p>
   </div>
   <div class='ocr_carea' id='block_1_34' title="bbox 164 3278 1871 3351">
    <p class='ocr_par' dir='ltr' id='par_1_34' title="bbox 164 3278 1871 3351">
     <span class='ocr_line' id='line_1_34' title="bbox 164 3278 1871 3351; baseline -0.001 -17"><span class='ocrx_word' id='word_1_254' title='bbox 164 3296 217 3334; x_wconf 67' lang='grc' dir='ltr'><strong>η.</strong></span> <span class='ocrx_word' id='word_1_255' title='bbox 265 3280 363 3351; x_wconf 73' lang='lat'><strong><em>5)?</em></strong></span> <span class='ocrx_word' id='word_1_256' title='bbox 424 3279 715 3335; x_wconf 62' lang='lat' dir='ltr'><strong><em>Caeterum</em></strong></span> <span class='ocrx_word' id='word_1_257' title='bbox 770 3283 887 3333; x_wconf 88' lang='lat' dir='ltr'><strong><em>tam</em></strong></span> <span class='ocrx_word' id='word_1_258' title='bbox 942 3278 1276 3334; x_wconf 83' lang='lat' dir='ltr'><strong><em>incredibile</em></strong></span> <span class='ocrx_word' id='word_1_259' title='bbox 1303 3278 1459 3334; x_wconf 82' lang='lat' dir='ltr'><strong><em>istud</em></strong></span> <span class='ocrx_word' id='word_1_260' title='bbox 1514 3279 1871 3346; x_wconf 86' lang='lat' dir='ltr'><strong><em>incendium,</em></strong></span> 
     </span>
    </p>
   </div>
   <div class='ocr_carea' id='block_1_35' title="bbox 163 3368 1875 3441">
    <p class='ocr_par' dir='ltr' id='par_1_35' title="bbox 163 3368 1875 3441">
     <span class='ocr_line' id='line_1_35' title="bbox 163 3368 1875 3441; baseline 0.002 -20"><span class='ocrx_word' id='word_1_261' title='bbox 163 3373 707 3441; x_wconf 82' lang='lat' dir='ltr'><strong><em>quantumcumque</em></strong></span> <span class='ocrx_word' id='word_1_262' title='bbox 738 3372 879 3436; x_wconf 86' lang='lat' dir='ltr'><strong><em>erat,</em></strong></span> <span class='ocrx_word' id='word_1_263' title='bbox 907 3384 1200 3440; x_wconf 87' lang='lat' dir='ltr'><strong><em>nunquam</em></strong></span> <span class='ocrx_word' id='word_1_264' title='bbox 1232 3368 1618 3439; x_wconf 76' lang='lat' dir='ltr'><strong><em>Augustinum</em></strong></span> <span class='ocrx_word' id='word_1_265' title='bbox 1648 3369 1725 3423; x_wconf 89' lang='lat' dir='ltr'><strong><em>sic</em></strong></span> <span class='ocrx_word' id='word_1_266' title='bbox 1755 3370 1875 3424; x_wconf 83' lang='lat' dir='ltr'><strong><em>afli-</em></strong></span> 
     </span>
    </p>
   </div>
   <div class='ocr_carea' id='block_1_36' title="bbox 162 3456 1873 3529">
    <p class='ocr_par' dir='ltr' id='par_1_36' title="bbox 162 3456 1873 3529">
     <span class='ocr_line' id='line_1_36' title="bbox 162 3456 1873 3529; baseline 0 -17"><span class='ocrx_word' id='word_1_267' title='bbox 162 3463 331 3524; x_wconf 88' lang='lat' dir='ltr'><strong><em>ceret,</em></strong></span> <span class='ocrx_word' id='word_1_268' title='bbox 364 3462 436 3513; x_wconf 89' lang='lat' dir='ltr'><strong><em>ut</em></strong></span> <span class='ocrx_word' id='word_1_269' title='bbox 466 3457 517 3512; x_wconf 87' lang='lat' dir='ltr'><strong><em>is</em></strong></span> <span class='ocrx_word' id='word_1_270' title='bbox 542 3457 613 3511; x_wconf 90' lang='lat' dir='ltr'><strong><em>ad</em></strong></span> <span class='ocrx_word' id='word_1_271' title='bbox 644 3456 940 3529; x_wconf 64' lang='lat' dir='ltr'><strong><em>sapientiai</em></strong></span> <span class='ocrx_word' id='word_1_272' title='bbox 960 3458 1177 3512; x_wconf 86' lang='lat' dir='ltr'><strong><em>cultum</em></strong></span> <span class='ocrx_word' id='word_1_273' title='bbox 1204 3474 1238 3511; x_wconf 88' lang='lat' dir='ltr'><strong><em>a</em></strong></span> <span class='ocrx_word' id='word_1_274' title='bbox 1258 3457 1389 3512; x_wconf 59' lang='lat' dir='ltr'><strong><em>vitae</em></strong></span> <span class='ocrx_word' id='word_1_275' title='bbox 1417 3458 1694 3529; x_wconf 79' lang='lat' dir='ltr'><strong><em>pravitate</em></strong></span> <span class='ocrx_word' id='word_1_276' title='bbox 1735 3474 1873 3512; x_wconf 85' lang='lat' dir='ltr'><strong><em>con-</em></strong></span> 
     </span>
    </p>
   </div>
   <div class='ocr_carea' id='block_1_37' title="bbox 162 3544 1872 3617">
    <p class='ocr_par' dir='ltr' id='par_1_37' title="bbox 162 3544 1872 3617">
     <span class='ocr_line' id='line_1_37' title="bbox 162 3544 1872 3617; baseline -0.001 -17"><span class='ocrx_word' id='word_1_277' title='bbox 162 3550 508 3614; x_wconf 70' lang='lat' dir='ltr'><strong><em>verteretur,</em></strong></span> <span class='ocrx_word' id='word_1_278' title='bbox 535 3544 645 3601; x_wconf 88' lang='lat' dir='ltr'><strong><em>nisi</em></strong></span> <span class='ocrx_word' id='word_1_279' title='bbox 673 3546 799 3600; x_wconf 73' lang='lat' dir='ltr'><strong><em>alias</em></strong></span> <span class='ocrx_word' id='word_1_280' title='bbox 825 3562 1055 3617; x_wconf 86' lang='lat' dir='ltr'><strong><em>quoque</em></strong></span> <span class='ocrx_word' id='word_1_281' title='bbox 1078 3549 1504 3601; x_wconf 79' lang='lat' dir='ltr'><strong><em>commoverant</em></strong></span> <span class='ocrx_word' id='word_1_282' title='bbox 1527 3562 1661 3601; x_wconf 87' lang='lat' dir='ltr'><strong><em>eum</em></strong></span> <span class='ocrx_word' id='word_1_283' title='bbox 1689 3562 1872 3600; x_wconf 58' lang='lat' dir='ltr'><strong><em>causa;</em></strong></span> 
     </span>
    </p>
   </div>
   <div class='ocr_carea' id='block_1_38' title="bbox 162 3632 1873 3708">
    <p class='ocr_par' dir='ltr' id='par_1_38' title="bbox 162 3632 1873 3708">
     <span class='ocr_line' id='line_1_38' title="bbox 162 3632 1873 3708; baseline -0.001 -18"><span class='ocrx_word' id='word_1_284' title='bbox 162 3640 373 3706; x_wconf 62' lang='lat' dir='ltr'><strong><em>praeter</em></strong></span> <span class='ocrx_word' id='word_1_285' title='bbox 399 3634 884 3708; x_wconf 89' lang='lat' dir='ltr'><strong><em>philosophorum</em></strong></span> <span class='ocrx_word' id='word_1_286' title='bbox 923 3649 1233 3698; x_wconf 87' lang='lat' dir='ltr'><strong><em>sermones,</em></strong></span> <span class='ocrx_word' id='word_1_287' title='bbox 1279 3632 1379 3705; x_wconf 87' lang='lat' dir='ltr'><strong><em>qui</em></strong></span> <span class='ocrx_word' id='word_1_288' title='bbox 1417 3633 1488 3688; x_wconf 89' lang='lat' dir='ltr'><strong><em>ad</em></strong></span> <span class='ocrx_word' id='word_1_289' title='bbox 1535 3633 1873 3705; x_wconf 84' lang='lat' dir='ltr'><strong><em>erigendum</em></strong></span> 
     </span>
    </p>
   </div>
   <div class='ocr_carea' id='block_1_39' title="bbox 163 3721 1871 3789">
    <p class='ocr_par' dir='ltr' id='par_1_39' title="bbox 163 3721 1871 3789">
     <span class='ocr_line' id='line_1_39' title="bbox 163 3721 1871 3789; baseline -0.001 -11"><span class='ocrx_word' id='word_1_290' title='bbox 163 3741 256 3779; x_wconf 88' lang='lat' dir='ltr'><strong><em>cor</em></strong></span> <span class='ocrx_word' id='word_1_291' title='bbox 282 3723 548 3780; x_wconf 85' lang='lat' dir='ltr'><strong><em>hominis</em></strong></span> <span class='ocrx_word' id='word_1_292' title='bbox 588 3722 647 3777; x_wconf 91' lang='lat' dir='ltr'><strong><em>in</em></strong></span> <span class='ocrx_word' id='word_1_293' title='bbox 703 3723 879 3777; x_wconf 89' lang='lat' dir='ltr'><strong><em>Deum</em></strong></span> <span class='ocrx_word' id='word_1_294' title='bbox 928 3722 1080 3777; x_wconf 86' lang='lat' dir='ltr'><strong><em>haud</em></strong></span> <span class='ocrx_word' id='word_1_295' title='bbox 1121 3721 1239 3776; x_wconf 90' lang='lat' dir='ltr'><strong><em>vim</em></strong></span> <span class='ocrx_word' id='word_1_296' title='bbox 1276 3723 1453 3776; x_wconf 85' lang='lat' dir='ltr'><strong><em>ullam</em></strong></span> <span class='ocrx_word' id='word_1_297' title='bbox 1490 3721 1712 3789; x_wconf 87' lang='lat' dir='ltr'><strong><em>habeat,</em></strong></span> <span class='ocrx_word' id='word_1_298' title='bbox 1755 3738 1871 3776; x_wconf 90' lang='lat' dir='ltr'><strong><em>non</em></strong></span> 
     </span>
    </p>
   </div>
   <div class='ocr_carea' id='block_1_40' title="bbox 164 3809 1871 3884">
    <p class='ocr_par' dir='ltr' id='par_1_40' title="bbox 164 3809 1871 3884">
     <span class='ocr_line' id='line_1_40' title="bbox 164 3809 1871 3884; baseline -0.001 -18"><span class='ocrx_word' id='word_1_299' title='bbox 164 3813 467 3884; x_wconf 79' lang='lat' dir='ltr'><strong><em>adjuvante</em></strong></span> <span class='ocrx_word' id='word_1_300' title='bbox 500 3810 724 3867; x_wconf 84' lang='lat' dir='ltr'><strong><em>Christo</em></strong></span> <span class='ocrx_word' id='word_1_301' title='bbox 751 3809 1084 3865; x_wconf 88' lang='lat' dir='ltr'><strong><em>mediatore.</em></strong></span> <span class='ocrx_word' id='word_1_302' title='bbox 1119 3809 1260 3865; x_wconf 85' lang='lat' dir='ltr'><strong><em>Hinc</em></strong></span> <span class='ocrx_word' id='word_1_303' title='bbox 1298 3810 1409 3864; x_wconf 89' lang='lat' dir='ltr'><strong><em>alio</em></strong></span> <span class='ocrx_word' id='word_1_304' title='bbox 1443 3810 1586 3877; x_wconf 91' lang='lat' dir='ltr'><strong><em>loco,</em></strong></span> <span class='ocrx_word' id='word_1_305' title='bbox 1619 3809 1717 3864; x_wconf 89' lang='lat' dir='ltr'><strong><em>ubi</em></strong></span> <span class='ocrx_word' id='word_1_306' title='bbox 1748 3811 1871 3864; x_wconf 88' lang='lat' dir='ltr'><strong><em>Pla-</em></strong></span> 
     </span>
    </p>
   </div>
   <div class='ocr_carea' id='block_1_41' title="bbox 164 3898 1873 3971">
    <p class='ocr_par' dir='ltr' id='par_1_41' title="bbox 164 3898 1873 3971">
     <span class='ocr_line' id='line_1_41' title="bbox 164 3898 1873 3971; baseline -0.001 -16"><span class='ocrx_word' id='word_1_307' title='bbox 164 3901 493 3956; x_wconf 87' lang='lat' dir='ltr'><strong><em>tonicorum</em></strong></span> <span class='ocrx_word' id='word_1_308' title='bbox 538 3899 847 3954; x_wconf 86' lang='lat' dir='ltr'><strong><em>lectionem</em></strong></span> <span class='ocrx_word' id='word_1_309' title='bbox 878 3900 948 3954; x_wconf 91' lang='lat' dir='ltr'><strong><em>ad</em></strong></span> <span class='ocrx_word' id='word_1_310' title='bbox 998 3899 1335 3970; x_wconf 87' lang='lat' dir='ltr'><strong><em>frangenda,</em></strong></span> <span class='ocrx_word' id='word_1_311' title='bbox 1367 3898 1611 3967; x_wconf 90' lang='lat' dir='ltr'><strong><em>vincula,</em></strong></span> <span class='ocrx_word' id='word_1_312' title='bbox 1665 3899 1873 3971; x_wconf 85' lang='lat' dir='ltr'><strong><em>quibus</em></strong></span> 
     </span>
    </p>
   </div>
   <div class='ocr_carea' id='block_1_42' title="bbox 164 3987 1871 4060">
    <p class='ocr_par' dir='ltr' id='par_1_42' title="bbox 164 3987 1871 4060">
     <span class='ocr_line' id='line_1_42' title="bbox 164 3987 1871 4060; baseline -0.001 -16"><span class='ocrx_word' id='word_1_313' title='bbox 164 3990 366 4045; x_wconf 68' lang='lat' dir='ltr'><strong><em>saeculo</em></strong></span> <span class='ocrx_word' id='word_1_314' title='bbox 396 3987 757 4060; x_wconf 88' lang='lat' dir='ltr'><strong><em>illigabatur,</em></strong></span> <span class='ocrx_word' id='word_1_315' title='bbox 790 3987 1111 4058; x_wconf 85' lang='lat' dir='ltr'><strong><em>plurimum</em></strong></span> <span class='ocrx_word' id='word_1_316' title='bbox 1150 3988 1259 4042; x_wconf 87' lang='lat' dir='ltr'><strong><em>sibi</em></strong></span> <span class='ocrx_word' id='word_1_317' title='bbox 1289 3987 1574 4058; x_wconf 83' lang='lat' dir='ltr'><strong><em>profuisse</em></strong></span> <span class='ocrx_word' id='word_1_318' title='bbox 1605 3987 1761 4054; x_wconf 81' lang='lat' dir='ltr'><strong><em>dicit,</em></strong></span> <span class='ocrx_word' id='word_1_319' title='bbox 1796 3988 1871 4042; x_wconf 84' lang='lat' dir='ltr'><strong><em>si-</em></strong></span> 
     </span>
    </p>
   </div>
   <div class='ocr_carea' id='block_1_43' title="bbox 165 4076 1871 4148">
    <p class='ocr_par' dir='ltr' id='par_1_43' title="bbox 165 4076 1871 4148">
     <span class='ocr_line' id='line_1_43' title="bbox 165 4076 1871 4148; baseline 0 -17"><span class='ocrx_word' id='word_1_320' title='bbox 165 4078 276 4132; x_wconf 88' lang='lat' dir='ltr'><strong><em>mul</em></strong></span> <span class='ocrx_word' id='word_1_321' title='bbox 305 4082 581 4144; x_wconf 77' lang='lat' dir='ltr'><strong><em>testatur,</em></strong></span> <span class='ocrx_word' id='word_1_322' title='bbox 611 4077 765 4132; x_wconf 88' lang='lat' dir='ltr'><strong><em>hunc</em></strong></span> <span class='ocrx_word' id='word_1_323' title='bbox 795 4093 853 4131; x_wconf 90' lang='lat' dir='ltr'><strong><em>se</em></strong></span> <span class='ocrx_word' id='word_1_324' title='bbox 880 4077 1127 4132; x_wconf 88' lang='lat' dir='ltr'><strong><em>fructum</em></strong></span> <span class='ocrx_word' id='word_1_325' title='bbox 1159 4076 1480 4148; x_wconf 89' lang='lat' dir='ltr'><strong><em>percepisse</em></strong></span> <span class='ocrx_word' id='word_1_326' title='bbox 1508 4076 1712 4131; x_wconf 87' lang='lat' dir='ltr'><strong><em>collata</em></strong></span> <span class='ocrx_word' id='word_1_327' title='bbox 1741 4093 1871 4131; x_wconf 88' lang='lat' dir='ltr'><strong><em>cum</em></strong></span> 
     </span>
    </p>
   </div>
   <div class='ocr_carea' id='block_1_44' title="bbox 164 4163 1871 4236">
    <p class='ocr_par' dir='ltr' id='par_1_44' title="bbox 164 4163 1871 4236">
     <span class='ocr_line' id='line_1_44' title="bbox 164 4163 1871 4236; baseline 0.001 -19"><span class='ocrx_word' id='word_1_328' title='bbox 164 4165 361 4221; x_wconf 87' lang='lat' dir='ltr'><strong><em>iisdem</em></strong></span> <span class='ocrx_word' id='word_1_329' title='bbox 399 4165 746 4220; x_wconf 89' lang='lat' dir='ltr'><strong><em>auctoritate</em></strong></span> <span class='ocrx_word' id='word_1_330' title='bbox 778 4164 1012 4220; x_wconf 90' lang='lat' dir='ltr'><strong><em>illorum</em></strong></span> <span class='ocrx_word' id='word_1_331' title='bbox 1052 4163 1152 4236; x_wconf 88' lang='lat' dir='ltr'><strong><em>qui</em></strong></span> <span class='ocrx_word' id='word_1_332' title='bbox 1183 4164 1372 4219; x_wconf 84' lang='lat' dir='ltr'><strong><em>divina</em></strong></span> <span class='ocrx_word' id='word_1_333' title='bbox 1405 4164 1675 4236; x_wconf 89' lang='lat' dir='ltr'><strong><em>mysteria</em></strong></span> <span class='ocrx_word' id='word_1_334' title='bbox 1696 4164 1871 4219; x_wconf 87' lang='lat' dir='ltr'><strong><em>tradi-</em></strong></span> 
     </span>
    </p>
   </div>
   <div class='ocr_carea' id='block_1_45' title="bbox 163 4252 1874 4326">
    <p class='ocr_par' dir='ltr' id='par_1_45' title="bbox 163 4252 1874 4326">
     <span class='ocr_line' id='line_1_45' title="bbox 163 4252 1874 4326; baseline -0.001 -18"><span class='ocrx_word' id='word_1_335' title='bbox 163 4254 391 4321; x_wconf 86' lang='lat' dir='ltr'><strong><em>derunt,</em></strong></span> <span class='ocrx_word' id='word_1_336' title='bbox 422 4260 590 4326; x_wconf 87' lang='lat' dir='ltr'><strong><em>puta,</em></strong></span> <span class='ocrx_word' id='word_1_337' title='bbox 617 4254 1035 4325; x_wconf 83' lang='lat' dir='ltr'><strong><em>Prophetarum</em></strong></span> <span class='ocrx_word' id='word_1_338' title='bbox 1067 4258 1123 4309; x_wconf 91' lang='lat' dir='ltr'><strong><em>et</em></strong></span> <span class='ocrx_word' id='word_1_339' title='bbox 1146 4254 1549 4325; x_wconf 82' lang='lat' dir='ltr'><strong><em>Apostolorum</em></strong></span> <span class='ocrx_word' id='word_1_340' title='bbox 1583 4252 1679 4325; x_wconf 89' lang='lat' dir='ltr'><strong><em>(De</em></strong></span> <span class='ocrx_word' id='word_1_341' title='bbox 1706 4255 1874 4308; x_wconf 89' lang='lat' dir='ltr'><strong><em>Beata</em></strong></span> 
     </span>
    </p>
   </div>
   <div class='ocr_carea' id='block_1_46' title="bbox 172 4341 1873 4414">
    <p class='ocr_par' dir='ltr' id='par_1_46' title="bbox 172 4341 1873 4414">
     <span class='ocr_line' id='line_1_46' title="bbox 172 4341 1873 4414; baseline -0.001 -18"><span class='ocrx_word' id='word_1_342' title='bbox 172 4343 313 4409; x_wconf 77' lang='lat' dir='ltr'><strong><em>Vita,</em></strong></span> <span class='ocrx_word' id='word_1_343' title='bbox 346 4359 405 4398; x_wconf 80' lang='grc' dir='ltr'><strong>η.</strong></span> <span class='ocrx_word' id='word_1_344' title='bbox 438 4345 516 4409; x_wconf 74' lang='grc'><strong><em>4).</em></strong></span> <span class='ocrx_word' id='word_1_345' title='bbox 565 4343 778 4398; x_wconf 86' lang='lat' dir='ltr'><strong><em>Deinde</em></strong></span> <span class='ocrx_word' id='word_1_346' title='bbox 823 4342 1084 4414; x_wconf 86' lang='lat' dir='ltr'><strong><em>quamvis</em></strong></span> <span class='ocrx_word' id='word_1_347' title='bbox 1115 4342 1176 4397; x_wconf 92' lang='lat' dir='ltr'><strong><em>in</em></strong></span> <span class='ocrx_word' id='word_1_348' title='bbox 1204 4341 1681 4414; x_wconf 89' lang='lat' dir='ltr'><strong><em>philosophorum</em></strong></span> <span class='ocrx_word' id='word_1_349' title='bbox 1711 4341 1873 4396; x_wconf 85' lang='lat' dir='ltr'><strong><em>libris</em></strong></span> 
     </span>
    </p>
   </div>
   <div class='ocr_carea' id='block_1_47' title="bbox 165 4429 1869 4504">
    <p class='ocr_par' dir='ltr' id='par_1_47' title="bbox 165 4429 1869 4504">
     <span class='ocr_line' id='line_1_47' title="bbox 165 4429 1869 4504; baseline -0.001 -20"><span class='ocrx_word' id='word_1_350' title='bbox 165 4432 434 4487; x_wconf 83' lang='lat' dir='ltr'><strong><em>sublimia</em></strong></span> <span class='ocrx_word' id='word_1_351' title='bbox 481 4432 748 4504; x_wconf 70' lang='lat' dir='ltr'><strong><em>quaedam</em></strong></span> <span class='ocrx_word' id='word_1_352' title='bbox 785 4431 1276 4502; x_wconf 85' lang='lat' dir='ltr'><strong><em>deprehendisset,</em></strong></span> <span class='ocrx_word' id='word_1_353' title='bbox 1326 4446 1390 4485; x_wconf 83' lang='lat' dir='ltr'><strong><em>ex</em></strong></span> <span class='ocrx_word' id='word_1_354' title='bbox 1430 4429 1518 4485; x_wconf 88' lang='lat' dir='ltr'><strong><em>his</em></strong></span> <span class='ocrx_word' id='word_1_355' title='bbox 1546 4433 1741 4484; x_wconf 89' lang='lat' dir='ltr'><strong><em>tamen</em></strong></span> <span class='ocrx_word' id='word_1_356' title='bbox 1774 4447 1869 4484; x_wconf 86' lang='lat' dir='ltr'><strong><em>so-</em></strong></span> 
     </span>
    </p>
   </div>
   <div class='ocr_carea' id='block_1_48' title="bbox 167 4518 1873 4592">
    <p class='ocr_par' dir='ltr' id='par_1_48' title="bbox 167 4518 1873 4592">
     <span class='ocr_line' id='line_1_48' title="bbox 167 4518 1873 4592; baseline -0.002 -17"><span class='ocrx_word' id='word_1_357' title='bbox 167 4521 470 4577; x_wconf 89' lang='lat' dir='ltr'><strong><em>lummodo</em></strong></span> <span class='ocrx_word' id='word_1_358' title='bbox 501 4522 724 4592; x_wconf 82' lang='lat' dir='ltr'><strong><em>garrire</em></strong></span> <span class='ocrx_word' id='word_1_359' title='bbox 763 4520 1057 4589; x_wconf 85' lang='lat' dir='ltr'><strong><em>didicerat,</em></strong></span> <span class='ocrx_word' id='word_1_360' title='bbox 1091 4520 1252 4592; x_wconf 88' lang='lat' dir='ltr'><strong><em>quasi</em></strong></span> <span class='ocrx_word' id='word_1_361' title='bbox 1273 4521 1394 4592; x_wconf 86' lang='lat' dir='ltr'><strong><em>jam</em></strong></span> <span class='ocrx_word' id='word_1_362' title='bbox 1423 4518 1643 4591; x_wconf 89' lang='lat' dir='ltr'><strong><em>peritus</em></strong></span> <span class='ocrx_word' id='word_1_363' title='bbox 1672 4518 1873 4573; x_wconf 81' lang='lat' dir='ltr'><strong><em>evasis-</em></strong></span> 
     </span>
    </p>
   </div>
   <div class='ocr_carea' id='block_1_49' title="bbox 163 4606 1872 4683">
    <p class='ocr_par' dir='ltr' id='par_1_49' title="bbox 163 4606 1872 4683">
     <span class='ocr_line' id='line_1_49' title="bbox 163 4606 1872 4683; baseline 0.001 -21"><span class='ocrx_word' id='word_1_364' title='bbox 163 4617 243 4666; x_wconf 87' lang='lat' dir='ltr'><strong><em>set</em></strong></span> <span class='ocrx_word' id='word_1_365' title='bbox 268 4628 283 4678; x_wconf 91' lang='lat'><strong><em>;</em></strong></span> <span class='ocrx_word' id='word_1_366' title='bbox 309 4611 414 4683; x_wconf 90' lang='lat' dir='ltr'><strong><em>qui</em></strong></span> <span class='ocrx_word' id='word_1_367' title='bbox 444 4610 825 4666; x_wconf 87' lang='lat' dir='ltr'><strong><em>nihilominus</em></strong></span> <span class='ocrx_word' id='word_1_368' title='bbox 853 4609 965 4665; x_wconf 88' lang='lat' dir='ltr'><strong><em>nisi</em></strong></span> <span class='ocrx_word' id='word_1_369' title='bbox 1006 4608 1068 4663; x_wconf 89' lang='lat' dir='ltr'><strong><em>in</em></strong></span> <span class='ocrx_word' id='word_1_370' title='bbox 1101 4609 1323 4664; x_wconf 86' lang='lat' dir='ltr'><strong><em>Christo</em></strong></span> <span class='ocrx_word' id='word_1_371' title='bbox 1352 4608 1641 4664; x_wconf 82' lang='lat' dir='ltr'><strong><em>Salvatore</em></strong></span> <span class='ocrx_word' id='word_1_372' title='bbox 1667 4606 1872 4680; x_wconf 52' lang='lat' dir='ltr'><strong><em>Inostro</em></strong></span> 
     </span>
    </p>
   </div>
   <div class='ocr_carea' id='block_1_50' title="bbox 164 4697 1869 4771">
    <p class='ocr_par' dir='ltr' id='par_1_50' title="bbox 164 4697 1869 4771">
     <span class='ocr_line' id='line_1_50' title="bbox 164 4697 1869 4771; baseline -0.001 -20"><span class='ocrx_word' id='word_1_373' title='bbox 164 4699 306 4753; x_wconf 65' lang='lat' dir='ltr'><strong><em>viam</em></strong></span> <span class='ocrx_word' id='word_1_374' title='bbox 343 4699 447 4755; x_wconf 88' lang='lat' dir='ltr'><strong><em>Dei</em></strong></span> <span class='ocrx_word' id='word_1_375' title='bbox 477 4704 782 4771; x_wconf 69' lang='lat' dir='ltr'><strong><em>quaereret,</em></strong></span> <span class='ocrx_word' id='word_1_376' title='bbox 822 4715 940 4754; x_wconf 89' lang='lat' dir='ltr'><strong><em>non</em></strong></span> <span class='ocrx_word' id='word_1_377' title='bbox 970 4697 1209 4770; x_wconf 89' lang='lat' dir='ltr'><strong><em>peritus,</em></strong></span> <span class='ocrx_word' id='word_1_378' title='bbox 1242 4702 1305 4753; x_wconf 86' lang='lat' dir='ltr'><strong><em>ut</em></strong></span> <span class='ocrx_word' id='word_1_379' title='bbox 1340 4697 1615 4769; x_wconf 87' lang='lat' dir='ltr'><strong><em>loquitur,</em></strong></span> <span class='ocrx_word' id='word_1_380' title='bbox 1646 4697 1739 4751; x_wconf 89' lang='lat' dir='ltr'><strong><em>sed</em></strong></span> <span class='ocrx_word' id='word_1_381' title='bbox 1772 4713 1869 4767; x_wconf 81' lang='lat' dir='ltr'><strong><em>pe-</em></strong></span> 
     </span>
    </p>
   </div>
   <div class='ocr_carea' id='block_1_51' title="bbox 163 4784 1871 4858">
    <p class='ocr_par' dir='ltr' id='par_1_51' title="bbox 163 4784 1871 4858">
     <span class='ocr_line' id='line_1_51' title="bbox 163 4784 1871 4858; baseline -0.001 -18"><span class='ocrx_word' id='word_1_382' title='bbox 163 4787 376 4843; x_wconf 86' lang='lat' dir='ltr'><strong><em>riturus</em></strong></span> <span class='ocrx_word' id='word_1_383' title='bbox 406 4792 560 4843; x_wconf 85' lang='lat' dir='ltr'><strong><em>esset</em></strong></span> <span class='ocrx_word' id='word_1_384' title='bbox 596 4789 771 4858; x_wconf 88' lang='lat' dir='ltr'><strong><em>(Conf.</em></strong></span> <span class='ocrx_word' id='word_1_385' title='bbox 807 4787 901 4843; x_wconf 90' lang='lat' dir='ltr'><strong><em>lib.</em></strong></span> <span class='ocrx_word' id='word_1_386' title='bbox 948 4791 1006 4855; x_wconf 91' lang='lat'><strong><em>7,</em></strong></span> <span class='ocrx_word' id='word_1_387' title='bbox 1058 4802 1179 4857; x_wconf 91' lang='lat' dir='ltr'><strong><em>cap.</em></strong></span> <span class='ocrx_word' id='word_1_388' title='bbox 1211 4788 1300 4851; x_wconf 89' lang='lat'><strong><em>20,</em></strong></span> <span class='ocrx_word' id='word_1_389' title='bbox 1331 4802 1387 4840; x_wconf 92' lang='lat' dir='ltr'><strong><em>n.</em></strong></span> <span class='ocrx_word' id='word_1_390' title='bbox 1410 4786 1524 4855; x_wconf 88' lang='lat'><strong><em>26).</em></strong></span> <span class='ocrx_word' id='word_1_391' title='bbox 1581 4786 1705 4841; x_wconf 80' lang='lat' dir='ltr'><strong><em>lam</em></strong></span> <span class='ocrx_word' id='word_1_392' title='bbox 1737 4784 1871 4839; x_wconf 89' lang='lat' dir='ltr'><strong><em>inde</em></strong></span> 
     </span>
    </p>
   </div>
   <div class='ocr_carea' id='block_1_52' title="bbox 161 4873 1872 4947">
    <p class='ocr_par' dir='ltr' id='par_1_52' title="bbox 161 4873 1872 4947">
     <span class='ocr_line' id='line_1_52' title="bbox 161 4873 1872 4947; baseline -0.001 -20"><span class='ocrx_word' id='word_1_393' title='bbox 161 4876 315 4930; x_wconf 88' lang='lat' dir='ltr'><strong><em>enim</em></strong></span> <span class='ocrx_word' id='word_1_394' title='bbox 368 4880 647 4947; x_wconf 69' lang='lat' dir='ltr'><strong><em>coeperat,</em></strong></span> <span class='ocrx_word' id='word_1_395' title='bbox 689 4875 822 4931; x_wconf 88' lang='lat' dir='ltr'><strong><em>licet</em></strong></span> <span class='ocrx_word' id='word_1_396' title='bbox 869 4878 1234 4947; x_wconf 89' lang='lat' dir='ltr'><strong><em>peccatorum</em></strong></span> <span class='ocrx_word' id='word_1_397' title='bbox 1274 4873 1457 4945; x_wconf 66' lang='lat' dir='ltr'><strong><em>poenis</em></strong></span> <span class='ocrx_word' id='word_1_398' title='bbox 1487 4889 1550 4928; x_wconf 90' lang='lat' dir='ltr'><strong><em>ac</em></strong></span> <span class='ocrx_word' id='word_1_399' title='bbox 1592 4874 1741 4927; x_wconf 91' lang='lat' dir='ltr'><strong><em>mole</em></strong></span> <span class='ocrx_word' id='word_1_400' title='bbox 1773 4889 1872 4944; x_wconf 85' lang='lat' dir='ltr'><strong><em>op-</em></strong></span> 
     </span>
    </p>
   </div>
   <div class='ocr_carea' id='block_1_53' title="bbox 160 4960 1871 5034">
    <p class='ocr_par' dir='ltr' id='par_1_53' title="bbox 160 4960 1871 5034">
     <span class='ocr_line' id='line_1_53' title="bbox 160 4960 1871 5034; baseline -0.004 -14"><span class='ocrx_word' id='word_1_401' title='bbox 160 4980 415 5034; x_wconf 82' lang='lat' dir='ltr'><strong><em>pressus,</em></strong></span> <span class='ocrx_word' id='word_1_402' title='bbox 443 4964 788 5020; x_wconf 87' lang='lat' dir='ltr'><strong><em>eruditionis</em></strong></span> <span class='ocrx_word' id='word_1_403' title='bbox 808 4964 1022 5019; x_wconf 87' lang='lat' dir='ltr'><strong><em>famam</em></strong></span> <span class='ocrx_word' id='word_1_404' title='bbox 1037 4962 1329 5034; x_wconf 86' lang='lat' dir='ltr'><strong><em>aucupari,</em></strong></span> <span class='ocrx_word' id='word_1_405' title='bbox 1359 4966 1414 5017; x_wconf 91' lang='lat' dir='ltr'><strong><em>et</em></strong></span> <span class='ocrx_word' id='word_1_406' title='bbox 1441 4961 1714 5017; x_wconf 67' lang='lat' dir='ltr'><strong><em>doctrinae</em></strong></span> <span class='ocrx_word' id='word_1_407' title='bbox 1747 4960 1871 5032; x_wconf 88' lang='lat' dir='ltr'><strong><em>opi-</em></strong></span> 
     </span>
    </p>
   </div>
   <div class='ocr_carea' id='block_1_54' title="bbox 162 5050 1872 5125">
    <p class='ocr_par' dir='ltr' id='par_1_54' title="bbox 162 5050 1872 5125">
     <span class='ocr_line' id='line_1_54' title="bbox 162 5050 1872 5125; baseline -0.002 -18"><span class='ocrx_word' id='word_1_408' title='bbox 162 5052 330 5108; x_wconf 87' lang='lat' dir='ltr'><strong><em>nione</em></strong></span> <span class='ocrx_word' id='word_1_409' title='bbox 362 5053 604 5109; x_wconf 85' lang='lat' dir='ltr'><strong><em>inﬂatus</em></strong></span> <span class='ocrx_word' id='word_1_410' title='bbox 634 5053 820 5125; x_wconf 85' lang='lat' dir='ltr'><strong><em>magis</em></strong></span> <span class='ocrx_word' id='word_1_411' title='bbox 849 5052 1061 5119; x_wconf 76' lang='lat' dir='ltr'><strong><em>efferri,</em></strong></span> <span class='ocrx_word' id='word_1_412' title='bbox 1083 5051 1153 5108; x_wconf 88' lang='lat' dir='ltr'><strong><em>de</em></strong></span> <span class='ocrx_word' id='word_1_413' title='bbox 1184 5050 1472 5106; x_wconf 88' lang='lat' dir='ltr'><strong><em>diluendis</em></strong></span> <span class='ocrx_word' id='word_1_414' title='bbox 1499 5050 1717 5105; x_wconf 84' lang='lat' dir='ltr'><strong><em>interea</em></strong></span> <span class='ocrx_word' id='word_1_415' title='bbox 1745 5066 1872 5122; x_wconf 87' lang='lat' dir='ltr'><strong><em>pec-</em></strong></span> 
     </span>
    </p>
   </div>
   <div class='ocr_carea' id='block_1_55' title="bbox 163 5138 1871 5213">
    <p class='ocr_par' dir='ltr' id='par_1_55' title="bbox 163 5138 1871 5213">
     <span class='ocr_line' id='line_1_55' title="bbox 163 5138 1871 5213; baseline -0.003 -16"><span class='ocrx_word' id='word_1_416' title='bbox 163 5141 301 5196; x_wconf 81' lang='lat' dir='ltr'><strong><em>catis</em></strong></span> <span class='ocrx_word' id='word_1_417' title='bbox 327 5141 573 5197; x_wconf 88' lang='lat' dir='ltr'><strong><em>minime</em></strong></span> <span class='ocrx_word' id='word_1_418' title='bbox 604 5142 882 5213; x_wconf 87' lang='lat' dir='ltr'><strong><em>cogitans.</em></strong></span> <span class='ocrx_word' id='word_1_419' title='bbox 928 5142 1061 5196; x_wconf 85' lang='lat' dir='ltr'><strong><em>Erat</em></strong></span> <span class='ocrx_word' id='word_1_420' title='bbox 1097 5155 1235 5211; x_wconf 89' lang='lat' dir='ltr'><strong><em>ergo</em></strong></span> <span class='ocrx_word' id='word_1_421' title='bbox 1273 5139 1329 5195; x_wconf 92' lang='lat' dir='ltr'><strong><em>id</em></strong></span> <span class='ocrx_word' id='word_1_422' title='bbox 1358 5138 1632 5211; x_wconf 85' lang='lat' dir='ltr'><strong><em>temporis</em></strong></span> <span class='ocrx_word' id='word_1_423' title='bbox 1670 5155 1738 5194; x_wconf 87' lang='lat' dir='ltr'><strong><em>ex</em></strong></span> <span class='ocrx_word' id='word_1_424' title='bbox 1777 5154 1871 5192; x_wconf 87' lang='lat' dir='ltr'><strong><em>eo-</em></strong></span> 
     </span>
    </p>
   </div>
   <div class='ocr_carea' id='block_1_56' title="bbox 164 5226 1871 5303">
    <p class='ocr_par' dir='ltr' id='par_1_56' title="bbox 164 5226 1871 5303">
     <span class='ocr_line' id='line_1_56' title="bbox 164 5226 1871 5303; baseline -0.003 -18"><span class='ocrx_word' id='word_1_425' title='bbox 164 5244 289 5286; x_wconf 85' lang='lat' dir='ltr'><strong><em>rum</em></strong></span> <span class='ocrx_word' id='word_1_426' title='bbox 312 5247 586 5299; x_wconf 90' lang='lat' dir='ltr'><strong><em>numero,</em></strong></span> <span class='ocrx_word' id='word_1_427' title='bbox 610 5230 713 5303; x_wconf 91' lang='lat' dir='ltr'><strong><em>qui</em></strong></span> <span class='ocrx_word' id='word_1_428' title='bbox 728 5232 1136 5301; x_wconf 78' lang='lat' dir='ltr'><strong><em>cognoscentes</em></strong></span> <span class='ocrx_word' id='word_1_429' title='bbox 1166 5230 1363 5296; x_wconf 89' lang='lat' dir='ltr'><strong><em>Deum,</em></strong></span> <span class='ocrx_word' id='word_1_430' title='bbox 1389 5244 1503 5282; x_wconf 86' lang='lat' dir='ltr'><strong><em>non</em></strong></span> <span class='ocrx_word' id='word_1_431' title='bbox 1525 5226 1669 5282; x_wconf 90' lang='lat' dir='ltr'><strong><em>sicut</em></strong></span> <span class='ocrx_word' id='word_1_432' title='bbox 1692 5228 1871 5281; x_wconf 90' lang='lat' dir='ltr'><strong><em>Deum</em></strong></span> 
     </span>
    </p>
   </div>
   <div class='ocr_carea' id='block_1_57' title="bbox 168 5316 1872 5391">
    <p class='ocr_par' dir='ltr' id='par_1_57' title="bbox 168 5316 1872 5391">
     <span class='ocr_line' id='line_1_57' title="bbox 168 5316 1872 5391; baseline -0.002 -18"><span class='ocrx_word' id='word_1_433' title='bbox 168 5318 635 5388; x_wconf 82' lang='lat' dir='ltr'><strong><em>glorificaverunt</em></strong></span> <span class='ocrx_word' id='word_1_434' title='bbox 668 5321 844 5391; x_wconf 83' lang='lat' dir='ltr'><strong><em>(Rom.</em></strong></span> <span class='ocrx_word' id='word_1_435' title='bbox 895 5335 936 5388; x_wconf 79' lang='grc' dir='ltr'><strong><em>ι,</em></strong></span> <span class='ocrx_word' id='word_1_436' title='bbox 993 5317 1106 5388; x_wconf 84' lang='lat' dir='ltr'><strong><em>2t).</em></strong></span> <span class='ocrx_word' id='word_1_437' title='bbox 1154 5318 1227 5384; x_wconf 90' lang='lat' dir='ltr'><strong><em>Is,</em></strong></span> <span class='ocrx_word' id='word_1_438' title='bbox 1271 5321 1337 5372; x_wconf 90' lang='lat' dir='ltr'><strong><em>ut</em></strong></span> <span class='ocrx_word' id='word_1_439' title='bbox 1383 5316 1627 5383; x_wconf 88' lang='lat' dir='ltr'><strong><em>videtur,</em></strong></span> <span class='ocrx_word' id='word_1_440' title='bbox 1695 5319 1872 5370; x_wconf 89' lang='lat' dir='ltr'><strong><em>status</em></strong></span> 
     </span>
    </p>
   </div>
   <div class='ocr_carea' id='block_1_58' title="bbox 170 5405 1872 5481">
    <p class='ocr_par' dir='ltr' id='par_1_58' title="bbox 170 5405 1872 5481">
     <span class='ocr_line' id='line_1_58' title="bbox 170 5405 1872 5481; baseline -0.002 -18"><span class='ocrx_word' id='word_1_441' title='bbox 170 5414 251 5463; x_wconf 85' lang='lat' dir='ltr'><strong><em>est</em></strong></span> <span class='ocrx_word' id='word_1_442' title='bbox 276 5410 348 5466; x_wconf 84' lang='lat' dir='ltr'><strong><em>ab</em></strong></span> <span class='ocrx_word' id='word_1_443' title='bbox 372 5427 442 5464; x_wconf 92' lang='lat' dir='ltr'><strong><em>eo</em></strong></span> <span class='ocrx_word' id='word_1_444' title='bbox 473 5425 779 5481; x_wconf 81' lang='lat' dir='ltr'><strong><em>expressus</em></strong></span> <span class='ocrx_word' id='word_1_445' title='bbox 809 5407 870 5462; x_wconf 89' lang='lat' dir='ltr'><strong><em>in</em></strong></span> <span class='ocrx_word' id='word_1_446' title='bbox 903 5407 1045 5462; x_wconf 88' lang='lat' dir='ltr'><strong><em>libro</em></strong></span> <span class='ocrx_word' id='word_1_447' title='bbox 1071 5406 1143 5461; x_wconf 90' lang='lat' dir='ltr'><strong><em>de</em></strong></span> <span class='ocrx_word' id='word_1_448' title='bbox 1183 5408 1354 5462; x_wconf 86' lang='lat' dir='ltr'><strong><em>Beata</em></strong></span> <span class='ocrx_word' id='word_1_449' title='bbox 1383 5405 1529 5473; x_wconf 84' lang='lat' dir='ltr'><strong><em>Vita,</em></strong></span> <span class='ocrx_word' id='word_1_450' title='bbox 1556 5420 1727 5476; x_wconf 83' lang='lat' dir='ltr'><strong><em>quem</em></strong></span> <span class='ocrx_word' id='word_1_451' title='bbox 1758 5409 1872 5459; x_wconf 89' lang='lat' dir='ltr'><strong><em>sta-</em></strong></span> 
     </span>
    </p>
   </div>
   <div class='ocr_carea' id='block_1_59' title="bbox 170 5492 1874 5566">
    <p class='ocr_par' dir='ltr' id='par_1_59' title="bbox 170 5492 1874 5566">
     <span class='ocr_line' id='line_1_59' title="bbox 170 5492 1874 5566; baseline -0.003 -15"><span class='ocrx_word' id='word_1_452' title='bbox 170 5497 266 5553; x_wconf 90' lang='lat' dir='ltr'><strong><em>tim</em></strong></span> <span class='ocrx_word' id='word_1_453' title='bbox 297 5516 330 5554; x_wconf 91' lang='lat' dir='ltr'><strong><em>a</em></strong></span> <span class='ocrx_word' id='word_1_454' title='bbox 358 5515 466 5555; x_wconf 85' lang='lat' dir='ltr'><strong><em>sua</em></strong></span> <span class='ocrx_word' id='word_1_455' title='bbox 496 5496 874 5554; x_wconf 87' lang='lat' dir='ltr'><strong><em>conversione</em></strong></span> <span class='ocrx_word' id='word_1_456' title='bbox 912 5494 1249 5566; x_wconf 84' lang='lat' dir='ltr'><strong><em>composuit,</em></strong></span> <span class='ocrx_word' id='word_1_457' title='bbox 1295 5494 1357 5550; x_wconf 88' lang='lat' dir='ltr'><strong><em>in</em></strong></span> <span class='ocrx_word' id='word_1_458' title='bbox 1385 5509 1499 5565; x_wconf 91' lang='lat' dir='ltr'><strong><em>quo</em></strong></span> <span class='ocrx_word' id='word_1_459' title='bbox 1531 5492 1630 5547; x_wconf 90' lang='lat' dir='ltr'><strong><em>ubi</em></strong></span> <span class='ocrx_word' id='word_1_460' title='bbox 1662 5496 1874 5547; x_wconf 87' lang='lat' dir='ltr'><strong><em>morta-</em></strong></span> 
     </span>
    </p>
   </div>
   <div class='ocr_carea' id='block_1_60' title="bbox 172 5580 1876 5655">
    <p class='ocr_par' dir='ltr' id='par_1_60' title="bbox 172 5580 1876 5655">
     <span class='ocr_line' id='line_1_60' title="bbox 172 5580 1876 5655; baseline -0.002 -16"><span class='ocrx_word' id='word_1_461' title='bbox 172 5584 246 5639; x_wconf 81' lang='lat' dir='ltr'><strong><em>les</em></strong></span> <span class='ocrx_word' id='word_1_462' title='bbox 286 5603 511 5643; x_wconf 88' lang='lat' dir='ltr'><strong><em>ommes</em></strong></span> <span class='ocrx_word' id='word_1_463' title='bbox 539 5588 701 5642; x_wconf 86' lang='lat' dir='ltr'><strong><em>velut</em></strong></span> <span class='ocrx_word' id='word_1_464' title='bbox 741 5585 805 5641; x_wconf 86' lang='lat' dir='ltr'><strong><em>in</em></strong></span> <span class='ocrx_word' id='word_1_465' title='bbox 832 5584 1148 5655; x_wconf 87' lang='lat' dir='ltr'><strong><em>procelloso</em></strong></span> <span class='ocrx_word' id='word_1_466' title='bbox 1186 5582 1353 5651; x_wconf 90' lang='lat' dir='ltr'><strong><em>mari,</em></strong></span> <span class='ocrx_word' id='word_1_467' title='bbox 1385 5598 1449 5637; x_wconf 84' lang='lat' dir='ltr'><strong><em>ex</em></strong></span> <span class='ocrx_word' id='word_1_468' title='bbox 1478 5597 1595 5653; x_wconf 88' lang='lat' dir='ltr'><strong><em>quo</em></strong></span> <span class='ocrx_word' id='word_1_469' title='bbox 1635 5581 1703 5636; x_wconf 86' lang='lat' dir='ltr'><strong><em>ad</em></strong></span> <span class='ocrx_word' id='word_1_470' title='bbox 1743 5580 1876 5651; x_wconf 85' lang='lat' dir='ltr'><strong><em>phi-</em></strong></span> 
     </span>
    </p>
   </div>
   <div class='ocr_carea' id='block_1_61' title="bbox 1630 316 2275 381">
    <p class='ocr_par' dir='ltr' id='par_1_61' title="bbox 1630 316 2275 381">
     <span class='ocr_line' id='line_1_61' title="bbox 1630 316 2275 381; baseline 0.008 -8"><span class='ocrx_word' id='word_1_471' title='bbox 1630 316 1846 375; x_wconf 81' lang='lat' dir='ltr'><strong>LIBER</strong></span> <span class='ocrx_word' id='word_1_472' title='bbox 1885 318 2275 381; x_wconf 85' lang='lat' dir='ltr'><strong><em>SECUNDUS.</em></strong></span> 
     </span>
    </p>
   </div>
   <div class='ocr_carea' id='block_1_62' title="bbox 3604 340 3705 394">
    <p class='ocr_par' dir='ltr' id='par_1_62' title="bbox 3604 340 3705 394">
     <span class='ocr_line' id='line_1_62' title="bbox 3604 340 3705 394; baseline 0.01 -1"><span class='ocrx_word' id='word_1_473' title='bbox 3604 340 3705 394; x_wconf 81' lang='grc' dir='ltr'><strong><em>ΗΟ</em></strong></span> 
     </span>
    </p>
   </div>
   <div class='ocr_carea' id='block_1_63' title="bbox 2008 444 3706 524">
    <p class='ocr_par' dir='ltr' id='par_1_63' title="bbox 2008 444 3706 524">
     <span class='ocr_line' id='line_1_63' title="bbox 2008 444 3706 524; baseline 0.01 -25"><span class='ocrx_word' id='word_1_474' title='bbox 2008 444 2285 518; x_wconf 68' lang='lat' dir='ltr'><strong><em>losophiae</em></strong></span> <span class='ocrx_word' id='word_1_475' title='bbox 2315 452 2549 518; x_wconf 88' lang='lat' dir='ltr'><strong><em>portum</em></strong></span> <span class='ocrx_word' id='word_1_476' title='bbox 2574 450 2861 523; x_wconf 82' lang='lat' dir='ltr'><strong><em>appellere</em></strong></span> <span class='ocrx_word' id='word_1_477' title='bbox 2890 452 3151 524; x_wconf 86' lang='lat' dir='ltr'><strong><em>debeant,</em></strong></span> <span class='ocrx_word' id='word_1_478' title='bbox 3185 455 3524 516; x_wconf 84' lang='lat' dir='ltr'><strong><em>fluctuantes</em></strong></span> <span class='ocrx_word' id='word_1_479' title='bbox 3552 460 3706 516; x_wconf 81' lang='lat' dir='ltr'><strong><em>exhi-</em></strong></span> 
     </span>
    </p>
   </div>
   <div class='ocr_carea' id='block_1_64' title="bbox 2006 532 3705 622">
    <p class='ocr_par' dir='ltr' id='par_1_64' title="bbox 2006 532 3705 622">
     <span class='ocr_line' id='line_1_64' title="bbox 2006 532 3705 622; baseline 0.01 -34"><span class='ocrx_word' id='word_1_480' title='bbox 2006 532 2150 602; x_wconf 90' lang='lat' dir='ltr'><strong><em>buit,</em></strong></span> <span class='ocrx_word' id='word_1_481' title='bbox 2182 537 2455 607; x_wconf 67' lang='lat' dir='ltr'><strong><em>prmclare</em></strong></span> <span class='ocrx_word' id='word_1_482' title='bbox 2505 538 2793 607; x_wconf 87' lang='lat' dir='ltr'><strong><em>admonet,</em></strong></span> <span class='ocrx_word' id='word_1_483' title='bbox 2825 540 3167 613; x_wconf 90' lang='lat' dir='ltr'><strong><em>quibusdam</em></strong></span> <span class='ocrx_word' id='word_1_484' title='bbox 3207 545 3308 617; x_wconf 89' lang='lat' dir='ltr'><strong><em>qui</em></strong></span> <span class='ocrx_word' id='word_1_485' title='bbox 3339 563 3705 622; x_wconf 86' lang='lat' dir='ltr'><strong><em>quocumque</em></strong></span> 
     </span>
    </p>
   </div>
   <div class='ocr_carea' id='block_1_65' title="bbox 2007 623 3706 703">
    <p class='ocr_par' dir='ltr' id='par_1_65' title="bbox 2007 623 3706 703">
     <span class='ocr_line' id='line_1_65' title="bbox 2007 623 3706 703; baseline 0.01 -27"><span class='ocrx_word' id='word_1_486' title='bbox 2007 623 2179 678; x_wconf 89' lang='lat' dir='ltr'><strong><em>modo</em></strong></span> <span class='ocrx_word' id='word_1_487' title='bbox 2210 624 2282 679; x_wconf 90' lang='lat' dir='ltr'><strong><em>ad</em></strong></span> <span class='ocrx_word' id='word_1_488' title='bbox 2313 625 2493 681; x_wconf 71' lang='lat' dir='ltr'><strong><em>beatae</em></strong></span> <span class='ocrx_word' id='word_1_489' title='bbox 2540 626 2667 682; x_wconf 68' lang='lat' dir='ltr'><strong><em>vita:</em></strong></span> <span class='ocrx_word' id='word_1_490' title='bbox 2699 628 2992 701; x_wconf 88' lang='lat' dir='ltr'><strong><em>regionem</em></strong></span> <span class='ocrx_word' id='word_1_491' title='bbox 3036 630 3320 703; x_wconf 84' lang='lat' dir='ltr'><strong><em>feruntur,</em></strong></span> <span class='ocrx_word' id='word_1_492' title='bbox 3377 652 3558 694; x_wconf 90' lang='lat' dir='ltr'><strong><em>unum</em></strong></span> <span class='ocrx_word' id='word_1_493' title='bbox 3602 637 3706 693; x_wconf 87' lang='lat' dir='ltr'><strong><em>im-</em></strong></span> 
     </span>
    </p>
   </div>
   <div class='ocr_carea' id='block_1_66' title="bbox 2007 711 3704 794">
    <p class='ocr_par' dir='ltr' id='par_1_66' title="bbox 2007 711 3704 794">
     <span class='ocr_line' id='line_1_66' title="bbox 2007 711 3704 794; baseline 0.009 -29"><span class='ocrx_word' id='word_1_494' title='bbox 2007 711 2402 769; x_wconf 87' lang='lat' dir='ltr'><strong><em>manissimum</em></strong></span> <span class='ocrx_word' id='word_1_495' title='bbox 2430 720 2707 786; x_wconf 89' lang='lat' dir='ltr'><strong><em>montem,</em></strong></span> <span class='ocrx_word' id='word_1_496' title='bbox 2742 716 2841 789; x_wconf 89' lang='lat' dir='ltr'><strong><em>qui</em></strong></span> <span class='ocrx_word' id='word_1_497' title='bbox 2870 722 3001 773; x_wconf 88' lang='lat' dir='ltr'><strong><em>ante</em></strong></span> <span class='ocrx_word' id='word_1_498' title='bbox 3031 719 3221 791; x_wconf 88' lang='lat' dir='ltr'><strong><em>ipsum</em></strong></span> <span class='ocrx_word' id='word_1_499' title='bbox 3246 728 3474 794; x_wconf 89' lang='lat' dir='ltr'><strong><em>portum</em></strong></span> <span class='ocrx_word' id='word_1_500' title='bbox 3501 726 3704 780; x_wconf 87' lang='lat' dir='ltr'><strong><em>consti-</em></strong></span> 
     </span>
    </p>
   </div>
   <div class='ocr_carea' id='block_1_67' title="bbox 2003 800 3704 883">
    <p class='ocr_par' dir='ltr' id='par_1_67' title="bbox 2003 800 3704 883">
     <span class='ocr_line' id='line_1_67' title="bbox 2003 800 3704 883; baseline 0.008 -29"><span class='ocrx_word' id='word_1_501' title='bbox 2003 802 2159 855; x_wconf 88' lang='lat' dir='ltr'><strong><em>tutus</em></strong></span> <span class='ocrx_word' id='word_1_502' title='bbox 2188 800 2279 869; x_wconf 87' lang='lat' dir='ltr'><strong><em>sit,</em></strong></span> <span class='ocrx_word' id='word_1_503' title='bbox 2310 802 2525 875; x_wconf 86' lang='lat' dir='ltr'><strong><em>quique</em></strong></span> <span class='ocrx_word' id='word_1_504' title='bbox 2551 803 2723 858; x_wconf 84' lang='lat' dir='ltr'><strong><em>etiam</em></strong></span> <span class='ocrx_word' id='word_1_505' title='bbox 2754 821 2992 876; x_wconf 89' lang='lat' dir='ltr'><strong><em>magnas</em></strong></span> <span class='ocrx_word' id='word_1_506' title='bbox 3008 806 3478 879; x_wconf 64' lang='lat' dir='ltr'><strong><em>ingredientibus</em></strong></span> <span class='ocrx_word' id='word_1_507' title='bbox 3507 810 3704 883; x_wconf 85' lang='lat' dir='ltr'><strong><em>gignat</em></strong></span> 
     </span>
    </p>
   </div>
   <div class='ocr_carea' id='block_1_68' title="bbox 2004 889 3705 966">
    <p class='ocr_par' dir='ltr' id='par_1_68' title="bbox 2004 889 3705 966">
     <span class='ocr_line' id='line_1_68' title="bbox 2004 889 3705 966; baseline 0.008 -24"><span class='ocrx_word' id='word_1_508' title='bbox 2004 889 2317 960; x_wconf 87' lang='lat' dir='ltr'><strong><em>angustias,</em></strong></span> <span class='ocrx_word' id='word_1_509' title='bbox 2349 891 2846 948; x_wconf 87' lang='lat' dir='ltr'><strong><em>vehementissime</em></strong></span> <span class='ocrx_word' id='word_1_510' title='bbox 2872 894 3319 966; x_wconf 85' lang='lat' dir='ltr'><strong><em>formidandum,</em></strong></span> <span class='ocrx_word' id='word_1_511' title='bbox 3350 900 3705 956; x_wconf 87' lang='lat' dir='ltr'><strong><em>cautissime-</em></strong></span> 
     </span>
    </p>
   </div>
   <div class='ocr_carea' id='block_1_69' title="bbox 2003 979 3707 1054">
    <p class='ocr_par' dir='ltr' id='par_1_69' title="bbox 2003 979 3707 1054">
     <span class='ocr_line' id='line_1_69' title="bbox 2003 979 3707 1054; baseline 0.009 -23"><span class='ocrx_word' id='word_1_512' title='bbox 2003 993 2113 1049; x_wconf 89' lang='lat' dir='ltr'><strong><em>que</em></strong></span> <span class='ocrx_word' id='word_1_513' title='bbox 2145 979 2437 1035; x_wconf 88' lang='lat' dir='ltr'><strong><em>vitandum</em></strong></span> <span class='ocrx_word' id='word_1_514' title='bbox 2468 996 2609 1036; x_wconf 90' lang='lat' dir='ltr'><strong><em>esse.</em></strong></span> <span class='ocrx_word' id='word_1_515' title='bbox 2647 983 2837 1054; x_wconf 83' lang='lat' dir='ltr'><strong><em>Neque</em></strong></span> <span class='ocrx_word' id='word_1_516' title='bbox 2860 982 3011 1039; x_wconf 89' lang='lat' dir='ltr'><strong><em>hunc</em></strong></span> <span class='ocrx_word' id='word_1_517' title='bbox 3040 991 3269 1043; x_wconf 88' lang='lat' dir='ltr'><strong><em>montem</em></strong></span> <span class='ocrx_word' id='word_1_518' title='bbox 3297 991 3465 1045; x_wconf 88' lang='lat' dir='ltr'><strong><em>alium</em></strong></span> <span class='ocrx_word' id='word_1_519' title='bbox 3490 992 3607 1046; x_wconf 85' lang='lat' dir='ltr'><strong><em>vult</em></strong></span> <span class='ocrx_word' id='word_1_520' title='bbox 3626 993 3707 1046; x_wconf 83' lang='lat' dir='ltr'><strong><em>in-</em></strong></span> 
     </span>
    </p>
   </div>
   <div class='ocr_carea' id='block_1_70' title="bbox 2003 1068 3702 1147">
    <p class='ocr_par' dir='ltr' id='par_1_70' title="bbox 2003 1068 3702 1147">
     <span class='ocr_line' id='line_1_70' title="bbox 2003 1068 3702 1147; baseline 0.008 -28"><span class='ocrx_word' id='word_1_521' title='bbox 2003 1068 2179 1136; x_wconf 89' lang='lat' dir='ltr'><strong><em>telligi</em></strong></span> <span class='ocrx_word' id='word_1_522' title='bbox 2221 1071 2385 1137; x_wconf 89' lang='lat' dir='ltr'><strong><em>ratio,</em></strong></span> <span class='ocrx_word' id='word_1_523' title='bbox 2414 1071 2913 1140; x_wconf 84' lang='lat' dir='ltr'><strong><em>prapinquantibus</em></strong></span> <span class='ocrx_word' id='word_1_524' title='bbox 2952 1073 3027 1127; x_wconf 87' lang='lat' dir='ltr'><strong><em>ad</em></strong></span> <span class='ocrx_word' id='word_1_525' title='bbox 3052 1075 3455 1146; x_wconf 80' lang='lat' dir='ltr'><strong><em>philosophiam</em></strong></span> <span class='ocrx_word' id='word_1_526' title='bbox 3483 1080 3702 1147; x_wconf 83' lang='lat' dir='ltr'><strong><em>ingrcs-</em></strong></span> 
     </span>
    </p>
   </div>
   <div class='ocr_carea' id='block_1_71' title="bbox 1999 1157 3706 1237">
    <p class='ocr_par' dir='ltr' id='par_1_71' title="bbox 1999 1157 3706 1237">
     <span class='ocr_line' id='line_1_71' title="bbox 1999 1157 3706 1237; baseline 0.007 -27"><span class='ocrx_word' id='word_1_527' title='bbox 1999 1157 2140 1210; x_wconf 86' lang='lat' dir='ltr'><strong><em>sisve</em></strong></span> <span class='ocrx_word' id='word_1_528' title='bbox 2180 1158 2541 1229; x_wconf 85' lang='lat' dir='ltr'><strong><em>metuendum,</em></strong></span> <span class='ocrx_word' id='word_1_529' title='bbox 2572 1163 2683 1215; x_wconf 89' lang='lat' dir='ltr'><strong><em>nisi</em></strong></span> <span class='ocrx_word' id='word_1_530' title='bbox 2719 1162 3007 1231; x_wconf 89' lang='lat' dir='ltr'><strong><em>superbum</em></strong></span> <span class='ocrx_word' id='word_1_531' title='bbox 3044 1164 3286 1219; x_wconf 88' lang='lat' dir='ltr'><strong><em>studium</em></strong></span> <span class='ocrx_word' id='word_1_532' title='bbox 3334 1165 3526 1237; x_wconf 89' lang='lat' dir='ltr'><strong><em>(verba</em></strong></span> <span class='ocrx_word' id='word_1_533' title='bbox 3571 1171 3706 1224; x_wconf 89' lang='lat' dir='ltr'><strong><em>sunt</em></strong></span> 
     </span>
    </p>
   </div>
   <div class='ocr_carea' id='block_1_72' title="bbox 2001 1244 3702 1326">
    <p class='ocr_par' dir='ltr' id='par_1_72' title="bbox 2001 1244 3702 1326">
     <span class='ocr_line' id='line_1_72' title="bbox 2001 1244 3702 1326; baseline 0.008 -30"><span class='ocrx_word' id='word_1_534' title='bbox 2001 1244 2321 1315; x_wconf 85' lang='lat' dir='ltr'><strong><em>Augustini)</em></strong></span> <span class='ocrx_word' id='word_1_535' title='bbox 2353 1247 2688 1301; x_wconf 62' lang='lat' dir='ltr'><strong><em>inanissima?</em></strong></span> <span class='ocrx_word' id='word_1_536' title='bbox 2710 1250 2927 1316; x_wconf 68' lang='lat' dir='ltr'><strong><em>gloriae:</em></strong></span> <span class='ocrx_word' id='word_1_537' title='bbox 2961 1251 3105 1318; x_wconf 85' lang='lat' dir='ltr'><strong><em>quod</em></strong></span> <span class='ocrx_word' id='word_1_538' title='bbox 3134 1253 3213 1305; x_wconf 88' lang='lat' dir='ltr'><strong><em>ita</em></strong></span> <span class='ocrx_word' id='word_1_539' title='bbox 3242 1254 3382 1307; x_wconf 86' lang='lat' dir='ltr'><strong><em>nihil</em></strong></span> <span class='ocrx_word' id='word_1_540' title='bbox 3404 1255 3553 1309; x_wconf 88' lang='lat' dir='ltr'><strong><em>intus</em></strong></span> <span class='ocrx_word' id='word_1_541' title='bbox 3576 1256 3702 1326; x_wconf 81' lang='lat' dir='ltr'><strong><em>plc-</em></strong></span> 
     </span>
    </p>
   </div>
   <div class='ocr_carea' id='block_1_73' title="bbox 1997 1335 3702 1411">
    <p class='ocr_par' dir='ltr' id='par_1_73' title="bbox 1997 1335 3702 1411">
     <span class='ocr_line' id='line_1_73' title="bbox 1997 1335 3702 1411; baseline 0.008 -26"><span class='ocrx_word' id='word_1_542' title='bbox 1997 1347 2126 1386; x_wconf 91' lang='lat' dir='ltr'><strong><em>num</em></strong></span> <span class='ocrx_word' id='word_1_543' title='bbox 2154 1338 2317 1403; x_wconf 89' lang='lat' dir='ltr'><strong><em>atque</em></strong></span> <span class='ocrx_word' id='word_1_544' title='bbox 2358 1335 2591 1389; x_wconf 86' lang='lat' dir='ltr'><strong><em>solidum</em></strong></span> <span class='ocrx_word' id='word_1_545' title='bbox 2622 1336 2797 1398; x_wconf 87' lang='lat' dir='ltr'><strong><em>habet,</em></strong></span> <span class='ocrx_word' id='word_1_546' title='bbox 2845 1341 2907 1391; x_wconf 90' lang='lat' dir='ltr'><strong><em>ut</em></strong></span> <span class='ocrx_word' id='word_1_547' title='bbox 2948 1340 3161 1406; x_wconf 86' lang='lat' dir='ltr'><strong><em>inﬂatos</em></strong></span> <span class='ocrx_word' id='word_1_548' title='bbox 3191 1340 3299 1394; x_wconf 90' lang='lat' dir='ltr'><strong><em>sibi</em></strong></span> <span class='ocrx_word' id='word_1_549' title='bbox 3328 1342 3702 1411; x_wconf 64' lang='lat' dir='ltr'><strong><em>jsuperambu—</em></strong></span> 
     </span>
    </p>
   </div>
   <div class='ocr_carea' id='block_1_74' title="bbox 2000 1421 3701 1499">
    <p class='ocr_par' dir='ltr' id='par_1_74' title="bbox 2000 1421 3701 1499">
     <span class='ocr_line' id='line_1_74' title="bbox 2000 1421 3701 1499; baseline 0.006 -24"><span class='ocrx_word' id='word_1_550' title='bbox 2000 1421 2169 1476; x_wconf 80' lang='lat' dir='ltr'><strong><em>tantes</em></strong></span> <span class='ocrx_word' id='word_1_551' title='bbox 2197 1428 2543 1493; x_wconf 84' lang='lat' dir='ltr'><strong><em>succrepante</em></strong></span> <span class='ocrx_word' id='word_1_552' title='bbox 2567 1426 2768 1492; x_wconf 84' lang='lat' dir='ltr'><strong><em>fragili</em></strong></span> <span class='ocrx_word' id='word_1_553' title='bbox 2805 1426 2914 1479; x_wconf 87' lang='lat' dir='ltr'><strong><em>solo</em></strong></span> <span class='ocrx_word' id='word_1_554' title='bbox 2944 1426 3219 1496; x_wconf 85' lang='lat' dir='ltr'><strong><em>demergat</em></strong></span> <span class='ocrx_word' id='word_1_555' title='bbox 3242 1444 3303 1482; x_wconf 88' lang='lat' dir='ltr'><strong><em>ac</em></strong></span> <span class='ocrx_word' id='word_1_556' title='bbox 3324 1430 3553 1499; x_wconf 86' lang='lat' dir='ltr'><strong><em>sorbeat,</em></strong></span> <span class='ocrx_word' id='word_1_557' title='bbox 3590 1434 3701 1486; x_wconf 91' lang='lat' dir='ltr'><strong><em>eis-</em></strong></span> 
     </span>
    </p>
   </div>
   <div class='ocr_carea' id='block_1_75' title="bbox 1997 1512 3701 1583">
    <p class='ocr_par' dir='ltr' id='par_1_75' title="bbox 1997 1512 3701 1583">
     <span class='ocr_line' id='line_1_75' title="bbox 1997 1512 3701 1583; baseline 0.008 -21"><span class='ocrx_word' id='word_1_558' title='bbox 1997 1524 2100 1580; x_wconf 88' lang='lat' dir='ltr'><strong><em>que</em></strong></span> <span class='ocrx_word' id='word_1_559' title='bbox 2125 1512 2184 1565; x_wconf 88' lang='lat' dir='ltr'><strong><em>in</em></strong></span> <span class='ocrx_word' id='word_1_560' title='bbox 2227 1512 2469 1567; x_wconf 89' lang='lat' dir='ltr'><strong><em>tenebras</em></strong></span> <span class='ocrx_word' id='word_1_561' title='bbox 2515 1514 2791 1579; x_wconf 88' lang='lat' dir='ltr'><strong><em>revolutis,</em></strong></span> <span class='ocrx_word' id='word_1_562' title='bbox 2838 1516 3038 1583; x_wconf 82' lang='lat' dir='ltr'><strong><em>eripiat</em></strong></span> <span class='ocrx_word' id='word_1_563' title='bbox 3083 1516 3568 1573; x_wconf 86' lang='lat' dir='ltr'><strong><em>luculentissimam</em></strong></span> <span class='ocrx_word' id='word_1_564' title='bbox 3597 1520 3701 1575; x_wconf 80' lang='lat' dir='ltr'><strong><em>do-</em></strong></span> 
     </span>
    </p>
   </div>
   <div class='ocr_carea' id='block_1_76' title="bbox 1995 1601 3620 1675">
    <p class='ocr_par' dir='ltr' id='par_1_76' title="bbox 1995 1601 3620 1675">
     <span class='ocr_line' id='line_1_76' title="bbox 1995 1601 3620 1675; baseline 0.007 -23"><span class='ocrx_word' id='word_1_565' title='bbox 1995 1613 2163 1667; x_wconf 89' lang='lat' dir='ltr'><strong><em>mum,</em></strong></span> <span class='ocrx_word' id='word_1_566' title='bbox 2194 1615 2358 1670; x_wconf 88' lang='lat' dir='ltr'><strong><em>quam</em></strong></span> <span class='ocrx_word' id='word_1_567' title='bbox 2381 1616 2515 1671; x_wconf 88' lang='lat' dir='ltr'><strong><em>pene</em></strong></span> <span class='ocrx_word' id='word_1_568' title='bbox 2532 1601 2653 1670; x_wconf 89' lang='lat' dir='ltr'><strong><em>jam</em></strong></span> <span class='ocrx_word' id='word_1_569' title='bbox 2681 1601 2935 1657; x_wconf 82' lang='lat' dir='ltr'><strong><em>viderant</em></strong></span> <span class='ocrx_word' id='word_1_570' title='bbox 2957 1603 3054 1671; x_wconf 91' lang='lat' dir='ltr'><strong><em>(De</em></strong></span> <span class='ocrx_word' id='word_1_571' title='bbox 3081 1604 3248 1657; x_wconf 84' lang='lat' dir='ltr'><strong><em>Beata</em></strong></span> <span class='ocrx_word' id='word_1_572' title='bbox 3284 1606 3431 1672; x_wconf 88' lang='lat' dir='ltr'><strong><em>Vita,</em></strong></span> <span class='ocrx_word' id='word_1_573' title='bbox 3453 1621 3510 1661; x_wconf 92' lang='lat' dir='ltr'><strong><em>n.</em></strong></span> <span class='ocrx_word' id='word_1_574' title='bbox 3543 1607 3620 1675; x_wconf 89' lang='lat'><strong><em>3).</em></strong></span> 
     </span>
    </p>
   </div>
   <div class='ocr_carea' id='block_1_77' title="bbox 2065 1688 3699 1761">
    <p class='ocr_par' dir='ltr' id='par_1_77' title="bbox 2065 1688 3699 1761">
     <span class='ocr_line' id='line_1_77' title="bbox 2065 1688 3699 1761; baseline 0.006 -20"><span class='ocrx_word' id='word_1_575' title='bbox 2065 1692 2119 1742; x_wconf 89' lang='lat'><strong><em>7.</em></strong></span> <span class='ocrx_word' id='word_1_576' title='bbox 2154 1688 2216 1742; x_wconf 85' lang='lat' dir='ltr'><strong><em>In</em></strong></span> <span class='ocrx_word' id='word_1_577' title='bbox 2249 1690 2399 1742; x_wconf 88' lang='lat' dir='ltr'><strong><em>hunc</em></strong></span> <span class='ocrx_word' id='word_1_578' title='bbox 2427 1704 2486 1742; x_wconf 88' lang='lat' dir='ltr'><strong><em>se</em></strong></span> <span class='ocrx_word' id='word_1_579' title='bbox 2517 1692 2772 1743; x_wconf 86' lang='lat' dir='ltr'><strong><em>montem</em></strong></span> <span class='ocrx_word' id='word_1_580' title='bbox 2798 1690 3149 1761; x_wconf 81' lang='lat' dir='ltr'><strong><em>Augustinus</em></strong></span> <span class='ocrx_word' id='word_1_581' title='bbox 3178 1693 3599 1749; x_wconf 87' lang='lat' dir='ltr'><strong><em>Platonicorum</em></strong></span> <span class='ocrx_word' id='word_1_582' title='bbox 3628 1696 3699 1751; x_wconf 88' lang='lat' dir='ltr'><strong><em>li-</em></strong></span> 
     </span>
    </p>
   </div>
   <div class='ocr_carea' id='block_1_78' title="bbox 1993 1773 3691 1851">
    <p class='ocr_par' dir='ltr' id='par_1_78' title="bbox 1993 1773 3691 1851">
     <span class='ocr_line' id='line_1_78' title="bbox 1993 1773 3691 1851; baseline 0.007 -24"><span class='ocrx_word' id='word_1_583' title='bbox 1993 1773 2112 1827; x_wconf 88' lang='lat' dir='ltr'><strong><em>bris</em></strong></span> <span class='ocrx_word' id='word_1_584' title='bbox 2152 1775 2316 1830; x_wconf 89' lang='lat' dir='ltr'><strong><em>evehi</em></strong></span> <span class='ocrx_word' id='word_1_585' title='bbox 2343 1775 2589 1844; x_wconf 87' lang='lat' dir='ltr'><strong><em>videbat,</em></strong></span> <span class='ocrx_word' id='word_1_586' title='bbox 2632 1778 2732 1849; x_wconf 87' lang='lat' dir='ltr'><strong><em>qui</em></strong></span> <span class='ocrx_word' id='word_1_587' title='bbox 2765 1795 3062 1851; x_wconf 82' lang='lat' dir='ltr'><strong><em>nunquam</em></strong></span> <span class='ocrx_word' id='word_1_588' title='bbox 3092 1797 3225 1835; x_wconf 90' lang='lat' dir='ltr'><strong><em>eum</em></strong></span> <span class='ocrx_word' id='word_1_589' title='bbox 3256 1782 3593 1839; x_wconf 80' lang='lat' dir='ltr'><strong><em>cliaritatem</em></strong></span> <span class='ocrx_word' id='word_1_590' title='bbox 3623 1784 3691 1839; x_wconf 83' lang='lat' dir='ltr'><strong><em>il-</em></strong></span> 
     </span>
    </p>
   </div>
   <div class='ocr_carea' id='block_1_79' title="bbox 1993 1862 3695 1937">
    <p class='ocr_par' dir='ltr' id='par_1_79' title="bbox 1993 1862 3695 1937">
     <span class='ocr_line' id='line_1_79' title="bbox 1993 1862 3695 1937; baseline 0.007 -21"><span class='ocrx_word' id='word_1_591' title='bbox 1993 1862 2109 1917; x_wconf 89' lang='lat' dir='ltr'><strong><em>lam</em></strong></span> <span class='ocrx_word' id='word_1_592' title='bbox 2139 1862 2342 1918; x_wconf 88' lang='lat' dir='ltr'><strong><em>docere</em></strong></span> <span class='ocrx_word' id='word_1_593' title='bbox 2372 1864 2710 1935; x_wconf 86' lang='lat' dir='ltr'><strong><em>potuissent,</em></strong></span> <span class='ocrx_word' id='word_1_594' title='bbox 2743 1882 2872 1937; x_wconf 71' lang='lat' dir='ltr'><strong><em>qua:</em></strong></span> <span class='ocrx_word' id='word_1_595' title='bbox 2904 1872 3111 1922; x_wconf 64' lang='lat' dir='ltr'><strong><em>nostra:</em></strong></span> <span class='ocrx_word' id='word_1_596' title='bbox 3153 1869 3348 1923; x_wconf 89' lang='lat' dir='ltr'><strong><em>salutis</em></strong></span> <span class='ocrx_word' id='word_1_597' title='bbox 3388 1870 3695 1928; x_wconf 67' lang='lat' dir='ltr'><strong><em>aediﬁcium</em></strong></span> 
     </span>
    </p>
   </div>
   <div class='ocr_carea' id='block_1_80' title="bbox 1993 1949 3692 2026">
    <p class='ocr_par' dir='ltr' id='par_1_80' title="bbox 1993 1949 3692 2026">
     <span class='ocr_line' id='line_1_80' title="bbox 1993 1949 3692 2026; baseline 0.004 -22"><span class='ocrx_word' id='word_1_598' title='bbox 1993 1949 2065 2004; x_wconf 81' lang='lat' dir='ltr'><strong><em>ab</em></strong></span> <span class='ocrx_word' id='word_1_599' title='bbox 2094 1949 2435 2005; x_wconf 87' lang='lat' dir='ltr'><strong><em>humilitatis</em></strong></span> <span class='ocrx_word' id='word_1_600' title='bbox 2474 1951 2867 2019; x_wconf 89' lang='lat' dir='ltr'><strong><em>fundamento,</em></strong></span> <span class='ocrx_word' id='word_1_601' title='bbox 2912 1953 3065 2025; x_wconf 90' lang='lat' dir='ltr'><strong><em>quod</em></strong></span> <span class='ocrx_word' id='word_1_602' title='bbox 3099 1958 3182 2009; x_wconf 87' lang='lat' dir='ltr'><strong><em>est</em></strong></span> <span class='ocrx_word' id='word_1_603' title='bbox 3221 1956 3476 2011; x_wconf 89' lang='lat' dir='ltr'><strong><em>Christus</em></strong></span> <span class='ocrx_word' id='word_1_604' title='bbox 3512 1958 3692 2026; x_wconf 79' lang='lat' dir='ltr'><strong><em>.lesus,</em></strong></span> 
     </span>
    </p>
   </div>
   <div class='ocr_carea' id='block_1_81' title="bbox 1992 2038 3689 2116">
    <p class='ocr_par' dir='ltr' id='par_1_81' title="bbox 1992 2038 3689 2116">
     <span class='ocr_line' id='line_1_81' title="bbox 1992 2038 3689 2116; baseline 0.005 -23"><span class='ocrx_word' id='word_1_605' title='bbox 1992 2038 2289 2094; x_wconf 89' lang='lat' dir='ltr'><strong><em>constituit</em></strong></span> <span class='ocrx_word' id='word_1_606' title='bbox 2318 2039 2663 2112; x_wconf 87' lang='lat' dir='ltr'><strong><em>stabilitque.</em></strong></span> <span class='ocrx_word' id='word_1_607' title='bbox 2699 2041 2839 2096; x_wconf 88' lang='lat' dir='ltr'><strong><em>Cum</em></strong></span> <span class='ocrx_word' id='word_1_608' title='bbox 2870 2040 3048 2112; x_wconf 89' lang='lat' dir='ltr'><strong><em>igitur</em></strong></span> <span class='ocrx_word' id='word_1_609' title='bbox 3072 2042 3141 2097; x_wconf 87' lang='lat' dir='ltr'><strong><em>ad</em></strong></span> <span class='ocrx_word' id='word_1_610' title='bbox 3172 2058 3230 2098; x_wconf 91' lang='lat' dir='ltr'><strong><em>se</em></strong></span> <span class='ocrx_word' id='word_1_611' title='bbox 3259 2043 3689 2116; x_wconf 85' lang='lat' dir='ltr'><strong><em>quamprimum</em></strong></span> 
     </span>
    </p>
   </div>
   <div class='ocr_carea' id='block_1_82' title="bbox 1990 2127 3692 2203">
    <p class='ocr_par' dir='ltr' id='par_1_82' title="bbox 1990 2127 3692 2203">
     <span class='ocr_line' id='line_1_82' title="bbox 1990 2127 3692 2203; baseline 0.004 -21"><span class='ocrx_word' id='word_1_612' title='bbox 1990 2127 2181 2182; x_wconf 89' lang='lat' dir='ltr'><strong><em>redire</em></strong></span> <span class='ocrx_word' id='word_1_613' title='bbox 2234 2128 2530 2200; x_wconf 85' lang='lat' dir='ltr'><strong><em>cogitaret,</em></strong></span> <span class='ocrx_word' id='word_1_614' title='bbox 2565 2130 2775 2184; x_wconf 88' lang='lat' dir='ltr'><strong><em>mentis</em></strong></span> <span class='ocrx_word' id='word_1_615' title='bbox 2814 2130 3009 2185; x_wconf 88' lang='lat' dir='ltr'><strong><em>oculos</em></strong></span> <span class='ocrx_word' id='word_1_616' title='bbox 3052 2131 3298 2203; x_wconf 88' lang='lat' dir='ltr'><strong><em>conjecit</em></strong></span> <span class='ocrx_word' id='word_1_617' title='bbox 3352 2132 3414 2187; x_wconf 90' lang='lat' dir='ltr'><strong><em>in</em></strong></span> <span class='ocrx_word' id='word_1_618' title='bbox 3452 2134 3692 2190; x_wconf 87' lang='lat' dir='ltr'><strong><em>catholi-</em></strong></span> 
     </span>
    </p>
   </div>
   <div class='ocr_carea' id='block_1_83' title="bbox 1993 2216 3694 2290">
    <p class='ocr_par' dir='ltr' id='par_1_83' title="bbox 1993 2216 3694 2290">
     <span class='ocr_line' id='line_1_83' title="bbox 1993 2216 3694 2290; baseline 0.005 -20"><span class='ocrx_word' id='word_1_619' title='bbox 1993 2232 2117 2271; x_wconf 89' lang='lat' dir='ltr'><strong><em>cam</em></strong></span> <span class='ocrx_word' id='word_1_620' title='bbox 2148 2216 2510 2289; x_wconf 89' lang='lat' dir='ltr'><strong><em>religionem,</em></strong></span> <span class='ocrx_word' id='word_1_621' title='bbox 2552 2234 2681 2289; x_wconf 72' lang='lat' dir='ltr'><strong><em>quaa</em></strong></span> <span class='ocrx_word' id='word_1_622' title='bbox 2712 2234 2891 2290; x_wconf 88' lang='lat' dir='ltr'><strong><em>puero</em></strong></span> <span class='ocrx_word' id='word_1_623' title='bbox 2938 2218 3045 2273; x_wconf 90' lang='lat' dir='ltr'><strong><em>sibi</em></strong></span> <span class='ocrx_word' id='word_1_624' title='bbox 3088 2219 3257 2275; x_wconf 89' lang='lat' dir='ltr'><strong><em>insita</em></strong></span> <span class='ocrx_word' id='word_1_625' title='bbox 3287 2225 3428 2288; x_wconf 90' lang='lat' dir='ltr'><strong><em>erat,</em></strong></span> <span class='ocrx_word' id='word_1_626' title='bbox 3472 2226 3529 2277; x_wconf 89' lang='lat' dir='ltr'><strong><em>et</em></strong></span> <span class='ocrx_word' id='word_1_627' title='bbox 3571 2239 3694 2279; x_wconf 91' lang='lat' dir='ltr'><strong><em>me-</em></strong></span> 
     </span>
    </p>
   </div>
   <div class='ocr_carea' id='block_1_84' title="bbox 1994 2303 3693 2379">
    <p class='ocr_par' dir='ltr' id='par_1_84' title="bbox 1994 2303 3693 2379">
     <span class='ocr_line' id='line_1_84' title="bbox 1994 2303 3693 2379; baseline 0.004 -20"><span class='ocrx_word' id='word_1_628' title='bbox 1994 2303 2253 2371; x_wconf 88' lang='lat' dir='ltr'><strong><em>dullitus,</em></strong></span> <span class='ocrx_word' id='word_1_629' title='bbox 2296 2308 2362 2359; x_wconf 88' lang='lat' dir='ltr'><strong><em>ut</em></strong></span> <span class='ocrx_word' id='word_1_630' title='bbox 2400 2305 2555 2372; x_wconf 85' lang='lat' dir='ltr'><strong><em>dicit,</em></strong></span> <span class='ocrx_word' id='word_1_631' title='bbox 2596 2306 2909 2377; x_wconf 89' lang='lat' dir='ltr'><strong><em>implicata,</em></strong></span> <span class='ocrx_word' id='word_1_632' title='bbox 2943 2323 3140 2379; x_wconf 66' lang='lat' dir='ltr'><strong><em>quaeve</em></strong></span> <span class='ocrx_word' id='word_1_633' title='bbox 3183 2307 3374 2378; x_wconf 88' lang='lat' dir='ltr'><strong><em>ipsum</em></strong></span> <span class='ocrx_word' id='word_1_634' title='bbox 3402 2309 3473 2364; x_wconf 87' lang='lat' dir='ltr'><strong><em>ad</em></strong></span> <span class='ocrx_word' id='word_1_635' title='bbox 3503 2325 3563 2365; x_wconf 86' lang='lat' dir='ltr'><strong><em>se</em></strong></span> <span class='ocrx_word' id='word_1_636' title='bbox 3602 2311 3693 2367; x_wconf 89' lang='lat' dir='ltr'><strong><em>vel</em></strong></span> 
     </span>
    </p>
   </div>
   <div class='ocr_carea' id='block_1_85' title="bbox 1992 2391 3692 2468">
    <p class='ocr_par' dir='ltr' id='par_1_85' title="bbox 1992 2391 3692 2468">
     <span class='ocr_line' id='line_1_85' title="bbox 1992 2391 3692 2468; baseline 0.004 -21"><span class='ocrx_word' id='word_1_637' title='bbox 1992 2391 2337 2448; x_wconf 87' lang='lat' dir='ltr'><strong><em>nescientem</em></strong></span> <span class='ocrx_word' id='word_1_638' title='bbox 2380 2394 2680 2449; x_wconf 81' lang='lat' dir='ltr'><strong><em>revocabat</em></strong></span> <span class='ocrx_word' id='word_1_639' title='bbox 2710 2395 2877 2466; x_wconf 85' lang='lat' dir='ltr'><strong><em>(Cont.</em></strong></span> <span class='ocrx_word' id='word_1_640' title='bbox 2913 2395 3113 2463; x_wconf 82' lang='lat' dir='ltr'><strong><em>Acad.,</em></strong></span> <span class='ocrx_word' id='word_1_641' title='bbox 3155 2396 3249 2451; x_wconf 89' lang='lat' dir='ltr'><strong><em>lib.</em></strong></span> <span class='ocrx_word' id='word_1_642' title='bbox 3282 2399 3334 2465; x_wconf 93' lang='lat'><strong><em>2,</em></strong></span> <span class='ocrx_word' id='word_1_643' title='bbox 3368 2414 3423 2453; x_wconf 83' lang='grc' dir='ltr'><strong><em>η.</em></strong></span> <span class='ocrx_word' id='word_1_644' title='bbox 3469 2399 3543 2468; x_wconf 80' lang='grc'><strong><em>5).</em></strong></span> <span class='ocrx_word' id='word_1_645' title='bbox 3582 2400 3692 2455; x_wconf 79' lang='lat' dir='ltr'><strong><em>Vc-</em></strong></span> 
     </span>
    </p>
   </div>
   <div class='ocr_carea' id='block_1_86' title="bbox 1989 2482 3692 2557">
    <p class='ocr_par' dir='ltr' id='par_1_86' title="bbox 1989 2482 3692 2557">
     <span class='ocr_line' id='line_1_86' title="bbox 1989 2482 3692 2557; baseline 0.004 -21"><span class='ocrx_word' id='word_1_646' title='bbox 1989 2496 2112 2536; x_wconf 88' lang='lat' dir='ltr'><strong><em>rum</em></strong></span> <span class='ocrx_word' id='word_1_647' title='bbox 2140 2483 2199 2535; x_wconf 85' lang='lat' dir='ltr'><strong><em>in</em></strong></span> <span class='ocrx_word' id='word_1_648' title='bbox 2230 2483 2323 2537; x_wconf 86' lang='lat' dir='ltr'><strong><em>hos</em></strong></span> <span class='ocrx_word' id='word_1_649' title='bbox 2350 2483 2535 2547; x_wconf 89' lang='lat' dir='ltr'><strong><em>libros,</em></strong></span> <span class='ocrx_word' id='word_1_650' title='bbox 2566 2482 2645 2537; x_wconf 88' lang='lat' dir='ltr'><strong><em>ait</em></strong></span> <span class='ocrx_word' id='word_1_651' title='bbox 2672 2483 3047 2552; x_wconf 86' lang='lat' dir='ltr'><strong><em>Augustinus,</em></strong></span> <span class='ocrx_word' id='word_1_652' title='bbox 3070 2499 3152 2538; x_wconf 88' lang='lat' dir='ltr'><strong><em>me</em></strong></span> <span class='ocrx_word' id='word_1_653' title='bbox 3171 2490 3480 2555; x_wconf 86' lang='lat' dir='ltr'><strong><em>propterea,</em></strong></span> <span class='ocrx_word' id='word_1_654' title='bbox 3507 2489 3692 2557; x_wconf 85' lang='lat' dir='ltr'><strong><em>prius-</em></strong></span> 
     </span>
    </p>
   </div>
   <div class='ocr_carea' id='block_1_87' title="bbox 1990 2570 3688 2641">
    <p class='ocr_par' dir='ltr' id='par_1_87' title="bbox 1990 2570 3688 2641">
     <span class='ocr_line' id='line_1_87' title="bbox 1990 2570 3688 2641; baseline 0.005 -18"><span class='ocrx_word' id='word_1_655' title='bbox 1990 2586 2155 2640; x_wconf 87' lang='lat' dir='ltr'><strong><em>quam</em></strong></span> <span class='ocrx_word' id='word_1_656' title='bbox 2191 2571 2512 2641; x_wconf 82' lang='lat' dir='ltr'><strong><em>Scripturas</em></strong></span> <span class='ocrx_word' id='word_1_657' title='bbox 2545 2576 2666 2626; x_wconf 88' lang='lat' dir='ltr'><strong><em>tuas</em></strong></span> <span class='ocrx_word' id='word_1_658' title='bbox 2694 2570 3110 2641; x_wconf 81' lang='lat' dir='ltr'><strong><em>considerarem,</em></strong></span> <span class='ocrx_word' id='word_1_659' title='bbox 3150 2573 3307 2630; x_wconf 85' lang='lat' dir='ltr'><strong><em>credo</em></strong></span> <span class='ocrx_word' id='word_1_660' title='bbox 3352 2576 3573 2632; x_wconf 89' lang='lat' dir='ltr'><strong><em>voluisti</em></strong></span> <span class='ocrx_word' id='word_1_661' title='bbox 3602 2580 3688 2631; x_wconf 90' lang='lat' dir='ltr'><strong><em>in-</em></strong></span> 
     </span>
    </p>
   </div>
   <div class='ocr_carea' id='block_1_88' title="bbox 1987 2661 3689 2732">
    <p class='ocr_par' dir='ltr' id='par_1_88' title="bbox 1987 2661 3689 2732">
     <span class='ocr_line' id='line_1_88' title="bbox 1987 2661 3689 2732; baseline 0.004 -18"><span class='ocrx_word' id='word_1_662' title='bbox 1987 2674 2222 2726; x_wconf 76' lang='lat' dir='ltr'><strong><em>currere,</em></strong></span> <span class='ocrx_word' id='word_1_663' title='bbox 2254 2664 2314 2714; x_wconf 89' lang='lat' dir='ltr'><strong><em>ut</em></strong></span> <span class='ocrx_word' id='word_1_664' title='bbox 2343 2661 2742 2730; x_wconf 86' lang='lat' dir='ltr'><strong><em>imprimeretur</em></strong></span> <span class='ocrx_word' id='word_1_665' title='bbox 2770 2663 3035 2716; x_wconf 63' lang='lat' dir='ltr'><strong><em>memme</em></strong></span> <span class='ocrx_word' id='word_1_666' title='bbox 3059 2677 3203 2730; x_wconf 71' lang='lat' dir='ltr'><strong><em>meae,</em></strong></span> <span class='ocrx_word' id='word_1_667' title='bbox 3236 2668 3496 2732; x_wconf 83' lang='lat' dir='ltr'><strong><em>quomodo</em></strong></span> <span class='ocrx_word' id='word_1_668' title='bbox 3517 2680 3586 2719; x_wconf 80' lang='lat' dir='ltr'><strong><em>ea:</em></strong></span> <span class='ocrx_word' id='word_1_669' title='bbox 3613 2668 3689 2721; x_wconf 86' lang='lat' dir='ltr'><strong><em>eis</em></strong></span> 
     </span>
    </p>
   </div>
   <div class='ocr_carea' id='block_1_89' title="bbox 1988 2748 3689 2819">
    <p class='ocr_par' dir='ltr' id='par_1_89' title="bbox 1988 2748 3689 2819">
     <span class='ocr_line' id='line_1_89' title="bbox 1988 2748 3689 2819; baseline 0.005 -19"><span class='ocrx_word' id='word_1_670' title='bbox 1988 2748 2213 2816; x_wconf 78' lang='lat' dir='ltr'><strong><em>affectus</em></strong></span> <span class='ocrx_word' id='word_1_671' title='bbox 2238 2762 2439 2812; x_wconf 88' lang='lat' dir='ltr'><strong><em>essem;</em></strong></span> <span class='ocrx_word' id='word_1_672' title='bbox 2470 2751 2657 2802; x_wconf 86' lang='lat' dir='ltr'><strong><em>etcum</em></strong></span> <span class='ocrx_word' id='word_1_673' title='bbox 2677 2752 2861 2817; x_wconf 87' lang='lat' dir='ltr'><strong><em>postea</em></strong></span> <span class='ocrx_word' id='word_1_674' title='bbox 2888 2751 2941 2802; x_wconf 85' lang='lat' dir='ltr'><strong><em>in</em></strong></span> <span class='ocrx_word' id='word_1_675' title='bbox 2965 2749 3118 2803; x_wconf 85' lang='lat' dir='ltr'><strong><em>libris</em></strong></span> <span class='ocrx_word' id='word_1_676' title='bbox 3149 2751 3257 2804; x_wconf 86' lang='lat' dir='ltr'><strong><em>tuis</em></strong></span> <span class='ocrx_word' id='word_1_677' title='bbox 3285 2754 3689 2819; x_wconf 79' lang='lat' dir='ltr'><strong><em>mansuefactus</em></strong></span> 
     </span>
    </p>
   </div>
   <div class='ocr_carea' id='block_1_90' title="bbox 1988 2836 3687 2905">
    <p class='ocr_par' dir='ltr' id='par_1_90' title="bbox 1988 2836 3687 2905">
     <span class='ocr_line' id='line_1_90' title="bbox 1988 2836 3687 2905; baseline 0.002 -14"><span class='ocrx_word' id='word_1_678' title='bbox 1988 2851 2169 2903; x_wconf 84' lang='lat' dir='ltr'><strong><em>essem,</em></strong></span> <span class='ocrx_word' id='word_1_679' title='bbox 2203 2842 2253 2891; x_wconf 89' lang='lat' dir='ltr'><strong><em>et</em></strong></span> <span class='ocrx_word' id='word_1_680' title='bbox 2282 2836 2597 2891; x_wconf 86' lang='lat' dir='ltr'><strong><em>curantibus</em></strong></span> <span class='ocrx_word' id='word_1_681' title='bbox 2626 2836 2817 2905; x_wconf 82' lang='lat' dir='ltr'><strong><em>digitis</em></strong></span> <span class='ocrx_word' id='word_1_682' title='bbox 2848 2839 2955 2892; x_wconf 90' lang='lat' dir='ltr'><strong><em>tuis</em></strong></span> <span class='ocrx_word' id='word_1_683' title='bbox 2984 2842 3444 2895; x_wconf 86' lang='lat' dir='ltr'><strong><em>contrectarentur</em></strong></span> <span class='ocrx_word' id='word_1_684' title='bbox 3460 2843 3687 2896; x_wconf 89' lang='lat' dir='ltr'><strong><em>vulnera</em></strong></span> 
     </span>
    </p>
   </div>
   <div class='ocr_carea' id='block_1_91' title="bbox 1986 2925 3686 2997">
    <p class='ocr_par' dir='ltr' id='par_1_91' title="bbox 1986 2925 3686 2997">
     <span class='ocr_line' id='line_1_91' title="bbox 1986 2925 3686 2997; baseline 0.002 -18"><span class='ocrx_word' id='word_1_685' title='bbox 1986 2941 2123 2991; x_wconf 86' lang='lat' dir='ltr'><strong><em>mea,</em></strong></span> <span class='ocrx_word' id='word_1_686' title='bbox 2172 2925 2527 2980; x_wconf 86' lang='lat' dir='ltr'><strong><em>discernerem</em></strong></span> <span class='ocrx_word' id='word_1_687' title='bbox 2575 2928 2737 2997; x_wconf 77' lang='lat' dir='ltr'><strong><em>atque</em></strong></span> <span class='ocrx_word' id='word_1_688' title='bbox 2790 2925 3171 2992; x_wconf 72' lang='lat' dir='ltr'><strong><em>distinguerent</em></strong></span> <span class='ocrx_word' id='word_1_689' title='bbox 3231 2927 3369 2995; x_wconf 88' lang='lat' dir='ltr'><strong><em>quid</em></strong></span> <span class='ocrx_word' id='word_1_690' title='bbox 3408 2930 3686 2983; x_wconf 89' lang='lat' dir='ltr'><strong><em>interesset</em></strong></span> 
     </span>
    </p>
   </div>
   <div class='ocr_carea' id='block_1_92' title="bbox 1984 3015 3680 3083">
    <p class='ocr_par' dir='ltr' id='par_1_92' title="bbox 1984 3015 3680 3083">
     <span class='ocr_line' id='line_1_92' title="bbox 1984 3015 3680 3083; baseline 0.002 -15"><span class='ocrx_word' id='word_1_691' title='bbox 1984 3015 2126 3068; x_wconf 88' lang='lat' dir='ltr'><strong><em>inter</em></strong></span> <span class='ocrx_word' id='word_1_692' title='bbox 2160 3015 2652 3083; x_wconf 65' lang='lat' dir='ltr'><strong><em>praesumptionem,</em></strong></span> <span class='ocrx_word' id='word_1_693' title='bbox 2702 3017 2752 3067; x_wconf 91' lang='lat' dir='ltr'><strong><em>et</em></strong></span> <span class='ocrx_word' id='word_1_694' title='bbox 2798 3015 3212 3081; x_wconf 86' lang='lat' dir='ltr'><strong><em>confessionem;</em></strong></span> <span class='ocrx_word' id='word_1_695' title='bbox 3260 3018 3403 3072; x_wconf 88' lang='lat' dir='ltr'><strong><em>inter</em></strong></span> <span class='ocrx_word' id='word_1_696' title='bbox 3437 3016 3680 3071; x_wconf 87' lang='lat' dir='ltr'><strong><em>videntes</em></strong></span> 
     </span>
    </p>
   </div>
   <div class='ocr_carea' id='block_1_93' title="bbox 1987 3102 3686 3171">
    <p class='ocr_par' dir='ltr' id='par_1_93' title="bbox 1987 3102 3686 3171">
     <span class='ocr_line' id='line_1_93' title="bbox 1987 3102 3686 3171; baseline 0.002 -15"><span class='ocrx_word' id='word_1_697' title='bbox 1987 3117 2091 3171; x_wconf 89' lang='lat' dir='ltr'><strong><em>quo</em></strong></span> <span class='ocrx_word' id='word_1_698' title='bbox 2129 3102 2362 3156; x_wconf 88' lang='lat' dir='ltr'><strong><em>eundum</em></strong></span> <span class='ocrx_word' id='word_1_699' title='bbox 2385 3104 2478 3163; x_wconf 86' lang='lat' dir='ltr'><strong><em>sit,</em></strong></span> <span class='ocrx_word' id='word_1_700' title='bbox 2510 3117 2604 3156; x_wconf 86' lang='lat' dir='ltr'><strong><em>nec</em></strong></span> <span class='ocrx_word' id='word_1_701' title='bbox 2632 3102 2872 3156; x_wconf 72' lang='lat' dir='ltr'><strong><em>vidmtes</em></strong></span> <span class='ocrx_word' id='word_1_702' title='bbox 2900 3118 3027 3171; x_wconf 85' lang='lat' dir='ltr'><strong><em>qua,</em></strong></span> <span class='ocrx_word' id='word_1_703' title='bbox 3056 3107 3108 3157; x_wconf 91' lang='lat' dir='ltr'><strong><em>et</em></strong></span> <span class='ocrx_word' id='word_1_704' title='bbox 3134 3105 3280 3158; x_wconf 79' lang='lat' dir='ltr'><strong><em>viam</em></strong></span> <span class='ocrx_word' id='word_1_705' title='bbox 3305 3103 3581 3159; x_wconf 87' lang='lat' dir='ltr'><strong><em>ducentem</em></strong></span> <span class='ocrx_word' id='word_1_706' title='bbox 3610 3105 3686 3159; x_wconf 86' lang='lat' dir='ltr'><strong><em>ad</em></strong></span> 
     </span>
    </p>
   </div>
   <div class='ocr_carea' id='block_1_94' title="bbox 1987 3191 3685 3260">
    <p class='ocr_par' dir='ltr' id='par_1_94' title="bbox 1987 3191 3685 3260">
     <span class='ocr_line' id='line_1_94' title="bbox 1987 3191 3685 3260; baseline 0.002 -15"><span class='ocrx_word' id='word_1_707' title='bbox 1987 3191 2288 3260; x_wconf 83' lang='lat' dir='ltr'><strong><em>beati/icam</em></strong></span> <span class='ocrx_word' id='word_1_708' title='bbox 2314 3193 2578 3260; x_wconf 88' lang='lat' dir='ltr'><strong><em>patriam,</em></strong></span> <span class='ocrx_word' id='word_1_709' title='bbox 2608 3206 2717 3246; x_wconf 91' lang='lat' dir='ltr'><strong><em>non</em></strong></span> <span class='ocrx_word' id='word_1_710' title='bbox 2755 3195 2966 3246; x_wconf 89' lang='lat' dir='ltr'><strong><em>tantum</em></strong></span> <span class='ocrx_word' id='word_1_711' title='bbox 3002 3192 3342 3255; x_wconf 80' lang='lat' dir='ltr'><strong><em>cernendum,</em></strong></span> <span class='ocrx_word' id='word_1_712' title='bbox 3373 3192 3468 3248; x_wconf 88' lang='lat' dir='ltr'><strong><em>sed</em></strong></span> <span class='ocrx_word' id='word_1_713' title='bbox 3495 3198 3546 3248; x_wconf 89' lang='lat' dir='ltr'><strong><em>et</em></strong></span> <span class='ocrx_word' id='word_1_714' title='bbox 3575 3195 3685 3248; x_wconf 81' lang='lat' dir='ltr'><strong><em>ha-</em></strong></span> 
     </span>
    </p>
   </div>
   <div class='ocr_carea' id='block_1_95' title="bbox 1985 3279 3686 3350">
    <p class='ocr_par' dir='ltr' id='par_1_95' title="bbox 1985 3279 3686 3350">
     <span class='ocr_line' id='line_1_95' title="bbox 1985 3279 3686 3350; baseline 0.002 -17"><span class='ocrx_word' id='word_1_715' title='bbox 1985 3279 2283 3334; x_wconf 87' lang='lat' dir='ltr'><strong><em>bitandam.</em></strong></span> <span class='ocrx_word' id='word_1_716' title='bbox 2316 3281 2456 3336; x_wconf 88' lang='lat' dir='ltr'><strong><em>Nam</em></strong></span> <span class='ocrx_word' id='word_1_717' title='bbox 2485 3281 2535 3335; x_wconf 87' lang='lat' dir='ltr'><strong><em>si</em></strong></span> <span class='ocrx_word' id='word_1_718' title='bbox 2562 3283 2743 3350; x_wconf 85' lang='lat' dir='ltr'><strong><em>primo</em></strong></span> <span class='ocrx_word' id='word_1_719' title='bbox 2771 3282 2972 3335; x_wconf 88' lang='lat' dir='ltr'><strong><em>sanctis</em></strong></span> <span class='ocrx_word' id='word_1_720' title='bbox 3001 3282 3109 3336; x_wconf 88' lang='lat' dir='ltr'><strong><em>tuis</em></strong></span> <span class='ocrx_word' id='word_1_721' title='bbox 3135 3282 3329 3336; x_wconf 91' lang='lat' dir='ltr'><strong><em>litteris</em></strong></span> <span class='ocrx_word' id='word_1_722' title='bbox 3358 3283 3686 3349; x_wconf 86' lang='lat' dir='ltr'><strong><em>informatus</em></strong></span> 
     </span>
    </p>
   </div>
   <div class='ocr_carea' id='block_1_96' title="bbox 1984 3368 3685 3437">
    <p class='ocr_par' dir='ltr' id='par_1_96' title="bbox 1984 3368 3685 3437">
     <span class='ocr_line' id='line_1_96' title="bbox 1984 3368 3685 3437; baseline 0.001 -15"><span class='ocrx_word' id='word_1_723' title='bbox 1984 3382 2170 3434; x_wconf 87' lang='lat' dir='ltr'><strong><em>essem,</em></strong></span> <span class='ocrx_word' id='word_1_724' title='bbox 2221 3371 2271 3421; x_wconf 87' lang='lat' dir='ltr'><strong><em>et</em></strong></span> <span class='ocrx_word' id='word_1_725' title='bbox 2302 3369 2359 3421; x_wconf 88' lang='lat' dir='ltr'><strong><em>in</em></strong></span> <span class='ocrx_word' id='word_1_726' title='bbox 2396 3383 2584 3422; x_wconf 89' lang='lat' dir='ltr'><strong><em>earum</em></strong></span> <span class='ocrx_word' id='word_1_727' title='bbox 2627 3370 3012 3436; x_wconf 87' lang='lat' dir='ltr'><strong><em>familiaritate</em></strong></span> <span class='ocrx_word' id='word_1_728' title='bbox 3055 3368 3417 3425; x_wconf 89' lang='lat' dir='ltr'><strong><em>obdulcuisses</em></strong></span> <span class='ocrx_word' id='word_1_729' title='bbox 3446 3370 3603 3437; x_wconf 90' lang='lat' dir='ltr'><strong><em>mihi,</em></strong></span> <span class='ocrx_word' id='word_1_730' title='bbox 3634 3374 3685 3424; x_wconf 91' lang='lat' dir='ltr'><strong><em>et</em></strong></span> 
     </span>
    </p>
   </div>
   <div class='ocr_carea' id='block_1_97' title="bbox 1980 3456 3683 3525">
    <p class='ocr_par' dir='ltr' id='par_1_97' title="bbox 1980 3456 3683 3525">
     <span class='ocr_line' id='line_1_97' title="bbox 1980 3456 3683 3525; baseline 0.002 -15"><span class='ocrx_word' id='word_1_731' title='bbox 1980 3459 2166 3525; x_wconf 89' lang='lat' dir='ltr'><strong><em>postea</em></strong></span> <span class='ocrx_word' id='word_1_732' title='bbox 2197 3457 2255 3509; x_wconf 88' lang='lat' dir='ltr'><strong><em>in</em></strong></span> <span class='ocrx_word' id='word_1_733' title='bbox 2301 3456 2398 3510; x_wconf 87' lang='lat' dir='ltr'><strong><em>illa</em></strong></span> <span class='ocrx_word' id='word_1_734' title='bbox 2424 3457 2698 3511; x_wconf 87' lang='lat' dir='ltr'><strong><em>volumina</em></strong></span> <span class='ocrx_word' id='word_1_735' title='bbox 2730 3457 3077 3524; x_wconf 82' lang='lat' dir='ltr'><strong><em>incidissem;</em></strong></span> <span class='ocrx_word' id='word_1_736' title='bbox 3127 3459 3363 3524; x_wconf 89' lang='lat' dir='ltr'><strong><em>fortasse</em></strong></span> <span class='ocrx_word' id='word_1_737' title='bbox 3400 3462 3497 3513; x_wconf 89' lang='lat' dir='ltr'><strong><em>aut</em></strong></span> <span class='ocrx_word' id='word_1_738' title='bbox 3525 3459 3683 3513; x_wconf 85' lang='lat' dir='ltr'><strong><em>abri-</em></strong></span> 
     </span>
    </p>
   </div>
   <div class='ocr_carea' id='block_1_98' title="bbox 1942 3544 3683 3616">
    <p class='ocr_par' dir='ltr' id='par_1_98' title="bbox 1942 3544 3683 3616">
     <span class='ocr_line' id='line_1_98' title="bbox 1942 3544 3683 3616; baseline 0.002 -18"><span class='ocrx_word' id='word_1_739' title='bbox 1942 3545 2224 3614; x_wconf 74' lang='lat' dir='ltr'><strong><em>puissent</em></strong></span> <span class='ocrx_word' id='word_1_740' title='bbox 2272 3560 2352 3598; x_wconf 92' lang='lat' dir='ltr'><strong><em>me</em></strong></span> <span class='ocrx_word' id='word_1_741' title='bbox 2396 3561 2431 3599; x_wconf 90' lang='lat' dir='ltr'><strong><em>a</em></strong></span> <span class='ocrx_word' id='word_1_742' title='bbox 2470 3544 2824 3600; x_wconf 87' lang='lat' dir='ltr'><strong><em>solidamento</em></strong></span> <span class='ocrx_word' id='word_1_743' title='bbox 2864 3547 3113 3614; x_wconf 86' lang='lat' dir='ltr'><strong><em>pietatis,</em></strong></span> <span class='ocrx_word' id='word_1_744' title='bbox 3144 3550 3243 3601; x_wconf 89' lang='lat' dir='ltr'><strong><em>aut</em></strong></span> <span class='ocrx_word' id='word_1_745' title='bbox 3281 3547 3333 3601; x_wconf 88' lang='lat' dir='ltr'><strong><em>si</em></strong></span> <span class='ocrx_word' id='word_1_746' title='bbox 3376 3548 3435 3600; x_wconf 90' lang='lat' dir='ltr'><strong><em>in</em></strong></span> <span class='ocrx_word' id='word_1_747' title='bbox 3462 3547 3683 3616; x_wconf 82' lang='lat' dir='ltr'><strong><em>affectu,</em></strong></span> 
     </span>
    </p>
   </div>
   <div class='ocr_carea' id='block_1_99' title="bbox 1982 3632 3685 3703">
    <p class='ocr_par' dir='ltr' id='par_1_99' title="bbox 1982 3632 3685 3703">
     <span class='ocr_line' id='line_1_99' title="bbox 1982 3632 3685 3703; baseline 0.001 -17"><span class='ocrx_word' id='word_1_748' title='bbox 1982 3648 2137 3702; x_wconf 86' lang='lat' dir='ltr'><strong><em>quem</em></strong></span> <span class='ocrx_word' id='word_1_749' title='bbox 2174 3632 2443 3687; x_wconf 88' lang='lat' dir='ltr'><strong><em>salubrem</em></strong></span> <span class='ocrx_word' id='word_1_750' title='bbox 2471 3633 2809 3699; x_wconf 89' lang='lat' dir='ltr'><strong><em>imbiberam,</em></strong></span> <span class='ocrx_word' id='word_1_751' title='bbox 2836 3635 3215 3702; x_wconf 86' lang='lat' dir='ltr'><strong><em>perstitissem,</em></strong></span> <span class='ocrx_word' id='word_1_752' title='bbox 3246 3638 3496 3703; x_wconf 89' lang='lat' dir='ltr'><strong><em>putarem</em></strong></span> <span class='ocrx_word' id='word_1_753' title='bbox 3520 3637 3685 3689; x_wconf 90' lang='lat' dir='ltr'><strong><em>etiam</em></strong></span> 
     </span>
    </p>
   </div>
   <div class='ocr_carea' id='block_1_100' title="bbox 1980 3719 3685 3793">
    <p class='ocr_par' dir='ltr' id='par_1_100' title="bbox 1980 3719 3685 3793">
     <span class='ocr_line' id='line_1_100' title="bbox 1980 3719 3685 3793; baseline 0.002 -19"><span class='ocrx_word' id='word_1_754' title='bbox 1980 3736 2048 3775; x_wconf 80' lang='lat' dir='ltr'><strong><em>ea:</em></strong></span> <span class='ocrx_word' id='word_1_755' title='bbox 2076 3722 2189 3776; x_wconf 88' lang='lat' dir='ltr'><strong><em>illis</em></strong></span> <span class='ocrx_word' id='word_1_756' title='bbox 2225 3721 2381 3775; x_wconf 88' lang='lat' dir='ltr'><strong><em>libris</em></strong></span> <span class='ocrx_word' id='word_1_757' title='bbox 2424 3736 2542 3774; x_wconf 91' lang='lat' dir='ltr'><strong><em>eum</em></strong></span> <span class='ocrx_word' id='word_1_758' title='bbox 2576 3735 2730 3789; x_wconf 87' lang='lat' dir='ltr'><strong><em>posse</em></strong></span> <span class='ocrx_word' id='word_1_759' title='bbox 2760 3719 2990 3792; x_wconf 90' lang='lat' dir='ltr'><strong><em>concipi,</em></strong></span> <span class='ocrx_word' id='word_1_760' title='bbox 3021 3724 3071 3775; x_wconf 89' lang='lat' dir='ltr'><strong><em>si</em></strong></span> <span class='ocrx_word' id='word_1_761' title='bbox 3110 3738 3193 3777; x_wconf 84' lang='lat' dir='ltr'><strong><em>eos</em></strong></span> <span class='ocrx_word' id='word_1_762' title='bbox 3223 3722 3360 3777; x_wconf 93' lang='lat' dir='ltr'><strong><em>solos</em></strong></span> <span class='ocrx_word' id='word_1_763' title='bbox 3391 3723 3685 3793; x_wconf 84' lang='lat' dir='ltr'><strong><em>quisquam</em></strong></span> 
     </span>
    </p>
   </div>
   <div class='ocr_carea' id='block_1_101' title="bbox 1980 3809 3685 3882">
    <p class='ocr_par' dir='ltr' id='par_1_101' title="bbox 1980 3809 3685 3882">
     <span class='ocr_line' id='line_1_101' title="bbox 1980 3809 3685 3882; baseline 0 -17"><span class='ocrx_word' id='word_1_764' title='bbox 1980 3810 2259 3865; x_wconf 86' lang='lat' dir='ltr'><strong><em>didicisset</em></strong></span> <span class='ocrx_word' id='word_1_765' title='bbox 2294 3810 2495 3881; x_wconf 89' lang='lat' dir='ltr'><strong><em>(Conf..</em></strong></span> <span class='ocrx_word' id='word_1_766' title='bbox 2533 3809 2626 3864; x_wconf 86' lang='lat' dir='ltr'><strong><em>lib.</em></strong></span> <span class='ocrx_word' id='word_1_767' title='bbox 2655 3814 2710 3877; x_wconf 92' lang='lat'><strong><em>7,</em></strong></span> <span class='ocrx_word' id='word_1_768' title='bbox 2743 3825 2863 3878; x_wconf 87' lang='lat' dir='ltr'><strong><em>cap.</em></strong></span> <span class='ocrx_word' id='word_1_769' title='bbox 2895 3811 2983 3878; x_wconf 91' lang='lat'><strong><em>20,</em></strong></span> <span class='ocrx_word' id='word_1_770' title='bbox 3015 3826 3071 3866; x_wconf 92' lang='lat' dir='ltr'><strong><em>n.</em></strong></span> <span class='ocrx_word' id='word_1_771' title='bbox 3108 3810 3218 3882; x_wconf 86' lang='lat'><strong><em>26).</em></strong></span> <span class='ocrx_word' id='word_1_772' title='bbox 3261 3811 3458 3882; x_wconf 86' lang='lat' dir='ltr'><strong><em>Itaque</em></strong></span> <span class='ocrx_word' id='word_1_773' title='bbox 3500 3826 3685 3865; x_wconf 89' lang='lat' dir='ltr'><strong><em>sacros</em></strong></span> 
     </span>
    </p>
   </div>
   <div class='ocr_carea' id='block_1_102' title="bbox 1980 3897 3683 3971">
    <p class='ocr_par' dir='ltr' id='par_1_102' title="bbox 1980 3897 3683 3971">
     <span class='ocr_line' id='line_1_102' title="bbox 1980 3897 3683 3971; baseline 0 -17"><span class='ocrx_word' id='word_1_774' title='bbox 1980 3899 2202 3954; x_wconf 85' lang='lat' dir='ltr'><strong><em>codices</em></strong></span> <span class='ocrx_word' id='word_1_775' title='bbox 2249 3897 2572 3953; x_wconf 85' lang='lat' dir='ltr'><strong><em>avidissime</em></strong></span> <span class='ocrx_word' id='word_1_776' title='bbox 2611 3897 2887 3970; x_wconf 85' lang='lat' dir='ltr'><strong><em>arripere,</em></strong></span> <span class='ocrx_word' id='word_1_777' title='bbox 2930 3903 2986 3954; x_wconf 89' lang='lat' dir='ltr'><strong><em>et</em></strong></span> <span class='ocrx_word' id='word_1_778' title='bbox 3036 3898 3229 3954; x_wconf 87' lang='lat' dir='ltr'><strong><em>divina</em></strong></span> <span class='ocrx_word' id='word_1_779' title='bbox 3284 3898 3383 3954; x_wconf 89' lang='lat' dir='ltr'><strong><em>illa</em></strong></span> <span class='ocrx_word' id='word_1_780' title='bbox 3433 3898 3683 3971; x_wconf 88' lang='lat' dir='ltr'><strong><em>Spiritus</em></strong></span> 
     </span>
    </p>
   </div>
   <div class='ocr_carea' id='block_1_103' title="bbox 1981 3986 3685 4061">
    <p class='ocr_par' dir='ltr' id='par_1_103' title="bbox 1981 3986 3685 4061">
     <span class='ocr_line' id='line_1_103' title="bbox 1981 3986 3685 4061; baseline 0.001 -19"><span class='ocrx_word' id='word_1_781' title='bbox 1981 3987 2159 4042; x_wconf 89' lang='lat' dir='ltr'><strong><em>sancti</em></strong></span> <span class='ocrx_word' id='word_1_782' title='bbox 2188 3988 2416 4041; x_wconf 90' lang='lat' dir='ltr'><strong><em>oracula</em></strong></span> <span class='ocrx_word' id='word_1_783' title='bbox 2460 3986 2743 4041; x_wconf 88' lang='lat' dir='ltr'><strong><em>revereri:</em></strong></span> <span class='ocrx_word' id='word_1_784' title='bbox 2776 4004 2973 4042; x_wconf 88' lang='lat' dir='ltr'><strong><em>verum</em></strong></span> <span class='ocrx_word' id='word_1_785' title='bbox 3006 4003 3124 4042; x_wconf 91' lang='lat' dir='ltr'><strong><em>non</em></strong></span> <span class='ocrx_word' id='word_1_786' title='bbox 3159 3988 3269 4042; x_wconf 90' lang='lat' dir='ltr'><strong><em>alia</em></strong></span> <span class='ocrx_word' id='word_1_787' title='bbox 3299 3988 3482 4060; x_wconf 90' lang='lat' dir='ltr'><strong><em>magis</em></strong></span> <span class='ocrx_word' id='word_1_788' title='bbox 3511 4003 3685 4061; x_wconf 88' lang='lat' dir='ltr'><strong><em>quam</em></strong></span> 
     </span>
    </p>
   </div>
   <div class='ocr_carea' id='block_1_104' title="bbox 1982 4075 3686 4148">
    <p class='ocr_par' dir='ltr' id='par_1_104' title="bbox 1982 4075 3686 4148">
     <span class='ocr_line' id='line_1_104' title="bbox 1982 4075 3686 4148; baseline 0.001 -17"><span class='ocrx_word' id='word_1_789' title='bbox 1982 4076 2365 4146; x_wconf 86' lang='lat' dir='ltr'><strong><em>Epistolarum</em></strong></span> <span class='ocrx_word' id='word_1_790' title='bbox 2407 4075 2567 4130; x_wconf 86' lang='lat' dir='ltr'><strong><em>Pauli</em></strong></span> <span class='ocrx_word' id='word_1_791' title='bbox 2603 4076 2847 4148; x_wconf 88' lang='lat' dir='ltr'><strong><em>apostoli</em></strong></span> <span class='ocrx_word' id='word_1_792' title='bbox 2890 4076 3136 4131; x_wconf 87' lang='lat' dir='ltr'><strong><em>lectione</em></strong></span> <span class='ocrx_word' id='word_1_793' title='bbox 3182 4076 3575 4132; x_wconf 83' lang='lat' dir='ltr'><strong><em>afﬁciebatur:</em></strong></span> <span class='ocrx_word' id='word_1_794' title='bbox 3628 4081 3686 4132; x_wconf 87' lang='lat' dir='ltr'><strong><em>et</em></strong></span> 
     </span>
    </p>
   </div>
   <div class='ocr_carea' id='block_1_105' title="bbox 1980 4162 3684 4236">
    <p class='ocr_par' dir='ltr' id='par_1_105' title="bbox 1980 4162 3684 4236">
     <span class='ocr_line' id='line_1_105' title="bbox 1980 4162 3684 4236; baseline 0.001 -18"><span class='ocrx_word' id='word_1_795' title='bbox 1980 4162 2171 4219; x_wconf 84' lang='lat' dir='ltr'><strong><em>statim</em></strong></span> <span class='ocrx_word' id='word_1_796' title='bbox 2217 4169 2574 4220; x_wconf 88' lang='lat' dir='ltr'><strong><em>evanuerunt</em></strong></span> <span class='ocrx_word' id='word_1_797' title='bbox 2611 4182 2693 4219; x_wconf 80' lang='lat' dir='ltr'><strong><em>eae</em></strong></span> <span class='ocrx_word' id='word_1_798' title='bbox 2750 4164 3135 4233; x_wconf 84' lang='lat' dir='ltr'><strong><em>difﬁcultates,</em></strong></span> <span class='ocrx_word' id='word_1_799' title='bbox 3185 4165 3394 4236; x_wconf 90' lang='lat' dir='ltr'><strong><em>quibus</em></strong></span> <span class='ocrx_word' id='word_1_800' title='bbox 3434 4164 3494 4219; x_wconf 89' lang='lat' dir='ltr'><strong><em>in</em></strong></span> <span class='ocrx_word' id='word_1_801' title='bbox 3538 4165 3684 4219; x_wconf 87' lang='lat' dir='ltr'><strong><em>hanc</em></strong></span> 
     </span>
    </p>
   </div>
   <div class='ocr_carea' id='block_1_106' title="bbox 1979 4251 3683 4324">
    <p class='ocr_par' dir='ltr' id='par_1_106' title="bbox 1979 4251 3683 4324">
     <span class='ocr_line' id='line_1_106' title="bbox 1979 4251 3683 4324; baseline 0.001 -18"><span class='ocrx_word' id='word_1_802' title='bbox 1979 4251 2311 4324; x_wconf 87' lang='lat' dir='ltr'><strong><em>opinionem</em></strong></span> <span class='ocrx_word' id='word_1_803' title='bbox 2342 4258 2473 4308; x_wconf 87' lang='lat' dir='ltr'><strong><em>ante</em></strong></span> <span class='ocrx_word' id='word_1_804' title='bbox 2521 4254 2709 4307; x_wconf 81' lang='lat' dir='ltr'><strong><em>fuerat</em></strong></span> <span class='ocrx_word' id='word_1_805' title='bbox 2759 4253 3058 4322; x_wconf 89' lang='lat' dir='ltr'><strong><em>adductus,</em></strong></span> <span class='ocrx_word' id='word_1_806' title='bbox 3091 4257 3155 4308; x_wconf 91' lang='lat' dir='ltr'><strong><em>ut</em></strong></span> <span class='ocrx_word' id='word_1_807' title='bbox 3183 4269 3310 4307; x_wconf 91' lang='lat' dir='ltr'><strong><em>cum</em></strong></span> <span class='ocrx_word' id='word_1_808' title='bbox 3342 4251 3683 4324; x_wconf 86' lang='lat' dir='ltr'><strong><em>quibusdam</em></strong></span> 
     </span>
    </p>
   </div>
   <div class='ocr_carea' id='block_1_107' title="bbox 1979 4339 3681 4414">
    <p class='ocr_par' dir='ltr' id='par_1_107' title="bbox 1979 4339 3681 4414">
     <span class='ocr_line' id='line_1_107' title="bbox 1979 4339 3681 4414; baseline -0.001 -18"><span class='ocrx_word' id='word_1_809' title='bbox 1979 4341 2041 4396; x_wconf 87' lang='lat' dir='ltr'><strong><em>in</em></strong></span> <span class='ocrx_word' id='word_1_810' title='bbox 2070 4340 2205 4396; x_wconf 90' lang='lat' dir='ltr'><strong><em>locis</em></strong></span> <span class='ocrx_word' id='word_1_811' title='bbox 2235 4341 2552 4412; x_wconf 88' lang='lat' dir='ltr'><strong><em>pugnantia</em></strong></span> <span class='ocrx_word' id='word_1_812' title='bbox 2582 4342 2760 4414; x_wconf 88' lang='lat' dir='ltr'><strong><em>loqui,</em></strong></span> <span class='ocrx_word' id='word_1_813' title='bbox 2793 4346 2850 4398; x_wconf 90' lang='lat' dir='ltr'><strong><em>et</em></strong></span> <span class='ocrx_word' id='word_1_814' title='bbox 2878 4342 3031 4397; x_wconf 88' lang='lat' dir='ltr'><strong><em>illius</em></strong></span> <span class='ocrx_word' id='word_1_815' title='bbox 3060 4342 3231 4397; x_wconf 89' lang='lat' dir='ltr'><strong><em>verba</em></strong></span> <span class='ocrx_word' id='word_1_816' title='bbox 3262 4339 3425 4411; x_wconf 85' lang='lat' dir='ltr'><strong><em>Legis</em></strong></span> <span class='ocrx_word' id='word_1_817' title='bbox 3458 4356 3520 4394; x_wconf 88' lang='lat' dir='ltr'><strong><em>ac</em></strong></span> <span class='ocrx_word' id='word_1_818' title='bbox 3548 4341 3681 4395; x_wconf 85' lang='lat' dir='ltr'><strong><em>Pro-</em></strong></span> 
     </span>
    </p>
   </div>
   <div class='ocr_carea' id='block_1_108' title="bbox 1978 4427 3684 4503">
    <p class='ocr_par' dir='ltr' id='par_1_108' title="bbox 1978 4427 3684 4503">
     <span class='ocr_line' id='line_1_108' title="bbox 1978 4427 3684 4503; baseline 0 -19"><span class='ocrx_word' id='word_1_819' title='bbox 1978 4430 2281 4502; x_wconf 86' lang='lat' dir='ltr'><strong><em>phetarum</em></strong></span> <span class='ocrx_word' id='word_1_820' title='bbox 2307 4430 2647 4484; x_wconf 88' lang='lat' dir='ltr'><strong><em>testimoniis</em></strong></span> <span class='ocrx_word' id='word_1_821' title='bbox 2676 4447 2793 4486; x_wconf 89' lang='lat' dir='ltr'><strong><em>non</em></strong></span> <span class='ocrx_word' id='word_1_822' title='bbox 2809 4445 3125 4503; x_wconf 89' lang='lat' dir='ltr'><strong><em>congruere</em></strong></span> <span class='ocrx_word' id='word_1_823' title='bbox 3149 4433 3405 4501; x_wconf 88' lang='lat' dir='ltr'><strong><em>putaret.</em></strong></span> <span class='ocrx_word' id='word_1_824' title='bbox 3436 4427 3684 4499; x_wconf 86' lang='lat' dir='ltr'><strong><em>Agnovit</em></strong></span> 
     </span>
    </p>
   </div>
   <div class='ocr_carea' id='block_1_109' title="bbox 1981 4515 3683 4591">
    <p class='ocr_par' dir='ltr' id='par_1_109' title="bbox 1981 4515 3683 4591">
     <span class='ocr_line' id='line_1_109' title="bbox 1981 4515 3683 4591; baseline -0.001 -18"><span class='ocrx_word' id='word_1_825' title='bbox 1981 4518 2133 4573; x_wconf 80' lang='lat' dir='ltr'><strong><em>casta</em></strong></span> <span class='ocrx_word' id='word_1_826' title='bbox 2162 4518 2257 4573; x_wconf 87' lang='lat' dir='ltr'><strong><em>illa</em></strong></span> <span class='ocrx_word' id='word_1_827' title='bbox 2288 4518 2641 4591; x_wconf 87' lang='lat' dir='ltr'><strong><em>minimeque</em></strong></span> <span class='ocrx_word' id='word_1_828' title='bbox 2672 4519 2859 4574; x_wconf 86' lang='lat' dir='ltr'><strong><em>fucata</em></strong></span> <span class='ocrx_word' id='word_1_829' title='bbox 2888 4518 3120 4589; x_wconf 88' lang='lat' dir='ltr'><strong><em>eloquia</em></strong></span> <span class='ocrx_word' id='word_1_830' title='bbox 3152 4533 3267 4572; x_wconf 90' lang='lat' dir='ltr'><strong><em>uno</em></strong></span> <span class='ocrx_word' id='word_1_831' title='bbox 3309 4516 3528 4588; x_wconf 77' lang='lat' dir='ltr'><strong><em>Spiritu</em></strong></span> <span class='ocrx_word' id='word_1_832' title='bbox 3557 4515 3683 4571; x_wconf 91' lang='lat' dir='ltr'><strong><em>ani-</em></strong></span> 
     </span>
    </p>
   </div>
   <div class='ocr_carea' id='block_1_110' title="bbox 1981 4603 3680 4678">
    <p class='ocr_par' dir='ltr' id='par_1_110' title="bbox 1981 4603 3680 4678">
     <span class='ocr_line' id='line_1_110' title="bbox 1981 4603 3680 4678; baseline -0.001 -16"><span class='ocrx_word' id='word_1_833' title='bbox 1981 4607 2144 4672; x_wconf 89' lang='lat' dir='ltr'><strong><em>mari,</em></strong></span> <span class='ocrx_word' id='word_1_834' title='bbox 2181 4607 2381 4662; x_wconf 89' lang='lat' dir='ltr'><strong><em>eadem</em></strong></span> <span class='ocrx_word' id='word_1_835' title='bbox 2411 4622 2619 4661; x_wconf 88' lang='lat' dir='ltr'><strong><em>arcana</em></strong></span> <span class='ocrx_word' id='word_1_836' title='bbox 2646 4606 2984 4678; x_wconf 89' lang='lat' dir='ltr'><strong><em>complecti;</em></strong></span> <span class='ocrx_word' id='word_1_837' title='bbox 3028 4610 3083 4660; x_wconf 86' lang='lat' dir='ltr'><strong><em>et</em></strong></span> <span class='ocrx_word' id='word_1_838' title='bbox 3113 4605 3175 4659; x_wconf 89' lang='lat' dir='ltr'><strong><em>in</em></strong></span> <span class='ocrx_word' id='word_1_839' title='bbox 3202 4605 3271 4660; x_wconf 87' lang='lat' dir='ltr'><strong><em>iis</em></strong></span> <span class='ocrx_word' id='word_1_840' title='bbox 3300 4603 3680 4676; x_wconf 82' lang='lat' dir='ltr'><strong><em>suspiciendis</em></strong></span> 
     </span>
    </p>
   </div>
   <div class='ocr_carea' id='block_1_111' title="bbox 1979 4693 3676 4764">
    <p class='ocr_par' dir='ltr' id='par_1_111' title="bbox 1979 4693 3676 4764">
     <span class='ocr_line' id='line_1_111' title="bbox 1979 4693 3676 4764; baseline -0.002 -14"><span class='ocrx_word' id='word_1_841' title='bbox 1979 4697 2262 4750; x_wconf 83' lang='lat' dir='ltr'><strong><em>exsultare</em></strong></span> <span class='ocrx_word' id='word_1_842' title='bbox 2289 4713 2419 4750; x_wconf 90' lang='lat' dir='ltr'><strong><em>cum</em></strong></span> <span class='ocrx_word' id='word_1_843' title='bbox 2454 4701 2705 4751; x_wconf 87' lang='lat' dir='ltr'><strong><em>tremore</em></strong></span> <span class='ocrx_word' id='word_1_844' title='bbox 2744 4694 2962 4750; x_wconf 87' lang='lat' dir='ltr'><strong><em>didicit.</em></strong></span> <span class='ocrx_word' id='word_1_845' title='bbox 3016 4693 3209 4748; x_wconf 89' lang='lat' dir='ltr'><strong><em>Primo</em></strong></span> <span class='ocrx_word' id='word_1_846' title='bbox 3241 4693 3416 4748; x_wconf 88' lang='lat' dir='ltr'><strong><em>etiam</em></strong></span> <span class='ocrx_word' id='word_1_847' title='bbox 3448 4696 3676 4764; x_wconf 89' lang='lat' dir='ltr'><strong><em>aspectu</em></strong></span> 
     </span>
    </p>
   </div>
   <div class='ocr_carea' id='block_1_112' title="bbox 1978 4781 3675 4855">
    <p class='ocr_par' dir='ltr' id='par_1_112' title="bbox 1978 4781 3675 4855">
     <span class='ocr_line' id='line_1_112' title="bbox 1978 4781 3675 4855; baseline -0.001 -17"><span class='ocrx_word' id='word_1_848' title='bbox 1978 4783 2263 4855; x_wconf 75' lang='lat' dir='ltr'><strong><em>Cognovit,</em></strong></span> <span class='ocrx_word' id='word_1_849' title='bbox 2285 4784 2565 4855; x_wconf 83' lang='lat' dir='ltr'><strong><em>quidquid</em></strong></span> <span class='ocrx_word' id='word_1_850' title='bbox 2587 4784 2648 4837; x_wconf 92' lang='lat' dir='ltr'><strong><em>in</em></strong></span> <span class='ocrx_word' id='word_1_851' title='bbox 2673 4781 2927 4854; x_wconf 84' lang='lat' dir='ltr'><strong><em>profanis</em></strong></span> <span class='ocrx_word' id='word_1_852' title='bbox 2949 4781 3112 4836; x_wconf 91' lang='lat' dir='ltr'><strong><em>libris</em></strong></span> <span class='ocrx_word' id='word_1_853' title='bbox 3134 4798 3332 4837; x_wconf 89' lang='lat' dir='ltr'><strong><em>verum</em></strong></span> <span class='ocrx_word' id='word_1_854' title='bbox 3355 4782 3591 4854; x_wconf 88' lang='lat' dir='ltr'><strong><em>legerat,</em></strong></span> <span class='ocrx_word' id='word_1_855' title='bbox 3614 4781 3675 4837; x_wconf 89' lang='lat' dir='ltr'><strong><em>in</em></strong></span> 
     </span>
    </p>
   </div>
   <div class='ocr_carea' id='block_1_113' title="bbox 1977 4869 3681 4942">
    <p class='ocr_par' dir='ltr' id='par_1_113' title="bbox 1977 4869 3681 4942">
     <span class='ocr_line' id='line_1_113' title="bbox 1977 4869 3681 4942; baseline -0.001 -16"><span class='ocrx_word' id='word_1_856' title='bbox 1977 4872 2066 4927; x_wconf 89' lang='lat' dir='ltr'><strong><em>his</em></strong></span> <span class='ocrx_word' id='word_1_857' title='bbox 2094 4871 2341 4926; x_wconf 87' lang='lat' dir='ltr'><strong><em>inveniri</em></strong></span> <span class='ocrx_word' id='word_1_858' title='bbox 2370 4888 2384 4941; x_wconf 87' lang='lat'><strong><em>;</em></strong></span> <span class='ocrx_word' id='word_1_859' title='bbox 2413 4872 2508 4925; x_wconf 90' lang='lat' dir='ltr'><strong><em>sed</em></strong></span> <span class='ocrx_word' id='word_1_860' title='bbox 2539 4871 2643 4925; x_wconf 89' lang='lat' dir='ltr'><strong><em>hos</em></strong></span> <span class='ocrx_word' id='word_1_861' title='bbox 2686 4871 2768 4925; x_wconf 89' lang='lat' dir='ltr'><strong><em>ita</em></strong></span> <span class='ocrx_word' id='word_1_862' title='bbox 2795 4886 2993 4925; x_wconf 88' lang='lat' dir='ltr'><strong><em>verum</em></strong></span> <span class='ocrx_word' id='word_1_863' title='bbox 3023 4869 3267 4939; x_wconf 88' lang='lat' dir='ltr'><strong><em>tradere,</em></strong></span> <span class='ocrx_word' id='word_1_864' title='bbox 3299 4876 3366 4927; x_wconf 92' lang='lat' dir='ltr'><strong><em>ut</em></strong></span> <span class='ocrx_word' id='word_1_865' title='bbox 3393 4875 3450 4926; x_wconf 88' lang='lat' dir='ltr'><strong><em>et</em></strong></span> <span class='ocrx_word' id='word_1_866' title='bbox 3479 4870 3681 4942; x_wconf 71' lang='lat' dir='ltr'><strong><em>gratias</em></strong></span> 
     </span>
    </p>
   </div>
   <div class='ocr_carea' id='block_1_114' title="bbox 1976 4957 3669 5031">
    <p class='ocr_par' dir='ltr' id='par_1_114' title="bbox 1976 4957 3669 5031">
     <span class='ocr_line' id='line_1_114' title="bbox 1976 4957 3669 5031; baseline -0.001 -18"><span class='ocrx_word' id='word_1_867' title='bbox 1976 4960 2093 5014; x_wconf 88' lang='lat' dir='ltr'><strong><em>vim</em></strong></span> <span class='ocrx_word' id='word_1_868' title='bbox 2138 4960 2563 5027; x_wconf 87' lang='lat' dir='ltr'><strong><em>commendent,</em></strong></span> <span class='ocrx_word' id='word_1_869' title='bbox 2596 4963 2654 5014; x_wconf 89' lang='lat' dir='ltr'><strong><em>et</em></strong></span> <span class='ocrx_word' id='word_1_870' title='bbox 2692 4957 2862 5012; x_wconf 88' lang='lat' dir='ltr'><strong><em>variis</em></strong></span> <span class='ocrx_word' id='word_1_871' title='bbox 2901 4975 3006 5014; x_wconf 92' lang='lat' dir='ltr'><strong><em>nos</em></strong></span> <span class='ocrx_word' id='word_1_872' title='bbox 3035 4958 3321 5031; x_wconf 82' lang='lat' dir='ltr'><strong><em>mysteriis</em></strong></span> <span class='ocrx_word' id='word_1_873' title='bbox 3360 4959 3622 5015; x_wconf 90' lang='lat' dir='ltr'><strong><em>imbuant</em></strong></span> <span class='ocrx_word' id='word_1_874' title='bbox 3655 4972 3669 5012; x_wconf 92' lang='lat'><strong><em>:</em></strong></span> 
     </span>
    </p>
   </div>
   <div class='ocr_carea' id='block_1_115' title="bbox 1978 5044 3680 5120">
    <p class='ocr_par' dir='ltr' id='par_1_115' title="bbox 1978 5044 3680 5120">
     <span class='ocr_line' id='line_1_115' title="bbox 1978 5044 3680 5120; baseline -0.002 -17"><span class='ocrx_word' id='word_1_875' title='bbox 1978 5047 2133 5120; x_wconf 89' lang='lat' dir='ltr'><strong><em>quod</em></strong></span> <span class='ocrx_word' id='word_1_876' title='bbox 2162 5047 2275 5102; x_wconf 85' lang='lat' dir='ltr'><strong><em>illae</em></strong></span> <span class='ocrx_word' id='word_1_877' title='bbox 2304 5046 2531 5118; x_wconf 68' lang='lat' dir='ltr'><strong><em>paginae</em></strong></span> <span class='ocrx_word' id='word_1_878' title='bbox 2558 5061 2675 5100; x_wconf 88' lang='lat' dir='ltr'><strong><em>non</em></strong></span> <span class='ocrx_word' id='word_1_879' title='bbox 2700 5045 2933 5115; x_wconf 87' lang='lat' dir='ltr'><strong><em>habent,</em></strong></span> <span class='ocrx_word' id='word_1_880' title='bbox 2962 5050 3027 5101; x_wconf 91' lang='lat' dir='ltr'><strong><em>ut</em></strong></span> <span class='ocrx_word' id='word_1_881' title='bbox 3051 5062 3155 5101; x_wconf 89' lang='lat' dir='ltr'><strong><em>nec</em></strong></span> <span class='ocrx_word' id='word_1_882' title='bbox 3181 5046 3289 5118; x_wconf 72' lang='lat' dir='ltr'><strong><em>piae</em></strong></span> <span class='ocrx_word' id='word_1_883' title='bbox 3310 5046 3463 5101; x_wconf 90' lang='lat' dir='ltr'><strong><em>illius</em></strong></span> <span class='ocrx_word' id='word_1_884' title='bbox 3492 5044 3680 5101; x_wconf 88' lang='lat' dir='ltr'><strong><em>humi-</em></strong></span> 
     </span>
    </p>
   </div>
   <div class='ocr_carea' id='block_1_116' title="bbox 1978 5132 3679 5207">
    <p class='ocr_par' dir='ltr' id='par_1_116' title="bbox 1978 5132 3679 5207">
     <span class='ocr_line' id='line_1_116' title="bbox 1978 5132 3679 5207; baseline -0.004 -17"><span class='ocrx_word' id='word_1_885' title='bbox 1978 5134 2176 5203; x_wconf 87' lang='lat' dir='ltr'><strong><em>litatis,</em></strong></span> <span class='ocrx_word' id='word_1_886' title='bbox 2205 5151 2333 5207; x_wconf 66' lang='lat' dir='ltr'><strong><em>quae</em></strong></span> <span class='ocrx_word' id='word_1_887' title='bbox 2362 5134 2419 5189; x_wconf 91' lang='lat' dir='ltr'><strong><em>in</em></strong></span> <span class='ocrx_word' id='word_1_888' title='bbox 2450 5135 2568 5189; x_wconf 89' lang='lat' dir='ltr'><strong><em>sola</em></strong></span> <span class='ocrx_word' id='word_1_889' title='bbox 2598 5133 2908 5188; x_wconf 88' lang='lat' dir='ltr'><strong><em>christiana</em></strong></span> <span class='ocrx_word' id='word_1_890' title='bbox 2937 5133 3215 5205; x_wconf 88' lang='lat' dir='ltr'><strong><em>religione</em></strong></span> <span class='ocrx_word' id='word_1_891' title='bbox 3244 5132 3544 5205; x_wconf 89' lang='lat' dir='ltr'><strong><em>reperitur,</em></strong></span> <span class='ocrx_word' id='word_1_892' title='bbox 3576 5147 3679 5185; x_wconf 90' lang='lat' dir='ltr'><strong><em>no-</em></strong></span> 
     </span>
    </p>
   </div>
   <div class='ocr_carea' id='block_1_117' title="bbox 1977 5217 3682 5295">
    <p class='ocr_par' dir='ltr' id='par_1_117' title="bbox 1977 5217 3682 5295">
     <span class='ocr_line' id='line_1_117' title="bbox 1977 5217 3682 5295; baseline -0.004 -16"><span class='ocrx_word' id='word_1_893' title='bbox 1977 5223 2165 5280; x_wconf 89' lang='lat' dir='ltr'><strong><em>titiam</em></strong></span> <span class='ocrx_word' id='word_1_894' title='bbox 2195 5223 2559 5295; x_wconf 89' lang='lat' dir='ltr'><strong><em>ingenerant.</em></strong></span> <span class='ocrx_word' id='word_1_895' title='bbox 2619 5222 2919 5277; x_wconf 88' lang='lat' dir='ltr'><strong><em>Enimvero</em></strong></span> <span class='ocrx_word' id='word_1_896' title='bbox 2950 5222 3103 5279; x_wconf 89' lang='lat' dir='ltr'><strong><em>aliud</em></strong></span> <span class='ocrx_word' id='word_1_897' title='bbox 3142 5226 3227 5277; x_wconf 88' lang='lat' dir='ltr'><strong><em>est</em></strong></span> <span class='ocrx_word' id='word_1_898' title='bbox 3266 5238 3296 5276; x_wconf 91' lang='lat' dir='ltr'><strong><em>e</em></strong></span> <span class='ocrx_word' id='word_1_899' title='bbox 3336 5234 3560 5276; x_wconf 90' lang='lat' dir='ltr'><strong><em>summo</em></strong></span> <span class='ocrx_word' id='word_1_900' title='bbox 3590 5217 3682 5273; x_wconf 85' lang='lat' dir='ltr'><strong><em>sil-</em></strong></span> 
     </span>
    </p>
   </div>
   <div class='ocr_carea' id='block_1_118' title="bbox 1980 5305 3678 5383">
    <p class='ocr_par' dir='ltr' id='par_1_118' title="bbox 1980 5305 3678 5383">
     <span class='ocr_line' id='line_1_118' title="bbox 1980 5305 3678 5383; baseline -0.004 -16"><span class='ocrx_word' id='word_1_901' title='bbox 1980 5312 2151 5369; x_wconf 87' lang='lat' dir='ltr'><strong><em>vestri</em></strong></span> <span class='ocrx_word' id='word_1_902' title='bbox 2180 5316 2239 5367; x_wconf 92' lang='lat' dir='ltr'><strong><em>et</em></strong></span> <span class='ocrx_word' id='word_1_903' title='bbox 2265 5310 2464 5366; x_wconf 89' lang='lat' dir='ltr'><strong><em>inculti</em></strong></span> <span class='ocrx_word' id='word_1_904' title='bbox 2496 5312 2710 5366; x_wconf 88' lang='lat' dir='ltr'><strong><em>montis</em></strong></span> <span class='ocrx_word' id='word_1_905' title='bbox 2740 5312 3037 5367; x_wconf 86' lang='lat' dir='ltr'><strong><em>cacumine</em></strong></span> <span class='ocrx_word' id='word_1_906' title='bbox 3062 5311 3309 5383; x_wconf 88' lang='lat' dir='ltr'><strong><em>patriam</em></strong></span> <span class='ocrx_word' id='word_1_907' title='bbox 3345 5307 3499 5380; x_wconf 89' lang='lat' dir='ltr'><strong><em>pacis</em></strong></span> <span class='ocrx_word' id='word_1_908' title='bbox 3528 5305 3678 5379; x_wconf 89' lang='lat' dir='ltr'><strong><em>aspi-</em></strong></span> 
     </span>
    </p>
   </div>
   <div class='ocr_carea' id='block_1_119' title="bbox 1980 5395 3684 5472">
    <p class='ocr_par' dir='ltr' id='par_1_119' title="bbox 1980 5395 3684 5472">
     <span class='ocr_line' id='line_1_119' title="bbox 1980 5395 3684 5472; baseline -0.004 -15"><span class='ocrx_word' id='word_1_909' title='bbox 1980 5417 2130 5470; x_wconf 87' lang='lat' dir='ltr'><strong><em>cere,</em></strong></span> <span class='ocrx_word' id='word_1_910' title='bbox 2165 5401 2272 5456; x_wconf 88' lang='lat' dir='ltr'><strong><em>iter</em></strong></span> <span class='ocrx_word' id='word_1_911' title='bbox 2299 5400 2369 5455; x_wconf 88' lang='lat' dir='ltr'><strong><em>ad</em></strong></span> <span class='ocrx_word' id='word_1_912' title='bbox 2413 5417 2541 5456; x_wconf 88' lang='lat' dir='ltr'><strong><em>eam</em></strong></span> <span class='ocrx_word' id='word_1_913' title='bbox 2572 5416 2692 5455; x_wconf 91' lang='lat' dir='ltr'><strong><em>non</em></strong></span> <span class='ocrx_word' id='word_1_914' title='bbox 2717 5400 2991 5472; x_wconf 88' lang='lat' dir='ltr'><strong><em>reperire,</em></strong></span> <span class='ocrx_word' id='word_1_915' title='bbox 3027 5417 3090 5454; x_wconf 90' lang='lat' dir='ltr'><strong><em>ac</em></strong></span> <span class='ocrx_word' id='word_1_916' title='bbox 3118 5400 3325 5453; x_wconf 87' lang='lat' dir='ltr'><strong><em>frustra</em></strong></span> <span class='ocrx_word' id='word_1_917' title='bbox 3356 5395 3552 5451; x_wconf 86' lang='lat' dir='ltr'><strong><em>conari</em></strong></span> <span class='ocrx_word' id='word_1_918' title='bbox 3580 5411 3684 5469; x_wconf 90' lang='lat' dir='ltr'><strong><em>per</em></strong></span> 
     </span>
    </p>
   </div>
   <div class='ocr_carea' id='block_1_120' title="bbox 1981 5484 3684 5559">
    <p class='ocr_par' dir='ltr' id='par_1_120' title="bbox 1981 5484 3684 5559">
     <span class='ocr_line' id='line_1_120' title="bbox 1981 5484 3684 5559; baseline -0.003 -14"><span class='ocrx_word' id='word_1_919' title='bbox 1981 5490 2160 5559; x_wconf 88' lang='lat' dir='ltr'><strong><em>invia,</em></strong></span> <span class='ocrx_word' id='word_1_920' title='bbox 2211 5489 2841 5545; x_wconf 87' lang='lat' dir='ltr'><strong><em>circumobsistentibus</em></strong></span> <span class='ocrx_word' id='word_1_921' title='bbox 2886 5485 3270 5544; x_wconf 88' lang='lat' dir='ltr'><strong><em>desertoribus</em></strong></span> <span class='ocrx_word' id='word_1_922' title='bbox 3322 5484 3586 5557; x_wconf 88' lang='lat' dir='ltr'><strong><em>angelis:</em></strong></span> <span class='ocrx_word' id='word_1_923' title='bbox 3627 5490 3684 5540; x_wconf 90' lang='lat' dir='ltr'><strong><em>et</em></strong></span> 
     </span>
    </p>
   </div>
   <div class='ocr_carea' id='block_1_121' title="bbox 1984 5572 3681 5652">
    <p class='ocr_par' dir='ltr' id='par_1_121' title="bbox 1984 5572 3681 5652">
     <span class='ocr_line' id='line_1_121' title="bbox 1984 5572 3681 5652; baseline -0.004 -17"><span class='ocrx_word' id='word_1_924' title='bbox 1984 5578 2141 5635; x_wconf 87' lang='lat' dir='ltr'><strong><em>aliud</em></strong></span> <span class='ocrx_word' id='word_1_925' title='bbox 2168 5595 2316 5643; x_wconf 88' lang='lat' dir='ltr'><strong><em>eam,</em></strong></span> <span class='ocrx_word' id='word_1_926' title='bbox 2358 5595 2487 5652; x_wconf 68' lang='lat' dir='ltr'><strong><em>quas</em></strong></span> <span class='ocrx_word' id='word_1_927' title='bbox 2512 5579 2585 5634; x_wconf 90' lang='lat' dir='ltr'><strong><em>ad</em></strong></span> <span class='ocrx_word' id='word_1_928' title='bbox 2613 5579 2837 5633; x_wconf 89' lang='lat' dir='ltr'><strong><em>beatam</em></strong></span> <span class='ocrx_word' id='word_1_929' title='bbox 2868 5577 3022 5630; x_wconf 88' lang='lat' dir='ltr'><strong><em>illam</em></strong></span> <span class='ocrx_word' id='word_1_930' title='bbox 3048 5573 3297 5647; x_wconf 88' lang='lat' dir='ltr'><strong><em>patriam</em></strong></span> <span class='ocrx_word' id='word_1_931' title='bbox 3322 5573 3501 5643; x_wconf 89' lang='lat' dir='ltr'><strong><em>ducit,</em></strong></span> <span class='ocrx_word' id='word_1_932' title='bbox 3531 5572 3681 5629; x_wconf 85' lang='lat' dir='ltr'><strong><em>viam</em></strong></span> 
     </span>
    </p>
   </div>
  </div>
