4048 6194
356 354 450 407 111

352 472 639 529 bonorum
668 471 1017 544 Angelorum
1045 466 1315 541 praesidio
1356 466 1638 522 munitam
1666 469 1880 521 tenere.
1915 464 2044 518 Haec

353 561 516 616 miris
540 565 597 616 et
615 559 836 615 arcanis
861 558 1042 614 modis
1062 558 1122 611 in
1141 556 1297 612 illius
1332 555 1609 619 animum,
1640 569 1772 608 cum
1804 556 2043 623 Aposto-

354 651 473 704 lum
520 651 751 721 legeret,
802 648 912 703 alte
960 646 1406 711 descendebant;
1466 648 1522 698 et
1561 640 1897 697 admiranda
1944 638 2045 694 Dei

356 754 529 811 opera
544 737 908 793 considerans
928 741 1158 807 stupore
1178 733 1588 806 percellehatur
1609 730 1789 802 (Ibid,
1809 745 1927 799 cap.
1951 731 2042 789 21,

355 846 410 884 n.
439 826 549 900 27).
594 830 734 884 Cum
763 826 900 882 alibi
931 824 1348 881 Romanianum
1380 819 1724 892 alloquitur:
1761 818 2042 884 Titubans,

355 918 454 985 ait,
497 932 819 988 properans,
870 916 1147 983 haesitans,
1200 912 1411 981 arripio
1462 909 1765 979 apostolum
1793 907 2042 962 Paulum.

354 1008 563 1073 Perlegi
604 1009 770 1059 totum
812 1003 1167 1057 intentissime
1194 1005 1356 1069 atque
1390 999 1715 1053 cautissime.
1752 998 1896 1051 Tunc
1925 1010 2046 1049 vero

354 1094 840 1165 quantulocumque
859 1092 983 1161 jam
1013 1091 1213 1145 lumine
1235 1103 1474 1159 asperso,
1508 1093 1663 1144 tanta
1691 1102 1745 1142 se
1771 1087 1907 1140 mihi
1929 1086 2049 1155 phi-

355 1183 606 1252 losophia:
636 1182 807 1248 facies
842 1181 1078 1249 aperuit,
1108 1183 1192 1248 ut,
1222 1193 1325 1233 non
1348 1177 1526 1231 dicam
1552 1176 1671 1242 tibi,
1705 1176 1801 1244 qui
1823 1174 1939 1243 ejus
1968 1175 2049 1226 in-

352 1272 576 1340 cognita:
602 1272 748 1338 fame
776 1284 984 1338 semper
1012 1269 1221 1334 arsisti,
1256 1265 1350 1321 sed
1378 1269 1428 1320 si
1456 1267 1568 1334 ipsi
1613 1263 1926 1319 adversario
1954 1266 2044 1317 tuo

351 1376 388 1415 a
413 1375 516 1429 quo
555 1360 729 1413 nescio
776 1362 962 1413 utrum
1000 1358 1129 1427 plus
1174 1358 1475 1411 exercearis
1514 1370 1679 1425 quam
1729 1352 2048 1422 impediaris

351 1464 469 1503 eam
498 1446 864 1502 demonstrare
888 1447 1216 1515 potuissem;
1243 1460 1326 1500 nae
1352 1446 1443 1499 ille
1470 1448 1521 1498 et
1547 1445 1732 1509 Baias,
1763 1447 1813 1497 et
1841 1456 2049 1495 amwna

346 1537 628 1606 pomceria,
660 1540 711 1591 et
748 1535 979 1590 delicata
1024 1534 1310 1602 nitidaque
1349 1535 1613 1599 convivia,
1647 1536 1698 1587 et
1738 1531 2048 1586 domesticos

352 1627 663 1695 histriones,
690 1628 958 1695 postremo
996 1622 1269 1693 quidquid
1296 1638 1413 1677 eum
1452 1623 1652 1677 acriter
1679 1623 1963 1675 commovet
1989 1621 2049 1673 in

352 1729 717 1789 quascumque
764 1712 1011 1779 delicias,
1056 1712 1319 1781 abjiciens
1348 1714 1398 1765 et
1426 1712 1756 1778 relinque-ns,
1783 1708 1857 1762 ad
1884 1708 2048 1777 hujus

344 1802 813 1873 pulchritudinem
850 1800 1081 1855 blandus
1119 1803 1331 1854 amator
1355 1802 1405 1853 et
1432 1803 1649 1853 sanctus
1678 1799 1906 1860 mirans,
1941 1812 2049 1851 an-

351 1893 557 1958 helans,
585 1895 840 1954 aestuans,
871 1889 1150 1943 advolaret
1180 1887 1355 1959 (Cont..
1384 1887 1597 1955 Aead.,
1644 1886 1744 1942 lib.
1783 1888 1837 1953 2,
1868 1902 1962 1941 nn.
1993 1890 2046 1952 5,

351 1982 427 2051 6).
458 1981 588 2034 Haec
616 1976 859 2048 insignis
888 1993 1117 2032 morum
1147 1975 1407 2044 mutatio,
1436 1990 1611 2047 quam
1635 1990 1924 2029 sacrorum
1955 1989 2047 2027 co-

349 2067 543 2123 dicum
570 2066 737 2120 lectio
767 2066 828 2119 in
858 2063 1162 2136 Augustini
1190 2063 1380 2119 animo
1409 2066 1649 2135 peperit,
1680 2078 1795 2117 non
1828 2062 2050 2117 videtur

350 2155 658 2227 contigisse
704 2159 835 2210 ante
873 2152 1200 2225 paschalem
1240 2152 1607 2207 festivitatem
1642 2150 1778 2206 anni
1816 2166 2049 2205 conver-

351 2245 530 2301 sionis
552 2245 695 2315 ejus,
722 2259 897 2315 quam
921 2258 1070 2297 anno
1098 2241 1497 2297 trecentesimo
1523 2239 1871 2312 octogesimo
1889 2244 2046 2294 sexto

350 2333 713 2404 reponimus;
763 2330 881 2386 imo
922 2347 1025 2385 nec
1064 2335 1197 2385 ante
1234 2328 1386 2401 junii
1432 2328 1668 2384 exitum.
1710 2328 1850 2384 Cum
1892 2328 2045 2382 enim

349 2420 713 2477 Ambrosium
743 2419 968 2477 Iustina
993 2419 1141 2474 circa
1173 2419 1384 2473 festum
1417 2418 1645 2473 Pascha:
1673 2433 2043 2489 persequere-

349 2515 464 2579 tur,
494 2511 751 2566 nondum
781 2510 930 2564 Deus
970 2508 1209 2580 glaciem
1247 2508 1433 2562 cordis
1463 2508 1585 2578 ejus
1620 2505 1777 2561 vitali
1805 2506 2047 2577 Spiritus

350 2598 440 2653 sui
470 2600 656 2654 calore
696 2598 1060 2663 dissolveret;
1090 2596 1223 2652 licet
1262 2596 1385 2667 ipse
1415 2595 1655 2650 turbata:
1688 2594 1931 2650 civitatis
1960 2600 2044 2648 tu-

349 2688 542 2742 multu
579 2687 948 2741 vehementer
984 2685 1328 2740 excitaretur
1366 2685 1546 2754 (Conf.
1596 2684 1691 2739 lib.
1734 2687 1788 2753 9,
1827 2699 1948 2753 cap.
1987 2689 2043 2750 7,

346 2792 404 2831 n.
441 2777 522 2847 l5)
557 2792 571 2830 :
605 2791 710 2830 nec
747 2775 934 2830 adhuc
961 2777 1087 2845 post
1117 2774 1295 2827 Deum
1332 2772 1609 2837 currebat,
1645 2788 1775 2826 cum
1803 2772 2046 2826 Ambro-

348 2862 465 2917 sius
506 2867 825 2933 martyrum
872 2859 1113 2915 Protasii
1159 2863 1217 2914 et
1256 2859 1504 2914 Gervasii
1546 2859 1761 2914 detexit
1808 2874 2047 2930 corpora

349 2950 535 3023 (Ibid.,
564 2966 621 3007 n.
659 2950 770 3022 16),
804 2949 895 3005 die
918 2947 1091 3021 junii,
1113 2951 1176 3003 ut
1204 2947 1444 3016 videtur,
1469 2947 1689 3004 decimo
1720 2953 1937 3004 octavo.

1034 3082 1258 3137 CAPUT
1296 3082 1360 3135 V.

353 3192 372 3243 1
414 3188 590 3245 Rebus
619 3187 865 3242 omnibus
911 3188 1009 3241 Dei
1037 3200 1202 3240 causa
1242 3188 1557 3241 renuntiare
1583 3188 1720 3254 vult,
1749 3203 1843 3243 nec
1871 3189 2037 3245 valet.

418 3278 453 3330 2
482 3276 898 3346 Simplicianum
945 3275 1194 3329 consulit.
1241 3277 1272 3330 3
1320 3275 1549 3329 Antonii
1583 3278 1753 3330 vitam
1788 3282 2048 3331 narrante

419 3367 730 3421 Pontitiano
756 3364 939 3431 discit,
966 3363 1234 3433 simulque
1254 3363 1552 3418 aulicorum
1581 3364 1809 3419 duorum
1838 3381 2049 3420 conver-

416 3457 636 3512 sionem.
668 3455 703 3509 4
743 3454 1030 3522 Conï¬‚ietus
1072 3454 1131 3505 in
1161 3452 1461 3519 Augustini
1485 3458 1657 3507 mente
1683 3468 1745 3507 ac
1774 3455 2048 3509 voluntate

420 3544 611 3600 audito
640 3545 969 3599 Pontitiano.
999 3545 1029 3597 5
1059 3542 1225 3597 Pauli
1253 3541 1483 3596 codicem
1511 3542 1742 3597 insolitae
1767 3546 1911 3598 vocis
1933 3560 2044 3599 mo-

422 3634 526 3690 litu
548 3635 750 3706 aperit,
785 3634 1017 3701 lectoque
1055 3631 1165 3687 loco
1192 3635 1405 3701 repente
1433 3634 1778 3687 convertitur.

421 3754 466 3805 l.
513 3750 657 3805 Cum
696 3764 853 3803 sacra
894 3746 994 3801 Dei
1036 3746 1281 3818 eloquia,
1327 3750 1391 3801 ut
1427 3745 1698 3810 diximus,
1738 3747 2045 3819 Augustini

344 3839 536 3894 animo
563 3836 793 3909 penitus
823 3834 1156 3902 insiderent,
1185 3851 1301 3888 non
1319 3834 1442 3905 jam
1472 3835 1541 3890 de
1562 3835 1662 3890 illo
1693 3836 1914 3900 certior,
1946 3837 2044 3892 sed

343 3927 405 3981 in
432 3926 531 3981 illo
561 3924 818 3980 stabilior
847 3939 967 3979 esse
983 3922 1267 3993 cupiebat.
1299 3922 1491 3977 Animi
1520 3927 1710 3978 tamen
1737 3924 2041 3994 pendebat,

343 4016 401 4067 et
437 4010 575 4083 quid
617 4010 687 4066 de
733 4009 864 4065 vitae
905 4026 1021 4063 suae
1068 4008 1329 4064 instituto
1376 4015 1666 4079 statueret,
1719 4012 2038 4083 ignorabat.

344 4101 455 4158 Cor
482 4101 605 4173 ejus
631 4117 665 4155 a
690 4098 867 4155 veteri
891 4099 1191 4164 fermento,
1218 4115 1331 4170 quo
1357 4098 1629 4154 infectum
1655 4101 1856 4168 fuerat,
1879 4117 2043 4156 mun-

342 4190 597 4246 dandum
619 4192 756 4244 erat.
780 4189 847 4242 Et
869 4187 1001 4242 licet
1015 4186 1290 4257 gauderet
1304 4186 1492 4259 ipsum
1517 4187 1864 4242 Salvatorem
1894 4188 2041 4243 viam

340 4296 483 4348 esse,
516 4295 644 4351 quae
672 4294 777 4332 nos
803 4278 873 4332 ad
900 4277 1140 4330 salutem
1172 4275 1420 4344 duceret,
1450 4275 1825 4331 nihilominus
1849 4282 2041 4333 tamen

337 4385 442 4439 per
456 4367 627 4438 hujus
647 4365 751 4421 vite
773 4364 1071 4437 angustias
1092 4364 1176 4419 ire
1202 4365 1386 4420 adhuc
1405 4364 1656 4435 pigebat.
1677 4366 2041 4421 Turbulentis

338 4455 535 4511 seaculi
578 4453 821 4525 negotiis
860 4454 1044 4509 adhuc
1081 4470 1140 4508 se
1180 4458 1303 4508 tum
1332 4452 1614 4525 implicari
1650 4470 1802 4526 aegre
1838 4471 2038 4526 grava-

334 4549 506 4616 teque
536 4543 771 4599 ferebat.
811 4542 1009 4613 Neque
1038 4542 1215 4609 enim,
1250 4544 1312 4596 ut
1350 4546 1499 4607 ante,
1534 4558 1663 4613 spes
1704 4548 1954 4613 quaestus
1984 4549 2041 4599 et

332 4632 572 4689 honoris
602 4629 973 4702 comparandi
998 4630 1293 4701 erigebant
1323 4630 1582 4685 animum
1605 4630 1671 4686 ad
1695 4630 1839 4685 hanc
1866 4633 2039 4687 mole-

334 4720 650 4776 stissimam
689 4718 1021 4774 servitutem
1065 4719 1402 4775 ferendam.-
1430 4720 1556 4774 Jam
1593 4736 1727 4774 eum
1771 4720 1871 4775 illa
1922 4738 2037 4777 non

330 4808 693 4864 oblectabant
721 4824 842 4880 pres
880 4808 1203 4877 dulcedine,
1244 4824 1419 4880 quam
1455 4823 1521 4863 ex
1549 4808 1742 4863 divino
1770 4808 1924 4865 fonte
1961 4810 2037 4864 si-

332 4896 541 4953 tienter
574 4896 895 4952 hauriebat.
928 4895 1036 4951 Sed
1074 4896 1126 4951 ei
1169 4912 1393 4951 moram
1433 4896 1703 4951 afferebat
1741 4913 1877 4952 cura
1909 4903 2034 4954 stu-

333 4986 609 5058 diumqne
629 4983 847 5040 vitandi
868 4984 1244 5040 offensionem
1274 4985 1688 5040 nonnullorum
1708 4985 2031 5056 hominum,

331 5091 532 5131 eorum
559 5074 727 5137 forte,
764 5088 1013 5145 quorum
1041 5072 1250 5128 liberos
1282 5072 1577 5129 imbuebat
1603 5072 1870 5145 ingenuis
1895 5075 2033 5129 arti-

326 5165 453 5222 bus.
494 5162 761 5236 Conjugii
790 5165 1073 5234 praeterea
1101 5161 1384 5217 desiderio
1410 5162 1780 5218 vehementer
1807 5163 2034 5219 teneba-

327 5257 459 5323 tur;
490 5258 546 5310 et
584 5254 657 5310 oh
686 5252 747 5308 id
782 5267 967 5306 unum
1007 5251 1069 5305 in
1109 5249 1329 5306 ueteris
1362 5250 1687 5323 languidus,
1719 5252 1870 5307 curis
1909 5252 2033 5307 ani-

327 5357 490 5398 mum
531 5339 967 5399 corrodentibus
1012 5339 1367 5408 tabescebat;
1413 5341 1570 5412 quod
1607 5340 1883 5396 nimirum
1917 5342 2033 5396 vita

325 5431 664 5503 coniugalis,
715 5430 788 5487 ad
840 5446 1016 5504 quam
1069 5433 1230 5484 tanta
1284 5431 1666 5501 propensione
1721 5431 2027 5500 ferebatur,

322 5518 482 5575 varia
518 5536 713 5576 secum
748 5521 1004 5577 traheret
1042 5518 1427 5591 incommoda,
1470 5536 1601 5592 quae
1636 5518 1757 5591 pati
1797 5520 2031 5576 nolebat

343 5610 499 5679 Conf.
530 5610 623 5667 lib.
655 5612 687 5667 8
719 5626 841 5681 cap.
878 5613 926 5677 l,
957 5626 1051 5667 nn.
1088 5613 1140 5678 1,
1166 5611 1244 5681 2).

1556 342 1727 399 VITA
1880 339 2262 398 AUGUSTINI
2321 339 2661 397 EPISCOPI.

3753 338 3850 390 H2

2146 498 2151 501 Î»
2221 466 2274 520 2.
2302 463 2392 519 Sic
2414 462 2615 518 affecto
2638 464 2894 518 mentem
2919 461 3069 515 Deus
3089 457 3305 530 injecit,
3333 461 3396 513 ut
3415 456 3850 529 Simplicianum

2152 551 2353 621 adiret,
2378 558 2514 607 tunc
2534 551 2892 623 spiritualem
2918 547 3209 605 Ambrosii
3230 552 3475 618 patrem,
3499 547 3621 618 ejus
3647 546 3849 601 deinde

2152 658 2552 697 successorem.
2592 641 2861 696 Elucebat
2886 638 2947 694 in
2978 655 3045 693 eo
3085 637 3267 710 gratia
3301 636 3418 703 Dei,
3452 637 3616 707 cujus
3649 652 3708 689 se
3737 636 3851 689 cul-

2151 729 2238 784 tui
2266 748 2299 784 a
2328 730 2627 801 juventute
2666 728 2982 785 dediderat.
3018 727 3081 781 ln
3120 741 3345 781 summa
3382 740 3609 794 semper
3650 724 3857 794 pietate

2150 818 2324 874 vitam
2352 819 2610 887 duxerat,
2666 823 2789 873 tum
2820 821 2984 873 aetate
3025 816 3337 871 confectus.
3381 813 3547 878 Quod
3586 811 3858 883 Augusti-

2153 925 2294 963 num
2322 907 2575 976 adduxit,
2608 912 2671 963 ut
2694 907 2953 962 crederet
2982 906 3057 977 (et
3095 905 3172 959 ita
3210 920 3268 958 se
3302 919 3393 957 res
3427 900 3696 972 habebat)
3725 917 3855 955 eum

2153 1002 2281 1069 post
2327 1001 2411 1052 tot
2452 1013 2632 1052 annos
2674 995 2736 1051 in
2784 994 3007 1051 virtutis
3059 992 3464 1049 exercitatione
3522 995 3857 1056 transactos,

2154 1085 2466 1156 spiritualis
2506 1085 2638 1140 vita:
2679 1084 2975 1140 scientiam
3016 1083 3288 1139 diuturno
3330 1097 3441 1136 usu
3483 1080 3591 1135 sibi
3630 1095 3857 1150 compa-

2152 1191 2324 1229 rasse.
2382 1174 2521 1229 Huic
2570 1174 2748 1246 igitur
2788 1173 3041 1229 decrevit
3085 1187 3283 1227 omnes
3329 1169 3418 1224 sui
3462 1168 3642 1224 animi
3688 1172 3861 1223 aestus

2153 1263 2473 1335 ï¬‚uctusque
2494 1263 2759 1334 detegere
2789 1280 2802 1318 :
2837 1267 2899 1317 ut
2925 1261 3033 1317 sibi
3061 1262 3141 1316 sic
3166 1264 3359 1316 mente
3388 1259 3694 1314 constituto
3714 1257 3860 1313 Sim-

2152 1352 2434 1422 plicianus
2472 1352 2734 1419 modum,
2777 1367 2950 1424 quem
2994 1350 3277 1422 aptiorem
3308 1349 3561 1415 duceret,
3594 1346 3665 1402 ad
3708 1345 3861 1400 viam

2156 1441 2256 1495 Dei
2285 1442 2593 1499 tenendam
2617 1441 3056 1496 demonstraret.
3091 1440 3232 1493 Eum
3261 1438 3456 1509 itaque
3486 1436 3645 1503 adiit,
3677 1440 3735 1489 et
3773 1451 3864 1489 er-

2153 1545 2351 1583 rorum
2397 1546 2630 1585 suorum
2667 1529 2951 1584 anfractus
2994 1528 3183 1583 eidem
3221 1526 3464 1598 aperuit.
3510 1525 3616 1580 Ubi
3649 1523 3867 1579 audivit

2153 1617 2575 1689 Simplicianus,
2610 1634 2742 1674 eum
2764 1617 3192 1673 Platonicorum
3224 1615 3399 1670 libros
3428 1631 3461 1668 a
3485 1612 3774 1667 Victorino
3807 1612 3864 1665 in

2153 1706 2397 1762 latinum
2444 1723 2743 1762 conversos
2799 1706 3022 1777 legisse,
3072 1705 3397 1777 gratulatus
3449 1706 3567 1769 est;
3623 1707 3681 1755 et
3730 1700 3863 1754 inde

2154 1802 2383 1867 arrepta
2431 1796 2746 1863 occasione,
2797 1796 3057 1867 ejusdem
3108 1792 3401 1860 Victorini,
3448 1807 3623 1864 quem
3662 1791 3863 1845 Rome

2154 1884 2598 1940 familiarissime
2627 1889 2885 1951 noverat,
2915 1883 3343 1939 conversionem
3374 1881 3457 1935 illi
3483 1879 3699 1935 retulit.
3735 1880 3866 1934 Haec

2154 1974 2238 2029 illi
2269 1974 2557 2042 narrabat,
2590 1978 2653 2028 ut
2682 1990 2815 2029 eum
2840 1973 2912 2028 ad
2938 1972 3281 2027 humilitatis
3309 1972 3335 2027 J
3343 1986 3442 2026 esu
3463 1968 3695 2035 Christi,
3731 1983 3861 2039 quas

2155 2063 2521 2119 absconditur
2543 2062 2890 2135 sapientibus
2915 2066 2972 2117 et
2993 2062 3278 2116 reveletur
3307 2058 3574 2131 parvulis,
3603 2057 3864 2113 studium

2153 2151 2498 2219 hortaretur,
2542 2156 2599 2206 et
2635 2152 2733 2206 ille
2772 2167 2830 2206 se
2882 2150 2953 2206 ad
3000 2150 3142 2205 tanti
3187 2149 3318 2213 viri,
3366 2148 3567 2204 eadem
3612 2147 3675 2201 in
3719 2152 3861 2213 arte,

2154 2258 2328 2313 quam
2377 2240 2497 2312 ipse
2538 2240 2929 2312 proï¬tebatur,
2981 2239 3123 2294 adeo
3173 2238 3428 2307 illustris,
3478 2235 3867 2291 imitationem

2155 2328 2519 2384 accenderet:
2562 2345 2627 2383 ac
2675 2345 2735 2383 re
2777 2328 3011 2400 quidem
3060 2330 3184 2400 ipsa
3223 2328 3293 2383 ad
3333 2343 3466 2381 eum
3509 2324 3863 2381 imitandum

2154 2416 2363 2473 exarsit
2382 2416 2757 2488 Augustinus.
2792 2418 3049 2489 Cumque
3070 2416 3405 2487 subjecisset
3432 2412 3865 2486 Simplicianus,

2154 2506 2337 2562 edicto
2371 2505 2582 2561 Iuliani
2619 2505 2935 2578 prohibitos
2972 2505 3147 2560 fuisse
3194 2504 3544 2560 Christianos
3581 2503 3870 2558 litteratu-

2155 2612 2277 2649 ram
2306 2598 2363 2649 et
2392 2594 2699 2650 oratoriam
2740 2599 2921 2649 artem
2960 2594 3181 2655 docere,
3219 2593 3690 2664 Victorinumqne
3732 2591 3867 2645 huic

2152 2682 2267 2754 legi
2296 2682 2702 2754 obsequentem
2725 2683 2932 2737 scholas
2960 2699 3076 2736 sum
3095 2682 3367 2737 nuntium
3392 2680 3677 2735 remisisse
3703 2696 3717 2735 :
3746 2682 3869 2737 Non

2153 2774 2309 2838 mihi,
2344 2771 2422 2826 ait
2464 2771 2839 2843 Augustinus,
2878 2773 3079 2838 fortior
3125 2787 3293 2840 quam
3336 2772 3549 2837 felicior
3578 2772 3734 2824 visus
3765 2775 3866 2834 est,

2155 2863 2287 2931 quia
2307 2863 2513 2915 invenit
2532 2863 2857 2915 occasionem
2883 2860 3121 2915 vacandi
3150 2861 3276 2915 tibi.
3315 2860 3441 2915 Mox
3466 2859 3528 2913 in
3547 2858 3671 2913 haec
3691 2859 3870 2913 verba

2154 2949 2346 3020 erupit
2371 2966 2383 3003 :
2408 2951 2508 3006 Cui
2534 2952 2615 3004 rei
2635 2966 2728 3017 ego
2750 2950 3098 3019 suspirabam
3123 2950 3348 3018 ligatus,
3369 2963 3476 3003 non
3494 2950 3643 3015 ferro
3659 2948 3863 3015 alieno,

2152 3039 2247 3093 sed
2273 3055 2390 3093 mea
2420 3040 2601 3106 ferrea
2630 3040 2925 3094 voluntate.
2963 3039 3107 3095 Velle
3137 3054 3310 3093 meum
3344 3037 3552 3093 tenebat
3579 3038 3866 3105 inimicus,

2154 3132 2204 3181 et
2223 3128 2349 3181 inde
2364 3128 2502 3181 mihi
2520 3133 2761 3182 catenam
2779 3130 3002 3195 fecerat,
3024 3132 3075 3182 et
3099 3129 3499 3183 constrinxerat
3516 3138 3617 3182 me.
3644 3126 3870 3196 Quippe

2152 3231 2221 3270 ea:
2247 3217 2521 3271 voluntate
2556 3230 2812 3286 perversa
2844 3218 2998 3283 facta
3035 3220 3115 3271 est
3145 3216 3345 3271 libido:
3376 3220 3427 3270 et
3459 3215 3589 3270 dum
3626 3217 3874 3270 servitur

2154 3305 2397 3372 libidini,
2430 3307 2584 3371 facta
2621 3310 2699 3360 est
2724 3305 3078 3372 consuetudo;
3109 3310 3161 3359 et
3188 3305 3319 3360 dum
3346 3304 3730 3361 consuetudini
3759 3320 3869 3360 non

2152 3390 2442 3460 resistitur,
2462 3395 2617 3461 facta
2635 3399 2713 3448 est
2731 3396 3037 3450 necessitas.
3071 3395 3279 3461 Quibus
3308 3397 3471 3465 quasi
3494 3394 3708 3447 ansulis
3728 3394 3870 3448 sibi-

2153 3488 2257 3538 met
2293 3485 2529 3551 innemis,
2580 3483 2721 3537 unde
2769 3488 3011 3537 catenam
3061 3485 3353 3553 appellavi,
3387 3482 3595 3537 tenebat
3641 3497 3730 3536 me
3772 3483 3869 3537 ob-

2150 3576 2399 3628 strictum
2430 3572 2571 3626 dura
2600 3574 2851 3627 servitus.
2890 3573 3154 3629 Voluntas
3182 3577 3359 3627 autem
3389 3587 3550 3639 nova,
3577 3586 3701 3641 qua:
3726 3573 3873 3627 mihi

2152 3678 2261 3717 esse
2285 3666 2516 3731 carperet
2538 3665 2594 3715 ut
2627 3666 2673 3715 te
2692 3663 2865 3728 gratis
2892 3662 3133 3731 colerem,
3159 3663 3383 3731 fruique
3409 3666 3458 3716 te
3483 3661 3694 3727 vellem,
3720 3663 3870 3717 Deus

2151 3752 2265 3806 sola
2294 3755 2437 3805 certa
2468 3749 2813 3820 jucunditas,
2846 3749 3084 3804 nondum
3114 3755 3233 3805 erat
3262 3750 3453 3804 idonea
3483 3750 3557 3804 ad
3585 3764 3870 3821 superan-

2152 3840 2280 3893 dam
2312 3841 2544 3908 priorem
2586 3843 2850 3894 vetustate
2892 3840 3227 3894 roboratam.
3267 3841 3352 3894 Ita
3391 3838 3513 3893 dum
3557 3839 3872 3894 voluntates

2150 3944 2294 3996 mue,
2330 3943 2440 3981 una
2472 3933 2642 3995 vetus,
2677 3928 2791 3982 alia
2819 3944 2980 3993 nova,
3004 3929 3101 3983 illa
3123 3929 3384 3995 camelis,
3410 3928 3510 3981 illa
3528 3928 3871 3996 spiritualis,

2150 4016 2502 4085 conï¬‚igebant
2554 4018 2694 4070 inter
2744 4032 2817 4083 se,
2873 4020 3036 4086 atque
3091 4014 3456 4071 discordando
3509 4013 3873 4083 dissipabunt

2149 4107 2388 4159 animam
2405 4120 2603 4160 meam.
2628 4106 2718 4161 Sic
2737 4105 3126 4173 intelligebam,
3159 4107 3218 4160 in
3238 4107 3438 4174 meipso
3466 4104 3866 4173 experimento,

2147 4194 2209 4248 id
2250 4193 2393 4263 quod
2433 4194 2685 4261 legeram,
2720 4194 2984 4263 quomodo
3015 4210 3138 4249 caro
3169 4196 3561 4264 concupisceret
3592 4191 3871 4247 adversus

2146 4284 2420 4352 spiritum,
2447 4286 2498 4336 et
2524 4285 2751 4352 spiritus
2771 4283 3033 4339 adversus
3058 4299 3362 4338 comem...
3397 4282 3604 4352 (Galat.
3646 4298 3702 4350 v,
3742 4282 3861 4351 l7).

2147 4373 2217 4425 Et
2243 4385 2348 4425 non
2377 4375 2493 4425 erat
2516 4371 2631 4441 iam
2656 4373 2755 4426 illa
2774 4375 3073 4439 excusatio,
3100 4388 3210 4441 qua
3234 4371 3413 4427 videri
3440 4371 3580 4425 mihi
3596 4371 3867 4434 solebam,

2143 4463 2429 4528 propterea
2474 4459 2712 4513 nondum
2758 4475 2840 4514 me
2895 4466 3189 4530 contempto
3244 4461 3434 4515 saeculo
3486 4461 3694 4513 servire
3732 4459 3865 4525 tibi,

2145 4548 2278 4614 quia
2303 4549 2508 4601 incerta
2536 4549 2673 4601 mihi
2701 4553 2836 4603 esset
2860 4552 3133 4619 perceptio
3161 4550 3413 4604 veritatis
3437 4565 3451 4602 :
3464 4548 3589 4617 jam
3624 4549 3771 4602 enim
3813 4553 3870 4602 et

2141 4637 2264 4705 ipsa
2293 4640 2437 4690 certa
2475 4640 2613 4703 erat,
2661 4652 2754 4703 ego
2793 4642 2974 4692 autem
3004 4638 3183 4692 adhuc
3227 4642 3373 4692 terra
3402 4637 3700 4703 obligatus,
3747 4638 3864 4691 miâ€”

2144 4725 2304 4779 litare
2332 4725 2434 4779 tibi
2449 4724 2781 4792 recusabam,
2815 4730 2867 4781 et
2891 4727 3289 4796 impedimentis
3312 4725 3557 4781 omnibus
3587 4727 3667 4779 sic
3706 4727 3871 4780 time-

2144 4814 2265 4868 bam
2307 4813 2577 4883 empediri,
2633 4815 3085 4883 quemadmodum
3135 4814 3393 4885 impediri
3440 4812 3741 4869 timendum
3781 4818 3873 4869 est

2145 4902 2566 4972 (Confessionum
2614 4902 2711 4957 lib.
2772 4905 2826 4970 8,
2877 4917 2999 4973 cap.
3057 4906 3110 4969 5,
3165 4918 3266 4958 nn.
3336 4904 3421 4970 10,
3487 4900 3600 4972 11).
3657 4901 3874 4972 Pergit

2142 4990 2327 5045 adhuc
2356 4988 2470 5043 vim
2498 4989 2839 5061 tyrannidis,
2868 5006 3043 5062 quam
3073 4990 3389 5045 inveterata
3412 4987 3687 5061 peccandi
3717 5005 3865 5044 con-

2142 5078 2380 5134 suetudo
2411 5077 2472 5133 in
2498 5078 2689 5150 ipsum
2720 5080 3033 5147 exercebat,
3062 5078 3332 5151 graphice
3360 5078 3705 5133 describere.

2212 5170 2262 5222 3.
2294 5166 2405 5222 Sed
2439 5168 2673 5223 tandem
2702 5167 2896 5223 omnia
2924 5168 3047 5239 ejus
3099 5167 3328 5223 vincula
3373 5166 3623 5238 disrupit
3678 5166 3867 5235 Deus,

2139 5254 2347 5309 visibili
2378 5254 2549 5309 simul
2578 5259 2633 5310 et
2660 5255 2934 5311 invisibili
2960 5255 3255 5311 miraculo.
3287 5254 3479 5311 Solitze
3510 5253 3666 5310 illius
3695 5270 3869 5309 curae

2140 5346 2198 5397 et
2229 5342 2638 5399 sollicitudines
2676 5344 2859 5415 magis
2905 5360 2971 5399 ac
3007 5344 3191 5416 magis
3218 5344 3279 5399 in
3313 5343 3436 5398 dies
3477 5342 3869 5398 recrudesce-

2137 5431 2311 5488 bant:
2348 5434 2463 5488 Deo
2492 5434 2848 5490 continenter
2875 5434 3234 5506 suspirabat:
3267 5433 3562 5489 ecclesiam
3582 5432 3873 5505 frequen-

2136 5521 2311 5589 tabat,
2344 5527 2624 5594 quantnm
2660 5522 2772 5595 ipsi
2799 5524 3008 5579 licebat
3046 5540 3151 5595 per
3179 5522 3428 5594 negotia,
3462 5522 3568 5578 sub
3599 5537 3869 5594 quorum

2134 5610 2386 5683 pendere
2413 5612 2700 5684 gemebat.
2733 5613 2975 5682 Quodam
3004 5613 3112 5682 die,
3148 5612 3362 5685 inquit,
3399 5614 3547 5669 venit
3581 5611 3658 5667 ad
3684 5626 3774 5667 me
3807 5617 3871 5668 et
