4048 6194
186 227 290 280 H3

176 352 213 407 Α
225 352 445 421 lypium
498 350 846 405 Pontitianus
884 349 1110 419 quidam
1149 351 1281 405 civis
1318 353 1497 406 noster
1539 352 1597 405 in
1624 357 1885 421 quantum

175 441 342 506 Afer,
381 440 646 510 praclare
664 440 725 493 in
744 439 957 509 palatio
994 440 1240 493 militans
1272 454 1288 493 :
1312 442 1488 494 nescio
1517 439 1652 509 quid
1679 457 1711 494 a
1731 440 1884 496 nobis

174 529 403 585 colebat.
448 532 518 585 Et
542 529 880 584 consedimus
916 532 978 583 ut
1000 529 1438 598 colloqueremur,
1468 533 1519 584 et
1544 531 1687 597 forte
1713 546 1883 600 supra

172 634 411 674 mensam
441 620 704 674 lusoriam
727 633 845 688 qua
869 621 994 672 ante
1007 632 1102 672 nos
1120 622 1257 678 erat,
1275 617 1511 673 attendit
1529 618 1778 686 codicem,
1802 624 1883 672 tu-

171 710 251 767 lit,
283 709 531 777 aperuit,
562 708 773 761 invenit
800 707 1101 776 apostolum
1124 708 1374 773 Paulum,
1404 708 1683 776 inopinate
1709 723 1838 763 sane
1864 724 1877 762 :

169 800 470 866 putaverat
496 797 641 851 enim
680 795 899 865 aliquid
935 795 1002 850 de
1030 795 1209 863 libris,
1250 810 1481 866 quorum
1504 798 1771 866 professio
1800 813 1881 851 me

169 885 496 940 conterebat.
534 886 669 939 Tum
707 899 831 939 vero
859 884 1111 939 arridens
1149 899 1335 954 meque
1366 886 1599 953 intuens,
1630 887 1877 953 gratula-

172 975 306 1028 torie
329 975 567 1028 miratus
586 977 667 1027 est
685 973 833 1043 quod
868 987 958 1027 eas
986 976 1037 1026 et
1073 973 1215 1028 solas
1238 988 1357 1043 prx
1393 974 1556 1028 oculis
1585 976 1718 1027 meis
1746 975 1881 1028 litte-

172 1078 259 1117 ras
280 1066 506 1133 repente
523 1064 885 1132 comperisset.
905 1063 1248 1120 Christianus
1268 1064 1469 1132 quippe
1484 1067 1535 1118 et
1544 1062 1721 1131 ﬁdelis
1741 1067 1875 1130 erat,

170 1157 215 1205 et
240 1166 387 1221 szpe
417 1151 525 1206 tibi
550 1153 655 1206 Deo
682 1154 865 1206 nostro
878 1151 1321 1221 prosternebatur
1348 1151 1406 1204 in
1434 1152 1654 1206 ecclesia
1680 1152 1879 1207 crebris

173 1247 217 1296 et
235 1240 530 1295 diuturnis
546 1241 908 1295 orationibus.
935 1240 1036 1297 Cui
1056 1255 1149 1309 ego
1179 1256 1297 1295 cum
1326 1239 1648 1296 iudicassem
1670 1242 1781 1296 illis
1803 1257 1883 1295 me

174 1330 481 1400 Scripturis
508 1345 698 1384 curam
725 1330 1025 1385 maximam
1061 1328 1386 1399 impendere,
1428 1334 1577 1385 ortus
1605 1334 1685 1385 est
1711 1345 1881 1385 sermo

173 1422 283 1489 ipso
320 1423 596 1474 narrante
623 1419 690 1474 de
717 1420 955 1474 Antonio
995 1422 1255 1489 Egyptio
1284 1421 1568 1487 monacho,
1601 1420 1757 1489 cujus
1786 1436 1879 1474 no-

169 1524 283 1562 men
329 1508 661 1563 excellenter
699 1508 937 1563 clarebat
987 1508 1138 1579 apud
1165 1523 1343 1564 servos
1382 1512 1535 1575 tuos;
1578 1525 1673 1564 nos
1703 1513 1881 1563 autem

166 1611 334 1665 usque
363 1598 430 1650 in
463 1597 621 1651 illam
662 1596 852 1652 horam
891 1596 1111 1652 latebat.
1160 1597 1318 1664 Quod
1363 1598 1453 1652 ille
1482 1597 1577 1651 ubi
1599 1600 1877 1668 comperit,

164 1687 490 1741 inmoratus
545 1690 625 1741 est
661 1688 721 1740 in
748 1702 808 1741 eo
843 1701 1100 1753 sermone,
1143 1688 1431 1741 insinuans
1463 1691 1675 1741 tantum
1700 1688 1879 1742 virum

163 1774 578 1841 ignorantibus,
628 1778 679 1829 et
725 1774 1009 1829 admirans
1060 1776 1300 1830 eamdem
1335 1780 1578 1831 nostram
1614 1779 1878 1845 ignoran-

161 1864 315 1916 tiam.
354 1863 724 1933 Stupebamus
743 1867 921 1918 autem
951 1863 1229 1919 audientes
1247 1869 1357 1918 tam
1386 1867 1584 1920 recenti
1600 1870 1877 1931 memoria,

159 1955 207 2004 et
228 1966 410 2020 prope
430 1952 637 2005 nostris
668 1952 995 2021 temporibus
1026 1954 1381 2007 testatissima
1399 1954 1677 2008 mirabilia
1697 1958 1792 2008 tua
1821 1958 1878 2009 in

158 2039 268 2109 fide
296 2044 455 2095 recta
494 2044 548 2093 et
594 2040 861 2095 catholica
905 2042 1165 2096 Ecclesia.
1197 2042 1386 2097 Omnes
1413 2042 1753 2097 mirabamur
1784 2059 1796 2098 :
1829 2049 1880 2097 ct

158 2144 275 2197 nos,
306 2130 451 2198 quia
484 2132 598 2183 tam
624 2144 828 2198 magna
863 2133 1048 2196 erant;
1079 2134 1129 2184 et
1150 2131 1259 2196 ille,
1282 2132 1415 2199 quia
1446 2131 1699 2186 inaudita
1724 2132 1878 2187 nobis

158 2221 334 2271 erant.
380 2217 520 2272 Inde
548 2233 720 2272 sermo
750 2218 865 2287 ejus
903 2217 1181 2273 devolutus
1224 2223 1303 2273 est
1332 2218 1406 2272 ad
1432 2222 1879 2275 monasteriorum

156 2321 370 2374 greges,
395 2310 447 2360 et
468 2321 643 2361 mores
670 2306 1045 2361 suaveolentix
1071 2312 1192 2374 tute,
1215 2310 1266 2361 et
1284 2308 1449 2362 ubera
1463 2308 1675 2363 deserta
1693 2312 1876 2380 eremi,

157 2411 396 2466 quorum
426 2410 528 2449 nos
574 2395 726 2449 nihil
756 2395 1073 2450 sciebamus.
1112 2396 1185 2450 Et
1213 2401 1329 2450 erat
1357 2399 1740 2452 monasterium
1768 2401 1878 2453 Me—

156 2486 376 2540 diolani
400 2485 628 2555 plenum
658 2484 810 2539 bonis
844 2484 1137 2551 fratribus,
1172 2489 1331 2539 extra
1374 2486 1527 2541 urbis
1555 2488 1751 2541 moenia
1778 2488 1877 2543 sub

159 2574 458 2628 Ambrosio
498 2574 799 2640 nutritore;
829 2577 879 2627 et
915 2588 1021 2629 non
1049 2589 1383 2629 noveramus.
1414 2575 1767 2630 Pertendebat
1788 2577 1879 2631 ille

163 2668 214 2717 et
261 2662 597 2733 loquebatur
648 2661 848 2721 adhuc,
896 2666 947 2716 et
974 2677 1069 2717 nos
1122 2664 1318 2719 intenti
1354 2663 1676 2719 tacebamus.
1731 2665 1879 2721 Unde

155 2750 356 2804 incidit
412 2754 479 2805 ut
522 2750 748 2816 diceret,
780 2752 954 2805 nescio
984 2751 1202 2819 quando
1230 2766 1285 2805 se
1311 2755 1362 2805 et
1393 2756 1498 2805 tres
1528 2754 1663 2808 alios
1692 2758 1876 2809 contu-

155 2840 404 2894 bernales
447 2854 599 2905 suos,
643 2840 905 2893 nimirum
934 2838 1084 2908 apud
1125 2841 1398 2909 Treveros,
1431 2856 1551 2895 cum
1580 2844 1879 2911 Imperator

154 2928 546 2997 pomeridiano
597 2927 927 2984 Circensium
981 2929 1281 2997 spectaculo
1338 2934 1605 2985 teneretur
1630 2970 1646 2998 ,
1704 2933 1877 2986 exisse

155 3017 573 3072 deambulatum
612 3019 672 3071 in
706 3016 884 3071 hortos
913 3018 1085 3071 muris
1119 3019 1433 3087 contiguos;
1468 3023 1629 3088 atque
1657 3021 1771 3075 illic
1808 3025 1872 3075 ut

157 3108 302 3174 forte
330 3106 641 3161 combinati
673 3105 1083 3175 spatiabantur,
1119 3122 1286 3161 unum
1316 3122 1493 3161 secum
1530 3122 1789 3175 seorsum,
1825 3115 1875 3164 ct

156 3196 291 3252 alios
316 3196 461 3251 duos
493 3194 687 3250 itidem
707 3209 943 3250 seorsum
956 3197 1275 3265 pariterque
1301 3196 1570 3265 digressos
1592 3212 1609 3259 ;
1633 3197 1727 3251 sed
1753 3198 1873 3252 illos

154 3284 523 3354 vagabundos
552 3285 781 3338 irruisse
806 3286 865 3338 in
891 3284 1184 3353 quamdam
1204 3300 1407 3351 casam,
1429 3285 1525 3339 ubi
1553 3284 1874 3341 habitabant

156 3374 383 3444 quidam
412 3375 571 3429 servi
597 3374 699 3440 tui,
730 3374 934 3442 spiritu
950 3388 1243 3443 pauperes,
1275 3374 1520 3444 qualium
1550 3379 1628 3430 est
1648 3390 1873 3443 regnum

154 3464 405 3517 calorum
458 3462 678 3532 (Matth.
710 3477 764 3527 γ,
815 3460 887 3531 3),
931 3464 982 3515 et
1008 3463 1275 3516 invenisse
1313 3462 1394 3515 ibi
1422 3462 1653 3517 codicem
1680 3465 1738 3516 in
1769 3479 1871 3532 quo

156 3554 361 3621 scripta
381 3554 509 3605 erat
526 3551 645 3605 vita
666 3550 912 3605 Antonii.
936 3550 1108 3616 Quam
1129 3551 1298 3617 legere
1316 3552 1481 3621 coepit
1504 3565 1643 3605 unus
1669 3566 1866 3616 eorum,

157 3646 206 3694 et
231 3642 459 3701 mirari,
497 3643 551 3693 et
575 3638 817 3705 accendi,
862 3643 913 3693 et
950 3640 1092 3693 inter
1129 3639 1407 3706 legendum
1440 3640 1698 3693 meditari
1724 3642 1871 3693 arri-

158 3745 277 3800 pere
296 3731 469 3784 talem
485 3730 680 3788 vitam.
709 3731 761 3782 et
790 3727 979 3782 relicta
1002 3728 1204 3783 militia
1227 3728 1479 3783 saeculari
1505 3730 1708 3783 servire
1731 3728 1831 3783 tibi
1854 3744 1867 3783 :

160 3824 305 3874 erant
356 3822 547 3873 autem
576 3832 645 3871 ex
674 3819 748 3871 eis
779 3832 909 3886 quos
938 3816 1127 3871 dicunt
1154 3817 1387 3885 Agentes
1425 3818 1485 3871 in
1512 3816 1689 3873 rebus.
1726 3819 1871 3874 Tunc

159 3907 331 3963 subito
383 3906 628 3975 repletus
682 3921 861 3960 amore
904 3909 1089 3960 sancto
1133 3909 1184 3960 et
1219 3906 1396 3959 sobrio
1421 3906 1648 3975 pudore,
1689 3908 1871 3961 iratus

159 3996 260 4050 sibi
308 3994 548 4062 conjecit
586 3994 762 4048 oculos
801 3995 860 4046 in
889 3995 1139 4055 amicum,
1173 3997 1225 4047 et
1254 3995 1333 4047 ait
1364 3993 1449 4047 illi
1478 4008 1491 4046 :
1537 3995 1649 4052 Dic.
1693 4008 1871 4063 quxso

162 4090 225 4150 te,
250 4083 511 4138 omnibus
550 4084 673 4136 istis
703 4082 975 4137 laboribus
1011 4083 1211 4136 nostris
1240 4097 1345 4150 quo
1386 4082 1656 4136 ambimus
1676 4096 1871 4151 perve-

160 4176 312 4227 nire?
342 4172 493 4244 quid
520 4174 814 4241 quaerimus
837 4175 865 4227 ?
893 4173 1049 4242 cujus
1086 4174 1167 4226 rei
1194 4187 1363 4227 causa
1392 4171 1733 4227 militamus?
1759 4174 1872 4226 Ma-

156 4263 309 4331 jor-ne
346 4277 467 4317 esse
492 4262 695 4331 poterit
722 4276 843 4331 spes
870 4266 1057 4317 nostra
1088 4264 1146 4317 in
1167 4263 1400 4332 palatio,
1428 4277 1592 4330 quam
1618 4265 1679 4315 ut
1707 4263 1873 4315 amici

162 4353 516 4422 Imperatoris
550 4349 765 4406 simus?
795 4353 865 4405 Et
892 4351 972 4405 ibi
1002 4351 1138 4422 quid
1165 4367 1271 4406 non
1298 4351 1521 4418 fragile,
1549 4351 1873 4421 plenumque

157 4443 414 4511 periculis
439 4443 473 4494 ?
510 4430 706 4510 Et
735 4444 865 4509 quot
888 4441 1134 4509 pericula
1159 4441 1477 4510 pervenitur
1505 4439 1580 4493 ad
1605 4439 1871 4506 grandius

159 4528 508 4600 periculum?
538 4531 610 4584 Et
642 4528 861 4598 quando
888 4530 1029 4583 istuc
1057 4529 1203 4583 erit?
1229 4528 1455 4583 Amicus
1484 4532 1660 4582 autem
1680 4530 1795 4594 Dei,
1823 4529 1874 4584 si

160 4620 396 4689 coluero,
427 4634 545 4673 ecce
571 4633 714 4671 nunc
745 4620 833 4686 ﬁo.
878 4619 1034 4672 Dixit
1082 4618 1199 4687 hoc,
1242 4620 1293 4672 et
1338 4616 1591 4671 turbidus
1616 4616 1870 4687 parturi-

163 4710 301 4763 tione
329 4724 486 4763 novae
518 4710 667 4774 vitae,
698 4706 942 4762 reddidit
969 4707 1146 4762 oculos
1186 4708 1435 4776 paginis,
1473 4711 1524 4759 et
1566 4706 1791 4773 legebat,
1822 4711 1873 4762 et

159 4797 483 4852 mutabatur
522 4801 670 4850 intus
710 4796 806 4850 ubi
848 4801 905 4849 tu
943 4795 1186 4863 videbas,
1241 4800 1293 4850 et
1337 4793 1635 4850 exuebatur
1671 4795 1872 4850 mundo

162 4900 304 4939 mens
334 4886 479 4954 ejus,
508 4887 573 4937 ut
593 4899 719 4939 mox
749 4886 1032 4955 apparuit.
1058 4886 1305 4953 Namque
1333 4883 1463 4939 dum
1482 4885 1613 4953 legit
1641 4888 1691 4938 et
1706 4884 1873 4939 volvit

163 4976 353 5039 ﬂuctus
401 4972 585 5028 cordis
636 4975 744 5041 sui,
792 4975 1079 5041 infremuit
1133 4972 1451 5042 aliquando,
1496 4976 1546 5028 et
1593 4972 1869 5039 discrevit,

167 5061 509 5132 decrevitque
554 5063 812 5128 meliora;
834 5063 1059 5131 jamque
1091 5066 1235 5130 tuus,
1278 5063 1360 5116 ait
1387 5063 1557 5117 amico
1585 5076 1681 5116 suo
1712 5076 1726 5115 :
1758 5064 1873 5130 Ego

160 5151 276 5219 jam
297 5151 504 5221 abrupi
531 5166 615 5205 me
644 5150 713 5204 ab
746 5151 843 5204 illa
870 5165 963 5220 spe
989 5154 1198 5217 nostra,
1230 5155 1281 5204 et
1307 5152 1412 5204 Deo
1447 5152 1647 5205 servire
1671 5152 1872 5216 statui;

169 5244 215 5291 et
239 5241 331 5295 hoc
355 5255 429 5295 ex
453 5240 591 5293 hora
616 5239 742 5305 hac,
760 5240 819 5292 in
838 5239 931 5293 hoc
953 5240 1061 5294 loco
1083 5237 1392 5307 aggredior.
1426 5240 1494 5292 Te
1518 5240 1569 5293 si
1584 5239 1735 5308 piget
1751 5240 1873 5292 imi-

174 5330 294 5398 tari,
325 5329 441 5383 noli
469 5328 781 5383 adversari.
832 5328 1127 5397 Respondit
1154 5328 1265 5394 ille,
1298 5326 1572 5381 adhaerere
1598 5342 1653 5381 se
1672 5331 1874 5382 socium

178 5420 328 5473 tanta
354 5418 621 5473 mercedis
653 5420 925 5485 tantaeque
952 5418 1183 5473 militiae.
1216 5419 1285 5472 Et
1313 5416 1468 5471 ambo
1489 5416 1611 5487 jam
1641 5418 1722 5471 tui
1748 5418 1873 5471 avdi-

178 5507 403 5575 ﬁcabant
440 5509 649 5563 turrim
677 5510 905 5577 sumptu
942 5506 1125 5563 idoneo
1173 5505 1517 5576 relinquendi
1543 5507 1725 5561 omnia
1752 5521 1872 5570 sua,

1609 227 1825 284 LIBER
1869 225 2262 284 SECUNDUS.
3602 239 3620 291 l
3638 238 3701 294 14

1993 355 2043 405 et
2097 350 2356 421 sequendi
2401 357 2449 406 te
2499 353 2647 423 (Luc.
2695 370 2806 422 XIV,
2856 354 3056 426 26-35).
3111 358 3244 412 Tum
3302 358 3692 426 Pontilianus,

1992 444 2043 495 et
2072 443 2309 509 quicum
2339 456 2395 495 eo
2411 457 2510 512 per
2541 444 2681 497 alias
2701 444 2846 497 horti
2868 448 3054 513 partes
3085 445 3525 513 deambulabant,
3550 462 3696 515 qux-

1990 532 2165 583 rentes
2213 544 2297 583 eos
2343 529 2671 586 devenerunt
2698 534 2758 585 in
2804 532 3043 586 eumdem
3073 534 3263 595 locum.
3289 538 3338 588 et
3362 536 3691 589 invenientes

1991 617 2387 674 admonuerunt
2423 624 2484 674 ut
2519 620 2779 687 redirent,
2813 621 2957 691 quod
2985 621 3307 677 declinasset
3335 623 3463 678 dies.
3507 622 3584 677 At
3610 621 3702 675 illi

1988 712 2214 761 narrato
2258 708 2461 775 placito
2512 714 2561 763 et
2584 711 2860 779 proposito
2896 725 3012 779 suo,
3054 726 3263 780 quoque
3301 711 3457 766 modo
3504 713 3563 765 in
3608 711 3684 764 eis

1990 796 2123 849 talis
2152 797 2400 849 voluntas
2420 800 2541 851 orla
2571 801 2702 852 esset
2731 802 2893 866 atque
2905 799 3158 869 ﬁrmata,
3180 802 3487 870 petiverunt
3504 815 3570 854 ne
3583 798 3691 854 sibi

1990 886 2199 941 molesti
2237 892 2429 953 essent,
2480 889 2531 942 si
2570 888 2804 957 adjungi
2832 894 3158 944 recusarent.
3188 890 3291 944 Isti
3315 882 3493 943 autem
3519 887 3694 942 nihilo

1991 976 2189 1029 mutati
2216 991 2250 1029 a
2277 978 2554 1044 pristinis,
2581 979 2838 1046 ﬂeverunt
2864 992 2919 1031 se
2950 981 3154 1044 tamen,
3187 982 3247 1032 ut
3273 977 3503 1043 dicebat,
3535 980 3699 1046 atque

1992 1064 2104 1117 illis
2142 1066 2226 1133 pie
2265 1067 2631 1133 congratulati
2670 1070 2817 1133 sunt,
2869 1070 2919 1120 et
2949 1066 3453 1122 commendaverunt
3481 1082 3536 1121 se
3559 1081 3687 1120 ora-

1994 1152 2225 1207 tionibus
2252 1169 2431 1208 eorum
2447 1173 2468 1219 ;
2499 1159 2547 1209 et
2576 1155 2843 1209 trahentes
2864 1170 2953 1209 cor
2974 1156 3029 1208 in
3056 1159 3203 1209 terra
3222 1155 3471 1209 abierunt
3498 1157 3557 1209 in
3579 1172 3692 1226 pa—

1992 1242 2217 1305 latium;
2264 1243 2352 1296 illi
2400 1246 2578 1296 autem
2624 1244 2905 1311 afﬁgentes
2952 1259 3043 1297 cor
3084 1244 3227 1310 calo,
3271 1248 3585 1298 manserunt
3622 1246 3683 1299 in

1990 1345 2135 1385 casa.
2168 1333 2238 1386 Et
2266 1332 2421 1387 ambo
2451 1332 2718 1387 habebant
2755 1348 2979 1402 sponsas
3013 1348 3027 1387 :
3062 1348 3187 1402 quas
3210 1336 3567 1402 posteaquam
3595 1334 3691 1391 hoc

1990 1419 2301 1488 audierunt,
2330 1420 2647 1475 dicaverunt
2663 1423 2826 1476 etiam
2843 1424 2975 1492 ipsa:
2993 1423 3363 1491 virginitatem
3386 1422 3488 1477 tibi
3506 1423 3688 1493 (Conf.

1992 1507 2087 1561 lib.
2120 1509 2174 1570 8,
2207 1523 2329 1577 cap.
2358 1510 2410 1576 6,
2440 1525 2533 1562 nn.
2572 1511 2656 1576 14,
2694 1508 2802 1581 15).

2063 1597 2115 1650 li.
2150 1596 2423 1650 Narrante
2470 1597 2590 1651 hinc
2638 1597 2992 1665 Pontiliano,
3025 1598 3389 1670 prosequitur
3418 1598 3692 1670 Augusti-

1993 1700 2118 1738 nus.
2158 1686 2235 1739 Tu
2262 1689 2459 1752 autem,
2485 1688 2723 1753 Domine,
2745 1688 2889 1740 inter
2914 1687 3079 1741 verba
3097 1687 3213 1757 ejus
3243 1688 3591 1757 retorquebas
3610 1704 3692 1742 me

1991 1772 2066 1825 ad
2084 1788 2164 1827 me
2184 1774 2389 1842 ipsum;
2423 1776 2675 1842 auferens
2701 1792 2783 1830 me
2801 1792 2835 1829 a
2867 1776 3025 1830 dorso
3044 1791 3156 1830 meo
3170 1776 3266 1829 ubi
3282 1791 3365 1830 me
3378 1791 3688 1846 posueram,

1989 1862 2119 1916 dum
2162 1863 2356 1917 nollem
2399 1879 2481 1917 me
2509 1865 2810 1931 attendere;
2851 1868 2901 1919 et
2938 1864 3297 1919 constituebas
3337 1880 3419 1919 me
3447 1871 3571 1920 ante
3597 1867 3688 1933 fa—

1990 1954 2120 2006 ciem
2141 1968 2331 2017 meam,
2360 1957 2419 2008 ut
2436 1953 2671 2007 viderem
2690 1968 2855 2022 quam
2887 1955 3064 2023 turpis
3085 1968 3269 2021 essem,
3292 1969 3457 2024 quam
3485 1954 3685 2008 distor-

1991 2047 2076 2097 tus
2105 2046 2155 2096 et
2182 2042 2454 2106 sordidus,
2498 2043 2797 2097 maculosus
2824 2046 2875 2096 et
2903 2044 3192 2098 ulcerosus.
3222 2044 3293 2097 Et
3330 2042 3605 2107 videbam,
3637 2046 3690 2097 et

1990 2132 2305 2199 horrebam;
2334 2136 2385 2186 et
2411 2146 2515 2201 quo
2547 2146 2582 2185 a
2604 2146 2686 2185 me
2710 2133 2953 2198 fugerem
2980 2147 3086 2186 non
3114 2136 3251 2186 erat.
3287 2134 3354 2186 Et
3378 2132 3430 2186 si
3451 2131 3687 2185 conabar

1989 2235 2023 2273 a
2050 2235 2131 2274 me
2159 2224 2399 2275 avertere
2424 2224 2717 2290 aspectum,
2742 2220 3009 2274 narrabat
3033 2220 3123 2274 ille
3147 2219 3292 2289 quod
3318 2220 3604 2286 narrabat,
3637 2223 3689 2274 et

1989 2314 2049 2363 tu
2069 2325 2151 2364 me
2168 2324 2358 2364 rursus
2388 2310 2689 2380 opponebas
2714 2311 2870 2376 mihi,
2896 2313 2945 2363 et
2968 2309 3301 2379 impingebas
3320 2323 3402 2363 me
3425 2310 3483 2362 in
3510 2308 3687 2364 oculos

1989 2413 2147 2466 meos,
2182 2404 2242 2455 ut
2270 2401 2555 2454 invenirem
2591 2400 2937 2468 iniquitatem
2955 2413 3128 2453 meam
3156 2402 3207 2452 et
3234 2398 3483 2452 odissem.
3512 2398 3686 2453 Nove-

1988 2503 2106 2541 ram
2136 2503 2283 2556 eam,
2323 2488 2418 2544 sed
2445 2476 2858 2544 dissimulabam
2883 2504 2897 2555 ;
2944 2492 2996 2541 et
3027 2487 3374 2542 connivebam
3401 2489 3452 2540 et
3489 2485 3686 2540 oblivi-

1987 2577 2191 2631 scebar.
2243 2580 2387 2633 Tunc
2434 2593 2558 2633 vero
2611 2582 2814 2647 quanto
2851 2577 3129 2631 ardentius
3160 2575 3411 2630 amabam
3448 2575 3592 2641 illos,
3620 2575 3686 2630 de

1989 2665 2185 2734 quibus
2208 2666 2496 2721 audiebam
2520 2666 2765 2721 salubres
2793 2666 3040 2735 affectus,
3061 2664 3207 2734 quod
3224 2679 3279 2719 se
3309 2667 3442 2718 totos
3469 2663 3573 2716 tibi
3599 2677 3685 2717 sa—

1987 2753 2195 2808 nandos
2241 2754 2522 2819 dederant,
2571 2758 2720 2808 tanto
2761 2753 3148 2807 exsecrabilius
3193 2767 3276 2805 me
3312 2753 3686 2820 comparatum

1987 2841 2063 2893 eis
2083 2840 2320 2894 oderam.
2344 2840 2619 2906 Quoniam
2634 2841 2793 2894 multi
2819 2837 2925 2893 mei
2952 2841 3087 2893 anni
3106 2853 3307 2893 mecum
3327 2839 3681 2906 effluxerant,

1985 2928 2127 2994 forte
2146 2927 2426 2981 duodecim
2454 2930 2606 2990 anni,
2630 2942 2696 2980 ex
2713 2942 2817 2996 quo
2832 2927 2900 2981 ab
2921 2926 3315 2980 undevicesimo
3336 2940 3477 2979 anno
3505 2927 3682 2981 xtatis

1985 3032 2131 3083 meae,
2176 3018 2305 3071 lecto
2343 3016 2609 3073 Ciceronis
2648 3016 2949 3081 Hortensio,
2998 3017 3265 3070 excitatus
3310 3029 3458 3069 eram
3501 3014 3682 3071 studio

1985 3106 2299 3175 sapientiae;
2331 3108 2381 3159 et
2399 3104 2716 3173 differebam
2748 3107 3049 3173 contempta
3076 3103 3338 3170 felicitate
3367 3107 3579 3157 terrena
3607 3103 3682 3158 ad

1983 3210 2101 3248 eam
2114 3193 2551 3260 investigandam
2577 3208 2789 3249 vacare.
2799 3232 2829 3248 ..
2857 3195 2945 3248 Ita
2963 3192 3194 3248 rodebar
3208 3194 3377 3260 intus,
3391 3198 3441 3248 et
3452 3194 3680 3261 confun-

1983 3282 2151 3337 debar
2203 3282 2410 3352 pudore
2457 3283 2710 3337 horribili
2749 3284 3110 3350 vehementer,
3172 3298 3293 3337 cum
3337 3284 3681 3337 Pontitianus

1982 3375 2121 3428 talia
2150 3374 2473 3443 loqueretur.
2509 3375 2812 3428 Terminato
2838 3376 3016 3427 autem
3035 3387 3273 3427 sermone
3300 3376 3351 3427 et
3377 3387 3543 3427 causa
3570 3386 3682 3440 qua

1980 3466 2218 3530 venerat,
2251 3462 2389 3517 abiit
2416 3463 2528 3519 ille.
2560 3464 2633 3517 Et
2658 3478 2752 3531 ego
2780 3461 2855 3515 ad
2885 3477 2990 3531 me,
3029 3476 3148 3532 quae
3183 3475 3291 3515 non
3319 3461 3379 3513 in
3405 3475 3488 3514 me
3514 3458 3680 3516 dixi?

1984 3553 2189 3620 Quibus
2236 3554 2625 3607 sententiarum
2652 3550 2962 3605 verberibus
2993 3565 3101 3603 non
3127 3549 3402 3617 ﬂagellavi
3438 3550 3680 3602 animam

1981 3657 2173 3711 meam,
2198 3646 2258 3695 ut
2286 3644 2595 3709 sequeretur
2621 3655 2701 3693 me
2728 3643 3006 3693 conantem
3027 3643 3153 3707 post
3182 3642 3231 3691 te
3258 3636 3376 3691 ire?
3392 3639 3465 3692 Et
3487 3639 3680 3690 renite-

1983 3729 2144 3783 batur
2166 3748 2181 3797 ;
2201 3728 2505 3794 recusabat,
2534 3732 2585 3782 et
2610 3743 2717 3782 non
2746 3742 2801 3781 se
2825 3726 3139 3781 excusabat.
3167 3726 3496 3795 Consumpta
3522 3730 3678 3781 erant

1980 3824 2031 3874 et
2062 3821 2305 3874 convicta
2334 3821 2653 3885 argumenta
2676 3819 2878 3883 omnia,
2908 3818 3241 3871 remanserat
3264 3818 3416 3869 muta
3436 3813 3678 3884 trepida-

1983 3911 2094 3976 tio;
2122 3912 2173 3962 et
2198 3909 2359 3978 quasi
2375 3911 2595 3961 mortem
2622 3906 3017 3975 reformidabat
3043 3905 3305 3972 restringi
3324 3919 3359 3958 a
3376 3905 3531 3971 ﬂuxu
3559 3918 3681 3957 con-

1982 3997 2288 4053 suetudinis
2310 4012 2413 4065 quo
2446 3996 2746 4051 tabescebat
2772 3997 2832 4050 in
2856 3999 3095 4050 mortem.
3122 3997 3257 4049 Tum
3278 3996 3337 4048 in
3357 3994 3453 4047 illa
3476 3990 3681 4059 grandi

1983 4090 2114 4142 rixa
2150 4088 2425 4141 interioris
2466 4085 2653 4141 domus
2693 4100 2841 4148 meae,
2873 4100 3037 4154 quam
3072 4084 3293 4150 fortiter
3319 4082 3680 4136 excitaveram

1980 4191 2101 4230 cum
2127 4176 2313 4230 anima
2331 4189 2448 4228 mea
2475 4189 2531 4228 in
2559 4173 2801 4228 cubiculo
2828 4176 3013 4229 nostro
3042 4172 3198 4227 corde
3223 4185 3356 4230 meo.
3388 4174 3499 4224 tam
3524 4169 3680 4223 vultu

1982 4279 2145 4334 quam
2174 4267 2345 4317 mente
2366 4262 2852 4332 turbatus,invado
2873 4262 3136 4331 Alypium
3163 4264 3213 4315 et
3229 4260 3467 4314 exclamo
3496 4273 3510 4312 :
3535 4257 3681 4328 Quid

1977 4351 2269 4424 patimur?
2299 4351 2436 4423 quid
2465 4355 2544 4407 est
2567 4353 2661 4407 hoc
2682 4351 2711 4407 7
2740 4351 2874 4421 quid
2898 4349 3154 4405 audisti?
3183 4350 3426 4416 Surgunt
3455 4347 3678 4414 indocti,

1980 4443 2032 4493 et
2061 4440 2247 4494 extum
2291 4442 2558 4510 rapiunt;
2612 4444 2663 4494 et
2719 4455 2813 4495 nos
2850 4455 2970 4494 cum
3007 4438 3266 4493 doctrinis
3313 4436 3515 4490 nostris
3563 4437 3680 4489 sine

1981 4527 2157 4594 corde,
2189 4544 2301 4584 ecce
2320 4528 2415 4587 ubi
2439 4530 2749 4583 volutamur
2775 4531 2833 4582 in
2847 4524 3011 4583 carne
3033 4530 3084 4581 et
3110 4526 3374 4593 sanguine
3388 4524 3416 4581 ?
3436 4524 3527 4579 An
3546 4525 3681 4593 quia
3790 4532 3795 4535 ‘

1975 4622 2384 4688 prxcesserunt,
2421 4616 2591 4687 pudet
2628 4618 2799 4685 sequi,
2831 4620 2880 4671 et
2909 4629 3016 4669 non
3057 4612 3226 4683 pudet
3263 4624 3355 4668 nec
3392 4613 3581 4668 saltem
3603 4627 3681 4667 se-

1982 4708 2079 4775 qui
2087 4708 2115 4762 ν
2134 4707 2269 4761 Dixi
2292 4707 2470 4763 nescio
2499 4721 2617 4775 quas
2646 4705 2801 4771 talia,
2841 4707 2891 4758 et
2920 4702 3165 4772 abripuit
3191 4717 3274 4756 me
3301 4701 3369 4756 ab
3397 4701 3490 4756 illo
3518 4705 3679 4757 xstus

1981 4810 2147 4861 meus,
2190 4810 2310 4850 cum
2356 4799 2552 4850 taceret
2598 4794 2862 4848 attonitus
2906 4792 3119 4846 intuens
3160 4805 3260 4845 me.
3309 4790 3489 4859 Neque
3541 4791 3681 4845 enim

1982 4886 2142 4940 solita
2183 4885 2467 4948 sonabam,
2515 4884 2748 4954 plusque
2793 4880 3151 4950 loquebantur
3215 4881 3458 4934 animum
3506 4894 3681 4933 meum

1981 4976 2159 5043 frons,
2189 4988 2355 5041 genas,
2385 4974 2544 5040 oculi,
2578 4972 2737 5036 color,
2771 4969 2960 5025 modus
2988 4971 3155 5037 vocis,
3186 4983 3350 5039 quam
3370 4966 3537 5022 verba
3563 4982 3681 5037 quae

1979 5062 2310 5134 promebam.
2359 5061 2617 5116 Hortalus
2671 5059 2898 5129 quidam
2940 5061 3057 5113 erat
3098 5058 3325 5127 hospitii
3357 5055 3551 5120 nostri,
3576 5066 3680 5120 quo

1982 5166 2078 5205 nos
2126 5150 2427 5212 utebamur,
2486 5150 2628 5203 sicut
2676 5151 2789 5202 tota
2841 5146 3018 5202 domo.
3057 5146 3196 5202 Nam
3248 5144 3434 5213 hospes
3461 5140 3542 5195 ibi
3574 5154 3680 5192 non

1986 5238 2269 5293 habitabat
2301 5237 2550 5292 dominus
2579 5236 2788 5291 domus.
2822 5236 2953 5291 llluc
2982 5251 3064 5290 me
3091 5235 3388 5289 abstulerat
3420 5229 3681 5285 tumultus

1980 5329 2234 5400 pectoris,
2274 5326 2370 5381 ubi
2397 5341 2545 5381 nemo
2569 5326 2858 5397 impediret
2882 5325 3158 5380 ardentem
3188 5324 3355 5389 litem,
3387 5333 3549 5388 quam
3578 5331 3683 5370 me-

1984 5432 2103 5472 cum
2132 5429 2420 5485 aggressus
2457 5431 2624 5483 eram,
2657 5415 2818 5471 donec
2859 5417 3034 5470 exiret
3078 5428 3188 5484 qua
3217 5415 3276 5467 tu
3316 5407 3555 5474 sciebas;
3587 5421 3682 5474 ego

1985 5508 2163 5561 autem
2200 5520 2307 5560 non
2338 5520 2351 5559 :
2401 5504 2496 5560 sed
2519 5508 2730 5561 tantum
2767 5503 3104 5559 insanicbam
3140 5497 3451 5564 salubriter,
3482 5500 3532 5552 et
3576 5510 3685 5551 mc-
