4048 6194
358 243 457 297 115

354 364 535 419 riebar
559 362 822 428 vitaliter,
850 374 1056 429 gnarus
1081 360 1217 429 quid
1236 362 1371 416 mali
1386 375 1570 424 essem,
1602 364 1652 415 et
1677 362 1903 427 ignarus
1922 355 2057 426 quid

356 453 481 509 boni
499 457 622 524 post
650 452 932 522 paululum
961 453 1185 520 futurus
1215 466 1397 506 essem.
1440 452 1692 507 Abscessi
1713 465 1835 517 ergo
1857 451 1913 503 in
1931 449 2055 501 hor-

361 547 492 609 tum,
525 546 574 597 et
602 542 839 611 Alypius
865 540 1002 610 pede
1024 544 1148 611 post
1171 540 1382 610 pedem.
1422 542 1604 610 Neque
1632 542 1773 594 enim
1802 541 2058 593 secretum

357 647 530 686 meum
574 646 680 685 non
728 634 864 698 erat,
912 630 1008 683 ubi
1052 630 1144 684 ille
1189 629 1383 684 aderat
1424 646 1436 683 :
1479 634 1577 683 aut
1616 627 1833 697 quando
1871 641 1953 679 me
1983 628 2059 678 sic

360 717 612 787 affectum
650 717 961 774 desereret?
989 717 1235 774 Sedimus
1266 721 1531 787 quantum
1568 717 1841 786 potuimus
1872 714 2062 767 remoti

366 806 433 860 ab
462 805 689 861 adibus.
722 809 833 874 Ego
869 805 1164 873 fremebam
1197 807 1418 874 spiritu,
1451 803 1744 873 indignans
1776 802 2060 857 turbulen-

366 896 580 950 tissima
612 895 1009 964 indignatione,
1040 893 1185 963 quod
1213 908 1317 947 non
1348 895 1479 947 irem
1508 896 1565 946 in
1589 894 1855 962 placitum
1882 896 1931 946 et
1954 906 2059 961 pa_-

358 987 501 1037 ctum
546 988 734 1049 tecum,
778 986 917 1037 Deus
962 996 1129 1047 meus,
1179 983 1239 1035 in
1280 980 1425 1049 quod
1470 981 1705 1035 eundum
1742 995 1852 1035 esse
1882 981 2062 1035 omnia

359 1086 479 1127 ossa
507 1086 624 1125 mea
644 1070 970 1136 clamabant,
998 1073 1049 1123 et
1070 1071 1123 1123 in
1153 1071 1339 1124 calum
1365 1070 1618 1124 tollebant
1649 1069 1969 1123 laudibus...
2002 1070 2063 1123 Si

360 1160 505 1214 vulsi
548 1159 829 1229 capillum,
861 1160 912 1212 si
938 1159 1186 1228 percussi
1212 1160 1466 1226 frontem,
1500 1160 1549 1212 si
1585 1160 1842 1212 consertis
1873 1157 2062 1223 digitis

362 1249 704 1318 amplexatus
747 1262 863 1301 sum
907 1262 1081 1315 genu;
1131 1250 1264 1316 quia
1310 1249 1457 1301 volui
1498 1249 1625 1313 feci.
1673 1247 1836 1300 Potui
1885 1250 2063 1300 autem

358 1337 491 1391 velle
536 1340 586 1391 et
614 1351 719 1390 non
749 1337 947 1401 facere,
988 1337 1038 1388 si
1066 1335 1340 1389 mobilitas
1370 1334 1723 1389 membrorum
1768 1349 1874 1387 non
1922 1334 2063 1388 obse-

363 1428 635 1494 queretur.
670 1426 802 1478 Tam
843 1424 1013 1477 multa
1049 1438 1172 1490 ergo
1200 1425 1327 1492 feci,
1367 1424 1462 1476 ubi
1501 1439 1607 1477 non
1657 1423 1751 1476 hoc
1792 1426 1910 1477 erat
1934 1423 2064 1476 velle

367 1511 518 1580 quod
552 1526 707 1581 posse
753 1516 850 1565 :et
894 1527 1003 1565 non
1032 1512 1301 1579 faciebam
1359 1511 1504 1581 quod
1550 1515 1600 1565 et
1650 1511 2067 1581 incomparabili

368 1600 568 1668 affectu
598 1600 832 1670 amplius
861 1601 999 1654 mihi
1014 1600 1283 1669 placebat,
1307 1606 1356 1655 et
1383 1616 1507 1655 mox
1538 1605 1596 1654 ut
1617 1601 1800 1654 vellem
1823 1615 2060 1669 possem;

364 1690 497 1759 quia
522 1704 649 1743 mox
687 1693 746 1742 ut
775 1689 979 1755 vellem,
1010 1690 1197 1757 utique
1221 1690 1432 1745 vellem.
1465 1689 1549 1744 lbi
1576 1691 1716 1742 enim
1745 1689 1984 1754 facultas
2004 1702 2066 1740 ea

361 1792 480 1847 que
515 1778 781 1843 volunlas,
829 1781 879 1831 et
925 1778 1105 1846 ipsum
1153 1778 1287 1831 velle
1325 1780 1448 1847 jam
1485 1779 1665 1846 facere
1711 1782 1826 1830 erat
1882 1776 2064 1847 (Ibid,

366 1881 487 1935 cap.
542 1869 596 1931 7,
645 1880 700 1918 η.
760 1866 861 1930 18;
914 1880 1033 1933 cap.
1072 1867 1127 1927 8,
1175 1880 1269 1918 nn.
1336 1868 1421 1931 19,
1469 1865 1578 1935 20).
1612 1864 1801 1920 Multis
1856 1864 2062 1917 deinde

364 1954 531 2008 docet
557 1968 813 2024 pugnam
869 1951 927 2006 in
957 1952 1208 2006 hominis
1255 1953 1327 2008 ad
1359 1955 1538 2007 Deum
1564 1953 1774 2019 redire,
1826 1952 2064 2024 cupien-

362 2041 435 2095 tis
467 2042 755 2096 voluntate
784 2040 920 2095 inde
947 2040 1104 2108 oriri,
1146 2041 1300 2112 quod
1331 2043 1591 2096 voluntas
1621 2059 1652 2096 a
1682 2058 1739 2096 se
1783 2041 1908 2112 ipsa
1950 2040 2065 2096 dis-

364 2129 579 2199 sidens,
620 2130 793 2201 plena
844 2145 959 2184 non
1008 2128 1080 2184 sit
1106 2129 1166 2183 in
1209 2146 1275 2184 eo
1322 2130 1472 2202 quod
1504 2130 1782 2202 imperat;
1827 2145 1942 2185 non
1972 2147 2069 2185 au-

363 2221 480 2272 tem
510 2218 662 2290 quod
694 2218 938 2273 duarum
986 2219 1267 2274 mentium
1312 2219 1440 2273 duae
1488 2219 1603 2273 sint
1649 2223 1869 2274 natura:
1918 2218 2064 2274 invi-

365 2322 487 2362 cem
519 2306 837 2374 contrarias,
878 2312 942 2361 ut
961 2307 1100 2362 falso
1146 2308 1471 2363 asserebant
1522 2307 1832 2363 Manicbeei.
1877 2308 2071 2363 Refert

375 2400 575 2469 postea
600 2395 889 2467 quomodo
920 2395 1054 2449 hinc
1077 2397 1396 2466 voluptates
1418 2396 1660 2467 turpiter
1680 2395 2069 2451 lenocinantes

377 2490 741 2541 cunctantem
770 2486 1167 2553 retardabant;
1220 2486 1375 2541 illinc
1406 2491 1597 2540 autem
1637 2490 1790 2541 casta
1818 2486 2066 2558 dignitas

366 2573 737 2629 continentia:
775 2574 1012 2629 honeste
1053 2575 1355 2629 blandiens
1386 2575 1731 2641 attraheret;
1771 2591 1898 2629 cum
1931 2575 2071 2630 inte-

369 2661 482 2716 rim
527 2662 765 2734 Alypius
806 2662 929 2734 ejus
977 2663 1138 2718 lateri
1189 2663 1408 2732 afﬁxus,
1455 2668 1573 2718 tam
1620 2662 1831 2718 insoliti
1880 2668 2070 2719 motus

369 2749 585 2806 exitum
614 2750 816 2807 tacitus
841 2751 1224 2822 opperiretur.

442 2843 495 2894 5.
552 2839 662 2895 Sed
707 2840 943 2895 tandem
986 2839 1368 2895 conversionis
1420 2856 1537 2895 suae
1592 2839 1931 2897 miraculum
1980 2842 2071 2897 his

367 2927 553 2984 verbis
582 2929 817 3000 exponit
849 2945 864 2983 :
917 2929 1020 2985 Ubi
1043 2946 1165 2984 vero
1194 2946 1228 2983 a
1257 2929 1431 2997 fundo
1460 2947 1659 2985 arcano
1696 2932 1811 2986 alta
1836 2933 2073 2987 conside-

367 3021 510 3075 ratio
556 3022 855 3087 eontraxit,
895 3024 946 3074 et
983 3022 1245 3089 congessit
1293 3024 1458 3075 totum
1500 3023 1776 3077 miseriam
1814 3038 1986 3077 meam
2014 3024 2072 3077 in

370 3113 706 3177 conspectum
744 3107 921 3162 cordis
957 3110 1079 3176 mei,
1123 3108 1309 3163 oborta
1352 3114 1429 3164 est
1475 3112 1712 3180 procella
1740 3113 1950 3180 ingens,
1981 3113 2072 3178 fe-

375 3209 499 3249 rens
528 3196 795 3261 ingentem
821 3195 1046 3250 imbrem
1079 3196 1462 3264 lacrymarum.
1502 3200 1573 3253 Et
1600 3202 1660 3252 ut
1691 3202 1859 3253 totum
1884 3199 2071 3267 e/fun-

375 3283 555 3338 derem
596 3298 715 3338 cum
756 3284 974 3339 vocibus
1015 3283 1150 3351 suis,
1210 3287 1428 3340 sum-eri
1465 3286 1532 3339 ab
1569 3287 1791 3356 Alypio.
1826 3287 2071 3342 Solitudo

372 3372 512 3427 mihi
548 3371 623 3426 ad
652 3374 925 3441 negotium
952 3373 1120 3441 ﬂendi
1148 3376 1328 3443 aptior
1355 3374 1771 3441 suggerebatur;
1804 3379 1853 3428 et
1882 3376 2073 3429 secessi

369 3463 644 3529 remotius,
688 3476 853 3530 quam
890 3466 951 3517 ut
974 3467 1156 3532 posset
1198 3464 1338 3518 mihi
1364 3478 1586 3517 onerosa
1625 3478 1736 3517 esse
1763 3466 1925 3518 etiam
1953 3465 2071 3533 ejus

369 3551 678 3621 praesentia.
708 3551 796 3606 Sic
817 3554 941 3605 tunc
963 3567 1129 3618 eram,
1161 3555 1211 3605 et
1232 3552 1322 3606 ille
1344 3553 1509 3607 sensit
1533 3568 1546 3607 :
1578 3553 1753 3607 nescio
1776 3552 1912 3621 quid
1930 3554 2071 3607 enim

365 3643 499 3710 puto
538 3638 811 3706 dieeram,
844 3641 902 3694 in
942 3657 1045 3710 quo
1083 3639 1385 3710 apparebat
1422 3656 1583 3696 sonus
1627 3643 1769 3697 vocis
1794 3658 1919 3697 mea:
1949 3643 2071 3711 jam

367 3728 500 3790 ﬂetu
524 3728 809 3795 gravidus,
851 3732 901 3783 et
939 3730 1018 3783 sic
1054 3744 1421 3785 surrexeram.
1472 3731 1676 3786 Mansit
1706 3747 1830 3798 ergo
1860 3731 1950 3785 ille
1979 3731 2076 3785 ubi

368 3816 703 3882 sedebamus,
749 3817 915 3870 nimie
943 3820 1184 3885 stupens.
1216 3819 1330 3886 Ego
1362 3818 1458 3872 sub
1499 3818 1738 3888 quadam
1766 3820 1858 3886 fici
1881 3819 2073 3874 arbore

368 3906 548 3960 stravi
574 3919 677 3970 me,
707 3905 884 3958 nescio
916 3905 1197 3972 quomodo,
1231 3910 1281 3960 et
1308 3906 1495 3961 dimisi
1522 3907 1757 3960 habenas
1789 3907 2068 3978 lacrymis,

369 3997 420 4049 et
452 3995 822 4063 proruperunt
864 3995 1092 4061 ﬂumina
1129 3993 1401 4048 oculorum
1448 4010 1696 4057 meorum,
1745 3997 2072 4065 arceptabile

368 4082 699 4151 sacriﬁcium
725 4084 898 4135 tuum.
930 4084 1002 4136 Et
1028 4096 1136 4136 non
1166 4082 1383 4150 quidem
1414 4083 1499 4137 his
1526 4084 1722 4151 verbis,
1748 4084 1842 4138 sed
1874 4086 1933 4139 in
1970 4086 2070 4139 hac

367 4172 653 4239 srntentia,
685 4168 862 4225 multa
906 4168 1032 4223 dimi
1072 4169 1174 4223 tibi
1220 4185 1234 4223 :
1266 4173 1334 4225 Et
1375 4175 1452 4237 tu,
1480 4174 1719 4239 Domine,
1745 4188 2019 4244 usquequo
2041 4179 2069 4230 ἶ)

368 4273 664 4330 usquequo,
693 4260 934 4325 Domine,
967 4260 1223 4312 irasceris
1254 4260 1312 4313 in
1339 4258 1502 4331 ﬁnem
1523 4261 1551 4316 ?
1583 4277 1649 4316 ne
1670 4277 1868 4317 memor
1893 4265 2070 4330 fueris

369 4351 728 4419 iniquitatum
752 4352 1065 4403 nostrarum
1093 4349 1464 4417 antiquarum.
1493 4351 1795 4405 Sentiebam
1825 4353 1965 4406 enim
1993 4354 2069 4406 eis

369 4452 452 4491 me
479 4438 669 4503 teneri,
694 4436 977 4505 jactabam
995 4449 1144 4489 voces
1170 4437 1498 4492 miserabiles
1524 4453 1538 4491 :
1563 4438 1852 4506 Quamdiu,
1885 4456 2073 4509 quam-

368 4524 469 4581 diu
506 4540 626 4580 cras
668 4528 719 4579 et
748 4526 911 4579 cras?
938 4524 1116 4591 Quare
1143 4540 1249 4579 non
1282 4525 1456 4587 modo,
1488 4541 1657 4596 quare
1680 4542 1786 4582 non
1809 4529 1908 4583 hac
1937 4531 2069 4584 hora

366 4616 494 4685 ﬁnis
521 4614 880 4684 turpitudinis
908 4614 1078 4671 meai?
1108 4614 1359 4669 Dicebam
1389 4614 1517 4683 haec,
1546 4618 1598 4669 et
1624 4615 1816 4683 flebam
1842 4616 2071 4672 amaris-

367 4704 509 4758 sima
533 4704 853 4759 contritione
866 4704 1043 4759 cordis
1068 4704 1191 4758 mei.
1216 4706 1288 4759 Et
1304 4719 1417 4758 ecce
1440 4703 1605 4758 audio
1623 4719 1799 4759 vocem
1810 4704 1875 4760 de
1893 4708 2069 4760 vicina

368 4789 525 4847 domo
564 4807 685 4847 cum
735 4796 898 4848 cantu
933 4792 1180 4861 dicentis,
1231 4797 1282 4848 et
1327 4792 1510 4848 crebro
1550 4796 1859 4863 repetentis,
1910 4797 2071 4864 quasi

365 4881 527 4952 pueri
552 4896 626 4935 an
668 4881 882 4950 puellae,
924 4884 1100 4937 nescio
1133 4898 1146 4937 :
1183 4883 1347 4953 Tolle,
1378 4883 1527 4952 lege;
1566 4883 1707 4949 tolle,
1759 4883 1893 4951 lege.
1942 4885 2068 4940 Sta-

374 4969 581 5038 timque
594 4972 801 5024 mutato
820 4969 994 5037 vultu,
1012 4971 1405 5027 intentissimas
1434 4973 1673 5041 cogitare
1695 4974 1846 5043 ccepi,
1871 4977 2072 5028 utrum-

370 5073 501 5114 nam
544 5058 774 5114 solerent
810 5060 974 5129 pueri
1010 5060 1069 5113 in
1108 5061 1293 5129 aliquo
1335 5077 1523 5131 genere
1552 5061 1777 5117 ludendi
1802 5065 2072 5117 cantitare

374 5150 483 5203 tale
502 5147 717 5218 aliquid
734 5163 748 5215 ;
768 5162 864 5202 nec
877 5148 1187 5203 occurrebat
1204 5152 1417 5206 omnino
1438 5150 1714 5206 audivisse
1736 5167 1815 5205 me
1829 5155 2065 5221 uspiam.

366 5237 731 5307 Repressoque
749 5238 952 5306 impetu
973 5237 1356 5307 lacrymarum,
1376 5242 1613 5308 surremi,
1638 5241 1780 5296 nihil
1804 5241 1963 5295 atiud
1988 5242 2069 5295 in-

370 5328 693 5394 terpretans,
725 5327 837 5381 nisi
860 5325 1124 5381 divinitus
1152 5328 1289 5381 mihi
1309 5328 1515 5397 juberi,
1547 5334 1608 5384 ut
1629 5332 1895 5400 aperirem
1925 5330 2069 5384 codi-

367 5426 496 5477 cem,
545 5418 596 5468 et
644 5415 869 5481 legerem
906 5413 1053 5485 quod
1095 5418 1338 5485 primum
1363 5422 1527 5486 caput
1554 5419 1903 5475 invenissem.
1942 5420 2067 5473 Au-

368 5500 578 5557 dieram
624 5505 767 5559 enim
794 5504 861 5559 de
899 5504 1158 5572 Antonio,
1192 5505 1338 5575 quod
1385 5521 1450 5560 ea:
1481 5509 1792 5576 evtmgelica
1824 5509 2064 5577 lectione,

1559 239 1719 292 VITA
1775 237 1838 292 S.
1887 232 2260 291 AUGUSTINI
2319 229 2651 286 EPISCOPI.

3759 221 3860 274 116

2166 356 2256 407 cui
2296 355 2439 420 forte
2482 352 2879 421 supervenerat,
2911 347 3217 401 admonitus
3244 344 3413 411 fuerit
3458 346 3718 412 tanquam
3760 339 3872 395 sibi

2166 442 2434 496 diceretur
2453 439 2597 510 quod
2611 438 2903 506 legebatur,
2925 453 2953 487 α
2979 434 3146 501 Vade,
3164 433 3332 487 vende
3348 432 3529 486 omnia
3547 445 3665 499 qua
3684 429 3864 496 habes,

2166 535 2215 585 et
2227 531 2300 584 da
2321 528 2684 600 pauperibus;
2707 535 2758 580 et
2786 525 3006 580 habebis
3037 524 3349 578 thesaurum
3386 523 3445 575 in
3465 520 3606 574 cretis
3628 523 3711 573 :et
3724 520 3865 585 veni,

2165 635 2383 691 sequere
2422 634 2504 672 me
2538 640 2558 665 ι
2610 617 2820 688 (Matth.
2868 630 2979 680 XIX,
3024 613 3142 682 2t);
3200 616 3251 666 et
3280 612 3381 665 tali
3416 609 3631 664 oraculo
3681 609 3870 674 confe-

2166 712 2294 764 stim
2322 708 2396 762 ad
2426 712 2474 763 te
2502 722 2611 761 esse
2639 718 2967 760 conversum.
3002 704 3191 772 Itaque
3215 702 3452 756 concitus
3480 697 3624 752 redii
3648 696 3723 751 ad
3750 711 3872 750 eum

2168 798 2356 866 locum,
2381 797 2477 851 ubi
2501 795 2718 851 sedebat
2744 793 2983 863 Alypius
3013 807 3027 846 :
3059 791 3140 845 ibi
3163 792 3304 845 enim
3328 803 3611 859 posueram
3640 785 3872 841 codicem

2167 887 2437 957 Apostoli,
2469 901 2589 941 cum
2615 883 2741 939 inde
2764 897 3129 938 surrexeram.
3162 880 3422 949 Arripui,
3453 878 3663 948 aperui,
3687 879 3737 929 et
3765 876 3874 941 legi

2168 978 2226 1031 in
2255 977 2468 1031 silentio
2509 974 2830 1045 capitulum,
2887 987 2991 1042 quo
3025 971 3268 1041 primum
3305 967 3533 1037 coniecti
3570 969 3696 1020 sunt
3732 966 3876 1019 oculi

2169 1068 2273 1119 mei
2306 1082 2318 1120 :
2372 1087 2393 1114 ι
2442 1066 2560 1122 Νοη
2590 1065 2649 1118 in
2694 1059 3164 1117 comessationibus
3202 1064 3253 1113 et
3281 1055 3647 1121 ebrietatibus,
3679 1068 3784 1108 non
3811 1055 3874 1106 in

2170 1154 2432 1209 cubilibus
2480 1158 2529 1208 et
2572 1152 2952 1223 impudicitiis,
2997 1164 3104 1204 non
3141 1149 3200 1203 in
3231 1146 3561 1201 contentione
3600 1148 3651 1197 et
3699 1156 3874 1196 emu-

2171 1244 2395 1308 latione;
2449 1243 2544 1297 sed
2597 1241 2807 1296 induite
2862 1241 3147 1296 Dominum
3203 1239 3383 1291 .lesum
3440 1233 3719 1287 Christum
3748 1270 3763 1296 ,
3822 1234 3873 1283 et

2170 1335 2351 1388 carnis
2396 1332 2798 1402 providentiam
2847 1345 2913 1384 ne
2965 1327 3203 1395 feceritis
3242 1327 3299 1379 in
3353 1321 3799 1392 concupiscentiis
3841 1336 3871 1369 ιι

2174 1423 2341 1493 (Rom.
2390 1438 2508 1487 xui,
2576 1424 2660 1486 l3,
2708 1420 2813 1489 14).
2864 1420 2966 1473 Nec
3012 1418 3162 1470 ultra
3190 1415 3339 1469 volui
3380 1413 3569 1481 legere,
3618 1424 3711 1463 nec
3739 1422 3874 1479 opus

2172 1516 2307 1566 erat.
2345 1508 2542 1566 Statim
2590 1510 2790 1578 quippe
2833 1522 2951 1561 cum
2979 1508 3082 1575 ﬁne
3128 1504 3349 1573 hujusce
3389 1502 3679 1565 sententiae,
3712 1499 3877 1567 quasi

2172 1601 2286 1654 luce
2338 1601 2647 1653 securitatis
2692 1598 2883 1664 infusa
2932 1593 3086 1650 cordi
3129 1608 3261 1659 meo,
3293 1605 3470 1646 omnes
3516 1587 3874 1644 dubitationis

2174 1687 2397 1742 tenebrae
2426 1686 2781 1755 diffugerunt.
2813 1687 2945 1739 Tum
2971 1682 3247 1752 interjecto
3260 1684 3356 1735 aut
3376 1679 3679 1746 digito,aut
3700 1676 3877 1729 nescio

2175 1792 2278 1844 quo
2307 1776 2416 1829 alio
2445 1778 2619 1845 signo,
2667 1775 2897 1829 codicem
2926 1774 3116 1839 clausi,
3160 1774 3211 1825 et
3258 1770 3554 1839 tranquillo
3571 1768 3696 1837 jam
3723 1765 3877 1819 vultu

2174 1864 2416 1918 iudicavi
2457 1864 2680 1934 Alypio.
2722 1865 2799 1919 At
2851 1864 2943 1917 ille
2967 1861 3101 1931 quid
3130 1863 3188 1915 in
3232 1875 3287 1914 se
3309 1862 3579 1927 ageretur,
3611 1854 3757 1924 quod
3783 1868 3877 1920 ego

2174 1952 2489 2018 nesciebam,
2544 1955 2620 2007 sic
2664 1952 2934 2006 indicavit
2983 1951 3169 2005 :Pelit
3210 1947 3391 2003 videre
3420 1945 3558 2015 quid
3585 1946 3872 2011 legissem:

2175 2041 2413 2107 ostendi;
2444 2046 2495 2096 et
2535 2041 2772 2095 attendit
2817 2042 2980 2094 etiam
3021 2038 3173 2092 ultra
3203 2052 3371 2105 quam
3416 2050 3510 2102 ego
3540 2035 3795 2103 legeram,
3827 2036 3878 2087 et

2175 2130 2494 2197 ignorabam
2516 2129 2650 2199 quid
2671 2134 2998 2197 sequeretur.
3028 2126 3361 2195 Sequebatur
3374 2139 3495 2178 vero
3518 2140 3532 2177 :
3554 2144 3575 2171 ι
3591 2125 3873 2191 Inﬁrmum

2177 2224 2354 2273 autem
2383 2222 2441 2273 in
2466 2219 2573 2288 ﬁde
2614 2220 2836 2288 recipite
2873 2236 2898 2268 ι)
2947 2219 3113 2287 (Rom.
3148 2231 3259 2282 xxv,
3312 2213 3381 2283 1).
3411 2212 3567 2279 Quod
3593 2213 3683 2267 ille
3712 2210 3788 2265 ad
3823 2225 3877 2264 se

2175 2310 2381 2375 retulit,
2415 2309 2654 2377 mihique
2701 2309 2935 2378 aperuit.
2980 2305 3087 2362 Sed
3116 2305 3218 2359 tali
3244 2303 3606 2357 admonitione
3626 2303 3876 2369 ﬁrmatus

2177 2403 2276 2467 est,
2320 2398 2629 2468 placitoque
2685 2413 2748 2452 ac
2797 2397 3072 2466 proposito
3123 2394 3254 2447 bono
3308 2396 3359 2445 et
3395 2391 3876 2459 congruentissima

2177 2490 2292 2542 suis
2320 2486 2578 2554 moribus,
2609 2486 2801 2556 quibus
2826 2501 2860 2540 a
2887 2500 2969 2539 me
2991 2486 3057 2540 in
3086 2481 3278 2538 melius
3292 2481 3413 2551 jam
3435 2481 3563 2535 olim
3586 2478 3748 2533 valde
3775 2479 3879 2532 lon-

2178 2592 2346 2647 geque
2388 2576 2650 2640 distabat,
2700 2577 2813 2630 sine
2842 2575 2956 2630 ulla
3003 2572 3314 2628 turbulenta
3364 2570 3702 2625 cunctatione
3748 2582 3877 2621 con-

2172 2666 2396 2736 junctus
2435 2669 2537 2720 est.
2577 2664 2710 2720 Inde
2737 2663 2812 2718 ad
2848 2666 3073 2717 matrem
3117 2659 3458 2729 ingredimur
3499 2673 3513 2712 :
3547 2656 3875 2723 indicamus,

2179 2755 2398 2823 gaudet.
2443 2756 2743 2810 Narramus
2790 2750 3238 2823 quemadmodum
3273 2753 3480 2817 gestum
3506 2749 3600 2813 sit,
3642 2747 3878 2801 exsultat

2179 2849 2230 2898 et
2277 2846 2612 2913 triumphat;
2661 2846 2711 2897 et
2752 2840 3091 2896 benedicebat
3134 2838 3252 2905 tibi,
3302 2839 3398 2907 qui
3438 2842 3627 2907 potens
3653 2850 3708 2889 es
3733 2835 3879 2889 ultra

2181 2949 2345 3002 quam
2384 2935 2618 3003 petimus
2648 2935 2744 2986 aut
2772 2931 3126 2998 intelligimus
3164 2930 3364 2996 facere,
3402 2928 3534 2996 quia
3579 2929 3733 2979 tanto
3762 2939 3878 2978 am-

2176 3024 2326 3093 plius
2368 3022 2475 3076 sibi
2520 3026 2633 3076 ate
2675 3034 2977 3075 concessum
3024 3018 3089 3073 de
3118 3032 3199 3071 me
3242 3015 3481 3082 videbat,
3511 3030 3674 3084 quam
3699 3018 3879 3084 petere

2178 3111 2380 3166 solebat
2416 3109 2814 3165 miserabilibus
2842 3108 3209 3177 ﬂebilibusque
3228 3104 3533 3173 gemitibus.
3557 3104 3879 3160 Convertisti

2179 3202 2320 3255 enim
2362 3215 2445 3254 me
2468 3199 2542 3253 ad
2572 3203 2641 3267 te,
2685 3202 2745 3252 ut
2782 3213 2874 3251 nec
2911 3211 3132 3250 umorem
3175 3208 3484 3262 quaererem,
3515 3207 3610 3246 nec
3636 3192 3879 3262 aliquam

2178 3304 2325 3358 spem
2346 3289 2529 3343 saeculi
2557 3286 2788 3355 hujus...
2813 3284 3073 3353 (Con/ess.
3106 3283 3201 3337 lib.
3234 3285 3286 3348 8,
3318 3296 3440 3350 cap.
3476 3284 3560 3347 t2,
3588 3295 3647 3333 η.
3679 3280 3875 3345 28-30).

2179 3374 2349 3440 Quam
2379 3386 2543 3426 suave
2569 3371 2705 3423 mihi
2729 3370 2906 3423 subito
2936 3369 3145 3434 factum
3190 3370 3267 3420 est
3296 3380 3477 3419 carere
3512 3363 3879 3418 suavitatibus

2179 3462 2479 3530 nugarum!
2510 3464 2557 3513 et
2583 3473 2719 3529 quas
2748 3461 2994 3511 (ιηιίειρνρ
3030 3460 3200 3509 metus
3230 3456 3433 3521 fuerat,
3458 3453 3577 3523 jam
3608 3452 3882 3507 dimittere

2179 3550 2439 3619 gaudium
2459 3554 2594 3603 erat.
2618 3548 2891 3617 Ejiciebas
2910 3547 3047 3600 enim
3072 3559 3160 3600 eas
3186 3560 3221 3597 a
3235 3559 3336 3610 me,
3368 3558 3497 3597 vera
3517 3546 3575 3596 tu
3595 3546 3645 3596 et
3664 3557 3881 3596 summa

2178 3642 2462 3705 suavitas;
2505 3637 2776 3707 ejiciebas,
2822 3639 2873 3690 et
2909 3634 3158 3690 intrabas
3188 3649 3285 3703 pro
3329 3634 3404 3688 eis
3433 3633 3578 3687 omni
3607 3632 3882 3702 voluptate

2179 3729 2389 3783 dulcior
2420 3726 2603 3798 (lbid.,
2635 3726 2729 3781 lib.
2759 3728 2812 3793 9,
2837 3740 2955 3794 cap.
2993 3727 3043 3794 1,
3073 3740 3134 3779 n.
3181 3722 3247 3791 1).

2851 3849 3078 3905 CAPUT
3119 3849 3209 3903 VI.

2183 3965 2201 4017 l
2242 3961 2419 4028 Quare
2447 3960 2754 4029 magisterii
2780 3960 2868 4014 sui
2889 3973 3022 4013 onus
3047 3973 3153 4012 non
3181 3960 3306 4011 ante
3336 3954 3688 4010 vindemiales
3710 3956 3883 4022 ferias

2243 4066 2413 4121 prope
2457 4052 2718 4105 instantes
2748 4047 2993 4118 abjieiat.
3026 4051 3060 4102 2
3104 4049 3169 4102 In
3216 4045 3514 4102 Verecundi
3538 4045 3728 4099 villam
3766 4060 3883 4098 cum

2247 4141 2436 4195 amicis
2455 4138 2674 4195 secedit.

2253 4267 2301 4318 1.
2338 4261 2445 4317 Uni
2485 4262 2605 4333 jam
2638 4262 2751 4316 Deo
2792 4260 2980 4317 vivere
3011 4260 3260 4333 gestiens
3287 4258 3640 4332 Augustinus
3665 4258 3880 4313 facien-

2179 4352 2316 4408 dum
2346 4350 2456 4406 sibi
2481 4350 2701 4423 putavit
2721 4367 2894 4423 quam
2916 4350 3190 4423 primum,
3223 4354 3289 4405 ut
3313 4349 3557 4422 publica:
3577 4347 3883 4419 professio-

2176 4441 2267 4497 nis
2310 4457 2452 4496 onus
2504 4444 2769 4513 poneret.
2808 4441 3017 4495 Verum
3063 4439 3133 4494 ad
3163 4439 3221 4494 id
3265 4437 3639 4493 Vindemiales
3683 4436 3880 4502 ferias,

2177 4547 2305 4602 qum
2335 4533 2655 4602 opportune
2681 4527 3084 4594 imminebant,
3113 4527 3365 4599 opperiri
3385 4526 3569 4581 visum
3588 4530 3695 4591 est,
3727 4524 3881 4597 quod

2176 4635 2295 4674 non
2321 4620 2517 4691 plures
2540 4633 2715 4691 quam
2742 4616 2951 4689 viginti
2978 4615 3205 4671 circiter
3224 4616 3344 4671 dies
3365 4615 3435 4671 ad
3456 4631 3551 4670 eas
3568 4629 3754 4686 usque
3784 4630 3883 4668 su-

2177 4713 2487 4780 peressent,
2520 4707 2729 4779 quibus
2750 4706 2956 4778 elapsis
2966 4706 3088 4778 jam
3111 4704 3351 4761 solemni
3379 4720 3540 4760 more
3566 4702 3886 4759 abscedens

2179 4797 2444 4853 nuntium
2464 4795 2763 4851 rhetoricas
2784 4795 3112 4867 magisterio
3135 4794 3258 4850 sine
3279 4794 3519 4865 strepitu
3536 4792 3882 4848 remitteret.

2180 4885 2324 4951 Quin
2370 4886 2551 4951 etiam,
2601 4883 2790 4955 inquit
2838 4883 2980 4955 ipse,
3033 4883 3179 4952 quod
3222 4885 3348 4953 ipsa
3388 4886 3573 4938 aestate
3612 4882 3885 4936 litterario

2178 4973 2352 5029 labori
2388 4975 2556 5028 nimio
2598 4973 2782 5044 pulmo
2820 4988 2967 5028 meus
2998 4972 3173 5028 cedere
3211 4976 3460 5043 creperat,
3492 4975 3543 5026 et
3581 4966 3888 5039 difﬁculter

2179 5063 2389 5118 trahere
2408 5064 2672 5133 suspiria,
2691 5062 3071 5132 doloribusque
3080 5064 3313 5132 pectoris
3328 5062 3524 5117 testari
3538 5074 3594 5115 se
3608 5062 3879 5125 saucium,

2174 5167 2454 5221 vocemque
2474 5152 2753 5206 clariorem
2775 5151 3245 5222 productioremve
3270 5165 3538 5216 recusare,
3557 5151 3742 5219 primo
3762 5163 3887 5218 pcr-

2176 5240 2493 5295 turbaverat
2514 5255 2616 5307 me,
2645 5240 2778 5309 quia
2801 5240 3105 5309 magisterii
3132 5240 3280 5295 illius
3308 5239 3582 5293 sarcinam
3602 5252 3741 5306 pene
3756 5239 3885 5307 jam

2174 5331 2487 5384 necessitate
2532 5328 2792 5399 deponere
2837 5329 3090 5397 cogebat;
3125 5331 3221 5383 aut
3248 5329 3299 5383 si
3333 5328 3520 5382 curari
3546 5331 3599 5381 et
3625 5327 3884 5382 convale-

2173 5431 2316 5471 scere
2330 5418 2643 5486 potuissem,
2673 5421 2813 5471 certe
2848 5417 3218 5471 intermittere.
3253 5414 3359 5471 Sed
3382 5414 3478 5469 ubi
3503 5414 3666 5484 plena
3694 5415 3884 5469 volun-

2174 5512 2260 5562 tas
2286 5506 2519 5561 vacandi
2545 5511 2595 5561 ct
2625 5506 2849 5561 videndi
2888 5508 3142 5576 quoniam
3178 5509 3237 5559 tu
3263 5520 3316 5559 es
3356 5506 3634 5571 Dominus,
3691 5504 3882 5559 oborta
