4048 6194
240 136 325 188 H7
1657 135 1870 192 LIBER
1913 135 2303 193 SECUNDUS.

229 256 363 311 mihi
391 260 474 311 est
497 260 659 326 atque
684 257 908 324 ﬁrmata
925 271 938 321 ;
957 257 1118 322 nosti,
1147 259 1286 310 Deus
1312 271 1478 323 meus,
1509 258 1672 312 etiam
1693 257 1930 324 gaudere

227 347 368 414 cepi,
409 346 557 414 quod
604 346 712 400 haec
743 361 955 415 quoque
983 345 1199 400 suberat
1223 361 1328 400 non
1364 346 1601 400 mendax
1628 350 1923 415 emcusatio,

225 451 329 504 qua:
349 436 702 503 offensionem
724 436 1000 489 hominum
1023 439 1359 505 temperaret,
1381 438 1478 504 qui
1490 441 1715 506 propter
1737 438 1927 493 liberos

220 538 328 578 nos
365 540 452 576 me
483 525 713 577 liberum
744 538 854 578 esse
882 539 1163 592 nunquam
1182 524 1426 579 volebant
1458 525 1718 594 (Confess.
1752 527 1846 581 lib.
1873 530 1927 598 9,

218 629 320 682 cap.
355 616 414 678 2,
443 630 506 668 n.
542 614 691 684 2-4).
719 614 784 667 In
805 613 960 667 hunc
987 612 1233 682 pectoris
1261 613 1526 668 morbum
1561 613 1649 668 sui
1680 631 1928 670 secessus

215 717 434 755 elusam
450 701 792 773 refunditin
817 701 1099 773 prioribus
1129 702 1289 757 libris
1319 706 1440 756 tum
1467 720 1500 756 a
1530 719 1588 757 se
1605 703 1845 775 scriptis,
1863 721 1928 759 ea

214 807 329 861 quae
373 791 486 844 sibi
530 792 589 844 in
638 791 805 845 horto
859 795 1184 858 evenerant,
1220 791 1446 846 silentio
1485 793 1929 862 praetermittens

212 881 430 945 (Contra
479 879 854 947 Academicos,
889 881 985 934 lib.
1027 883 1072 947 1,
1106 896 1161 934 n.
1195 882 1261 948 3;
1290 880 1356 934 de
1391 863 1746 949 Beata'Vita,
1773 899 1827 936 n.
1862 884 1924 949 4;

213 969 264 1022 de
293 968 530 1036 Ordine,
578 969 673 1023 lib.
729 972 776 1036 1,
810 985 872 1024 n.
914 969 985 1037 5),
1019 984 1086 1022 ex
1117 969 1314 1023 eadem
1356 969 1509 1024 haud
1541 969 1710 1024 dubie
1749 971 1926 1025 animi

214 1057 508 1124 modestia,
543 1073 659 1128 qua
706 1073 874 1112 suum
905 1057 1259 1129 prepositum
1290 1058 1521 1112 nonnisi
1551 1059 1926 1114 familiarissi-

215 1147 306 1201 mis
334 1146 797 1215 communicare,
828 1151 1000 1218 atque
1029 1145 1247 1200 caeteris
1276 1147 1532 1201 clausum
1563 1151 1757 1202 tenere
1788 1164 1925 1201 con-

214 1237 388 1291 stituit
410 1238 595 1306 (Conf.
612 1237 708 1292 lib.
736 1239 788 1296 9,
813 1253 935 1306 cap.
953 1239 1074 1304 2,n.
1095 1238 1174 1308 2).
1199 1238 1306 1292 Cor
1333 1237 1454 1308 ejus
1477 1241 1561 1291 sat
1582 1238 1692 1292 alte
1714 1232 1926 1292 amoris

212 1325 378 1380 divini
410 1325 643 1396 sagittis
675 1325 968 1380 conﬁxum
999 1331 1138 1392 erat,
1162 1330 1218 1380 et
1248 1325 1443 1396 ignitis
1473 1326 1811 1381 carbonibus
1842 1332 1926 1381 sat

209 1415 382 1468 valide
417 1415 875 1480 communitum,
907 1418 971 1470 ut
1004 1414 1271 1469 subdolas
1311 1431 1509 1469 eorum
1553 1415 1775 1486 linguas
1807 1432 1921 1470 non

205 1503 450 1570 timeret,
480 1503 584 1574 qui
605 1503 794 1574 pravis
823 1519 954 1556 eum
981 1503 1341 1558 sermonibus
1364 1521 1398 1558 a
1415 1504 1710 1575 proposito
1738 1505 1920 1559 deter-

203 1608 319 1646 rere
377 1592 731 1647 voluissent.
797 1593 964 1660 Quid,
1020 1594 1174 1664 quod
1231 1597 1556 1648 sanctorum
1617 1594 1920 1649 hominum

201 1681 488 1752 exempla,
523 1681 736 1752 quibus
783 1681 852 1735 ad
899 1681 1264 1736 serviendum
1316 1684 1428 1736 Deo
1473 1683 1748 1737 excitatus
1780 1687 1918 1749 erat,

199 1777 308 1826 tam
349 1771 628 1826 ardentes
659 1770 713 1825 ei
742 1771 893 1825 faces
938 1771 1336 1842 subjiciebant,
1366 1777 1429 1826 ut
1467 1773 1788 1827 contrarius
1819 1773 1922 1826 ob-

201 1860 566 1914 trectationis
622 1861 794 1913 ﬂatus
851 1876 1147 1914 accensum
1199 1861 1261 1915 in
1312 1862 1433 1932 ejus
1491 1861 1684 1916 animo
1729 1861 1920 1933 ignem

203 1949 384 2026 acrius
416 1949 790 2003 inflammare
838 1953 1045 2020 posset,
1080 1966 1192 2004 non
1224 1951 1592 2022 extinguere?
1623 1953 1832 2005 Verum
1860 1955 1925 2005 ut

202 2037 456 2092 defuturi
482 2054 602 2091 non
625 2041 792 2091 erant
820 2037 974 2102 boni,
1000 2038 1097 2109 qui
1119 2038 1243 2109 ejus
1264 2039 1569 2093 consilium
1591 2040 1918 2095 laudarent:

200 2127 272 2180 sic
297 2126 604 2197 jactantiae
627 2125 813 2180 simile
835 2126 918 2180 illi
943 2126 1255 2193 videbatur,
1280 2127 1327 2182 si
1353 2132 1483 2182 ante
1514 2128 1819 2183 litterarias
1844 2129 1922 2182 fc-

199 2215 324 2276 rias.
362 2231 501 2286 quae
552 2215 921 2284 appetebant,
952 2215 1364 2286 professionem
1392 2217 1733 2272 rhetoricam
1779 2217 1922 2288 abji-

199 2308 377 2370 ceret;
416 2303 623 2358 omnia
654 2303 715 2357 in
745 2319 803 2358 se
853 2319 953 2357 ora
980 2320 1372 2369 conversurus,
1405 2306 1505 2378 qui
1542 2307 1689 2361 hanc
1718 2307 1920 2361 imma-

200 2398 385 2446 turam
419 2391 748 2463 magisterii
778 2392 1196 2448 abdicationem
1217 2395 1585 2450 ostentationi
1607 2396 1797 2466 palam
1816 2394 1920 2448 tri-

198 2481 371 2536 buere
405 2481 758 2552 potuissent.
789 2483 896 2535 Tot
919 2498 1052 2536 vero
1082 2483 1402 2537 temerariis
1424 2484 1653 2554 judiciis
1682 2489 1738 2539 et
1765 2484 1921 2539 falsis

201 2570 573 2625 sermonibus
605 2585 803 2623 ansam
835 2569 990 2636 dare,
1023 2587 1322 2626 causamve
1364 2577 1481 2626 tam
1511 2572 1690 2628 sancti
1731 2573 1922 2643 operis

198 2659 488 2730 arguendi
535 2659 820 2730 praebere,
857 2662 912 2712 et
949 2659 1278 2732 inquirendi
1325 2663 1598 2733 quoniam
1641 2663 1696 2717 id
1729 2663 1920 2717 animo

196 2749 430 2814 faceret,
465 2765 499 2802 a
546 2747 857 2819 prudentia
892 2747 1192 2803 videbatur
1233 2749 1486 2805 alienum
1517 2751 1706 2823 (Ibid.,
1739 2768 1801 2806 n.
1842 2752 1916 2824 3).

199 2838 486 2892 Toleravit
517 2836 698 2907 igitur
723 2836 861 2890 illud
890 2837 1166 2908 temporis
1196 2837 1581 2905 intervallum,
1615 2840 1794 2894 donec
1821 2841 1918 2894 de-

202 2931 488 2992 curreret;
527 2924 684 2996 quod
718 2925 983 2995 exiguum
1016 2925 1168 2992 licet,
1205 2943 1356 2998 aegre
1394 2932 1587 2981 tamen
1618 2929 1904 2983 toleravit.

198 3012 319 3066 lam
367 3012 533 3067 enim
581 3017 894 3067 recesserat
941 3013 1040 3069 illa
1085 3015 1286 3086 glorizn
1333 3016 1635 3086 cupiditas,
1682 3033 1811 3088 quae
1859 3016 1918 3070 in

201 3107 420 3172 partem
475 3101 674 3155 oneris
723 3117 854 3155 cum
899 3119 966 3156 eo
1005 3103 1198 3158 venire
1229 3110 1635 3160 consueverat:
1666 3111 1721 3162 et
1765 3107 1919 3160 solus

204 3191 344 3245 illud
377 3190 669 3245 sustinere
709 3195 959 3256 coactus,
993 3193 1385 3248 succubuisset
1414 3193 1675 3264 ponderi,
1709 3194 1816 3248 nisi
1860 3193 1919 3248 in

202 3279 461 3349 pristina:
495 3279 829 3334 ambitionis
857 3280 1046 3334 locum
1067 3281 1344 3352 patientia
1369 3283 1619 3338 subsidio
1649 3283 1916 3339 venisset.

201 3369 582 3433 Quantumvis
627 3369 942 3439 prudenter
986 3370 1049 3424 in
1095 3371 1202 3425 hoc
1260 3388 1318 3426 se
1377 3372 1606 3443 negotio
1659 3373 1918 3444 gesserit,

205 3473 318 3511 non
350 3459 530 3512 audet
559 3462 754 3512 tamen
785 3459 856 3513 ab
887 3459 1045 3513 omni
1084 3476 1142 3514 se
1173 3461 1341 3531 culpa
1379 3478 1620 3516 vacuum
1649 3478 1918 3527 asserere,

205 3547 354 3617 quod
408 3547 650 3602 firmum
704 3549 822 3602 Deo
866 3548 1148 3604 serviendi
1197 3550 1552 3621 propositum
1603 3552 1919 3621 amplexus,

205 3637 383 3696 adhuc
414 3637 476 3690 in
527 3636 796 3691 cathedra
833 3638 1114 3693 mendacii
1147 3639 1234 3693 vel
1272 3639 1442 3694 breve
1472 3643 1697 3711 tempus
1728 3639 1922 3693 sedere

209 3742 262 3780 se
292 3743 502 3798 passus
529 3726 706 3780 fuerit
735 3727 902 3797 (Ibid.
921 3770 935 3796 ,
965 3745 1019 3783 n.
1055 3728 1133 3800 4).

269 3819 324 3869 2.
352 3817 435 3870 De
468 3815 778 3886 Augustini
806 3816 1104 3888 proposito
1130 3818 1280 3872 bono
1311 3818 1704 3872 macerabatur
1731 3817 1924 3872 anxie-

208 3905 404 3959 tudine
438 3905 809 3959 Verecundus
843 3905 1022 3974 (Ibid,
1058 3923 1180 3976 cap.
1204 3911 1253 3974 3,
1276 3923 1332 3961 n.
1366 3909 1437 3975 5),
1463 3905 1760 3961 familiaris
1780 3907 1921 3977 ejus,

206 3993 336 4047 civis
356 3997 415 4048 et
437 3992 850 4064 grammaticus
873 3993 1310 4048 Mediolanensis
1333 3994 1515 4064 (Ibid,
1539 3995 1632 4048 lib.
1651 3997 1701 4062 8,
1722 4011 1843 4064 cap.
1869 3999 1921 4061 6,

204 4100 254 4136 η.
293 4084 372 4151 l3)
404 4099 418 4148 ;
456 4083 620 4152 cujus
653 4098 783 4135 cum
808 4081 868 4136 in
898 4099 1117 4146 omnes,
1141 4088 1262 4137 tum
1293 4100 1425 4137 vero
1457 4083 1516 4137 in
1538 4083 1923 4154 Augustinum

203 4177 318 4225 erat
348 4170 757 4226 benevolentia
797 4171 1105 4242 singularis
1136 4171 1230 4240 (De
1261 4173 1480 4240 Ordine,
1517 4173 1609 4226 lib.
1651 4176 1699 4239 1,
1731 4189 1792 4226 n.
1833 4173 1880 4242 5)
1910 4202 1922 4240 ε

206 4262 420 4315 scilicet
469 4276 622 4331 aegre
671 4260 984 4315 admodum
1031 4260 1270 4324 ferebat,
1305 4262 1459 4333 quod
1499 4261 1695 4315 multis
1735 4259 1926 4315 szeculi

208 4351 426 4422 laqueis
457 4349 734 4416 irretitus,
762 4366 820 4404 se
841 4354 956 4403 tam
981 4350 1239 4419 jucunda
1269 4350 1536 4404 societate
1566 4366 1745 4421 prope
1771 4349 1925 4404 diem

211 4439 533 4494 orbandum
567 4439 801 4493 videret.
833 4439 1100 4494 Nondum
1132 4438 1474 4493 christianus
1513 4443 1674 4493 erat:
1712 4442 1768 4492 et
1796 4438 1930 4492 licet

205 4543 445 4581 uxorem
469 4527 699 4582 fidelem
723 4527 1074 4596 duxisset,ea
1097 4531 1290 4581 tamen
1313 4525 1627 4581 arctissima
1651 4526 1924 4598 compede

207 4617 275 4670 ab
305 4617 540 4674 itinere.
573 4617 731 4688 quod
760 4616 985 4671 inibant
1013 4617 1204 4684 amici,
1237 4618 1650 4673 retardabatur.
1685 4618 1826 4672 Illud
1857 4617 1928 4671 si-

210 4705 443 4776 quidem
477 4704 589 4759 alia
614 4705 739 4776 lege
766 4705 998 4760 nolebat
1027 4706 1285 4777 aggredi,
1309 4723 1482 4778 quam
1509 4724 1596 4776 ea,
1625 4723 1739 4778 qua
1760 4706 1928 4760 mini-

209 4809 298 4847 me
329 4796 591 4864 poterat;
625 4809 834 4864 nempe
881 4797 944 4848 ut
994 4810 1052 4849 se
1101 4795 1171 4848 ab
1203 4811 1374 4850 uxore
1405 4813 1507 4849 sua
1547 4795 1926 4866 disjungeret,

212 4899 326 4954 quo
368 4881 616 4937 terrenis
647 4881 916 4936 omnibus
954 4881 1204 4936 dimissis
1240 4887 1425 4938 totum
1469 4900 1526 4938 se
1563 4886 1676 4938 Deo
1708 4883 1928 4938 manci—

207 4977 397 5042 paret.
439 4971 804 5041 QuaprOpter
834 4987 965 5026 eum
1013 4972 1368 5041 Augustinus
1399 4977 1453 5027 et
1503 4973 1739 5045 Alypius
1781 4974 1924 5027 sola—

206 5061 440 5130 bantur,
475 5065 534 5114 et
580 5064 646 5115 ut
695 5060 755 5114 in
785 5059 898 5114 vita
927 5061 1234 5133 conjugali,
1271 5078 1386 5133 qua
1416 5061 1743 5133 implicatus
1783 5065 1926 5131 erat,

211 5151 324 5204 Deo
377 5149 643 5218 serviret,
691 5149 1086 5206 hortabantur.
1130 5150 1282 5205 Nihil
1326 5151 1396 5205 de
1441 5151 1754 5206 Verecundi
1795 5168 1927 5222 erga

209 5254 306 5292 eos
335 5237 748 5294 benevolentia
780 5253 993 5293 mceror
1019 5239 1198 5295 animi
1229 5239 1498 5296 detraxit.
1540 5240 1740 5295 Villam
1767 5256 1929 5294 suam

208 5329 590 5385 Cassiciacum
622 5329 706 5384 eis
746 5327 993 5400 benigne
1029 5330 1260 5397 obtulit,
1294 5334 1356 5385 ut
1383 5330 1656 5402 quamdiu
1695 5330 1775 5384 ibi
1807 5347 1929 5384 mo-

208 5425 498 5485 rarentur,
535 5419 593 5474 in
638 5436 707 5474 ea
749 5418 1038 5490 degerent.
1092 5419 1346 5476 Oblatam
1398 5419 1480 5474 illi
1529 5420 1721 5475 sedem
1770 5423 1931 5490 grato

3589 144 3741 196 .Il8

2040 257 2230 312 animo
2261 263 2648 331 susceperunt.
2684 260 2823 314 Hinc
2866 259 3219 332 Augustinus
3249 260 3308 314 in
3339 277 3404 316 ea
3435 261 3569 315 villa
3598 262 3738 317 resi-

2041 347 2200 415 dens,
2229 365 2331 420 per
2345 349 2540 420 jocum
2571 348 2728 415 dixit,
2753 366 2810 403 se
2829 349 3115 404 incuriose
3145 353 3209 404 ut
3235 350 3741 420 grammaticorum

2039 437 2244 494 verbis.
2294 437 2392 508 qui
2438 454 2527 491 res
2571 454 2700 491 suas
2746 437 2857 508 ipsi
2897 437 2968 491 ad
3011 438 3289 492 utendum
3329 438 3615 493 dedissent
3645 441 3744 506 (De

2037 529 2205 582 Beata
2243 529 2392 596 Vita,
2421 544 2474 581 n.
2512 526 2622 597 3|).
2652 527 2930 582 Retribues
2961 529 3065 593 illi,
3098 530 3338 594 Domine,
3373 527 3453 581 ait
3479 525 3745 599 Augusti-

2039 631 2164 682 nus,
2196 617 2252 669 in
2279 619 2663 670 resurrectione
2693 617 2985 685 justorum,
3021 619 3152 686 quia
3180 617 3304 684 jam
3343 619 3518 686 ipsam
3545 620 3740 672 sortem

2037 706 2338 760 retribuisti
2364 708 2430 759 ei.
2465 707 2720 772 Quamvis
2753 708 2891 760 enim
2929 707 3237 760 absentibus
3275 707 3448 774 nobis,
3480 722 3598 760 cum
3629 708 3739 761 Ito-

2037 811 2136 848 mw
2163 796 2285 864 jam
2326 810 2575 854 essemus.
2609 795 2878 863 corporali
2915 795 3238 861 aegritudine
3264 798 3558 863 correptus,
3594 797 3644 848 et
3681 795 3740 848 in

2037 899 2098 936 ea
2119 885 2447 937 Christianus
2469 888 2516 937 et
2537 882 2717 958 ﬁdelis
2747 885 2949 949 factus,
2976 899 3042 936 ea:
3062 885 3161 936 hac
3182 885 3298 936 vita
3315 885 3599 950 emigravit
3624 899 3636 936 :
3660 885 3742 937 ita

2036 974 2286 1026 misertus
2326 988 2378 1026 es
2422 988 2527 1026 non
2555 973 2724 1026 solum
2756 973 2892 1040 ejus,
2925 972 3019 1026 sed
3057 974 3220 1025 etiam
3250 971 3442 1037 nostri,
3494 988 3559 1025 ne
3587 973 3739 1039 cogi-

2037 1066 2210 1115 tantes
2243 1063 2513 1127 egregiam
2561 1076 2690 1128 erga
2735 1076 2828 1115 nos
2863 1062 3026 1114 amici
3055 1061 3464 1125 humanitatem,
3499 1076 3591 1114 nec
3620 1076 3740 1115 eum

2036 1152 2094 1203 in
2113 1165 2270 1217 grege
2295 1155 2384 1204 tuo
2403 1153 2767 1216 numerantes,
2792 1149 2973 1203 dolore
3002 1150 3333 1203 intolerabili
3352 1151 3736 1203 cruciaremur.

2037 1239 2258 1294 Gratias
2288 1239 2406 1306 tibi,
2443 1241 2581 1292 Deus
2614 1242 2809 1303 noster,
2842 1239 2923 1291 tui
2949 1253 3162 1302 sumus;
3199 1237 3447 1292 indicant
3487 1239 3739 1292 hortatio-

2034 1343 2124 1382 nes
2155 1333 2205 1381 et
2224 1329 2605 1382 consolationes
2638 1331 2740 1380 tua:
2764 1342 2777 1379 :
2801 1325 2979 1396 ﬁdelis
2999 1328 3312 1395 promissor,
3345 1326 3534 1380 reddes
3571 1328 3738 1381 Vere-

2030 1417 2221 1482 cundo,
2252 1433 2351 1486 pro
2377 1433 2502 1470 rure
2523 1417 2614 1471 illo
2643 1417 2758 1485 ejus
2791 1416 3108 1482 Cassiciaco,
3141 1415 3236 1468 ubi
3273 1415 3340 1468 ab
3375 1419 3509 1468 aestu
3547 1417 3730 1469 sseculi

2031 1507 2391 1574 requievimus
2412 1507 2468 1558 in
2486 1509 2551 1572 te,
2577 1507 2771 1559 ammni
2777 1509 2975 1558 tantem
3003 1506 3322 1573 sempiterno
3337 1505 3557 1558 virentis
3570 1520 3728 1573 para-

2031 1594 2144 1650 disi
2175 1597 2287 1663 tui;
2314 1597 2571 1664 quoniam
2609 1595 2871 1649 dimisisti
2905 1595 2955 1647 ci
2978 1598 3201 1663 peccata
3230 1609 3392 1663 super
3423 1598 3640 1662 terram,
3673 1595 3730 1648 in

2032 1690 2206 1740 monte
2218 1687 2694 1752 incaseato,monte
2715 1688 2820 1751 tuo,
2845 1688 3018 1738 monte
3038 1683 3192 1736 uberi
3206 1683 3380 1754 (Conf.
3406 1683 3498 1737 tib.
3521 1687 3570 1751 9,
3596 1699 3640 1738 c.
3676 1685 3729 1755 3,

2032 1792 2087 1830 n.
2137 1774 2210 1844 5).
2246 1775 2374 1828 Haec
2421 1775 2613 1844 itaque
2661 1771 2973 1826 Verecundi
3022 1771 3157 1825 villa
3185 1771 3333 1826 inter
3369 1776 3593 1826 montes
3631 1771 3739 1825 sita

2033 1862 2204 1916 fuisse
2252 1860 2497 1916 videtur.
2531 1861 2883 1914 Eftluxerunt
2929 1859 3161 1913 tandem
3214 1859 3333 1912 dies
3373 1858 3478 1925 illi,
3521 1858 3619 1930 qui
3667 1859 3737 1913 ad

2032 1949 2332 2005 litterarias
2375 1949 2543 2004 ferias
2592 1952 2957 2020 supererant;
3006 1947 3088 2001 illi
3135 1945 3410 2001 nimirum
3455 1946 3595 2012 dies,
3637 1947 3738 2017 qui

2032 2055 2152 2109 prae
2196 2053 2389 2092 amore
2421 2036 2696 2092 libertatis
2738 2036 2934 2090 otiosa:
2965 2035 3035 2090 ad
3074 2034 3486 2106 requirendum
3516 2034 3735 2088 vultum

2035 2127 2155 2193 Dei,
2189 2131 2246 2182 et
2291 2126 2451 2196 longi
2493 2129 2549 2180 et
2591 2124 2757 2179 multi
2804 2123 3122 2196 Augustino
3153 2123 3510 2178 videbantur.
3546 2122 3738 2176 Illuxit

2032 2218 2211 2289 igitur
2241 2218 2382 2288 dies,
2413 2233 2528 2289 quo
2567 2215 2867 2270 rhetorica:
2899 2215 3309 2288 professionem
3353 2213 3538 2286 reipsa
3576 2214 3735 2268 dese-

2033 2307 2170 2374 ruit,
2199 2311 2256 2362 et
2292 2323 2404 2378 quo
2447 2307 2705 2376 linguam
2736 2306 2858 2377 ejus
2888 2304 3038 2359 eruit
3077 2306 3242 2368 Deus,
3279 2303 3429 2358 unde
3456 2319 3554 2358 cor
3586 2301 3738 2356 illius

2031 2396 2194 2467 prius
2242 2399 2469 2449 eruerat
2514 2394 2694 2465 (Ibid,
2729 2410 2846 2464 cap.
2881 2396 2933 2462 4,
2977 2410 3034 2447 n.
3067 2396 3146 2462 7).
3194 2393 3280 2447 Sic
3308 2393 3474 2448 laetus
3517 2395 3573 2447 et
3621 2392 3734 2446 Deo

2033 2485 2244 2554 gratias
2267 2484 2484 2538 habens
2506 2482 2701 2537 statim
2723 2498 2854 2537 cum
2876 2482 3142 2537 omnibus
3164 2482 3300 2548 suis,
3323 2482 3429 2535 hoc
3451 2485 3554 2545 est,
3582 2481 3737 2535 Mon-

2031 2573 2158 2627 nica
2183 2577 2386 2638 matre,
2423 2570 2657 2642 Navigio
2691 2571 2886 2637 fratre,
2913 2570 3176 2642 Trygetio
3210 2574 3264 2624 et
3294 2569 3540 2624 Licentio
3570 2568 3738 2624 disci-

2033 2663 2200 2733 pulis,
2251 2661 2570 2716 Laslidiano
2627 2664 2684 2714 et
2730 2659 2958 2714 Rustico
3017 2657 3391 2724 consobrinis,
3442 2657 3734 2712 Adeodato

2033 2750 2150 2805 tilio
2198 2753 2254 2805 et
2293 2749 2519 2821 Alypio,
2567 2764 2624 2802 se
2656 2747 2727 2802 ad
2766 2747 2956 2801 villam
3002 2746 3320 2801 Verecundi
3365 2745 3606 2801 contulit
3643 2745 3736 2816 (De

2032 2842 2197 2894 Beata
2231 2841 2378 2907 Vita,
2409 2855 2469 2893 n.
2512 2838 2579 2907 6).

2693 2925 2919 2979 CAPUT
2961 2923 3078 2978 VII.

2037 3022 2055 3073 1
2097 3021 2168 3072 De
2199 3031 2338 3071 anno
2368 3017 2426 3070 in
2456 3029 2560 3085 quo
2598 3016 2868 3069 conversio
2910 3013 3208 3081 Augustini
3242 3011 3486 3080 contigit,
3521 3013 3732 3065 contro-

2100 3108 2280 3160 versia
2310 3103 2450 3158 unde
2473 3105 2815 3173 potissimum
2845 3107 3053 3157 emorta.
3085 3104 3118 3154 2
3143 3100 3301 3155 Anno
3331 3101 3430 3153 387
3461 3098 3610 3152 illam
3638 3096 3736 3152 ad-

2101 3196 2342 3250 scribunt
2371 3195 2644 3262 opiniones
2675 3193 2813 3260 duae,
2851 3191 3046 3260 quibus
3077 3191 3183 3244 alio
3213 3194 3379 3259 atque
3405 3189 3514 3243 alio
3549 3187 3734 3242 detor-

2103 3288 2335 3355 quentur
2385 3282 2621 3338 Possidii
2665 3283 3070 3351 Augustinique
3111 3280 3249 3334 hanc
3299 3281 3356 3333 in
3402 3293 3514 3332 rem
3564 3277 3730 3332 dicta.

2105 3378 2134 3428 3
2166 3375 2319 3430 Nihil
2343 3373 2554 3427 obstare
2575 3373 2856 3441 quominus
2878 3371 3019 3425 hisce
3049 3370 3210 3423 dictis
3233 3371 3289 3422 in
3310 3382 3562 3436 germano
3577 3380 3735 3420 sensu

2104 3465 2332 3532 acceptis
2375 3463 2528 3516 illum
2559 3475 2698 3514 anno
2728 3463 2829 3514 386
2861 3474 3190 3522 conversum,
3218 3456 3563 3525 eamdemque
3593 3470 3734 3509 anno

2107 3555 2204 3607 387
2241 3551 2577 3620 baptizatum
2607 3563 2929 3602 asseramus.
2955 3550 2982 3599 4
3006 3548 3145 3601 Huic
3164 3545 3436 3599 sententia:
3450 3543 3614 3597 robur
3641 3559 3730 3598 ac-

2104 3639 2244 3694 cedit
2275 3654 2341 3692 ea:
2369 3637 2604 3707 quodam
2632 3637 2930 3704 Augustini
2959 3637 3086 3702 loco,
3117 3637 3424 3703 comparato
3455 3648 3573 3686 cum
3595 3636 3732 3686 tem-

2101 3746 2231 3802 pore
2262 3745 2363 3798 quo
2405 3728 2724 3783 Ambrosius
2755 3726 3140 3792 emagitabatur
3172 3724 3239 3777 ab
3277 3725 3519 3777 .lustina.
3560 3725 3590 3776 5
3630 3724 3732 3776 Di-

2106 3821 2278 3874 luitur
2316 3819 2591 3873 contraria
2633 3817 3028 3881 argumentatio
3062 3815 3233 3884 petita
3271 3813 3338 3867 ab
3368 3811 3732 3866 observatione

2108 3910 2377 3978 temporis,
2414 3923 2516 3977 quo
2548 3906 2870 3975 Imperatori
2909 3903 3094 3958 laudes
3145 3903 3413 3957 recitavit.
3460 3904 3490 3955 6
3539 3901 3730 3969 Opinio

2109 3997 2355 4067 quwdam
2401 3998 2791 4051 conversionem
2834 3995 3134 4063 Augustini
3177 4007 3377 4063 ponens
3433 4006 3574 4044 anno
3629 3992 3730 4045 385

2108 4088 2326 4140 minime
2349 4085 2670 4156 probabilis.

2115 4179 2159 4230 l.
2193 4177 2406 4229 Paucos
2449 4173 2633 4228 adhuc
2663 4172 2721 4228 in
2755 4189 2820 4226 ea
2865 4171 2998 4225 villa
3038 4171 3156 4226 dies
3194 4173 3563 4239 transegerat,
3604 4183 3734 4222 cum

2039 4263 2212 4318 libros
2236 4280 2367 4317 suos
2394 4263 2462 4316 de
2487 4261 2836 4317 Academicis
2864 4277 3096 4315 exorsus
3122 4260 3342 4325 (Contra
3365 4257 3733 4324 Academicos,

2041 4351 2135 4406 lib.
2171 4354 2218 4419 1,
2275 4366 2330 4405 n.
2367 4353 2436 4417 4),
2469 4366 2568 4405 eos
2594 4347 2920 4414 intermisit,
2952 4351 3017 4402 ut
3057 4347 3268 4401 librum
3316 4345 3385 4400 de
3416 4346 3585 4399 Beata
3613 4343 3736 4398 Vita

2040 4439 2312 4495 scriberet
2344 4439 2824 4509 (Retractationum
2856 4437 2949 4491 lib.
3004 4438 3051 4503 1,
3084 4449 3203 4504 cap.
3237 4434 3308 4504 2),
3347 4432 3523 4487 tridui
3571 4449 3735 4503 opus,

2038 4529 2160 4601 ipso
2181 4527 2438 4582 natalitio
2471 4527 2623 4581 illius
2639 4527 2727 4580 die
2758 4526 3068 4594 incoeptum
3094 4523 3191 4594 (De
3217 4523 3372 4577 beata
3403 4524 3549 4590 Vita,
3578 4512 3634 4576 n.
3659 4523 3734 4592 6).

2039 4617 2139 4689 qui
2168 4617 2227 4671 in
2259 4617 2382 4671 idus
2413 4615 2739 4671 novembris
2768 4612 3072 4667 incidebat.
3109 4612 3304 4682 Itaque
3334 4626 3586 4666 secessus
3615 4609 3739 4682 ejus

2039 4707 2097 4760 in
2125 4707 2316 4760 villam
2350 4705 2725 4761 Cassiciacum
2776 4700 3004 4756 nonnisi
3034 4716 3229 4754 mense
3261 4699 3475 4755 octobri
3502 4699 3738 4770 ejusque

2039 4794 2331 4850 conversio
2363 4793 2690 4866 septembri.
2737 4794 2834 4845 aut
2863 4790 3064 4844 saltem
3094 4793 3337 4844 exeunte
3367 4791 3609 4860 augusto
3656 4786 3738 4840 vi-

2041 4887 2207 4941 detur
2229 4883 2535 4954 contigisse
2563 4901 2574 4937 ε
2601 4879 2904 4938 Mediolani
2933 4879 3109 4949 enim,
3142 4877 3595 4951 praelectionibus
3624 4875 3736 4929 suis

2041 4973 2334 5040 absolutis,
2361 4971 2580 5042 aliquot
2609 4969 2791 5024 adhuc
2820 4968 2938 5024 dies
2969 4968 3154 5040 potuit
3191 4963 3553 5021 commorari.
3583 4964 3740 5018 Tunc

2038 5079 2172 5116 vero
2213 5060 2490 5132 temporis
2536 5059 2893 5131 trigesimum
2932 5063 2988 5113 et
3016 5057 3250 5113 tertium
3299 5054 3480 5110 aetatis
3523 5067 3738 5106 annum

2041 5151 2266 5222 agebat,
2298 5155 2362 5204 ut
2391 5150 2631 5220 ipsemet
2660 5153 2901 5204 testatur
2929 5149 3031 5203 sub
3062 5147 3236 5200 tinem
3269 5145 3568 5208 librorum,
3598 5156 3740 5211 quos

2042 5240 2112 5294 de
2158 5237 2504 5294 Academicis
2547 5237 2770 5309 scripsit
2821 5238 3046 5307 (Contra
3085 5235 3284 5301 Acad,
3327 5232 3420 5286 lib.
3454 5234 3506 5297 3,
3539 5245 3591 5284 n.
3627 5229 3736 5298 43),

2043 5334 2098 5383 et
2124 5333 2252 5400 post
2280 5327 2409 5382 idus
2441 5328 2774 5383 novembres
2801 5325 3060 5381 absolvit.
3107 5324 3167 5378 Id
3206 5323 3394 5394 ipsum
3439 5317 3639 5374 asserit
3682 5321 3740 5372 in

2042 5416 2490 5489 Soliloquiorum
2521 5417 2681 5473 libris
2713 5417 3142 5486 (Soliloquiorum
3171 5412 3270 5464 lib.
3309 5413 3355 5475 l,
3379 5425 3434 5464 η.
3467 5409 3570 5479 l7),
3601 5424 3741 5480 quos
