4048 6194
437 1 698 39 ν

797 0 932 144 τ’

348 250 451 303 H9

344 367 631 424 sub'idem
663 369 888 437 tempus
910 363 1106 420 edidit.
1129 365 1194 419 Et
1222 379 1352 419 cum
1383 364 1643 420 Monnica
1669 369 1852 420 mater
1879 367 2047 437 paulo

343 462 472 529 post
501 457 625 529 ejus
655 455 1010 528 Baptismum
1056 471 1123 509 ex
1153 455 1260 510 hac
1301 454 1416 509 vita
1460 455 1748 526 migravit,
1792 455 2048 510 nondum

345 545 705 618 trigesimum
750 549 806 600 et
845 544 1077 600 tertium
1110 543 1290 599 aetatis
1332 559 1548 598 annum
1581 549 1842 616 exegerat
1865 545 2043 615 (Conf.

347 636 442 690 lib.
474 639 524 704 9,
558 651 679 705 cap.
725 638 808 702 tl,
850 650 912 690 η.
949 636 1060 702 28).
1097 633 1192 688 llis
1233 632 1313 686 ita
1358 633 1677 687 constitutis
1725 633 2044 698 conficitur,

345 742 475 779 cum
501 724 794 796 trigesimo
825 723 1072 778 secundo
1094 721 1276 777 (etatis
1293 738 1408 775 sum
1431 739 1580 776 anno
1611 726 1851 776 exeunte
1872 721 2047 776 fuisse

345 830 715 880 conversum;
749 829 901 867 anno
932 816 1121 866 autem
1161 810 1452 881 trigesimo
1485 810 1646 864 tertio
1672 810 2044 881 baptizatum,

349 908 476 958 octo
520 906 618 957 aut
666 917 864 956 novem
914 903 1044 971 post
1085 898 1512 953 conversionem
1559 899 1872 961 mensibus.
1916 917 2044 954 cum

350 989 636 1061 Baptisma
664 989 724 1042 in
755 987 1010 1042 Pascliali
1039 986 1394 1041 solemnitate
1426 987 1760 1057 susceperit.
1790 989 1916 1042 Jam
1945 1004 2044 1041 au-

344 1081 458 1132 tem
507 1075 793 1131 Possidius
823 1091 1000 1129 annos
1047 1091 1178 1128 eum
1224 1091 1317 1129 sex
1347 1079 1404 1129 et
1445 1076 1806 1147 septuaginta
1846 1081 2045 1130 natum

344 1165 550 1220 obiisse
601 1164 777 1219 tradit
825 1164 1148 1234 (Possidius,
1194 1167 1252 1218 in
1308 1167 1437 1221 Vita
1469 1166 1789 1234 Augustini,
1824 1181 1868 1219 c.
1922 1165 2041 1237 3t):

343 1255 648 1326 nullusque
677 1253 736 1308 in
765 1253 1003 1308 dubium
1036 1258 1261 1307 revocat
1291 1254 1412 1323 ejus
1444 1253 1662 1306 obitum
1691 1253 1750 1306 in
1780 1254 2044 1324 quintum

342 1343 619 1397 kalendas
643 1342 983 1414 septembris
1013 1342 1148 1396 anni
1174 1341 1724 1413 quadringentesimi
1740 1342 2040 1413 trigesimi,

339 1431 499 1502 juxta
519 1432 782 1503 Prosperi
811 1431 1118 1486 chronicon
1147 1430 1432 1485 incidisse.
1458 1431 1625 1485 Illum
1651 1429 1828 1501 igitur
1847 1436 2043 1486 natum

343 1520 517 1575 fuisse
540 1524 767 1592 oportet
784 1521 970 1575 idibus
986 1519 1312 1575 novembris
1337 1520 1470 1574 anni
1488 1520 1870 1574 trecentesimi
1884 1522 2046 1593 quin-

345 1609 664 1681 quagesimi
687 1610 905 1682 quarti;
934 1626 1267 1664 conversum
1295 1627 1488 1664 mense
1521 1615 1762 1680 augusto
1785 1611 1920 1664 anni
1940 1616 2046 1666 tre-

344 1699 637 1754 centesimi
665 1699 994 1770 octogesimi
1022 1699 1193 1767 sexti;
1226 1699 1576 1769 baptizatum
1613 1715 1746 1753 vero
1779 1700 2045 1772 Paschate

346 1789 482 1844 anni
505 1788 890 1844 trecentesimi
917 1788 1247 1859 octogesimi
1269 1788 1519 1858 septimi,
1552 1792 1745 1842 octavo
1774 1789 2046 1843 kalendas

345 1877 501 1934 maii.
521 1880 595 1933 Eo
617 1878 772 1932 enim
790 1894 940 1932 anno
967 1878 1181 1931 Pascha
1201 1877 1441 1948 septimo
1461 1877 1728 1931 kalendas
1751 1877 1888 1931 maii
1910 1879 2047 1932 cele-

343 1968 520 2022 brand
531 1983 623 2022 um
645 1983 764 2022 esse
786 1967 1058 2022 docuerat
1073 1966 1407 2020 Ambrosius
1435 1966 1686 2035 (Ambros
1702 2010 1712 2020 .
1727 2008 1742 2034 ,
1771 1969 1949 2037 Epist.
1975 1968 2048 2022 ad

343 2056 668 2128 Emilium).
708 2056 936 2110 Nullam
965 2056 1150 2110 hazcce
1191 2055 1562 2125 chronologia
1599 2056 2048 2110 controversiam

345 2145 691 2212 admitteret,
714 2144 825 2198 nisi
852 2144 1206 2216 Augustinus
1236 2148 1479 2199 matrem
1510 2160 1674 2200 suam
1701 2149 1825 2199 tum
1848 2162 1912 2199 ex
1941 2146 2048 2200 hac

343 2233 456 2287 vita
485 2233 756 2304 migrasse
787 2232 1017 2301 diceret,
1054 2249 1186 2287 cum
1217 2233 1337 2304 ipse
1365 2233 1614 2287 Africam
1655 2237 1943 2305 repetens,
1989 2251 2046 2289 se

345 2322 416 2376 ad
449 2321 602 2377 Ostia
623 2321 889 2376 Tiberina
919 2321 1266 2392 navigationi
1295 2322 1638 2376 instauraret
1664 2322 1843 2392 (Conf.
1870 2323 1961 2378 lib.
1992 2326 2043 2390 9,

345 2427 474 2480 cap.
525 2412 580 2478 8,
628 2427 684 2465 η.
735 2414 825 2478 17;
858 2425 978 2480 cap.
1018 2413 1102 2476 lO,
1133 2427 1195 2465 η.
1251 2410 1363 2481 23).
1413 2412 1643 2465 Constat
1689 2410 1863 2478 enim,
1915 2410 2048 2466 hinc

346 2498 601 2570 quidem,
627 2497 831 2554 obiisse
861 2498 1040 2566 illam,
1072 2503 1138 2553 ut
1167 2498 1433 2565 diximus,
1466 2498 1823 2570 trigesimum
1854 2504 1910 2554 et
1932 2505 2046 2554 ter-

346 2588 490 2643 tium
525 2587 706 2643 aetatis
736 2604 951 2642 annum
983 2591 1186 2659 agente
1225 2588 1583 2659 Augustino;
1607 2588 1712 2642 hoc
1757 2592 1857 2656 est,
1886 2590 2050 2660 juxta

347 2678 628 2733 calculum
673 2681 952 2744 nostrum,
986 2681 1124 2732 ante
1147 2677 1272 2731 idus
1303 2677 1638 2731 novembres
1669 2677 1802 2732 anni
1831 2683 2048 2733 trecen-

347 2765 540 2820 tesimi
566 2763 901 2837 octogesimi
927 2763 1180 2834 septimi.
1219 2762 1381 2818 Illinc
1409 2767 1601 2818 autem
1627 2769 1846 2819 certum
1875 2765 2048 2820 habe-

346 2870 494 2920 mus,
543 2853 928 2924 Augustinum
971 2869 1089 2907 non
1151 2852 1446 2923 repetiisse
1475 2853 1722 2908 Africam
1768 2853 1875 2908 nisi
1925 2858 2053 2926 post

349 2957 544 2996 necem
567 2940 795 2997 Maximi
813 2940 1038 3013 tyranni
1059 2941 1284 3012 (Contra
1300 2943 1538 2996 Litteras
1557 2944 1832 3010 Petiliam“,
1856 2957 1911 2996 η.
1938 2943 2047 3012 30),

347 3030 448 3102 qui
475 3047 670 3085 mense
687 3030 834 3102 julio
856 3035 1115 3097 exeunte,
1137 3031 1227 3085 vel
1243 3036 1484 3101 augusto
1508 3031 1644 3086 anni
1668 3031 2051 3086 trecentesimi

347 3119 678 3190 octogesimi
704 3118 885 3173 octavi
916 3118 1248 3174 interfectus
1273 3123 1376 3174 est.

417 3210 477 3263 2.
516 3207 827 3262 Difﬁcultas
849 3207 962 3262 duo
993 3207 1102 3262 ista
1128 3207 1467 3262 conciliandi
1500 3208 1854 3264 doctissimos
1885 3225 2050 3280 quos-

348 3312 461 3369 que
489 3296 550 3351 in
582 3295 831 3351 diversas
854 3295 1152 3368 opiniones
1181 3297 1460 3352 distrahit.
1496 3297 1734 3362 Quidam
1765 3299 1919 3353 enim
1946 3316 2049 3354 no-

348 3387 477 3441 lunt
519 3403 552 3440 a
579 3385 855 3452 Possidio,
889 3402 1020 3440 cum
1049 3386 1433 3457 Augustinum
1477 3402 1658 3440 annos
1689 3387 2052 3458 septuaginta

349 3491 444 3530 sex
482 3474 682 3529 vixisse
729 3474 943 3545 scribit,
975 3473 1155 3545 ipsius
1202 3491 1381 3528 annos
1423 3491 1526 3546 per
1569 3476 1894 3529 consulatus
1941 3493 2048 3529 nu-

349 3563 591 3634 merari;
626 3566 680 3618 et
728 3580 834 3635 pro
863 3561 1051 3635 primo
1095 3579 1244 3618 anno
1293 3562 1440 3617 sumi
1489 3563 1765 3635 temporis
1803 3565 2051 3635 spatium

351 3653 505 3725 quod
535 3654 605 3707 ab
652 3652 840 3708 idibus
880 3652 1206 3708 novembris
1250 3653 1320 3708 ad
1351 3653 1624 3708 kalendas
1645 3654 1955 3724 januarias,
1987 3671 2051 3709 ac

349 3760 455 3814 pro
504 3742 708 3797 ultimo
757 3758 926 3809 anno,
970 3743 1024 3797 id
1069 3742 1221 3814 quod
1273 3759 1307 3796 a
1354 3741 1609 3797 kalendis
1650 3741 1930 3814 januariis
1981 3744 2050 3798 ad

351 3830 617 3903 quintum
645 3830 916 3884 kalendas
937 3831 1166 3900 augusti
1195 3831 1537 3885 extenditur.
1557 3830 1646 3886 Sic
1665 3832 2051 3902 Augustinum

351 3927 553 3973 natum
583 3935 700 3972 esse
729 3918 1082 3972 contendunt
1112 3919 1301 3974 idibus
1330 3919 1654 3974 novembris
1681 3919 1813 3974 anni
1837 3925 2051 3978 trecen-

353 4006 546 4062 tesimi
571 4006 1034 4078 quinquagesimi
1054 4007 1272 4079 quinti;
1300 4024 1636 4062 conversum
1663 4024 1812 4063 anno
1837 4013 2051 4065 trecen-

352 4096 556 4152 tesimo
589 4095 938 4168 octogesimo
970 4097 1237 4167 septimo,
1270 4097 1623 4168 baptizatum
1652 4114 1802 4152 anno
1829 4102 2048 4154 trecen-

352 4184 553 4241 tesimo
598 4184 946 4258 octogesimo
978 4190 1203 4253 octavo;
1237 4191 1294 4240 et
1336 4202 1397 4241 re
1447 4187 1568 4258 ipsa
1613 4187 1816 4242 vixisse
1848 4205 2045 4254 annos,

351 4290 470 4328 non
498 4274 860 4347 septuaginta
887 4290 1000 4343 sex,
1045 4275 1144 4329 sed
1192 4275 1548 4346 septuaginta
1596 4281 1862 4347 quatuor,
1893 4277 2051 4348 adje-

351 4363 455 4418 ctis
483 4380 654 4436 super
677 4380 882 4419 novem
902 4369 1002 4419 aut
1029 4363 1226 4418 decem
1258 4363 1567 4418 mensibus.
1593 4364 1802 4420 Volunt
1821 4365 1919 4419 alii
1934 4367 2046 4419 Au-

349 4452 736 4524 gustinum'in
763 4453 908 4508 libro
939 4453 1055 4509 sive
1085 4458 1282 4508 contra
1311 4454 1674 4509 Academicos
1710 4455 1900 4520 tertio,
1933 4455 2048 4511 sive

351 4541 796 4614 Soliloquiorum
826 4542 1035 4614 primo,
1069 4559 1251 4598 annos
1281 4559 1415 4598 suos
1463 4548 1687 4598 tantum
1734 4544 2044 4611 absolutos,

352 4644 471 4684 non
500 4634 692 4683 autem
721 4630 1017 4687 inchoatos
1058 4648 1385 4687 numerare.
1419 4631 1507 4687 Sic
1537 4648 1668 4686 eum
1698 4637 1898 4688 natum
1929 4649 2048 4688 esse

350 4734 501 4774 anno
525 4719 923 4775 trecentesimo
954 4721 1428 4794 quinquagesimo
1460 4725 1682 4792 quarto,
1715 4737 2047 4777 conversum

349 4822 523 4878 porro
553 4822 668 4861 non
708 4806 881 4862 fuisse
927 4808 1038 4863 nisi
1077 4826 1228 4865 anno
1266 4809 1662 4865 trecentesimo
1703 4811 2047 4884 octogesimo

350 4895 613 4967 septimo,
647 4911 750 4951 nec
776 4896 1124 4967 baptizatum
1156 4898 1265 4953 nisi
1295 4915 1445 4954 anno
1474 4900 1870 4956 trecentesimo
1893 4905 2046 4956 octo-

349 4984 570 5058 gesimo
615 4989 830 5054 octavo,
880 4985 1172 5058 trigesimo
1219 4988 1387 5044 tertio
1438 4989 1618 5043 (etatis
1665 4991 1910 5062 expleto,
1943 4991 2048 5046 hoc

350 5079 454 5144 est,
487 5073 782 5147 trigesimo
814 5079 1019 5146 quarto
1067 5075 1356 5133 inchoato.
1390 5079 1638 5150 Utraque
1687 5080 1810 5134 haec
1855 5078 2047 5151 opinio

347 5164 601 5237 profecto
631 5163 747 5218 vim
775 5164 949 5220 infert
974 5165 1170 5234 {verbis
1201 5168 1506 5239 Augustini
1537 5171 1635 5224 aut
1675 5168 1948 5237 Possidii;
1984 5174 2048 5224 ut

348 5255 536 5310 dicere
580 5269 854 5326 cogamur
900 5253 1242 5322 Possidium,
1277 5257 1375 5327 qui
1421 5274 1535 5311 una
1565 5273 1695 5312 cum
1725 5258 2044 5329 Augustino

349 5343 730 5416 quadraginta
758 5358 1042 5398 annorum
1072 5348 1297 5414 tempus
1327 5345 1594 5413 traduxit,
1625 5347 1838 5419 quique
1867 5347 2046 5418 ipsius

350 5435 574 5488 aetatem
624 5435 694 5489 ab
742 5450 809 5490 eo
853 5433 970 5488 solo
1020 5436 1331 5504 acceperat,
1364 5433 1523 5489 illam
1561 5439 1753 5490 tamen
1792 5435 1956 5491 aliter
1983 5453 2047 5490 ac

349 5521 538 5595 ipsum
569 5524 951 5598 Augustinum
980 5523 1414 5595 computavisse.
1449 5525 1561 5579 Nec
1590 5525 1744 5580 enim
1773 5527 2045 5598 Augusti-

1557 241 1730 298 VITA
1771 241 1825 298 S.
1868 243 2015 299 AUG
2034 243 2270 301 USTINI
2319 243 2656 300 EPISCOPI.

3757 248 3859 300 {20
3911 293 3916 296 .

2160 383 2290 436 nus,
2335 368 2380 422 si
2424 383 2606 422 annos
2647 382 2752 438 per
2791 353 3051 421 consules
3091 370 3352 433 notaret,
3391 367 3563 424 libros
3606 384 3738 423 suos
3783 368 3856 424 de

2156 453 2525 522 Academicis,
2582 471 2777 510 mense
2835 455 3132 510 novembri
3180 455 3555 527 conscriptos,
3615 473 3858 527 repone-

2156 548 2244 597 ret
2286 559 2434 596 anno
2485 543 2667 597 aetatis
2713 560 2832 598 suae
2883 544 3179 615 trigesimo
3230 545 3427 607 tertio;
3481 561 3586 600 nec
3644 547 3859 616 pariter

2155 631 2338 686 eidem
2370 648 2521 687 anno
2555 633 2899 688 adscriberet
2926 633 3108 705 ipsam
3137 639 3379 688 mortem
3411 635 3704 702 Monnicae,
3731 652 3860 706 qua:

2155 725 2271 775 tam
2302 721 2476 792 longo
2499 727 2632 793 post
2662 727 2921 794 tempore
2952 723 3302 794 contigisset.
3330 725 3394 777 Et
3414 722 3461 777 si
3483 724 3724 778 absoluti
3739 729 3862 778 tan-

2155 815 2276 864 tum
2306 811 2460 865 illius
2493 811 2628 865 anni
2666 811 2955 866 numerati
2984 816 3134 875 sunt,
3175 811 3226 866 ei
3256 811 3514 884 quinque
3545 816 3600 866 et
3631 817 3858 883 septua-

2155 899 2311 970 ginta
2349 900 2676 972 vitaaranni,
2719 917 2835 954 non
2881 901 3096 972 plures,
3139 900 3314 955 tribui
3357 901 3699 955 debuerunt.
3748 899 3859 954 0b-

2155 1005 2374 1043 servare
2407 989 2592 1044 adhuc
2625 989 2758 1044 licet
2793 994 2992 1044 contra
3018 989 3273 1060 priorem
3305 989 3667 1057 sententiam,
3706 989 3860 1044 haud

2153 1078 2323 1132 fuisse
2354 1078 2588 1150 quidem
2628 1079 2861 1133 omnino
2893 1078 3159 1141 insolens,
3191 1079 3589 1150 episcoporum
3619 1078 3770 1133 urbis
3801 1083 3862 1133 et

2152 1165 2564 1237 imperatorum
2603 1184 2781 1222 annos
2819 1184 2929 1244 per
2977 1168 3300 1222 consulatus
3359 1183 3663 1222 numerare
3703 1168 3862 1239 (licet

2153 1255 2260 1309 hoc
2289 1255 2476 1326 ipsum
2496 1255 2889 1328 infrequenter
2915 1257 3215 1328 evenerit);
3240 1257 3396 1330 quod
3423 1257 3637 1312 scilicet
3657 1274 3861 1312 eorum

2153 1343 2362 1398 creatio
2412 1349 2467 1398 et
2506 1346 2693 1400 obitus
2739 1346 2798 1400 in
2848 1346 2987 1401 actis
3032 1345 3296 1418 publicis,
3340 1346 3548 1419 quibus
3598 1348 3860 1401 consules

2153 1437 2315 1487 erant
2343 1434 2635 1504 adscripti,
2675 1439 3033 1504 notarentur,
3068 1441 3125 1491 et
3153 1453 3371 1491 annum
3411 1439 3605 1492 nullus
3633 1437 3860 1508 ignora-

2154 1526 2257 1577 ret.
2295 1523 2420 1576 Non
2452 1523 2530 1577 sic
2556 1539 2730 1594 porro
2761 1526 2830 1579 de
2865 1528 2993 1579 ortu
3028 1525 3132 1580 lilii
3163 1525 3468 1597 municipis
3504 1527 3861 1597 Tagastensis

2154 1611 2464 1666 admodum
2493 1612 2680 1666 tenuis
2710 1613 3033 1668 existimare
3058 1614 3208 1669 licet.
3252 1616 3412 1680 Quod
3443 1621 3660 1686 spectat
3683 1617 3753 1671 ad
3783 1618 3862 1670 al-

2154 1705 2336 1754 teram
2384 1701 2746 1769 sententiam,
2792 1703 3022 1757 tametsi
3059 1704 3357 1759 fatendum
3393 1709 3497 1766 est,
3542 1722 3671 1759 cum
3702 1706 3860 1777 quis-

2154 1788 2309 1859 piam
2341 1788 2545 1843 dicitur
2586 1806 2765 1844 annos
2807 1792 3042 1863 triginta
3082 1797 3192 1846 tres
3232 1797 3422 1862 natus,
3469 1794 3538 1848 de
3580 1793 3860 1848 inchoatis

2157 1881 2253 1931 aut
2283 1877 2554 1932 absolutis
2585 1878 2644 1933 id
2685 1896 2848 1950 posse
2880 1880 3156 1952 intelligi;
3200 1883 3686 1953 quemadmodum
3728 1899 3855 1936 cum

2155 1984 2318 2038 reges
2348 1984 2499 2022 anno
2539 1968 2724 2023 (etatis
2753 1968 2972 2024 decimo
3019 1975 3243 2041 quarto,
3276 1974 3509 2026 caeteros
3548 1977 3742 2026 autem
3773 1971 3854 2026 vi-

2156 2058 2374 2128 gesimo
2420 2058 2620 2128 quinto
2668 2059 2756 2112 sui
2799 2059 2944 2129 juris
2985 2075 3105 2113 esse
3157 2059 3416 2122 dicimus,
3468 2060 3728 2131 quamvis
3775 2061 3860 2114 illi

2157 2163 2306 2201 anno
2365 2146 2586 2202 decimo
2638 2153 2838 2218 quarto
2886 2147 3166 2210 inchoato,
3211 2148 3304 2203 isti
3348 2154 3542 2204 autem
3587 2150 3861 2221 vigesimo

2158 2235 2360 2306 quinto
2402 2239 2592 2290 exacto
2632 2236 2691 2290 in
2734 2253 2893 2291 suam
2943 2237 3180 2291 tutelam
3223 2237 3489 2292 veniant:
3536 2243 3789 2294 attamen
3831 2258 3864 2294 a

2157 2341 2288 2378 vero
2310 2340 2545 2395 prorsus
2567 2323 2819 2379 alienum
2841 2325 3078 2388 videtur,
3095 2327 3241 2380 hanc
3255 2326 3501 2380 nominis
3514 2327 3860 2398 ambiguita-

2156 2417 2274 2467 tem
2305 2413 2376 2467 ad
2409 2413 2605 2468 omnia
2628 2413 2772 2474 loca,
2795 2414 2854 2467 in
2885 2415 3096 2486 quibus
3122 2415 3302 2469 aetatis
3325 2431 3441 2469 sum
3465 2416 3727 2470 meminit
3747 2421 3861 2472 Au-

2158 2500 2438 2572 gustinus,
2474 2503 2808 2569 extendere;
2842 2508 2897 2557 et
2927 2503 2999 2558 ad
3038 2520 3168 2558 eum
3201 2504 3488 2575 praecipue
3519 2505 3727 2572 locum,
3763 2508 3862 2577 qui

2158 2590 2320 2644 nobis
2343 2591 2557 2662 regula:
2585 2591 2766 2645 instar
2795 2607 2914 2646 esse
2933 2592 3101 2647 debet
3129 2593 3197 2647 ad
3229 2593 3383 2647 illius
3417 2594 3688 2664 Baptismi
3714 2599 3860 2649 tem-

2158 2695 2266 2750 pus
2307 2680 2714 2735 statuendum:
2750 2682 2846 2734 Die
2871 2696 3028 2747 nono,
3073 2681 3259 2752 inquit
3296 2682 3365 2736 de
3396 2686 3596 2748 matre,
3637 2687 3862 2752 aegritu-

2158 2769 2304 2822 dinis
2329 2783 2457 2835 sum,
2493 2771 2938 2838 quinquagesimo
2967 2774 3016 2823 et
3039 2775 3189 2824 sexto
3217 2786 3358 2824 anno
3391 2774 3567 2826 azlatis
3595 2787 3726 2840 suae,
3761 2775 3864 2827 tri-

2157 2861 2356 2925 gesimo
2393 2864 2443 2912 et
2473 2862 2627 2914 tertio
2661 2862 2839 2914 aetatis
2868 2875 3013 2927 mea},
3047 2862 3231 2914 anima
3270 2861 3368 2915 illa
3396 2862 3654 2930 religiosa
3681 2867 3731 2916 et
3757 2866 3856 2933 pia

2157 2962 2375 3017 corpore
2411 2948 2586 3000 soluta
2610 2951 2686 3002 est
2718 2946 2895 3016 (Conf.
2933 2948 3023 3002 lib.
3059 2951 3113 3017 9,
3144 2964 3263 3018 cap.
3312 2952 3395 3015 11,
3428 2966 3465 3003 η
3525 2949 3637 3020 28).
3675 2951 3858 3006 Nulla:

2159 3035 2251 3090 hic
2278 3035 2586 3090 verborum
2617 3037 2906 3106 ambages.
2927 3037 3103 3092 Nemo
3124 3053 3244 3092 rem
3277 3054 3531 3109 unquam
3552 3039 3621 3093 ad
3645 3056 3861 3094 annum

2158 3124 2339 3180 aetatis
2362 3141 2480 3179 suae
2505 3125 2868 3196 trigesimum
2891 3127 3125 3181 tertium
3148 3127 3359 3196 retulit,
3384 3131 3446 3182 ut
3461 3129 3865 3199 progrediente

2156 3214 2452 3285 trigesimo
2494 3217 2722 3286 quarto,
2755 3231 2936 3286 eoque
2976 3217 3104 3286 plus
3146 3215 3385 3271 dimidia
3413 3221 3573 3288 parte
3599 3217 3724 3288 jam
3756 3219 3867 3272 ela-

2157 3319 2282 3374 pso,
2328 3302 2582 3358 evenisse
2614 3320 2739 3358 eam
2777 3305 3142 3376 signiﬁcaret.
3185 3305 3321 3369 Quis
3352 3304 3526 3360 etiam
3564 3311 3728 3376 putet
3755 3308 3868 3361 Au-

2158 3391 2474 3463 gustinum,
2507 3408 2635 3446 cum
2677 3409 2735 3447 se
2775 3394 2912 3447 anni
2947 3394 3131 3447 aetatis
3167 3410 3285 3448 sua:
3320 3395 3758 3465 undetrigesimi
3788 3396 3867 3451 lii-

2160 3481 2393 3535 storiam
2434 3497 2840 3552 aggressurum
2884 3482 2963 3536 sic
3002 3482 3235 3549 diceret,
3285 3484 3584 3552 Proloquar
3635 3485 3694 3536 in
3739 3499 3862 3537 con-

2159 3575 2339 3639 spectu
2369 3573 2466 3625 Dei
2490 3573 2596 3626 mei
2623 3587 2825 3626 annum
2851 3573 3005 3626 illum
3034 3572 3498 3638 undetrigesiuum
3527 3575 3706 3627 atatis
3740 3589 3866 3628 mea

2162 3659 2347 3730 (Ibid.,
2384 3659 2478 3714 lib.
2525 3663 2578 3730 5,
2618 3676 2738 3730 cap.
2781 3663 2834 3730 3,
2880 3677 2941 3716 η.
2990 3661 3062 3730 3);
3107 3661 3456 3732 perspasisse
3501 3661 3631 3728 sibi,
3677 3663 3790 3716 hoc
3831 3679 3865 3716 a

2159 3747 2276 3802 suis
2315 3747 2625 3802 lectoribus
2665 3749 2734 3802 de
2765 3749 2901 3803 anni
2933 3749 3019 3803 sui
3058 3745 3336 3819 trigésimi
3371 3748 3610 3803 historia
3648 3749 3865 3804 intelli-

2159 3837 2451 3906 gendum?
2481 3837 2644 3902 Quod
2672 3841 2863 3893 autem
2895 3837 3110 3904 scribit,
3153 3854 3211 3892 se
3238 3837 3457 3893 decimo
3486 3841 3642 3892 sexto
3672 3839 3864 3893 astatis

2157 3941 2308 3979 anno
2352 3926 2778 3996 pubescentem,
2825 3926 3051 3981 libidini
3090 3927 3450 3998 luxuriaeque
3492 3943 3700 3997 parere
3743 3944 3864 3982 coe-

2156 4015 2304 4086 pisse
2346 4015 2534 4085 (Ibid.,
2584 4016 2678 4070 lib.
2721 4019 2774 4082 2,
2819 4032 2940 4086 cap.
2981 4020 3037 4083 2,
3079 4033 3139 4072 n.
3187 4017 3269 4087 2);
3317 4017 3470 4071 haud
3510 4017 3744 4080 scimus,
3789 4035 3864 4072 an

2156 4121 2461 4176 operosum
2515 4105 2588 4160 sit
2636 4107 2887 4174 credere,
2948 4107 3146 4161 Afrum
3199 4107 3621 4162 adolescentem
3688 4107 3862 4179 igneo

2157 4194 2332 4248 animi
2360 4193 2572 4265 vigore,
2607 4196 2677 4249 ad
2703 4195 2760 4250 id
2784 4196 2905 4266 jam
2933 4196 3070 4250 satis
3098 4196 3272 4250 fuisse
3293 4201 3459 4251 astate
3489 4202 3861 4266 provectum:

2157 4300 2490 4354 quanquam
2520 4283 2798 4352 videatur,
2830 4301 2944 4340 non
2973 4285 3251 4340 corruisse
3285 4285 3514 4356 penitus
3543 4285 3603 4340 in
3637 4286 3864 4352 vitium,

2156 4371 2265 4427 nisi
2295 4373 2635 4444 Carthagine
2676 4374 2862 4444 (Ibid.,
2909 4375 3004 4428 lib.
3049 4379 3102 4442 3,
3143 4391 3264 4444 cap.
3316 4377 3385 4445 t),
3420 4375 3529 4429 hoc
3566 4379 3668 4438 est,
3711 4391 3865 4430 anno

2156 4461 2340 4517 wtatis
2369 4479 2484 4516 sua:
2515 4462 2734 4516 decimo
2764 4462 3026 4533 septimo.

2226 4555 2278 4607 3.
2313 4551 2454 4606 Cum
2480 4552 2606 4606 dum
2647 4551 2822 4622 igitur
2852 4551 3146 4607 sententiae
3187 4553 3246 4606 in
3274 4554 3461 4607 tantas
3499 4551 3867 4607 difﬁcultates

2153 4639 2470 4710 incurrant,
2492 4646 2556 4695 ut
2568 4640 2668 4713 qui
2685 4657 2859 4695 unam
2880 4646 3222 4713 sequuntur,
3245 4643 3482 4696 alteram
3498 4642 3553 4697 vi
3572 4642 3861 4697 detortam

2155 4731 2211 4782 et
2239 4728 2473 4784 omnino
2505 4729 2942 4801 improbabilem
2973 4731 3326 4798 existiment;
3353 4731 3502 4786 nihil
3529 4731 3755 4786 obstare
3781 4732 3864 4786 vi-

2156 4817 2343 4887 detur,
2377 4818 2687 4889 quominus
2717 4822 2932 4873 stemus
2961 4818 3270 4890 Augustini
3292 4819 3497 4888 verbis,
3526 4824 3582 4874 et
3611 4819 3736 4892 ipso
3768 4837 3862 4874 as-

2155 4911 2375 4961 serente
2404 4923 2779 4978 agnoscamus
2818 4907 3137 4962 Monnicam
3169 4907 3322 4963 diem
3362 4907 3589 4975 obiisse,
3629 4910 3866 4981 quando

2154 4991 2276 5063 ipse
2315 4992 2375 5048 in
2413 4993 2660 5048 Africam
2704 4993 2950 5058 rediens,
2993 4994 3348 5050 instaurabat
3386 5011 3444 5049 se
3485 4995 3865 5067 navigationi,

2155 5098 2259 5136 nec
2287 5081 2421 5137 inde
2451 5082 2765 5138 inferamus
2793 5084 2956 5138 illum
2990 5083 3180 5138 statim
3211 5084 3281 5139 ab
3308 5084 3464 5140 obitu
3492 5085 3694 5140 matris
3726 5103 3867 5157 per-

2153 5170 2350 5226 fecisse
2389 5171 2520 5242 iter,
2553 5173 2856 5245 navimque
2895 5173 3320 5242 conscendisse;
3353 5190 3484 5229 cum
3517 5174 3575 5229 id
3621 5175 3866 5229 minime

2157 5264 2384 5315 asserat.
2424 5263 2618 5334 Neque
2647 5279 2778 5318 vero
2818 5263 3020 5317 alienae
3056 5268 3190 5318 sunt
3229 5280 3262 5318 a
3294 5264 3721 5319 narrationibus
3754 5266 3867 5319 liu-

2148 5350 2404 5420 jusmodi
2452 5352 2727 5423 loquendi
2773 5352 3082 5407 formulae:
3133 5353 3666 5419 Proﬁciscebamur,
3723 5371 3860 5408 cum

2155 5437 2260 5493 iste
2283 5440 2536 5507 advenit;
2570 5441 2911 5512 parabamus
2937 5458 3041 5496 nos
3063 5441 3274 5496 itineri.
3305 5444 3490 5513 Atque
3523 5442 3580 5496 id
3617 5443 3859 5514 quidem

2156 5527 2379 5584 videtur
2417 5530 2489 5585 ad
2521 5547 2730 5586 munus
2768 5531 3241 5604 diligentiamque
3282 5530 3535 5587 historici
3573 5537 3861 5604 spectare,
