4048 6194
212 260 319 311 121

198 382 264 433 ut
328 380 638 431 memorata
678 390 756 440 re,
803 389 930 445 quae
966 376 1130 444 capto
1172 371 1409 427 consilio
1438 388 1661 427 moram
1700 371 1912 439 attulit,

200 466 401 520 doceat
436 479 666 536 quoque
716 462 956 517 subinde
1001 462 1317 516 dilatumne
1367 460 1786 527 tantummodo,
1834 476 1907 513 an

200 554 443 608 omnino
476 552 821 608 dissolutum
851 551 1152 606 consilium
1184 551 1374 606 fuerit.
1406 550 1513 605 Sed
1544 549 1911 621 perspicuum

198 648 282 698 est
312 641 620 713 Augustini
649 639 1009 712 propositum
1040 656 1158 694 non
1203 639 1401 709 fuisse,
1426 655 1500 693 eo
1550 654 1732 710 usque
1780 638 1912 692 vitae

197 748 318 787 sua:
349 731 651 786 historiam
693 730 755 783 in
784 728 972 800 prima
1003 728 1434 783 Confessionum
1477 742 1709 781 suarum
1750 730 1912 797 parte

196 821 517 891 perducere
544 836 555 873 :
588 819 697 873 hoc
724 818 867 872 forte
899 818 1083 871 solum
1115 821 1236 871 erat
1262 817 1323 871 in
1353 815 1567 884 animo,
1599 820 1663 870 ut
1693 815 1765 869 ad
1792 816 1911 869 lau-

198 911 326 963 dem
355 908 559 980 gloriae
591 907 792 978 gratiae
825 906 924 960 Dei
954 906 1016 959 in
1056 905 1316 960 omnium
1355 908 1649 975 aspectum
1691 904 1913 975 profer-

196 1002 282 1053 ret
328 1015 466 1053 suos
513 997 696 1068 ipsius
729 1012 916 1050 mores
968 995 1037 1049 ab
1068 994 1309 1049 infantia
1360 995 1431 1049 ad
1484 994 1913 1049 conversionem

198 1103 358 1141 suam
405 1089 464 1141 et
494 1085 850 1156 Baptismum
876 1101 888 1139 :
922 1100 1035 1156 quo
1053 1083 1118 1139 fit
1140 1089 1200 1138 ut
1223 1087 1453 1138 narrata
1478 1083 1674 1138 matris
1704 1086 1911 1148 morte,

198 1193 265 1231 ne
292 1175 542 1230 verbum
573 1175 809 1247 quidem
842 1175 910 1229 de
933 1190 1034 1228 suo
1066 1176 1307 1228 Romam
1336 1173 1525 1228 reditu
1552 1172 1756 1238 faciat;
1786 1170 1914 1225 licet

199 1282 326 1320 cum
376 1265 720 1336 aliquandiu
768 1267 962 1319 Romae
1014 1263 1347 1330 substitisse,
1408 1267 1465 1316 et
1517 1263 1734 1334 aliquot
1799 1260 1913 1315 illic

198 1352 493 1424 scripsisse
531 1352 707 1407 libros
746 1352 806 1406 in
857 1351 1110 1406 confesso
1154 1352 1226 1406 sit
1258 1354 1513 1419 (Retraci.
1560 1352 1653 1405 lib.
1693 1354 1744 1421 1,
1788 1366 1908 1420 cap.

195 1442 332 1511 7-9).
363 1441 540 1507 Quid,
569 1441 723 1512 quod
763 1457 868 1494 nos
898 1440 1021 1512 ipse
1052 1441 1344 1507 admonet,
1382 1457 1441 1496 se
1482 1441 1726 1494 multum
1758 1440 1910 1494 festi-

194 1536 437 1585 nantem
478 1529 662 1584 multa
693 1528 921 1584 silentio
950 1530 1245 1600 praeterire
1277 1530 1457 1601 (Conf.
1488 1530 1582 1583 lib.
1614 1531 1670 1598 9,
1701 1546 1821 1599 cap.
1850 1532 1902 1596 8,

194 1638 244 1675 η.
277 1620 367 1691 l7)
390 1620 420 1676 ?
449 1621 581 1691 Ejus
608 1618 787 1690 igitur
807 1618 993 1673 verbis
1013 1619 1361 1673 nullatenus“
1375 1619 1761 1688 adversamur,
1781 1633 1911 1672 cum

191 1727 325 1764 eum
354 1714 589 1763 mortua
616 1711 795 1762 matre
818 1708 1121 1762 consilium
1144 1708 1202 1762 in
1219 1708 1465 1762 Africam
1485 1708 1778 1763 remeandi
1799 1707 1908 1762 dis-

191 1800 419 1867 tulisse,
462 1803 520 1852 et
567 1802 797 1869 postero
861 1798 1047 1851 solum
1096 1814 1247 1851 anno
1289 1797 1591 1867 perfecisse
1645 1797 1905 1852 dicimus.

190 1888 419 1953 Quibus
446 1903 623 1958 porro
650 1886 720 1941 de
751 1886 934 1940 causis
960 1886 1414 1957 distulerit(quze
1446 1889 1640 1941 multae
1664 1904 1783 1941 esse
1817 1902 1910 1957 po-

194 1981 481 2042 tuerunt),
524 1992 628 2029 nos
665 1975 842 2040 latet;
884 1975 1048 2029 nobis
1087 1991 1219 2028 eum
1249 1975 1502 2046 potuisse
1531 1975 1759 2030 differre
1800 1975 1910 2029 suf-

193 2066 352 2121 ﬁcit:
400 2080 740 2136 quanquam
785 2064 1118 2119 dilationem
1168 2068 1225 2119 et
1263 2080 1482 2119 moram
1524 2064 1633 2135 ipsi
1682 2066 1908 2119 allatam

190 2171 313 2209 esse
347 2154 559 2208 suadet
588 2153 732 2206 ratio
764 2168 878 2206 non
909 2152 1068 2207 levis.
1102 2152 1308 2207 Scribit
1338 2153 1493 2207 enim
1523 2170 1600 2220 se,
1638 2169 1766 2208 cum
1794 2170 1910 2207 ma-

192 2248 278 2299 ter
307 2243 372 2297 in
405 2242 677 2296 morbum
736 2240 958 2308 incidit,
1001 2240 1171 2296 Ostiae
1209 2241 1401 2308 fuisse,
1458 2241 1554 2296 ubi
1590 2245 1721 2313 post
1754 2242 1912 2313 longi

190 2331 425 2387 itineris
455 2331 717 2384 laborem
746 2329 893 2383 vires
931 2330 1221 2384 reficiebat
1248 2330 1583 2401 priusquam
1618 2331 1678 2384 in
1710 2348 1911 2385 navem

189 2422 648 2478 conscenderet:
720 2420 1165 2476 Instaurabamus
1217 2436 1332 2487 nos,
1408 2420 1507 2487 ait,
1575 2423 1916 2489 navigationi

196 2513 390 2582 (Ibi/1.,
433 2527 560 2582 cap.
609 2512 696 2579 10,
722 2526 779 2563 η.
822 2509 930 2576 23).
969 2508 1150 2580 Igitur
1180 2509 1252 2563 ad
1284 2508 1438 2564 Ostia
1474 2509 1739 2564 Tiberina
1777 2528 1909 2565 con-

196 2603 530 2675 quiescens,
576 2598 799 2654 itineris
849 2599 1064 2659 labore,
1110 2614 1283 2671 quem
1323 2598 1639 2653 Mediolano
1687 2600 1913 2654 rediens

191 2692 568 2755 toleraverat,
602 2687 1026 2759 supersedebat.
1060 2690 1137 2741 Ac
1174 2687 1253 2741 sic
1281 2687 1538 2758 profecto
1568 2688 1764 2742 Romae
1794 2705 1913 2742 non

193 2784 429 2835 tantum
463 2778 739 2849 temporis
771 2780 1156 2835 commoratus
1190 2780 1331 2847 erat,
1364 2782 1643 2848 quantum
1674 2782 1761 2832 sat
1793 2794 1912 2831 csse

195 2872 395 2940 posset
433 2866 507 2921 ad
547 2867 660 2921 tria
689 2866 801 2920 sive
850 2869 1095 2937 quatuor
1139 2866 1431 2936 opuscula,
1482 2882 1611 2937 qua:
1657 2865 1740 2920 ibi
1787 2870 1913 2934 post

198 2957 569 3029 Baptismum
600 2954 796 3021 edidit,
827 2953 1238 3009 conscribenda
1267 2957 1530 3022 (Rctract.
1579 2954 1673 3009 lib.
1710 2958 1758 3021 l,
1791 2970 1910 3023 cap.

194 3048 337 3117 7-9).
380 3046 749 3115 Quapropter
781 3043 902 3114 ejus
933 3042 994 3097 in
1026 3044 1173 3098 Urbe
1203 3043 1580 3097 commoratio
1612 3060 1729 3097 non
1762 3047 1913 3108 ante,

200 3136 295 3190 sed
329 3138 469 3205 post
499 3133 720 3187 obitum
758 3132 957 3187 matris
990 3132 1323 3204 reponenda
1354 3137 1474 3199 est;
1521 3136 1578 3186 et
1622 3132 1913 3186 fatendum

200 3223 507 3296 quidpiam
543 3222 596 3276 ei
626 3222 799 3275 fuisse
839 3222 1277 3293 impedimento,
1327 3220 1637 3292 quominus
1679 3220 1737 3274 in
1768 3219 1914 3274 Afri-

199 3329 321 3367 cam
359 3317 489 3366 tam
520 3310 631 3365 cito
676 3314 979 3365 remearet.
1026 3312 1089 3365 Et
1117 3327 1250 3365 vero
1298 3327 1415 3365 non
1464 3310 1917 3381 improbabiliter

204 3402 313 3457 dici
353 3404 574 3473 posset,
617 3400 933 3454 Monnicam
975 3400 1079 3454 sub
1113 3399 1345 3454 initium
1386 3400 1710 3453 novembris
1741 3416 1770 3454 e
1803 3399 1917 3453 vita

201 3490 507 3563 migrasse,
540 3505 644 3561 per
666 3490 788 3560 ejus
816 3488 1034 3543 obitum
1064 3488 1403 3543 destinatam
1432 3486 1799 3558 profectionis
1829 3502 1915 3540 oc-

202 3577 848 3650 casionemﬁugustino
882 3578 1174 3647 excidisse,
1208 3579 1424 3632 nullam
1464 3577 1670 3632 deinde
1707 3592 1914 3647 oppor-

206 3674 405 3723 tunam
453 3667 681 3738 reliquo
720 3683 867 3721 anno
908 3684 965 3721 se
996 3667 1306 3733 obtulisse;
1342 3669 1441 3721 aut
1485 3682 1616 3720 eum
1659 3665 1777 3736 jam
1818 3664 1915 3718 ad-

207 3774 363 3812 verso
396 3762 666 3827 tempore
684 3772 748 3810 ac
778 3756 982 3810 infesto
1016 3755 1159 3810 mari
1180 3755 1448 3826 navigare
1478 3754 1728 3809 noluisse
1755 3770 1770 3821 ;
1796 3758 1919 3807 tan-

209 3848 330 3902 dem
357 3862 519 3901 anno
551 3845 810 3917 sequenti
841 3844 1184 3916 quibusdam
1225 3845 1293 3899 de
1332 3844 1514 3899 causis
1552 3860 1684 3898 cum
1732 3843 1920 3897 adhuc

204 3938 267 3991 ad
299 3952 570 3992 mensem
608 3938 919 4007 augustum
950 3937 1146 3990 Roma:
1174 3934 1345 3989 fuisse
1374 3935 1695 3989 detentum.
1737 3936 1913 3988 Porro

208 4026 641 4098 navigationem
707 4025 928 4079 atertio
988 4024 1118 4078 idus
1167 4022 1494 4077 novembris
1550 4023 1917 4077 interclusam

204 4116 377 4170 fuisse
406 4113 661 4185 legimus
690 4129 702 4167 :
735 4117 790 4167 et
812 4113 928 4184 ipse
960 4112 1260 4168 Gratianus
1292 4112 1469 4166 edixit
1510 4129 1660 4166 anno
1702 4116 1920 4166 trecen-

204 4206 413 4259 tesimo
447 4201 816 4271 octogesimo,
850 4205 913 4256 ut
929 4217 1118 4268 naves,
1154 4218 1281 4272 qua:
1304 4201 1654 4255 frumentum
1678 4201 1919 4255 Romam

211 4293 595 4361 advehebant,
625 4307 743 4345 non
776 4291 920 4345 ultra
950 4290 1078 4345 idus
1109 4289 1353 4345 octobris
1384 4289 1653 4360 deinceps
1680 4306 1709 4344 e
1747 4296 1922 4361 portu

208 4384 567 4437 solverentur
597 4381 745 4451 (Cod.
769 4380 963 4434 Thcod.
994 4380 1142 4447 Gotf.
1167 4384 1289 4433 tom.
1326 4382 1377 4445 5,
1404 4393 1570 4447 pagg.
1612 4380 1730 4449 107,
1768 4379 1907 4450 108).

222 4471 348 4540 Ipsa
369 4468 550 4523 etiam
579 4468 856 4540 temporis
896 4467 1137 4522 historia
1174 4466 1537 4521 commodam
1566 4467 1700 4521 satis
1729 4469 1919 4538 conje-

211 4565 434 4613 cturam
460 4556 627 4612 nobis
657 4557 1003 4628 suppeditat,
1028 4573 1095 4611 ex
1126 4573 1239 4628 qua
1278 4556 1544 4627 colligere
1564 4556 1748 4623 liceat,
1782 4556 1922 4628 quid

209 4647 603 4717 Augustinum
630 4646 822 4700 Romae
852 4645 920 4699 ad
947 4660 1145 4699 necem
1176 4661 1359 4716 usque
1392 4644 1619 4701 Maximi
1649 4644 1921 4699 distinere

208 4735 483 4806 potuerit.
524 4736 635 4789 Hoc
662 4735 785 4806 ipso
804 4734 954 4788 enim
970 4750 1119 4789 anno
1150 4733 1545 4789 trecentesimo
1575 4734 1920 4806 octogesimo

212 4823 463 4893 septimo
495 4828 773 4893 tyrannus
804 4822 897 4876 ille
928 4823 1073 4877 circa
1103 4839 1359 4877 mensem
1391 4826 1696 4893 augustum
1717 4822 1924 4893 irrupit

211 4908 267 4964 in
300 4910 551 4975 Italiam,
582 4914 641 4965 et
668 4912 835 4983 pulso
876 4927 943 4965 ex
975 4928 1040 4965 ea
1072 4909 1495 4979 Valentiniano,
1534 4909 1782 4963 Africam
1820 4926 1922 4980 pa-

209 4999 352 5055 riter
385 4998 709 5070 occupavit,
744 5004 885 5054 teste
916 5001 1141 5054 Pacato.
1172 4998 1317 5053 Fieri
1357 5015 1492 5069 ergo
1521 4998 1683 5053 facile
1714 4998 1921 5069 potuit,

213 5094 275 5143 ut
302 5089 665 5160 Augustinus
698 5088 766 5142 de
794 5088 883 5142 bis
917 5088 1123 5143 certior
1148 5087 1345 5153 factus,
1381 5103 1507 5141 cum
1542 5089 1610 5142 ad
1650 5086 1803 5143 Ostia
1831 5087 1923 5142 Ti-

213 5178 415 5232 berina
444 5182 688 5248 propter
705 5177 923 5231 obitum
953 5177 1151 5231 matris
1182 5176 1555 5244 detineretur,
1588 5181 1806 5232 mutato
1830 5193 1921 5229 su-

212 5266 386 5320 binde
410 5266 674 5333 consilio,
698 5265 870 5336 hujus
890 5266 1168 5320 tumultus
1200 5265 1413 5319 exitum
1446 5265 1696 5336 opperiri
1725 5266 1923 5320 Romae

212 5355 502 5422 statuerit,
530 5354 629 5409 ubi
670 5371 703 5407 a
731 5354 910 5408 civilis
938 5354 1073 5409 belli
1102 5354 1356 5409 cladibus
1382 5354 1578 5415 tutior,
1621 5371 1795 5425 quam
1826 5356 1926 5408 Ta-

214 5449 414 5516 gastae,
457 5445 672 5516 degere
698 5447 935 5514 poterat.
970 5443 1110 5498 Hinc
1152 5442 1306 5511 satis,
1348 5442 1673 5515 opinamur,
1704 5442 1924 5514 perspi-

211 5551 378 5590 cuum
412 5538 503 5590 est
532 5533 754 5589 nullam
787 5532 1013 5587 subesse
1044 5548 1296 5603 causam,
1327 5548 1455 5604 qua:
1495 5531 1680 5602 exigat
1719 5536 1783 5586 ut
1811 5534 1925 5586 Au-

1649 248 1862 305 LIBER
1904 248 2297 305 SECUNDUS.

3629 255 3727 306 122

2024 372 2245 443 gustini
2285 377 2342 427 et
2389 371 2625 427 Possidii
2672 374 2842 427 verba
2886 372 3328 445 detorqueamus
3376 391 3410 429 a
3451 370 3723 445 get-inane

2030 479 2235 518 sensu:
2270 464 2411 536 quin
2442 463 2616 518 etiam
2648 463 2870 535 aliquot
2904 480 3024 518 non
3060 463 3253 518 deesse
3289 464 3558 530 rationes,
3598 480 3727 535 quae

2026 568 2130 605 nos
2170 569 2199 607 a
2234 556 2582 624 praepostera
2616 553 2715 606 illa
2742 552 3215 623 interpretatione
3256 558 3540 607 revocent.
3586 556 3751 608 Nam‘

2033 641 2081 695 si
2128 643 2555 697 conversionem
2592 642 2897 713 Augustini
2927 642 3226 696 referimus
3260 642 3321 696 in
3367 659 3585 697 annum
3612 647 3728 697 tre-

2024 732 2397 794 centesimum
2442 732 2853 803 octogesimum
2882 732 3212 801 septimum,
3244 731 3429 785 dicere
3459 748 3730 803 cogemur

2024 836 2155 874 eum
2187 836 2286 874 suo
2308 820 2367 874 in
2399 835 2620 875 secessu
2650 820 2771 873 ruri
2800 836 2981 891 prope
3020 820 3403 875 Mediolanum
3443 820 3728 875 habitasse

2022 909 2119 963 illo
2147 909 2272 980 ipso
2300 914 2579 979 tempore,
2616 926 2728 979 quo
2768 908 3060 976 Maximus,
3107 914 3171 962 ut
3207 913 3427 964 constat
3473 926 3539 963 ex
3582 912 3727 963 tem6

2020 996 2177 1067 poris
2206 997 2361 1051 illius
2390 996 2649 1064 historia,
2681 1000 2942 1050 cunctam
2976 996 3197 1050 Italiam
3224 996 3546 1064 invadebat,
3578 1001 3635 1051 et
3663 1013 3727 1050 ex

2021 1101 2087 1139 ea
2105 1086 2571 1140 Valentinianum
2589 1085 2925 1156 expellebat,
2950 1085 3056 1139 hoc
3069 1089 3152 1138 est
3175 1085 3232 1138 in
3252 1086 3440 1139 medio
3453 1084 3589 1139 belli
3611 1090 3731 1140 tur-

2021 1174 2175 1241 bine,
2210 1175 2310 1245 qui
2348 1191 2465 1229 non
2496 1174 2805 1228 immanius
2836 1174 2992 1239 alibi,
3026 1190 3197 1245 quam
3227 1174 3284 1227 in
3320 1174 3722 1229 Mediolanensi

2022 1267 2205 1317 tractu
2225 1264 2542 1318 fremebat:
2577 1263 2790 1334 quippe
2831 1278 2962 1316 cum
2993 1262 3331 1332 Imperatori
3363 1262 3716 1317 domicilium

2023 1368 2085 1405 ac
2111 1352 2303 1406 sedem
2340 1353 2592 1423 praebere
2625 1352 3009 1407 Mediolanum
3038 1352 3258 1406 soleret.
3301 1352 3423 1415 Quo
3453 1351 3538 1419 ﬁt,
3567 1356 3631 1406 ut
3663 1368 3728 1406 ex

2020 1441 2299 1495 Ambrosii
2332 1441 2517 1495 verbis
2547 1440 2741 1511 colligi
2773 1440 3048 1495 Baronius
3091 1440 3420 1504 arbitretur,
3463 1440 3727 1496 Mediola-

2020 1547 2225 1584 nenses
2254 1530 2402 1585 cives
2435 1536 2572 1585 tunc
2604 1531 2672 1585 de
2702 1531 2840 1601 fuga
2868 1530 3144 1601 cogitasse
3179 1530 3485 1601 (Baronius,
3518 1528 3593 1583 ad
3621 1545 3722 1584 an-

2018 1636 2166 1675 num.
2203 1622 2326 1687 387,
2368 1636 2423 1674 η.
2458 1622 2568 1683 62).

2090 1710 2141 1764 4.
2196 1710 2337 1764 Cum
2388 1710 2743 1780 Augustinus
2793 1709 3150 1779 Baptismum
3208 1708 3490 1779 suscepit,
3539 1724 3725 1763 annus

2020 1796 2417 1852 intercesserat
2456 1803 2553 1852 aut
2582 1798 2851 1869 amplius,
2881 1814 2951 1852 ex
2996 1814 3108 1868 quo
3152 1799 3507 1851 Psalmorum
3546 1796 3608 1851 in
3638 1813 3727 1851 ec-

2020 1886 2188 1940 clesia
2229 1886 2636 1941 Mediolanensi
2679 1887 2990 1941 modulatio
3033 1890 3319 1956 coeperat;
3363 1903 3493 1941 cum
3526 1886 3725 1941 videli-

2021 1979 2107 2029 cet
2133 1976 2353 2030 Justina
2390 1975 2770 2029 Valentiniani
2802 1974 2954 2045 regis
2984 1974 3153 2044 pueri
3191 1978 3375 2027 mater
3403 1974 3473 2027 ad
3504 1973 3731 2028 Arianis

2021 2060 2249 2114 seducta
2332 2062 2771 2131 persequeretur
2842 2058 3209 2113 Ambrosium
3285 2058 3727 2126 (Confessionum

2022 2149 2115 2202 lib.
2158 2152 2211 2217 9,
2251 2165 2371 2218 cap.
2405 2154 2460 2203 7.
2487 2164 2542 2203 n.
2594 2149 2699 2219 15).
2741 2147 2900 2203 Unde
2935 2147 3211 2202 Baronius
3236 2146 3409 2201 infert
3441 2146 3608 2201 illum
3635 2147 3731 2201 ba-

2022 2236 2295 2307 ptizatum
2331 2237 2503 2292 fuisse
2547 2253 2696 2291 anno
2740 2242 2868 2307 post
2905 2236 3155 2291 sedatam
3198 2237 3345 2290 hanc
3384 2234 3732 2306 persecutio-

2024 2342 2153 2379 nem
2202 2326 2460 2397 proximo
2509 2326 2817 2398 (Baronius,
2858 2326 2932 2379 ad
2978 2341 3183 2379 annum
3225 2328 3347 2392 388,
3398 2341 3455 2378 η.
3504 2324 3616 2394 74).
3660 2325 3729 2378 Et

2024 2420 2173 2469 recte
2229 2415 2481 2486 quidem,
2530 2419 2593 2469 ut
2638 2414 2993 2486 Baptismum
3032 2413 3337 2484 Augustini
3384 2428 3729 2484 reponamus

2024 2520 2171 2558 anno
2199 2504 2601 2558 trecentesimo
2625 2503 2971 2574 octogesimo
2993 2503 3257 2574 septimo,
3281 2503 3328 2556 si
3346 2502 3512 2556 modo
3531 2502 3729 2557 Sermo

2024 2592 2303 2647 Ambrosii
2348 2593 2417 2647 de
2463 2593 2714 2647 Basilicis
2768 2608 2885 2646 non
2934 2592 3224 2647 tradendis
3269 2592 3500 2646 habitus
3559 2590 3733 2645 fuerit

2027 2681 2319 2735 Dominica
2349 2682 2697 2747 Palmarum,
2732 2697 2859 2752 quae
2888 2697 3039 2734 anno
3070 2680 3473 2735 trecentesimo
3504 2684 3730 2751 octoge-

2026 2764 2169 2825 si'mo
2200 2774 2353 2824 sexto
2397 2769 2685 2824 incidebat
2732 2769 2792 2823 in
2822 2769 3094 2823 ultimum
3137 2768 3289 2823 diem
3333 2768 3544 2823 martii.
3587 2769 3731 2822 Nam

2025 2859 2128 2913 sub
2161 2858 2218 2913 id
2248 2863 2496 2930 tempus,
2531 2875 2642 2928 quo
2674 2874 2860 2912 sermo
2891 2858 2982 2911 hic
3010 2857 3238 2911 habitus
3264 2861 3369 2925 est,
3400 2860 3499 2911 aut
3528 2855 3722 2927 paucis

2024 2952 2154 3001 ante
2205 2947 2426 3013 diebus,
2478 2947 2723 3017 populus
2770 2944 3214 3012 Mediolanensis
3254 2946 3502 3015 psalmos
3560 2944 3731 3013 ccepit

2026 3035 2346 3090 concinere.
2397 3034 2486 3089 Sic
2539 3050 2675 3105 erga
2722 3034 2860 3088 dum
2909 3032 3258 3104 Augustinus
3300 3032 3617 3103 baptizatus
3646 3034 3730 3084 est

2027 3128 2224 3178 octavo
2266 3122 2542 3177 kalendas
2572 3121 2708 3176 maii
2738 3138 2890 3176 anno
2932 3120 3330 3175 trecentesimo
3378 3119 3727 3190 octogesimo

2027 3211 2288 3283 septimo,
2341 3228 2525 3265 annus
2571 3215 2629 3266 et
2681 3210 2865 3265 mensi
2894 3210 3118 3264 circiter
3169 3209 3579 3263 intercesserat.
3627 3209 3734 3262 Ist—

2025 3302 2148 3355 hzec
2193 3299 2611 3370 persecutionis
2650 3298 2710 3352 in
2746 3298 3112 3353 Ambrosium
3160 3298 3451 3352 concitatae
3495 3297 3733 3351 chrono-

2025 3389 2179 3461 logia
2209 3388 2539 3443 confirmari
2567 3392 2757 3459 potest
2784 3404 2853 3441 ex
2885 3388 3030 3457 lege,
3082 3403 3255 3458 quam
3284 3385 3505 3441 Justina
3535 3389 3731 3440 contra

2027 3478 2371 3533 orthodoxos
2400 3478 2695 3532 ferendam
2726 3476 2943 3530 curavit
2972 3492 3073 3547 pro
3102 3475 3330 3546 Synodo
3361 3474 3732 3540 Ariminensi,

2024 3569 2157 3623 data
2204 3567 2545 3622 duodecimo
2596 3565 2871 3619 kalendas
2920 3563 3216 3626 februarii,
3253 3579 3403 3617 anno
3456 3566 3733 3617 trecente-

2027 3658 2172 3712 simo
2229 3655 2579 3726 octogesimo
2638 3658 2810 3707 sexto.
2881 3654 3023 3707 Nam
3083 3652 3145 3705 in
3215 3651 3453 3721 epistola
3509 3651 3732 3705 decima

2029 3750 2231 3818 quarta
2260 3743 2565 3809 Ambrosii,
2611 3743 2684 3797 ad
2727 3741 3109 3798 Mareellinam
3159 3756 3435 3801 sororem,
3488 3756 3618 3811 quas
3665 3741 3733 3795 ad

2026 3836 2281 3910 primum
2322 3832 2729 3905 persecutionis
2772 3846 2989 3884 annum
3023 3829 3277 3902 (biennio
3309 3829 3464 3883 enim
3508 3830 3605 3883 illa
3642 3829 3737 3883 de-

2029 3925 2229 3996 saeviit)
2277 3924 2502 3979 videtur
2549 3925 2825 3992 spectare,
2881 3937 2953 3974 ne
2991 3920 3226 3974 verbum
3281 3918 3510 3990 quidem
3560 3922 3737 3973 exstat

2029 4015 2185 4069 illius
2216 4013 2374 4084 legis.
2413 4014 2620 4067 Contra
2646 4027 2780 4064 vero
2812 4010 3082 4081 frequens
3126 4009 3251 4079 ejus
3280 4008 3523 4062 habetur
3567 4023 3733 4061 men-

2028 4105 2108 4159 tio
2138 4104 2197 4157 in
2225 4104 2496 4158 Sermone
2523 4101 2592 4154 de
2634 4098 2885 4153 Basilicis
2926 4114 3045 4152 non
3090 4096 3402 4165 tradendis,
3451 4096 3551 4167 qui
3579 4096 3731 4151 haud

2028 4193 2198 4247 dubie
2254 4191 2323 4245 ad
2388 4191 2631 4243 alterum
2689 4203 2907 4242 annum
2962 4186 3230 4257 pertinet.
3291 4183 3612 4239 Verisimile
3651 4189 3739 4238 est

2028 4281 2204 4353 igitur
2228 4282 2375 4335 hanc
2406 4280 2592 4348 legem
2612 4277 2806 4332 adulta
2832 4275 3228 4347 persecutione
3247 4273 3542 4326 saucitam.
3574 4273 3734 4336 Quod

2031 4371 2076 4423 si
2106 4370 2184 4424 ita
2232 4369 2324 4435 sit,
2356 4367 2681 4422 inchoanda
2710 4370 2795 4421 est
2834 4365 2933 4421 illa
2972 4361 3291 4418 necessario
3325 4377 3475 4415 anno
3502 4364 3735 4435 .trecen-

2029 4458 2235 4513 tesimo
2259 4456 2610 4528 octogesimo
2632 4455 2854 4526 quinto,
2880 4457 2936 4508 et
2963 4450 3324 4507 terminanda
3347 4466 3497 4504 anno
3526 4452 3738 4504 trecen-

2030 4547 2235 4603 tesimo
2266 4545 2614 4617 octogesimo
2644 4548 2821 4599 sexto.
2864 4544 3048 4613 Atque
3086 4540 3226 4595 adeo
3258 4539 3578 4611 Baptismus
3623 4542 3737 4594 Au-

2031 4635 2244 4709 gustini
2270 4633 2636 4706 reponendus
2663 4647 2814 4686 anno
2843 4627 3240 4685 trecentesimo
3273 4627 3621 4700 octogesimo
3651 4644 3737 4681 se-

2030 4727 2228 4799 ptimo.
2263 4726 2461 4795 Operae
2496 4722 2746 4794 pretium
2793 4723 2877 4775 est
2905 4718 3123 4791 pariter
3152 4718 3471 4784 observare,
3505 4717 3738 4772 Iustinae

2030 4813 2488 4887 persecutionem
2537 4811 2721 4866 adhuc
2761 4807 3031 4879 viguisse,
3082 4807 3221 4863 dum
3252 4811 3571 4878 martyrum
3601 4807 3735 4861 Pro-

2032 4905 2162 4960 tasii
2220 4908 2278 4958 et
2332 4901 2584 4958 Gervasii
2647 4915 2888 4970 corpora
2946 4897 3177 4952 inventa
3233 4900 3386 4965 sunt,
3458 4897 3565 4952 hoc
3630 4900 3738 4964 est,

2033 4998 2273 5048 exeunte
2293 4991 2477 5063 junio.
2513 4991 2655 5045 Cum
2684 4987 2840 5043 enim
2861 4990 3076 5042 constet
3096 5003 3161 5041 ex
3193 4986 3511 5058 Augustino
3538 4986 3730 5057 (Serm.

2032 5086 2157 5150 286,
2186 5099 2242 5137 η.
2271 5082 2331 5152 4)
2360 5081 2532 5152 hujus
2561 5076 2959 5132 translationis
2981 5076 3425 5143 solemnitatem,
3459 5090 3587 5145 qua:
3629 5066 3754 5127 hac'

2032 5172 2153 5243 ipsa
2182 5171 2272 5226 die
2298 5171 2360 5225 in
2392 5168 2569 5224 veteri
2598 5165 3062 5236 Carthaginensis
3094 5164 3351 5219 Ecclesiae
3398 5160 3738 5217 Kalendario

2034 5265 2383 5315 memoratur
2414 5259 2800 5328 (Mabillonius,
2839 5256 3140 5310 Annalium
3172 5258 3307 5308 tomo
3338 5256 3386 5319 3,
3414 5267 3546 5321 pag.
3584 5252 3735 5321 398),

2033 5349 2093 5403 in
2123 5349 2307 5403 Africa
2354 5348 2523 5402 fuisse
2566 5347 2931 5411 celebratam,
2965 5360 3070 5398 nec
3097 5341 3328 5397 aliunde
3358 5343 3581 5393 sanctos
3612 5338 3739 5393 illos

2037 5444 2313 5510 martyres
2356 5441 2491 5492 tunc
2536 5435 2811 5508 temporis
2868 5432 3214 5497 innotuisse;
3273 5428 3581 5483 verisimile
3612 5445 3737 5483 om-

2039 5529 2173 5584 nino
2192 5533 2295 5597 cst,
2328 5526 2616 5584 decimum
2645 5541 2861 5582 nonum
2907 5521 3059 5595 junii
3090 5519 3266 5587 diem,
3297 5518 3400 5592 qui
3442 5535 3602 5574 sacer
3630 5518 3740 5575 illis
