4048 6194
331 236 439 288 123
1554 230 1724 286 VlTA
1775 231 1833 285 S.
1877 227 2262 286 AUGUSTINI
2303 227 2649 296 EPISCOPl.
3743 226 3843 278 .124

333 357 436 423 est,
468 355 618 410 diem
662 370 783 411 esse
828 354 1212 411 translationis
1251 354 1610 410 eorumdem.
1673 354 1870 426 Itaque
1900 353 2034 408 hinc

333 444 716 516 consequitur,
769 444 1004 501 Iustina:
1059 443 1508 517 persecutionem
1563 459 1683 498 non
1730 442 2030 515 quievisse,

335 533 443 588 nisi
472 534 576 588 sub
605 533 779 588 ﬁnem
805 535 952 606 junii
987 534 1140 588 illius
1171 533 1329 600 anni,
1359 532 1458 605 qui
1486 531 1793 603 Augustini
1815 530 2031 601 Baptis-

335 639 491 677 mum
519 623 822 694 praecessit.
855 626 982 679 Haec
1003 623 1196 678 omnia
1225 621 1440 693 optime
1461 621 1610 675 inter
1635 637 1692 675 se
1721 620 2029 683 cohaerent,

333 711 380 764 si
434 711 556 782 ejus
612 711 964 783 Baptismum
1029 729 1178 767 anno
1232 710 1629 765 trecentesimo
1682 707 2033 780 octogesimo

333 800 594 872 septimo,
629 806 685 856 et
713 801 1143 856 conversionem
1190 816 1342 854 anno
1373 797 1770 853 trecentesimo
1803 805 2034 870 octoge-

331 889 478 943 simo
508 894 666 944 sexto
697 889 1066 960 reponimus:
1092 889 1189 943 sed
1221 889 1279 942 in
1310 887 1603 942 difﬁcilem
1634 887 1866 942 modum
1897 886 2034 941 inci-

331 977 552 1044 demus,
587 977 631 1031 si
663 978 784 1048 ejus
814 977 1244 1032 conversionem
1293 993 1443 1031 anno
1491 975 1890 1032 trecentesimo
1933 993 2030 1030 oc-

331 1065 608 1138 togesimo
651 1065 894 1136 septimo
944 1069 1276 1120 statuamus.
1333 1067 1410 1120 Eo
1453 1065 1608 1120 enim
1656 1081 1806 1120 anno
1862 1064 2033 1120 Maxi-

334 1171 489 1209 mum
521 1154 578 1208 in
607 1155 828 1210 Italiam
859 1155 1131 1228 irrupisse
1162 1159 1381 1210 certum
1414 1159 1516 1219 est,
1564 1159 1620 1209 et
1647 1154 1940 1210 neminem
1971 1153 2032 1208 in

331 1243 568 1298 dubium
619 1260 882 1298 revocare
913 1243 1328 1311 existimamus,
1382 1243 1523 1315 quin
1572 1243 1904 1299 Ambrosius
1934 1244 2031 1298 da-

330 1334 446 1386 tam
477 1331 583 1386 sibi
615 1349 648 1386 a
679 1333 1076 1388 Valentiniano
1108 1333 1456 1405 legationem
1503 1333 1571 1388 ad
1607 1333 1915 1404 Maximum
1945 1349 2032 1387 se-

328 1419 575 1474 cundam
620 1421 792 1490 paulo
824 1426 956 1474 ante
1002 1419 1262 1476 obiverit.
1299 1422 1372 1475 Ex
1421 1420 1600 1492 ipsius
1630 1421 1916 1476 Ambrosii
1945 1437 2032 1474 re-

327 1507 541 1562 latione
571 1513 746 1580 petet,
802 1509 1106 1564 Maximum
1155 1508 1397 1564 Treviris
1449 1514 1587 1564 tunc
1631 1510 1936 1580 degentem
1975 1526 2034 1564 se

330 1597 401 1652 ad
431 1597 646 1652 bellum
674 1614 1027 1669 comparasse
1061 1615 1073 1652 :
1105 1603 1161 1653 et
1178 1597 1682 1670 juxtaonsimum,
1718 1599 2034 1653 Domninus

328 1690 456 1756 post
497 1686 859 1741 Ambrosium
889 1703 917 1740 a
953 1687 1346 1742 Valentiniano
1377 1688 1448 1742 ad
1482 1688 1784 1742 Maximum
1815 1689 2034 1759 legatus

329 1779 415 1830 est
443 1778 716 1846 (Zosimus,
753 1776 846 1830 lib.
883 1775 957 1844 4).
1001 1777 1130 1829 Haec
1161 1780 1352 1830 autem
1385 1775 1582 1830 omnia
1610 1780 1739 1846 post
1779 1790 2032 1829 mensem

324 1864 554 1934 junium
583 1880 883 1935 reponere,
936 1880 1051 1918 non
1099 1867 1184 1918 est
1235 1864 1372 1918 adeo
1403 1863 1565 1918 facile
1597 1868 1652 1918 et
1681 1863 2030 1934 expeditum.

327 1953 555 2008 Accedit
583 1952 746 2020 illud,
777 1952 928 2023 quod
948 1953 1115 2023 juxta
1145 1953 1298 2006 hunc
1327 1953 1632 2018 calculum,
1663 1953 1980 2024 Augustam
2001 1970 2033 2006 a

327 2040 581 2094 vexando
613 2039 913 2094 Ambrosio
945 2057 1056 2094 non
1089 2045 1219 2094 ante
1252 2040 1529 2095 destitisse
1568 2045 1810 2111 oportet,
1860 2057 2032 2113 quam

326 2145 455 2184 cum
483 2129 646 2184 illum
678 2129 747 2184 de
773 2145 910 2200 pace
935 2134 1196 2184 acturum
1228 2129 1296 2184 ad
1328 2129 1636 2185 Maximum
1670 2129 1873 2189 misit:
1901 2129 2034 2184 licet

326 2217 414 2272 vix
445 2217 600 2272 credi
645 2217 845 2288 possit,
889 2217 1170 2272 Justinam
1209 2219 1496 2290 extemplo
1543 2223 1767 2274 tantum
1821 2219 1940 2290 spei
1971 2235 2034 2272 ac

326 2305 551 2362 ﬁducize
581 2307 640 2361 in
671 2323 738 2362 eo
760 2306 993 2362 homine
1022 2305 1298 2378 posuisse,
1329 2307 1401 2362 ad
1431 2324 1604 2379 quem
1635 2307 2032 2379 expellendum

283 2449 286 2452 .
327 2397 413 2449 tot
446 2394 616 2450 modo
647 2393 939 2449 machinas
968 2394 1339 2462 adhibuisset,
1370 2395 1584 2466 quique
1613 2396 1683 2451 ad
1713 2396 1822 2450 hoc
1853 2413 2030 2468 nego-

325 2481 469 2538 tium
501 2483 832 2538 obeundum
861 2499 978 2538 non
1005 2484 1144 2539 adeo
1174 2483 1413 2539 idoneus
1440 2484 1770 2553 videbatur;
1805 2502 1937 2540 cum
1967 2503 2033 2540 ex

327 2571 584 2642 ejusdem
631 2571 911 2627 relatione
966 2575 1208 2641 constet,
1261 2576 1635 2644 conquestum
1687 2590 1809 2628 esse
1859 2574 2032 2630 Maxi-

329 2677 509 2727 mum,
541 2661 692 2732 quod
715 2661 785 2716 ab
809 2677 876 2715 eo
904 2660 1105 2716 fuisset
1133 2661 1194 2716 in
1223 2661 1712 2734 primalcgatione
1741 2663 2030 2735 deceptus.

395 2753 448 2804 5.
483 2750 589 2813 Qui
618 2749 1022 2820 Augustimum
1043 2767 1194 2806 anno
1225 2751 1415 2806 solum
1442 2752 1847 2808 trecentesimo
1869 2753 2034 2824 quin-

326 2838 660 2909 quagesimo
691 2839 892 2910 quinto
931 2844 1129 2893 natum
1159 2857 1298 2906 esse,
1339 2845 1436 2895 aut
1469 2841 1658 2912 ipsum
1689 2857 1870 2896 annos
1901 2858 2034 2896 suos

325 2929 580 3000 expletos
605 2944 908 2984 numerare
938 2930 1312 2997 contendunt,
1347 2931 1538 2986 locum
1564 2931 1741 2986 alium
1763 2931 2031 2996 afferunt,

323 3017 385 3073 in
414 3034 528 3089 quo
559 3034 634 3082 se,
663 3022 723 3070 ut
745 3017 975 3088 quidem
998 3022 1218 3089 putant,
1240 3033 1369 3073 cum
1392 3018 1758 3090 Imperatoris
1785 3034 2034 3089 panegy-

325 3102 510 3157 ricum
548 3102 822 3169 recitavit,
872 3104 1240 3159 tricenariam
1289 3110 1514 3160 aetatem
1569 3106 1751 3176 egisse
1796 3110 2035 3160 testatur

326 3190 755 3259 (Confessionum
787 3191 880 3246 lib.
919 3195 972 3257 6,
1013 3208 1135 3262 cap.
1181 3196 1231 3258 6,
1273 3209 1330 3247 n.
1375 3199 1429 3262 9,
1459 3199 1508 3248 et
1547 3211 1666 3264 cap.
1714 3196 1798 3261 14,
1832 3211 1888 3249 n.
1923 3197 2028 3259 18).

328 3280 544 3350 Nempe
571 3296 675 3350 pro
708 3284 859 3334 certo
907 3285 1131 3352 ponunt
1175 3281 1321 3336 hanc
1363 3283 1698 3354 panegyrim
1728 3299 1854 3338 eam
1887 3299 2029 3352 esse,

325 3383 499 3439 quam
534 3368 770 3422 Bautoni
799 3369 1160 3424 consulatum
1192 3369 1416 3424 ineunti
1453 3369 1592 3426 dixit
1620 3371 1839 3442 (Contra
1873 3375 2034 3427 Litte-

322 3471 414 3511 ras
445 3458 722 3524 Petiliani,
756 3458 846 3512 lib.
891 3462 942 3524 3,
977 3475 1030 3512 η.
1081 3461 1166 3525 30)
1196 3458 1456 3514 kalendis
1475 3459 1727 3530 januarii
1757 3460 1892 3515 anni
1923 3465 2034 3516 tre-

325 3545 621 3600 centesimi
652 3546 987 3618 octogesimi
1012 3547 1217 3618 quinti.
1245 3548 1402 3603 Unde
1423 3548 1700 3620 colligunt
1718 3565 1871 3617 eum,
1902 3567 2033 3605 cum

325 3635 686 3707 trigesimum
728 3636 911 3691 aztatis
967 3653 1084 3692 sua:
1133 3653 1349 3692 annum
1399 3642 1662 3694 numeret
1714 3655 1866 3694 anno
1916 3645 2034 3694 tre-

322 3725 635 3780 centesimo
665 3725 1016 3796 octogesimo
1066 3726 1290 3797 quinto,
1331 3732 1430 3782 aut
1475 3732 1677 3783 natum
1718 3744 1840 3783 esse
1880 3745 2032 3783 anno

324 3813 724 3868 trecentesimo
741 3814 1219 3886 quinquagesimo
1236 3815 1459 3886 quinto,
1477 3821 1577 3870 aut
1597 3834 1711 3872 non
1730 3833 2034 3872 numerare

320 3901 552 3956 initium
571 3902 707 3956 anni
729 3902 820 3956 sui
845 3902 1124 3973 trigesimi
1146 3903 1342 3973 primi.
1378 3903 1814 3960 Observavimus
1837 3923 2031 3977 supra,

325 3990 385 4044 in
428 3990 583 4045 hisce
622 3991 964 4044 numerandi
1008 3991 1193 4046 modis
1241 3993 1518 4063 quosdam
1567 4011 1688 4048 esse
1737 3995 1942 4049 dubios
1980 4003 2036 4050 et

324 4079 614 4152 ancipites,
645 4080 924 4152 quosdam
956 4079 1125 4135 unico
1155 4097 1324 4136 sensu
1353 4083 1638 4138 deﬁnitus.
1673 4085 2036 4140 Arbitramur

322 4170 476 4225 hunc
497 4169 772 4242 loquendi
799 4169 1057 4237 modum,
1081 4172 1200 4241 Ago
1221 4171 1563 4242 trigesimun
1587 4173 1770 4227 aetatis
1794 4190 2030 4241 annum,

323 4259 395 4314 ad
426 4265 779 4332 postremum
826 4274 1008 4330 genus
1037 4259 1346 4330 pertinere,
1395 4277 1500 4316 nec
1530 4261 1684 4317 aliud
1707 4263 2029 4334 signiﬁcare

323 4367 534 4425 quam,’
551 4351 816 4406 Nondum
842 4349 1202 4422 trigesimum
1228 4350 1411 4405 aetatis
1433 4368 1650 4408 annum
1667 4353 1903 4408 absolvi.
1935 4354 2034 4409 Sin

323 4439 499 4507 dicas,
529 4442 722 4494 Annos
748 4439 986 4509 triginta
1016 4443 1184 4494 natus
1214 4456 1374 4507 sum;
1404 4440 1653 4496 fatemur
1681 4441 1739 4496 id
1772 4459 1837 4496 ex
1867 4458 2032 4514 aequo

320 4527 642 4599 signiﬁcare
678 4544 866 4598 posse,
898 4534 956 4584 te
989 4545 1169 4583 annos
1213 4529 1450 4600 triginta
1483 4534 1685 4585 natum
1727 4548 1876 4597 esse,
1922 4532 2035 4586 sive

323 4616 630 4686 inchoatos,
663 4616 778 4671 sive
823 4617 1135 4674 absolutos.
1167 4619 1279 4673 Hac
1309 4635 1446 4690 ergo
1475 4619 1695 4674 ratione
1728 4620 1882 4674 haud
1912 4621 2035 4674 inﬁ-

323 4705 436 4759 cias
464 4704 695 4771 ibimus,
726 4706 1066 4778 panegyrim
1102 4706 1285 4776 illam,
1326 4707 1492 4778 cujus
1528 4709 1884 4780 Augustinus
1915 4725 2034 4764 me-

321 4793 513 4862 minit,
548 4793 834 4865 siquidem
865 4811 990 4850 eam
1018 4795 1138 4866 ipse
1165 4813 1342 4851 annos
1363 4797 1597 4868 triginta
1627 4803 1683 4852 et
1713 4815 1892 4853 unum
1934 4816 2035 4854 na-

320 4885 411 4936 tus
440 4879 726 4948 habuerit,
749 4882 1035 4952 pertinere
1055 4885 1126 4938 ad
1151 4901 1368 4941 annum
1390 4886 1854 4941 trecentesimum
1883 4891 2035 4942 oclo-

322 4969 606 5042 gesimum
635 4969 922 5041 quintum.
958 4973 1022 5026 Et
1049 4987 1110 5027 re
1140 4973 1376 5044 quidem
1403 4974 1527 5045 ipsa
1547 4991 1678 5029 eum
1702 4974 1842 5029 varii
1865 4983 2037 5031 (estus

287 5058 296 5066 ’
321 5059 518 5126 animi,
551 5058 760 5130 quibus
789 5063 925 5114 tunc
947 5061 1289 5132 jactabatur,
1319 5064 1388 5118 ab
1417 5063 1706 5119 Ambrosii
1738 5063 2028 5118 concioni-

327 5148 434 5204 bus
480 5147 774 5204 concitatis
821 5165 942 5204 esse
987 5148 1291 5205 videantur
1339 5153 1768 5224 (Con/cssionum
1823 5154 1917 5207 lib.
1979 5157 2034 5219 6,

326 5253 448 5307 cap.
477 5240 532 5306 4,
570 5255 628 5294 n.
663 5238 750 5310 6);
809 5237 1015 5310 conjici
1057 5243 1244 5310 potest
1269 5257 1398 5295 eum
1425 5243 1546 5311 jam
1578 5242 1800 5313 pridem
1831 5241 2037 5296 Medio-

326 5326 526 5381 lauum
557 5327 798 5398 venisse,
843 5343 946 5382 nec
975 5332 1168 5382 tamen
1199 5333 1328 5382 ante
1359 5329 1488 5384 idus
1519 5330 1852 5384 novembres
1897 5329 2039 5384 anni

336 5417 722 5473 trecentesimi
750 5417 1087 5489 octogesimi
1133 5417 1342 5489 quarti,
1375 5418 1422 5472 si
1451 5419 1621 5474 modo
1649 5418 1717 5472 ad
1748 5419 1898 5474 hanc
1931 5434 2036 5474 ur-

333 5501 464 5562 bem
495 5520 611 5560 non
643 5505 818 5572 venit,
857 5505 963 5561 nisi
999 5509 1059 5560 ut
1103 5505 1348 5578 peractis
1378 5505 1633 5576 ejusdem
1665 5505 1798 5560 anni
1839 5506 2036 5561 vinde-

2142 352 2408 408 mialibus
2436 349 2592 406 feriis
2615 347 2872 420 publicas
2899 345 3114 402 scholas
3131 344 3476 400 instauraret
3507 361 3520 398 :
3555 344 3707 417 quod
3731 345 3848 414 qui-

2143 441 2270 495 dem
2317 457 2431 494 non
2481 439 2716 495 omnino
2774 441 3138 510 perspectum
3198 439 3282 490 est
3337 451 3402 489 ac
3450 435 3840 505 exploratum;

2141 530 2264 584 fieri
2294 531 2447 584 enim
2487 529 2694 600 potuit,
2744 531 2808 582 ut
2837 525 3223 581 Mediolanum
3264 540 3413 578 anno
3455 523 3846 577 trecentesimo

2142 618 2484 689 octogesimo
2512 622 2715 689 quarto
2744 615 2979 670 ineunte
3010 613 3252 667 venerit.
3291 611 3439 677 Quin
3460 612 3633 666 etiam
3658 611 3846 666 Rivius

2142 707 2199 762 in
2228 724 2328 762 sua
2356 705 2729 777 chronologia
2750 721 2882 760 cum
2904 719 3056 758 anno
3080 702 3479 758 trecentesimo
3501 701 3846 773 octogesimo

2141 796 2308 852 tertio
2358 795 2576 850 venisse
2631 793 2866 860 statuit;
2909 809 3013 848 nec
3063 796 3147 846 est
3191 791 3345 863 quod
3399 790 3455 845 id
3503 791 3846 845 contrariam

2142 890 2362 956 partem
2394 885 2716 940 efferamus.
2751 885 2990 938 Faustus
3020 881 3178 937 enim
3217 879 3616 951 Carthaginem
3647 879 3840 934 venire

2143 974 2328 1046 potuit
2348 977 2477 1028 ante
2504 988 2721 1028 annum
2767 970 3072 1042 Augustini
3116 967 3668 1039 undetrigesimum;
3711 973 3766 1022 et
3788 968 3844 1022 id

2141 1063 2381 1118 iudicari
2427 1063 2654 1118 videtur
2697 1061 2786 1116 his
2829 1059 3016 1116 verbis
3062 1076 3074 1114 :
3121 1061 3420 1129 Proloquar
3466 1059 3524 1112 in
3569 1063 3850 1127 conspecta

2141 1156 2239 1209 Dei
2263 1155 2368 1208 mei
2411 1169 2598 1208 annun
2634 1152 2788 1206 illum
2819 1150 3300 1216 undetrigcsimum
3327 1148 3506 1202 aetatis
3537 1162 3689 1201 mem.
3725 1150 3849 1202 lam

2140 1247 2360 1297 venerat
2419 1241 2800 1310 Carthaginem
2845 1239 3072 1310 quidam
3105 1238 3526 1294 Manichzorum
3568 1238 3847 1304 cpiscopus

2138 1334 2368 1387 Faustus
2409 1333 2622 1384 nomine
2671 1329 2856 1398 (lbid.,
2909 1328 3004 1382 lib.
3067 1331 3120 1394 5,
3170 1343 3290 1396 cap.
3344 1330 3396 1391 3,
3445 1342 3499 1379 n.
3547 1324 3624 1394 3).
3661 1325 3853 1378 Potuit

2140 1421 2316 1490 igitur
2345 1419 2534 1474 videre
2564 1421 2855 1486 Faustum,
2888 1422 2944 1472 et
2969 1417 3040 1472 ab
3068 1433 3134 1471 eo
3177 1415 3506 1480 abalienari,
3554 1414 3675 1485 jam
3715 1413 3851 1468 inde

2141 1509 2210 1564 ab
2249 1525 2398 1563 anno
2428 1507 2831 1562 trecentesimo
2876 1505 3226 1578 octogesimo
3275 1505 3525 1559 secundo
3569 1507 3849 1568 exeunte;

2141 1598 2245 1653 sub
2275 1598 2530 1670 ejusdem
2561 1597 2697 1653 anni
2717 1596 2953 1663 exitum,
2981 1599 3078 1650 aut
3097 1611 3248 1649 anno
3278 1592 3677 1648 trecentesimo
3699 1596 3855 1646 octo-

2141 1686 2359 1758 gesimo
2407 1685 2573 1740 tertio
2616 1685 2852 1740 ineunte
2899 1685 3140 1739 Romam
3179 1683 3434 1752 venisse;
3468 1685 3524 1736 et
3561 1685 3692 1735 ante
3720 1696 3852 1751 per-

2141 1781 2290 1830 actas
2319 1775 2693 1830 vindemiales
2722 1773 2858 1828 anni
2890 1772 3273 1828 trecentesimi
3322 1769 3653 1843 octogesimi
3698 1768 3853 1823 tertii

2140 1864 2310 1919 ferias
2335 1863 2486 1918 mitti
2533 1863 2930 1918 Mediolanum.
2975 1863 3116 1916 Nam
3157 1862 3205 1915 si
3243 1861 3448 1916 desunt
3484 1863 3848 1931 argumenta,

2142 1953 2350 2024 quibus
2379 1953 2654 2024 probetur
2683 1951 3054 2023 Symmachus
3097 1949 3258 2006 Urbis
3285 1950 3686 2021 prafecturam
3719 1964 3849 2018 ges-

2141 2041 2278 2096 sisse
2328 2057 2479 2096 anno
2535 2039 2935 2096 trecentesimo
2979 2037 3328 2109 octogesimo
3379 2037 3580 2104 tertio;
3645 2036 3855 2090 desunt

2140 2129 2352 2201 pariter
2381 2127 2547 2184 nobis
2563 2128 2643 2199 ‘in
2669 2126 3013 2183 contrariam
3053 2131 3294 2198 partem.
3325 2127 3490 2180 Juxta
3532 2141 3703 2197 quem
3736 2125 3851 2178 cal-

2140 2219 2333 2273 culum
2373 2217 2806 2290 panegyricum,
2839 2232 3013 2288 quem
3051 2215 3275 2270 videtur
3318 2215 3555 2268 innuere
3583 2230 3617 2267 a
3647 2229 3704 2266 se
3746 2211 3853 2267 tri—

2141 2305 2360 2377 gesimo
2415 2306 2596 2362 aetatis
2653 2322 2804 2360 anno
2860 2305 3141 2370 habitum,
3205 2303 3440 2358 recitare
3501 2301 3689 2374 potuit
3751 2305 3856 2354 aut

2139 2395 2373 2450 ineunte
2421 2411 2570 2450 anno
2627 2393 3021 2449 trecentesimo
3080 2393 3429 2464 octogesimo
3461 2395 3688 2464 quarto.
3750 2396 3853 2445 aut

2142 2483 2254 2538 alio
2307 2484 2562 2556 ejusdem
2632 2482 2770 2538 anni
2827 2486 3106 2554 tempore.
3172 2481 3350 2536 Nullis
3403 2481 3559 2534 enim
3617 2478 3854 2550 probari

2139 2577 2330 2644 potest
2412 2571 2769 2645 argumentis
2835 2571 3102 2626 eumdem
3170 2586 3322 2639 esse,
3383 2585 3555 2640 quem
3609 2567 3857 2623 Bautoni

2141 2661 2363 2716 consuli
2391 2661 2566 2731 dixit;
2619 2665 2677 2716 et
2713 2661 2883 2732 longe
2913 2659 3158 2714 similius
3187 2675 3320 2713 vero
3352 2663 3435 2712 est
3465 2657 3632 2712 aliam
3676 2657 3856 2710 fuisse

2142 2749 2505 2821 panegyrim,
2556 2766 2683 2804 cum
2739 2766 2866 2804 eam
2919 2747 3286 2820 Imperatoris
3336 2747 3530 2802 laudes
3558 2749 3858 2816 nuncupet

2139 2839 2332 2908 (lbid.,
2389 2841 2479 2894 lib.
2523 2843 2576 2906 6,
2627 2856 2748 2909 cap.
2801 2842 2854 2906 6,
2903 2854 2960 2892 n.
3006 2839 3082 2909 9).
3136 2839 3247 2892 Cur
3275 2841 3466 2892 autem
3498 2835 3858 2907 Augustinus

2145 2933 2293 3000 (qua:
2349 2929 2522 2984 etiam
2579 2929 2872 2983 nonnullis
2918 2927 3147 2982 errandi
3192 2943 3362 2980 causa
3409 2925 3608 2996 extitit)
3660 2929 3859 2980 osten-

2142 3034 2308 3072 surus
2366 3035 2424 3072 se
2481 3019 2551 3073 ab
2607 3018 2816 3081 Africa,
2873 3033 3005 3072 cum
3056 3016 3136 3070 ibi
3191 3015 3444 3070 damnati
3497 3019 3630 3068 sunt
3673 3014 3857 3070 Mani—

2143 3107 2309 3174 chaai,
2341 3123 2490 3162 anno
2529 3107 2934 3162 trecentesimo
2983 3104 3330 3176 octogesimo
3376 3109 3533 3158 sexto
3580 3103 3854 3169 abfuisse,

2145 3195 2396 3267 priorem
2427 3197 2584 3250 illam
2611 3195 2949 3267 panegyrim
2971 3192 3336 3265 Imperatoris
3363 3192 3567 3246 tacitus
3591 3192 3859 3262 praeterit

2141 3287 2365 3354 (Contra
2411 3288 2645 3341 Litteras
2693 3285 2967 3353 Pctiliani,
3003 3284 3097 3337 lib.
3146 3287 3198 3347 3,
3249 3299 3304 3337 n.
3353 3282 3461 3351 30),
3504 3286 3856 3352 tantumque

2141 3390 2198 3428 se
2231 3374 2617 3430 Mediolanum
2651 3372 2871 3427 venisse
2904 3375 3140 3426 testatur
3159 3375 3288 3425 ante
3313 3369 3674 3425 consulatum
3711 3371 3858 3424 Bau-

2141 3463 2290 3518 tonis
2333 3463 2537 3534 (Ibid),
2587 3461 2678 3516 cui
2718 3461 3118 3531 magistratum
3164 3458 3389 3514 ineunti
3437 3459 3855 3530 panegyricum

2142 3550 2400 3616 dixerat;
2449 3551 2574 3621 ejus
2625 3549 2710 3604 rei
2759 3549 2938 3604 facilis
2985 3552 3042 3602 et
3086 3551 3356 3619 prompta
3392 3547 3684 3618 responsio
3717 3551 3852 3604 est:

2140 3637 2276 3710 quia
2313 3654 2444 3692 cum
2485 3637 2754 3709 frequens
2797 3655 2855 3691 se
2906 3637 3163 3708 praebere
3193 3635 3445 3707 potuerit
3473 3633 3693 3689 occasio
3727 3635 3855 3689 lau-

2141 3729 2315 3784 dandi
2344 3729 2728 3800 Imperatoris,
2757 3728 2918 3783 novis
2947 3727 3296 3798 oportuisset
3325 3742 3458 3780 eum
3489 3726 3855 3796 argumentis

2141 3823 2612 3884 commonstrare,
2666 3817 3005 3890 panegyrim
3046 3817 3204 3871 illam
3262 3814 3601 3886 Imperatori
3640 3813 3856 3868 dictam

2141 3908 2311 3963 fuisse
2346 3924 2493 3962 anno
2527 3907 2926 3962 trecentesimo
2969 3905 3315 3976 octogesimo
3347 3909 3572 3976 quarto,
3603 3919 3720 3957 non
3750 3920 3854 3956 au-

2141 4002 2257 4051 tem
2282 4013 2432 4051 anno
2462 3995 2858 4051 trecentesimo
2889 3995 3234 4065 octogesimo
3254 3994 3516 4064 septimo.
3545 3992 3642 4046 Sat
3668 3990 3855 4060 igitur

2139 4086 2340 4140 habuit
2369 4087 2570 4140 afferre
2602 4086 2868 4139 idoneam
2898 4084 3298 4156 probationem
3323 4081 3559 4136 minimc
3592 4079 3857 4147 dubiam,

2142 4179 2195 4228 et
2220 4190 2286 4228 eo
2310 4173 2495 4244 magis
2516 4173 2898 4244 perspicuam,
2923 4173 3074 4245 quod
3097 4172 3536 4228 Manichaeorum
3560 4168 3858 4224 damnatio

2143 4262 2364 4316 videtur
2391 4263 2480 4317 his
2509 4262 2692 4317 verbis
2722 4263 2896 4318 fuisse
2927 4262 3247 4333 subscripta
3279 4278 3291 4316 :
3327 4262 3492 4315 Anno
3508 4262 3633 4329 post
3661 4273 3859 4312 consu-

2141 4353 2311 4406 latum
2342 4353 2623 4416 Bautonis,
2658 4356 2766 4407 etc.
2801 4353 2866 4407 Et
2919 4351 2990 4406 ob
3022 4351 3284 4406 eamdem
3333 4348 3483 4404 haud
3517 4347 3690 4402 dubie
3726 4363 3857 4401 cau-

2143 4457 2262 4494 sam
2293 4445 2460 4511 tacet,
2493 4459 2551 4496 se
2584 4442 2780 4496 Romae
2809 4439 2983 4495 fuisse
3011 4443 3427 4495 commoratum
3456 4437 3630 4491 etiam
3661 4436 3855 4507 prius-

2142 4546 2317 4600 quam
2366 4530 2751 4586 Mediolanum
2787 4529 3269 4600 proﬁcisceretur.
3318 4527 3619 4582 Maluimus
3658 4529 3857 4580 tamen

2143 4619 2451 4673 adventum
2490 4619 2794 4690 Augustini
2825 4619 3209 4674 Mediolanum
3241 4633 3393 4672 anno
3425 4616 3707 4670 duntaxat
3735 4619 3853 4669 tre-

2142 4707 2450 4762 centesimo
2483 4709 2828 4780 octogesimo
2859 4712 3060 4781 quarto
3085 4706 3444 4778 consignare,
3471 4720 3603 4758 cum
3636 4719 3704 4757 ea
3733 4720 3860 4757 sen-

2144 4796 2320 4850 tentia
2350 4797 2533 4868 magis
2563 4802 2791 4868 recepta
2816 4797 2908 4864 sit,
2950 4802 3006 4852 et
3029 4795 3338 4868 Augustini
3369 4793 3554 4848 verbis
3591 4793 3860 4864 apprime

2143 4891 2562 4953 consentanea;
2597 4902 2843 4957 qumque
2882 4902 2998 4941 non
3033 4891 3210 4958 ponat
3243 4882 3646 4955 Symmachum
3694 4898 3856 4954 prae-

2144 4973 2420 5028 fecturam
2471 4973 2632 5028 Urbis
2671 4973 2908 5045 gessisse
2958 4974 3078 5044 jam
3124 4974 3253 5029 inde
3296 4974 3367 5028 ab
3398 4989 3548 5027 anno
3582 4975 3862 5026 trecente-

2144 5061 2289 5116 simo
2321 5062 2668 5131 octogesimo
2695 5066 2916 5133 quarto,
2943 5062 3202 5133 quamvis
3234 5063 3407 5133 hujus
3443 5059 3527 5115 rei
3549 5061 3710 5114 nulla
3738 5075 3863 5114 cer-

2144 5155 2358 5205 nantur
2387 5151 2637 5222 vestigia.
2699 5151 2858 5216 Quod
2904 5151 2951 5205 si
3001 5167 3151 5205 anno
3194 5150 3590 5206 trecentesimo
3623 5153 3863 5222 octoge-

2144 5239 2288 5294 simo
2321 5245 2524 5311 quarto
2557 5240 2791 5294 ineunte
2821 5239 3085 5308 advenit;
3117 5240 3293 5295 statui
3323 5244 3526 5311 potest,
3560 5255 3697 5293 eum
3729 5245 3866 5293 ante

2143 5328 2504 5400 trigesimum
2534 5330 2714 5384 aetatis
2761 5346 2878 5384 suae
2909 5346 3126 5386 annum
3158 5330 3486 5384 absolutum
3515 5327 3867 5400 panegyrim

2147 5417 2484 5487 Imperatori
2515 5418 2745 5474 dixisse.

2219 5510 2271 5561 6.
2302 5506 2427 5562 Alio
2456 5524 2685 5580 quoque
2715 5523 2784 5563 ex
2814 5507 2937 5564 loco
2969 5523 3274 5580 exsurgere
3301 5506 3604 5578 scrupulus
3637 5510 3862 5578 potest:
