4048 6194
221 260 317 311 123
1672 259 1883 315 LIBER
1916 258 2304 316 SECUNDUS.

215 377 483 432 nimirum
514 392 642 431 cum
674 377 746 433 ad
778 376 1065 433 Christum
1099 393 1405 432 conversus
1438 384 1541 445 est,
1578 379 1745 434 multi
1769 380 1909 450 jam,

212 472 271 520 ut
330 466 385 520 in
439 466 872 521 Confessionum
924 466 1082 521 libris
1128 467 1322 537 tradit,
1375 468 1711 522 effluxerant
1756 469 1913 536 anni,

208 558 349 622 forte
377 556 683 622 duodecim,
726 573 791 610 ex
824 572 936 628 quo
974 556 1261 610 Ciceronis
1288 556 1649 610 Hortensium
1677 557 1915 611 undevi-

210 644 421 699 cesimo
453 646 635 699 aetatis
676 662 795 699 sua:
834 661 985 699 anno
1018 644 1235 715 legerat
1268 647 1685 712 (Confessionum
1725 646 1816 699 lib.
1860 648 1913 714 8,

207 750 320 803 cap.
363 738 421 799 7,
469 749 524 787 n.
562 734 659 802 t7).
716 734 894 804 Hujus
935 750 1106 805 porro
1146 734 1398 804 scrupuli
1428 733 1730 788 amovendi
1768 733 1913 787 ratio

208 822 362 876 nulla
395 827 481 876 est
507 823 719 893 potior,
755 838 927 893 quam
952 839 1079 893 quae
1109 824 1180 877 ab
1208 823 1332 893 ipso
1361 823 1677 893 Augustino
1709 838 1913 893 sugge-

208 912 364 975 ritur,
403 909 503 981 qui
534 927 669 964 voce
701 911 970 981 adjuncta
998 912 1161 977 forte,
1196 911 1327 964 satis
1368 910 1580 964 indicat
1616 927 1683 965 eo
1716 910 1825 964 loci
1855 925 1913 964 se

206 1003 463 1053 accurate
486 1003 543 1053 et
574 999 643 1053 ad
666 999 941 1053 amussim
964 1016 1081 1053 non
1112 999 1301 1070 loqui;
1333 1004 1395 1053 ut
1424 1016 1535 1053 nec
1567 1000 1767 1054 eodem
1796 1000 1913 1053 fere

205 1090 342 1154 loco,
404 1105 538 1142 cum
586 1088 727 1142 illud
776 1087 965 1159 ipsum
1014 1092 1243 1159 tempus
1286 1088 1538 1143 decennio
1583 1093 1633 1142 et
1676 1089 1913 1159 amplius

203 1177 476 1247 exprimit
508 1178 933 1245 (Con/essionum
962 1178 1057 1232 lib.
1104 1180 1160 1245 8,
1193 1192 1313 1246 cap.
1352 1182 1405 1243 7,
1447 1194 1498 1231 η.
1544 1177 1647 1246 18).
1686 1178 1749 1231 In
1799 1180 1912 1231 suis

205 1271 390 1319 autem
427 1266 781 1337 Soliloquiis,
811 1283 958 1337 quae,
995 1270 1056 1320 ut
1082 1266 1353 1334 diximus,
1384 1266 1558 1336 paulo
1596 1270 1724 1337 post
1751 1283 1912 1321 suam

203 1354 641 1408 conversionem
712 1354 955 1425 scripsit,
1041 1354 1472 1425 quatuordecim
1548 1355 1665 1409 fere
1732 1372 1913 1409 annos

200 1443 489 1497 efﬂuxisse
520 1447 760 1496 testatur
782 1443 1027 1513 (Soliloq.
1062 1444 1156 1497 lib.
1203 1447 1247 1505 t,
1278 1459 1333 1496 η.
1372 1444 1476 1512 17).
1511 1445 1773 1498 Attamen
1807 1446 1911 1498 Ba-

197 1531 395 1585 ronius
454 1532 565 1585 hoc
614 1547 728 1585 uno
779 1530 1205 1585 Confessionum
1250 1532 1377 1585 loco
1418 1531 1672 1599 innixus,
1713 1535 1913 1603 Augu-

196 1620 325 1675 stini
368 1620 809 1675 conversionem
858 1636 1006 1673 anno
1056 1621 1241 1674 aetatis
1286 1621 1411 1690 ejus
1460 1624 1646 1691 primo
1698 1627 1753 1675 et
1806 1621 1910 1675 tri-

194 1710 440 1778 gesimo,
522 1709 729 1764 Christi
807 1708 1207 1762 trecentesimo
1282 1710 1631 1779 octogesimo
1709 1710 1911 1781 quinto

195 1798 477 1869 reposuit.
526 1798 684 1851 [lude
724 1796 1023 1851 biennium
1067 1800 1121 1851 et
1162 1796 1381 1867 aliquot
1422 1798 1659 1868 insuper
1689 1815 1912 1853 menses

191 1887 337 1941 inter
392 1886 832 1940 conversionem
885 1888 1005 1954 ejus
1049 1889 1104 1938 et
1151 1885 1501 1956 Baptismum
1548 1887 1911 1957 interponere

189 1982 425 2030 coactus
456 1979 568 2028 est.
609 1975 815 2027 Verum
847 1990 913 2028 ex
946 1974 1109 2027 dictis
1141 1974 1509 2045 perspicuum
1541 1976 1909 2046 relinquitur,

189 2068 240 2122 id
271 2082 653 2139 nequaquam
682 2082 845 2136 posse
876 2065 1257 2136 propugnari;
1291 2065 1435 2119 sicut
1474 2083 1576 2119 nec
1618 2066 1759 2121 illud
1799 2083 1911 2138 quo

192 2156 400 2211 asserit
430 2154 752 2210 Monnicam
782 2170 899 2208 non
927 2154 1131 2208 obiisse
1170 2154 1279 2208 nisi
1306 2160 1509 2225 quarto
1540 2172 1721 2209 nonas
1752 2155 1909 2221 maii,

189 2245 325 2299 anni
370 2242 767 2298 trecentesimi
815 2242 1149 2313 octogesimi
1198 2243 1357 2310 noni,
1406 2243 1463 2297 id
1511 2249 1615 2311 est,
1667 2261 1816 2299 anno
1858 2249 1915 2299 et

190 2335 448 2405 amplius
508 2338 642 2403 post
704 2332 1009 2403 Augustini
1080 2332 1513 2387 conversionem
1577 2334 1801 2404 elapso,
1859 2339 1915 2389 et

190 2423 590 2493 Augustinum
636 2438 754 2476 nou
807 2437 1089 2475 remeasse
1150 2421 1207 2474 in
1259 2420 1505 2475 Africam
1555 2421 1665 2475 nisi
1712 2423 1912 2477 eodem

188 2529 335 2566 anno
390 2510 798 2565 trecentesimo
829 2510 1177 2581 octogesimo
1210 2526 1383 2564 nono.
1428 2512 1550 2574 Quo
1582 2528 1647 2565 ex
1695 2512 1910 2567 calculo

188 2603 558 2671 sequeretur,
603 2603 668 2653 ut
709 2614 824 2652 non
864 2599 991 2669 plus
1039 2614 1213 2669 quam
1254 2597 1554 2653 biennium
1604 2599 1753 2654 inter
1791 2601 1913 2670 ejus

186 2689 450 2743 reditum
483 2692 541 2741 et
569 2687 1022 2758 presbyteratum
1066 2686 1506 2754 intercessisset;
1549 2704 1680 2743 cum
1719 2694 1911 2744 tamen

187 2777 486 2833 Possidius
518 2775 832 2830 triennium
866 2777 1215 2846 interponat.

844 2865 1068 2919 CAPUT
1107 2866 1234 2918 VIII
1254 2906 1266 2919 .

192 2961 207 3011 t
240 2956 460 3023 Quibus
501 2955 782 3008 exercitiis
813 2956 935 3007 ruri
962 2955 1175 3007 vacarit
1202 2955 1568 3021 Augustinus.
1605 2958 1637 3007 2
1668 2956 1784 3020 Qua
1814 2970 1909 3007 ra-

256 3048 408 3099 tione
441 3043 580 3097 duos
611 3044 693 3095 ibi
732 3042 1087 3096 adolescentes
1118 3043 1437 3095 instituerit.
1482 3045 1511 3096 3
1554 3043 1774 3096 Librum
1816 3042 1913 3095 ad-

254 3148 453 3187 versus
504 3132 853 3185 Academicos
888 3132 1129 3199 primum
1166 3130 1473 3184 conscribit.
1516 3132 1550 3184 4
1598 3133 1736 3184 Hinc
1784 3132 1911 3184 aliis

259 3220 605 3291 quibusdam
647 3220 918 3289 opusculis
965 3235 1185 3272 manum
1239 3218 1507 3273 admovet.
1558 3222 1587 3273 5
1640 3220 1796 3273 Redit
1838 3220 1912 3273 ad

261 3310 648 3374 Academicos,
685 3312 736 3361 et
766 3308 964 3362 librum
990 3308 1056 3361 de
1083 3307 1276 3361 iisdem
1299 3308 1589 3361 secundum
1610 3325 1673 3361 ac
1695 3311 1911 3363 tertium

256 3401 502 3469 perﬁcit.
534 3402 566 3451 6
600 3401 673 3451 De
694 3400 1027 3451 Romaniano
1056 3399 1147 3451 cui
1175 3398 1268 3451 hos
1295 3396 1361 3450 de
1390 3398 1728 3452 Academicis
1746 3398 1909 3453 libros

264 3488 575 3541 dedicarit.
607 3491 637 3538 7
672 3486 830 3540 Liber
858 3486 922 3539 de
950 3488 1117 3540 Beata
1152 3488 1279 3540 Vita
1302 3487 1539 3554 scriptus
1569 3486 1643 3538 ad
1676 3486 1910 3538 Theodo—

258 3593 407 3629 rum.
441 3578 496 3629 8.
527 3574 684 3629 Libri
723 3574 789 3627 de
820 3574 1022 3629 Ordine
1069 3574 1190 3629 .iuo.
1226 3577 1256 3628 9
1300 3575 1679 3628 zEmulationis
1708 3578 1757 3627 et
1788 3576 1909 3627 ina-

260 3668 347 3719 nis
372 3665 671 3733 jactantia:
708 3668 881 3717 motus
915 3665 972 3716 in
1011 3663 1297 3732 discipulis
1330 3664 1441 3716 suis
1472 3664 1797 3732 comprimit.
1848 3664 1909 3715 10

260 3754 413 3821 Opus
443 3751 511 3804 de
537 3750 740 3806 Ordine
769 3766 866 3804 cur
886 3751 1124 3805 Zenobio
1154 3751 1480 3804 dedicatum.

265 3841 312 3892 1.
350 3840 427 3892 lit
452 3838 666 3892 seriem
698 3837 949 3892 historia:
974 3838 1280 3909 Augustini
1317 3844 1668 3909 repetamus:
1701 3841 1909 3893 Renun-

192 3929 349 3989 tiavi,
406 3926 621 3997 inquit,
671 3929 907 3996 peractis
968 3928 1408 3994 vindemialibus,
1460 3932 1518 3981 ut
1575 3929 1908 3981 scholasticis

189 4019 301 4069 suis
344 4016 777 4071 Mediolanenses
824 4016 1155 4071 venditorem
1189 4017 1470 4070 verborum
1504 4018 1673 4070 alium
1712 4019 1908 4086 provi—

190 4105 399 4171 derent,
444 4106 593 4175 quod
638 4111 688 4159 et
730 4106 831 4159 tibi
866 4122 958 4175 ego
994 4108 1196 4160 servire
1223 4106 1553 4173 delegissem,
1587 4110 1639 4159 et
1667 4107 1752 4159 illi
1788 4121 1907 4175 pro-

188 4196 417 4259 fessioni
436 4210 556 4263 pra:
586 4194 915 4263 difﬁcultate
943 4195 1198 4265 spirandi
1231 4211 1292 4249 ac
1323 4194 1504 4248 dolore
1542 4197 1772 4263 pectoris
1802 4211 1910 4249 non

188 4286 516 4350 sufﬁcerem.
567 4286 638 4337 Et
672 4285 954 4337 insinuavi
992 4300 1093 4353 per
1135 4285 1347 4338 litteras
1388 4286 1629 4337 antistiti
1665 4290 1754 4337 tuo
1792 4287 1911 4338 viro

190 4378 373 4426 sancto
404 4372 695 4426 Ambrosio
724 4374 985 4441 pristinos
1018 4388 1222 4427 errores
1261 4387 1421 4437 meos,
1458 4377 1507 4425 et
1540 4388 1775 4441 praesens
1817 4390 1908 4427 vo-

192 4466 299 4514 tum
328 4477 531 4527 meum,
570 4465 631 4514 ut
666 4466 900 4515 moneret
934 4462 1070 4530 quid
1097 4464 1435 4532 potissimum
1461 4462 1599 4515 mihi
1636 4462 1701 4515 de
1731 4462 1911 4516 Libris

194 4553 296 4605 tuis
330 4550 621 4618 legendum
669 4556 824 4616 esset,
860 4565 968 4621 quo
993 4552 1353 4621 percipienda:
1385 4556 1549 4605 tanta
1595 4553 1790 4619 gratim
1813 4566 1910 4621 pa‘

190 4642 359 4694 utier
387 4642 682 4709 aptiorque
710 4643 908 4703 ﬁerem.
937 4642 1014 4695 At
1034 4641 1127 4695 ille
1146 4642 1319 4709 jussit
1349 4642 1545 4694 Isaiam
1555 4640 1909 4709 prophetam;

190 4729 343 4781 credo
367 4728 521 4797 quod
548 4743 663 4796 prae
688 4730 893 4782 caeteris
915 4729 1203 4796 Evangelii
1231 4730 1633 4796 vocationisque
1664 4728 1909 4783 Gentium

190 4818 258 4869 sit
284 4819 692 4885 pranmntiator
718 4819 977 4885 apertior.
1024 4819 1403 4872 Verumtamen
1433 4832 1526 4885 ego
1548 4819 1786 4885 primam
1815 4818 1909 4870 hu-

186 4907 275 4969 jus
306 4907 589 4960 lectionem
619 4922 723 4959 non
750 4907 1076 4973 intelligens,
1112 4910 1383 4975 totamque
1413 4907 1575 4960 talem
1604 4906 1904 4973 arbitrans,

188 4990 387 5047 distuli
415 4993 765 5061 repetendum
788 4997 1137 5049 erercitatior
1154 4997 1211 5048 in
1232 4995 1498 5049 dominico
1519 4997 1726 5065 eloquio
1757 4996 1907 5065 (Con-

186 5082 485 5143 fessionum
514 5082 610 5135 lib.
645 5084 698 5146 9,
732 5097 851 5150 cap.
887 5087 939 5147 ὅ,
988 5099 1044 5136 n.
1086 5086 1188 5144 t3).
1222 5083 1480 5137 Monnica
1511 5100 1730 5149 eorum,
1765 5084 1900 5138 dum

189 5169 241 5221 in
284 5170 420 5223 villa
466 5170 783 5223 Cassiciaco
825 5171 1118 5241 degerent,
1168 5188 1367 5226 curam
1402 5176 1465 5226 ut
1510 5190 1614 5243 par
1664 5177 1748 5228 est
1787 5188 1905 5225 cre-

187 5257 315 5313 dere
358 5264 711 5329 susceperat,
753 5259 946 5331 eisque
991 5260 1227 5333 parabat
1264 5261 1481 5316 cibaria
1512 5264 1729 5332 (Contra
1768 5263 1909 5318 Aca-

186 5346 437 5414 demicos,
473 5348 573 5401 lib.
624 5352 679 5413 2,
728 5364 783 5401 n.
836 5352 927 5416 13;
981 5352 1385 5417 Confessionum
1435 5352 1529 5405 lib.
1575 5355 1627 5419 9,
1678 5367 1798 5420 cap.
1850 5353 1903 5412 4,

188 5451 241 5488 n.
273 5440 326 5501 8,
368 5444 420 5492 et
466 5454 572 5507 cap
609 5441 661 5503 9,
706 5454 759 5491 η.
813 5438 946 5507 22):
978 5439 1341 5510 Augustinus
1379 5440 1633 5495 laborem
1680 5440 1907 5494 rusticis

200 5526 586 5595 particbatur,
630 5529 688 5581 et
718 5542 917 5581 eorum
941 5528 1209 5599 operibus
1240 5533 1477 5601 praeerat
1510 5528 1727 5599 (Contra
1761 5531 1900 5585 Aca-

3628 269 3737 321 l26

2026 381 2255 436 demicos
2304 383 2397 435 lib.
2440 388 2485 449 1,
2538 398 2593 436 n.
2644 386 2704 437 lii
2744 389 2794 437 et
2844 384 2935 437 lib.
2990 386 3044 448 2,
3079 399 3133 438 η.
3182 385 3284 453 10).
3334 385 3400 437 Ιη
3432 383 3584 438 hisce
3634 386 3739 440 do-

2025 470 2271 524 mesticis
2311 470 2480 537 curis,
2528 470 2953 542 scribendisque
3001 472 3256 543 epistolis
3305 488 3575 544 magnam
3624 472 3738 527 diei

2023 563 2243 627 partem
2298 561 2384 613 vel
2428 560 2735 614 illubenter
2790 561 3095 631 aliquando
3154 561 3477 615 insumebat
3532 561 3729 633 (lbid.,

2024 649 2117 701 lib.
2147 650 2201 717 2,
2228 664 2284 702 η.
2324 651 2411 713 25,
2444 653 2494 701 et
2533 650 2630 703 lib.
2669 653 2718 714 3,
2755 665 2809 702 n.
2844 648 2913 718 2).
2957 651 3200 703 Tantum
3246 648 3506 703 alimenti
3542 666 3731 704 sume-

2023 736 2138 804 bat,
2194 742 2472 806 quantum
2522 738 2948 807 compescenda:
2996 738 3134 791 fami
3182 737 3315 791 satis
3345 742 3492 792 esset
3547 739 3729 809 (lbid.,

2022 825 2116 877 lib.
2149 828 2202 891 2,
2254 841 2308 879 n.
2347 824 2469 897 lt);
2500 829 2555 879 et
2591 825 2818 896 prandii
2848 826 2969 896 ejus
3000 826 3150 879 idem
3194 824 3423 879 initium
3472 825 3572 896 qui
3602 826 3734 880 ﬁnis

2021 917 2139 967 erat
2172 915 2332 980 (Ibid.
2367 916 2467 969 lib.
2506 919 2556 981 3,
2590 931 2645 969 n.
2678 916 2750 983 7).
2806 916 2931 968 Non
2964 919 3092 968 ante
3122 916 3391 984 surgebat
3420 933 3452 969 a
3484 916 3711 980 lectulo,

2022 1018 2193 1073 quam
2224 1004 2454 1057 luceret.
2492 1004 2596 1058 Sed
2637 1020 2767 1057 cum
2798 1003 2857 1057 in
2898 1003 3149 1057 tenebris
3193 1004 3251 1057 id
3282 1003 3556 1075 temporis
3589 1020 3720 1075 age-

2022 1094 2126 1159 ret,
2168 1092 2407 1162 quodin
2443 1092 2604 1145 Italia
2647 1092 2821 1146 etiam
2862 1091 3188 1163 pecuniosis
3232 1107 3410 1162 prope
3457 1108 3724 1147 necessa-

2022 1179 2171 1233 rium
2220 1180 2389 1235 fuisse
2421 1185 2685 1247 testatur;
2725 1182 2845 1252 jam
2897 1181 3119 1252 pridem
3168 1186 3559 1247 consueverat,
3607 1181 3724 1235 veri

2021 1268 2391 1338 perquirendi
2438 1269 2645 1335 studio,
2680 1274 2779 1324 aut
2817 1269 3084 1340 primam,
3127 1274 3226 1323 aut
3258 1270 3538 1336 ultimam,
3580 1274 3731 1323 certe

2020 1356 2318 1411 dimidiam
2348 1358 2463 1411 fere
2492 1358 2669 1411 noctis
2702 1362 2923 1428 partem
2948 1374 3142 1411 secum
3172 1357 3505 1412 meditando
3537 1357 3729 1428 pervi-

2020 1445 2195 1515 gilem
2228 1446 2453 1500 ducere.
2485 1447 2546 1500 Id
2579 1463 2809 1518 quoque
2840 1446 3211 1517 praecipiebat
3252 1446 3725 1512 adolescentibus,

2021 1538 2083 1587 ut
2114 1550 2215 1588 suo
2237 1537 2497 1606 exemplo
2528 1535 2745 1606 aliquid
2776 1551 2966 1589 secum
2993 1538 3249 1605 agerent,
3276 1538 3331 1588 et
3347 1550 3539 1589 secum
3569 1534 3732 1589 habi-

2020 1626 2140 1677 tare
2171 1624 2635 1680 consuefaeerent
2666 1624 2922 1678 animum
2957 1624 3054 1695 (De
3081 1624 3302 1684 Ordine,
3336 1624 3429 1677 lib.
3470 1627 3518 1689 1,
3548 1639 3605 1677 n.
3652 1626 3723 1687 6).

2023 1712 2292 1766 Electulo
2342 1728 2579 1783 surgens
2611 1713 2944 1784 quotidiana
3002 1714 3117 1767 Deo
3177 1717 3309 1766 vota
3364 1711 3722 1783 persolvebat

2020 1802 2210 1872 (lbid.,
2237 1818 2290 1854 n.
2317 1802 2426 1871 25),
2459 1807 2513 1854 et
2540 1802 2785 1855 humiles
2818 1802 3161 1871 ignorantiae
3191 1818 3309 1855 suae
3342 1806 3396 1855 et
3426 1801 3730 1855 vulnerum

2020 1906 2257 1943 suorum
2280 1890 2539 1959 querelas
2560 1890 2860 1944 exhibebat
2877 1890 3062 1956 (Ibid.,
3084 1907 3139 1944 n.
3172 1889 3281 1959 13).
3308 1890 3443 1943 Inde
3465 1905 3595 1943 cum
3614 1888 3732 1943 suis

2020 1978 2089 2032 de
2120 1995 2179 2032 re
2209 1977 2336 2031 utili
2358 1994 2618 2031 sermone
2642 1978 2961 2046 conferens,
2986 1978 3138 2049 quod
3163 1978 3286 2048 ejus
3316 1978 3495 2031 oculis
3525 1993 3720 2030 occur-

2022 2066 2199 2131 rebat,
2232 2066 2532 2121 materiem
2558 2066 2669 2136 ipsi
2693 2068 2760 2121 de
2792 2066 3082 2120 altissimis
3101 2067 3273 2121 rebus
3297 2066 3611 2120 disserendi
3632 2066 3731 2120 ali-

2021 2155 2249 2227 quando
2280 2155 2638 2209 ministrabat
2669 2158 2885 2224 (Contra
2916 2157 3090 2209 Acad.
3124 2157 3217 2211 lib.
3262 2158 3313 2222 3,
3346 2172 3438 2209 nn.
3484 2158 3572 2222 33,
3616 2156 3725 2220 34).

2090 2247 2144 2297 2.
2178 2244 2380 2297 Secum
2421 2244 2570 2298 inter
2609 2245 2751 2297 alios
2796 2244 3109 2298 adduxerat
3149 2244 3477 2315 Trygetium
3533 2247 3588 2297 et
3632 2242 3727 2297 Li-

2021 2331 2293 2398 centium,
2348 2333 2549 2385 ambos
2593 2333 2961 2403 Tagastenses
3008 2335 3098 2401 (De
3142 2335 3309 2387 Beata
3358 2334 3502 2396 Vita,
3549 2346 3599 2385 n.
3651 2330 3726 2400 6).

2027 2420 2310 2474 Licentius
2343 2420 2685 2474 Romaniani
2731 2420 2901 2487 illius,
2941 2422 3061 2490 jam
3093 2425 3215 2474 tum
3262 2420 3487 2475 auditor
3526 2421 3725 2491 Augu-

2024 2509 2159 2563 stini
2204 2514 2344 2575 erat,
2379 2526 2509 2563 cum
2553 2509 2647 2562 ille
2681 2509 3019 2579 Carthagine
3051 2509 3281 2562 doceret
3324 2508 3545 2578 (Contra
3584 2509 3728 2563 Aca-

2022 2598 2271 2663 demicos,
2319 2599 2411 2651 lib.
2474 2601 2525 2663 2,
2580 2614 2633 2651 n.
2707 2597 2777 2667 3).
2840 2600 2950 2651 Hos
2986 2598 3391 2665 :adolescentes
3444 2596 3721 2667 singulari

2024 2687 2425 2741 benevolentia
2487 2686 2990 2757 complectebatur,
3050 2690 3107 2739 et
3162 2685 3222 2739 in
3277 2702 3477 2739 eorum
3533 2701 3725 2739 mores

2020 2776 2414 2830 informandos
2463 2775 2621 2829 omni
2669 2775 3015 2846 cogitatione
3054 2790 3305 2845 curaque
3360 2773 3732 2828 incumbebat

2023 2868 2112 2933 (De
2136 2866 2357 2931 Ordine,
2390 2866 2487 2919 lib.
2547 2869 2594 2927 t,
2626 2881 2681 2918 η.
2732 2864 2821 2932 29)
2854 2879 2867 2917 :
2916 2878 3151 2932 operam
3182 2877 3411 2933 quoque
3460 2863 3715 2916 confere-

2020 2955 2117 3008 bat
2141 2956 2208 3009 ad
2250 2971 2347 3008 eos
2377 2952 2642 3024 ingenuis
2674 2969 2736 3005 ac
2765 2950 3199 3004 humanioribus
3231 2949 3430 3003 litteris
3456 2949 3720 3004 imbuen-

2019 3044 2150 3110 dos;
2186 3042 2444 3114 quia‘eos
2488 3040 2698 3095 idcirco
2747 3055 2938 3093 secum
2990 3038 3254 3093 habebat.
3296 3040 3431 3094 Nam
3469 3038 3726 3107 eruditio,

2019 3131 2226 3203 inquit,
2268 3131 2691 3200 disciplinarum
2740 3129 3071 3193 liberalium,
3120 3126 3361 3182 modesta
3398 3142 3527 3181 sane
3564 3131 3726 3195 atque

2018 3223 2312 3289 succincta,
2341 3225 2392 3274 et
2420 3221 2710 3273 alacriores
2742 3223 2791 3273 et
2817 3219 3304 3289 perseverantiores
3333 3221 3381 3271 et
3414 3219 3730 3285 comptiores

2018 3311 2232 3365 exhibet
2276 3314 2542 3363 amatores
2582 3308 2963 3377 amplectenda:
2991 3308 3236 3373 veritati,
3283 3310 3343 3359 ut
3371 3312 3420 3360 et
3449 3306 3728 3360 ardentius

2018 3403 2299 3469 appetant,
2353 3402 2402 3452 et
2466 3399 2803 3452 constantius
2868 3398 3250 3465 insequantur,
3309 3400 3359 3449 et
3431 3396 3725 3449 inhazreant

2012 3492 2281 3558 postremo
2339 3487 2573 3551 dulcius,
2632 3502 2750 3554 qua
2806 3490 3049 3549 vocatur,
3109 3486 3332 3544 Licenti,
3392 3484 3547 3537 beata
3612 3486 3729 3537 vita

2019 3577 2205 3644 (lbid.,
2254 3574 2464 3644 n.'24).
2520 3576 2718 3629 Postea
2762 3577 2953 3627 tamen
2998 3573 3054 3626 in
3097 3573 3203 3625 hoc
3250 3571 3572 3626 liberalium
3614 3571 3727 3626 dis-

2018 3666 2359 3736 ciplinarum
2407 3663 2668 3717 encomio
2716 3679 2773 3715 se
2823 3662 3059 3715 modum
3099 3659 3403 3714 excessisse
3450 3659 3717 3713 animad-

2021 3754 2208 3809 vertit.
2240 3755 2363 3808 Jam
2389 3758 2510 3807 tum
2539 3752 2708 3805 etiam
2743 3750 2973 3805 nonnisi
2996 3749 3193 3805 timide
3216 3765 3279 3803 ac
3300 3748 3630 3803 dubitanter
3656 3747 3723 3801 ad

2018 3858 2114 3896 eas
2166 3842 2448 3895 excitabat
2503 3840 2841 3909 Licentium,
2899 3855 3070 3910 quem
3119 3839 3252 3893 licet
3297 3837 3484 3892 adhuc
3539 3836 3727 3891 adole-

2019 3931 2365 3997 seentulum,
2399 3930 2468 3983 ad
2499 3944 2754 3983 amorem
2794 3927 2973 3997 ipsius
3019 3925 3270 3981 veritatis
3313 3931 3369 3980 et
3406 3924 3722 3996 sapientiai,

2019 4018 2170 4090 quod
2206 4022 2517 4087 utrumque
2558 4034 2688 4070 vere
2722 4017 2977 4070 Christus
3016 4019 3120 4081 est,
3158 4015 3515 4068 inflammare
3546 4013 3729 4083 magis

2018 4106 2281 4162 studebat
2316 4106 2535 4175 (Contra
2564 4105 2935 4165 Academicos,
2979 4106 3075 4158 lib.
3124 4108 3175 4171 3,
3226 4120 3287 4159 η.
3326 4108 3349 4157 7
3384 4119 3396 4169 ;
3442 4104 3726 4169 Paulinus,

2017 4200 2159 4251 inter
2186 4196 2423 4263 August.
2471 4196 2646 4262 Epist.
2683 4197 2766 4255 32.
2808 4210 2867 4249 n.
2902 4196 2973 4261 5).
3017 4194 3157 4247 Cum
3188 4209 3254 4245 eo
3302 4191 3570 4261 socioque
3603 4191 3727 4261 ejus

2019 4284 2285 4356 Trygetio
2317 4299 2468 4353 saepe
2509 4281 2631 4352 ipse
2679 4282 2991 4336 disserebat
3022 4282 3091 4335 de
3146 4278 3414 4351 gravibus
3452 4278 3728 4349 seriisque

2019 4372 2331 4425 admodum
2376 4372 2566 4436 rebus,
2617 4387 2730 4442 quo
2768 4375 2825 4424 et
2867 4386 3066 4424 eorum
3110 4367 3491 4422 eruditionem
3534 4367 3728 4438 explo-

2020 4462 2187 4525 raret,
2239 4475 2303 4512 ac
2358 4459 2633 4513 meditata
2684 4458 3073 4529 disputatione
3117 4456 3388 4510 excitatos
3434 4454 3732 4510 roboraret

2016 4548 2468 4619 proveheretque
2493 4549 2563 4602 ad
2590 4548 2815 4602 altiora.
2850 4549 2988 4603 Nam
3017 4550 3067 4599 et
3097 4542 3349 4599 maximae
3384 4559 3489 4611 res,
3518 4543 3725 4612 aiebat,

2017 4654 2136 4693 cum
2184 4654 2218 4691 a
2259 4641 2453 4708 parvis
2508 4642 2845 4708 quaeruntur,
2896 4649 3119 4702 magnos
3164 4648 3249 4688 eos
3294 4634 3465 4688 solent
3506 4632 3725 4704 efﬁcere

2020 4728 2237 4797 (Contra
2273 4728 2642 4792 Academicos,
2670 4727 2764 4780 lib.
2805 4728 2852 4790 t,
2884 4740 2937 4777 η.
2974 4727 3041 4787 6).
3075 4722 3457 4787 Quamobrem
3483 4738 3614 4776 cum
3644 4720 3726 4775 illi

2018 4833 2163 4888 quos
2206 4817 2279 4870 ad
2315 4816 2729 4887 disputandum
2759 4830 2871 4867 non
2905 4811 3234 4866 inveniendi
3263 4810 3380 4865 veri
3419 4810 3719 4881 cupiditas,

2018 4906 2114 4959 sed
2145 4905 2382 4976 puerilis
2429 4904 2644 4975 ingenii
2668 4901 2948 4974 jactantia
2979 4901 3245 4972 impellit,
3276 4900 3367 4954 vix
3399 4900 3469 4954 ad
3499 4915 3566 4954 ea
3595 4916 3724 4970 qua:

2015 5000 2228 5049 temere
2250 4994 2319 5048 ab
2352 4991 2671 5048 adversario
2702 4991 2815 5045 sint
2843 5006 3129 5057 concessa,
3172 4989 3357 5044 redire
3394 4988 3715 5059 patiantur;

2016 5083 2359 5139 contrariam
2389 5081 2528 5153 ipsis
2567 5082 2755 5152 legem
2784 5079 3213 5151 prtescribebat,
3263 5082 3326 5133 ut
3374 5094 3440 5131 ea
3471 5092 3599 5147 quae
3639 5076 3724 5129 in-

2016 5173 2236 5227 cautius
2272 5172 2416 5226 forte
2452 5170 2599 5224 dicta
2647 5174 2855 5237 essent,
2904 5170 2995 5225 de-
3020 5170 3243 5240 integro
3283 5167 3721 5222 discuterentur.

2015 5261 2103 5315 Sic
2131 5260 2345 5314 inducti
2371 5263 2525 5328 sunt,
2564 5264 2625 5313 ut
2667 5275 2783 5313 non
2822 5275 3063 5331 parvum
3097 5259 3155 5312 in
3187 5252 3549 5327 philosophia
3590 5269 3714 5322 pro-

2012 5350 2221 5404 fectum
2252 5352 2537 5421 putarent,
2573 5365 2703 5403 cum
2748 5348 2808 5402 in
2855 5346 3276 5419 comparatione
3308 5342 3444 5397 recti
3475 5339 3709 5411 verique

2011 5437 2334 5493 inveniendi
2374 5438 2759 5493 contemnitur
2789 5455 2821 5491 a
2868 5436 3195 5506 disputante
3232 5430 3469 5485 victoria
3518 5430 3709 5500 (lbid.,

2013 5546 2067 5583 τι.
2100 5528 2167 5597 8).
2217 5527 2415 5585 Miram
2459 5544 2631 5603 super
2661 5528 2765 5582 hac
2810 5542 2869 5580 re
2899 5539 3088 5585 coram
3136 5521 3219 5575 eis
3249 5520 3570 5584 orationem
3622 5519 3716 5586 ha-
