4048 6194
202 322 295 373 I29
1632 322 1795 378 LIBE

2116 325 2280 380 DUS.
3614 336 3711 389 130

194 440 456 495 omnium
502 442 873 511 validissima,
924 443 1249 512 discedere;
1296 461 1469 517 seque
1526 446 1681 517 quod
1733 446 1906 501 sacris
2020 448 2151 503 huic
2191 465 2307 503 non
2354 448 2601 505 adfuerit
2629 450 2864 522 Alypius
2917 453 3007 522 (De
3062 454 3225 507 Beata
3274 456 3421 522 Vita,
3452 472 3511 510 η.
3547 458 3602 524 6)
3636 472 3649 510 :
3679 457 3725 509 is

190 532 574 603 Scriptoribus
621 551 734 588 non
764 541 1065 605 repugnet,
1097 541 1154 591 et
1178 536 1552 608 intelligendo
1582 539 1903 609 apprehen-

189 623 327 676 dere
371 628 585 692 posset,
634 624 788 694 apud
836 624 1155 679 Platonicos
1212 631 1573 697 reperturum
1618 629 1904 683 confidere

192 712 417 779 (Contra
446 712 663 779 Acad,
693 713 788 767 lib.
823 716 872 775 3,
907 730 960 766 η.
990 716 1100 783 45).
1138 715 1199 767 In
1235 714 1350 769 suis
1381 720 1571 770 tamen
1613 718 1902 772 Retracta-

187 800 421 855 tionum
449 801 610 855 libris
640 802 893 869 laudem,
926 820 1039 874 qua
1082 805 1396 872 Platonem,
1428 809 1485 860 et
1511 806 1634 876 ejus
1662 811 1901 861 sectato-

189 907 276 945 res
318 894 552 945 tantum
584 891 808 958 extulit,
856 891 975 962 ipse
1015 894 1358 948 condemnat
1388 898 1443 949 et
1487 895 1752 965 repudiat
1782 897 1902 966 (Ile-

102 1042 105 1043 ,
189 985 349 1033 tract.
391 980 487 1034 lib‘.
532 984 581 1049 1,
614 996 735 1050 cap.
770 984 818 1047 1,
850 982 1002 1051 11.4).
1038 982 1325 1037 Professus
1356 986 1441 1037 est
1470 984 1724 1054 Alypius,
1755 985 1900 1040 nihil

188 1086 240 1122 se
264 1069 505 1134 habere,
531 1070 683 1140 quod
706 1070 1010 1140 Augustini
1033 1070 1351 1125 rationibus
1368 1078 1715 1143 opponeret;
1732 1074 1903 1130 simul

187 1158 370 1227 elogio
424 1159 599 1229 longe
648 1159 1031 1230 pulcherrimo
1076 1161 1387 1232 subjunxit,
1434 1178 1491 1216 se
1532 1179 1663 1217 cum
1693 1164 1902 1233 gaudio

190 1252 530 1317 superatum
573 1247 878 1313 discedere,
907 1265 1082 1319 seque
1113 1254 1169 1303 et
1207 1254 1619 1304 concertatores
1666 1268 1795 1305 suos
1842 1252 1900 1306 in

189 1336 519 1406 Augustino
549 1336 752 1389 ducem
782 1336 1012 1405 habere,
1037 1337 1137 1409 qui
1158 1337 1334 1392 divini
1364 1339 1597 1393 luminis
1627 1340 1901 1396 beneficio

189 1442 278 1478 eos
311 1425 377 1477 in
410 1425 543 1495 ipsa
571 1424 823 1478 veritatis
866 1441 1069 1479 arcana
1110 1426 1385 1497 perducat
1437 1428 1656 1497 (Contra
1698 1431 1897 1499 Acad,

187 1514 279 1567 lib.
320 1517 377 1576 3,
408 1530 467 1566 η.
500 1514 611 1581 41).
648 1514 1136 1584 Ilermogenianus
1166 1516 1471 1586 Augustini
1500 1519 1739 1589 amicus,
1770 1536 1899 1574 cum

183 1602 282 1656 hos
311 1602 554 1671 legisset
585 1601 781 1666 libros,
840 1606 1063 1672 partam
1106 1604 1174 1657 de
1216 1604 1572 1660 Academicis
1601 1606 1900 1663 victoriam

181 1708 280 1762 per
326 1692 557 1745 litteras
600 1692 684 1745 illi
736 1694 1049 1761 gratulatus
1097 1698 1199 1749 est.
1248 1695 1405 1749 Illius
1454 1699 1789 1767 approbatio
1832 1717 1898 1753 eo

179 1780 402 1851 gratior
429 1780 544 1834 fuit
571 1781 913 1851 Augustino,
949 1783 1103 1853 quod
1134 1784 1255 1853 ejus
1278 1784 1562 1854 judicium
1606 1788 1675 1841 ab
1706 1804 1899 1843 errore

178 1869 463 1935 alienum,
499 1873 557 1923 et
584 1870 895 1924 amicitiam
934 1871 1312 1927 simulationis
1360 1880 1649 1944 expertem
1680 1893 1897 1947 cogno-

178 1959 390 2013 scebat.
430 1960 794 2030 Quapropter
822 1960 882 2013 in
913 1961 1170 2031 epistola,
1215 1979 1387 2033 quam
1418 1965 1486 2018 ad
1518 1981 1650 2018 eum
1682 1966 1899 2035 scribit,

180 2052 301 2101 orat
332 2054 403 2102 ut
430 2048 770 2119 diligentius
810 2051 1129 2105 consideret
1169 2068 1248 2115 ea,
1285 2070 1413 2124 quae
1434 2052 1492 2107 in
1521 2054 1609 2108 his
1638 2055 1799 2109 libris
1829 2057 1897 2110 de

180 2154 310 2190 vero
338 2137 823 2193 Academicorum
856 2156 1023 2194 sensu
1043 2140 1279 2208 dixerit;
1300 2142 1544 2212 sibique,
1570 2143 1708 2214 quid
1730 2160 1900 2215 super

180 2227 283 2280 hac
314 2243 379 2281 re
413 2227 647 2292 sentiat,
681 2245 786 2299 per
814 2229 1030 2283 litteras
1060 2229 1341 2301 signiﬁcet
1362 2234 1559 2301 (Epist.
1596 2236 1644 2299 1,
1670 2249 1724 2288 η.
1750 2234 1824 2304 3).

248 2322 299 2370 6.
338 2317 456 2370 Hos
491 2317 562 2371 de
613 2318 960 2372 Academicis
1004 2318 1179 2373 libros
1228 2320 1580 2375 Romaniano
1623 2321 1900 2378 dedicavit

177 2408 567 2478 Augustinus,
600 2412 724 2461 tum
752 2413 814 2462 ut
845 2407 1004 2463 illum
1040 2408 1271 2463 Licentii
1302 2409 1405 2463 filii
1452 2410 1727 2466 litterario
1767 2428 1898 2482 pro-

178 2512 383 2567 gressu
415 2496 745 2559 delectaret,
799 2500 921 2550 tum
961 2501 1025 2551 ut
1054 2498 1319 2552 eumdem
1349 2499 1419 2553 ad
1459 2499 1713 2554 veritatis
1742 2517 1899 2555 amo-

179 2600 298 2638 rem
330 2585 659 2639 induceret.
682 2585 821 2638 Nam
845 2600 1206 2655 summopere
1234 2585 1500 2656 cupiebat
1523 2588 1894 2659 Augustinus,

177 2678 240 2726 ut
272 2673 319 2726 is
353 2674 427 2727 ad
460 2690 719 2728 amorem
750 2674 1041 2743 sapientia:
1068 2674 1326 2729 animum
1357 2675 1649 2746 adjiceret,
1684 2695 1751 2732 eo
1779 2678 1889 2732 avi-

180 2762 305 2815 dius
340 2762 511 2816 illam
534 2762 873 2817 hausturum
906 2778 1161 2833 sperans,
1197 2779 1309 2834 quo
1339 2763 1556 2817 diutius
1584 2781 1710 2818 eam
1739 2765 1897 2818 sitire

179 2852 334 2905 visus
364 2856 516 2904 erat.
552 2852 629 2904 Eo
656 2850 829 2905 etiam
863 2850 1210 2919 paratiorem
1249 2852 1321 2905 ad
1360 2851 1813 2923 investigandam
1844 2859 1898 2908 et

181 2939 503 2993 amandam
556 2939 853 2993 veritatem
892 2938 1293 3005 arbitrabatur,
1349 2940 1505 3011 quod
1550 2941 1899 2995 Academicis

179 3029 378 3083 omnia
408 3028 476 3082 in
531 3027 774 3082 dubium
803 3028 1199 3083 revocantibus
1225 3028 1434 3099 saapius
1476 3034 1892 3084 succensuerat.

179 3118 383 3171 Adhuc
433 3121 635 3171 tamen
691 3116 1131 3172 Manichaeorum
1174 3116 1598 3189 superstitione,
1631 3118 1688 3171 in
1723 3134 1896 3189 quam

180 3223 313 3259 eum
332 3206 697 3277 Augustinus
710 3206 829 3277 ipse
843 3205 1077 3261 dederat
1088 3206 1445 3277 praecipitem
1460 3206 1679 3277 (Contra
1693 3208 1895 3271 Acad,

182 3295 274 3349 lib.
308 3300 361 3362 1,
400 3312 459 3349 n.
515 3296 591 3365 3),
642 3300 765 3349 erat
809 3294 1156 3365 implicatus.
1211 3295 1317 3350 Sed
1350 3313 1481 3350 cum
1512 3298 1897 3364 Augustinum

183 3385 334 3454 apud
369 3384 754 3439 Cassiciacum
784 3389 848 3438 ut
875 3384 1100 3439 videtur
1130 3384 1437 3451 invisisset,
1482 3386 1764 3441 sententia
1796 3403 1900 3440 sua

182 3490 329 3543 pene
361 3474 618 3528 dimotus
652 3474 785 3529 inde
817 3473 1167 3539 discesserat,
1195 3474 1431 3545 jamque
1473 3475 1542 3529 ad
1592 3475 1893 3545 inquiren-

184 3564 315 3617 dam
348 3564 654 3617 veritatem
686 3562 1014 3633 instructus,
1046 3580 1221 3635 quam
1260 3568 1486 3617 sanctus
1516 3564 1602 3617 vir
1630 3568 1729 3618 aut
1753 3580 1895 3635 quo-

184 3651 315 3703 dam
343 3649 660 3721 colloquio,
690 3654 788 3703 aut
805 3650 994 3720 aliqua
1017 3650 1404 3720 disputatione
1437 3653 1504 3704 de
1527 3649 1805 3719 religione
1828 3651 1896 3705 ad

186 3755 316 3792 eum
350 3738 549 3806 missa,
582 3755 638 3792 se
659 3738 741 3792 illi
768 3738 1293 3793 demonstraturum
1324 3740 1604 3810 sperabat.
1633 3741 1774 3793 Cum
1796 3739 1898 3809 igi-

186 3834 275 3881 tur
302 3844 473 3900 spem
519 3828 887 3899 concepisset,
924 3828 1045 3882 fore
1088 3831 1151 3882 ut
1178 3844 1311 3882 eum
1350 3827 1420 3882 ad
1450 3844 1641 3881 veram
1671 3828 1893 3899 sapien-

190 3916 325 3970 tiam
380 3915 717 3980 adduceret,
759 3915 1104 3986 quotidianis
1144 3915 1310 3984 votis,
1356 3931 1485 3986 quae
1527 3915 1681 3970 illius
1729 3932 1896 3970 causa

185 4001 396 4055 divinae
427 4000 739 4071 Sapientiae
789 4001 1051 4067 faciebat,
1090 4001 1199 4054 hoc
1229 3999 1309 4053 illi
1342 4001 1559 4054 donum
1589 4000 1895 4070 impetrare

182 4091 540 4157 conabatur;
574 4093 624 4144 si
652 4090 834 4156 modo,
868 4089 1076 4160 inquit,
1108 4090 1309 4156 dignus
1330 4092 1432 4143 sim
1470 4091 1565 4158 qui
1596 4092 1892 4159 impetrem.

186 4181 403 4250 Ergone
438 4179 795 4249 Augustinus
824 4179 892 4233 de
944 4178 1297 4233 Romaniano
1347 4179 1556 4232 frustra
1595 4178 1704 4232 ista
1733 4180 1892 4247 dixit,

183 4271 299 4322 Non
327 4272 473 4321 sinet
504 4268 598 4322 ille
617 4270 705 4320 cui
733 4282 814 4320 me
844 4271 1012 4320 totum
1059 4266 1206 4330 dedi,
1257 4281 1412 4334 quem
1458 4281 1597 4320 nunc
1650 4282 1896 4334 recogno-

184 4374 321 4412 scere
351 4358 847 4425 aliquantumca’pi
878 4354 1065 4425 (Ibid.,
1097 4355 1191 4411 lib.
1243 4357 1296 4423 2,
1326 4371 1379 4409 τι.
1407 4355 1480 4425 2).
1517 4354 1606 4409 Uti
1644 4355 1895 4426 aliquem

185 4448 262 4499 illi
295 4448 473 4517 hujus
503 4444 901 4515 philosophiae,
937 4443 1007 4497 ad
1039 4460 1211 4514 quam
1242 4459 1372 4497 cum
1404 4444 1759 4513 hortabatur,
1804 4461 1892 4498 sa-

186 4552 387 4606 porem
422 4534 771 4598 infunderet,
805 4549 937 4585 suos
970 4531 1053 4585 illi
1105 4532 1173 4585 de
1212 4530 1563 4586 Academicis
1593 4530 1767 4585 libros
1811 4532 1896 4585 in-

186 4625 449 4695 scripsit:
488 4623 643 4694 quod
672 4621 1109 4676 incitamentum
1141 4637 1206 4675 eo
1237 4619 1517 4674 efﬁcacius
1554 4620 1675 4673 fore
1715 4621 1895 4675 credi-

182 4714 281 4779 dit,
305 4730 424 4785 quo
463 4711 968 4782 essetjucundius;
1000 4726 1129 4764 cum
1152 4710 1301 4764 filius
1324 4710 1579 4780 ejusdem
1604 4709 1893 4764 Licentius

182 4802 286 4856 sibi
309 4805 536 4874 partem
567 4802 625 4855 in
656 4800 726 4854 iis
753 4800 1084 4855 vindicaret.
1117 4801 1303 4854 Unum
1335 4815 1453 4854 esse
1482 4800 1707 4866 fatetur,
1740 4800 1893 4854 unde

178 4893 329 4947 illius
352 4892 603 4946 fortuna:
635 4889 906 4955 invideat,
935 4889 1093 4960 quod
1123 4890 1277 4943 solus
1310 4888 1600 4944 Luciliano
1630 4906 1734 4943 suo
1767 4906 1895 4960 per-

179 4981 404 5035 fruatur
434 4980 619 5047 (Ibid.,
673 4995 728 5033 η.
758 4977 833 5048 9).
888 4979 938 5031 Is
970 4977 1123 5032 haud
1152 4977 1323 5032 dubie
1357 4978 1714 5033 Romaniano
1754 4995 1890 5033 con-

170 5069 576 5139 junctissimus
590 5072 732 5135 erat,
749 5072 803 5122 et
828 5068 950 5139 ejus
966 5067 1201 5121 fortasse
1215 5083 1548 5138 germanus:
1582 5068 1891 5138 aliquando

177 5159 332 5213 enim
375 5163 441 5212 ut
469 5159 584 5212 duo
631 5157 1046 5230 propemodum
1076 5157 1325 5228 aequales
1373 5157 1729 5228 copulantur.
1766 5157 1894 5211 Car-

179 5265 308 5302 men
340 5266 372 5302 a
422 5247 677 5303 Licentio
735 5248 826 5302 de.
858 5246 1225 5319 philosophia
1256 5245 1639 5318 compositum
1678 5246 1889 5300 Roma-

179 5337 348 5391 niano
379 5337 685 5408 pollicetur
714 5336 1065 5407 Augustinus
1086 5336 1272 5407 (lbid.,
1302 5353 1359 5390 η.
1389 5337 1463 5405 7).

242 5430 298 5479 7.
330 5427 491 5480 Inter
520 5442 589 5480 ea
618 5424 925 5495 colloquia,
957 5441 1085 5496 quae
1110 5430 1225 5479 tres
1251 5424 1321 5479 de
1348 5424 1697 5479 Academicis
1718 5424 1891 5478 libros

179 5516 556 5583 constituunt,
590 5514 739 5569 liber
768 5514 839 5569 de
879 5515 1052 5568 Deata
1084 5514 1205 5568 Vita
1242 5513 1593 5584 conscriptus
1630 5512 1739 5566 fuit
1768 5513 1889 5583 (Re-

180 5609 335 5659 tract.
372 5604 471 5660 lib.
518 5608 572 5675 1,
603 5618 725 5674 cap.
768 5603 860 5672 2):
895 5617 1007 5673 quo
1039 5600 1250 5656 mirum
1281 5600 1458 5657 videri
1483 5616 1598 5656 non
1632 5600 1821 5666 debet,
1845 5600 1892 5654 si

2017 537 2167 592 enim
2195 538 2576 594 Mediolanum
2604 538 2867 594 inchoata
2900 546 3098 595 contra
3128 543 3495 598 Academicos
3526 544 3723 615 dispu-

2015 627 2231 681 tatione
2262 628 2569 697 profectus,
2588 628 2722 683 inde
2753 629 2985 684 nonnisi
3014 636 3137 701 post
3167 631 3363 685 decem
3392 632 3511 686 dies
3534 633 3720 688 rediit.

2018 716 2092 769 Eo
2119 715 2296 786 igitur
2323 717 2576 783 absente,
2618 734 2747 771 cum
2797 718 3089 772 natalitius
3131 720 3438 790 Augustini
3466 720 3586 775 dies
3625 723 3725 793 qui

2014 803 2072 857 in
2101 803 2227 858 idus
2257 804 2582 859 novembris
2625 805 2932 875 incidebat,
2969 807 3310 877 advenisset,
3353 826 3552 863 omnes
3592 827 3724 866 suos

2013 893 2109 947 ille
2138 894 2591 961 contubernales,
2626 894 2944 949 Monnicam
2974 902 3236 959 matrem,
3275 898 3576 969 Navigium
3606 900 3718 954 fra-

2014 986 2180 1051 trem,
2234 984 2547 1038 Licentium
2590 988 2646 1039 et
2681 985 3011 1055 Trygetium
3069 986 3397 1057 discipulos,
3446 990 3719 1045 Lastidia-

2014 1091 2150 1128 num
2197 1080 2254 1129 et
2292 1075 2583 1130 Rusticum
2640 1076 3010 1131 consobrinos
3055 1094 3205 1144 suos,
3260 1083 3317 1132 et
3368 1079 3718 1135 Adeodatum

2014 1162 2197 1216 tilium
2220 1180 2385 1217 suum
2417 1164 2659 1233 prandio
2672 1165 2832 1219 tenui
2856 1165 3099 1235 excepit,
3122 1184 3185 1220 ac
3207 1171 3401 1238 postea
3418 1167 3476 1221 in
3491 1169 3718 1224 balneas

2012 1251 2079 1305 ad
2113 1252 2537 1305 consedendum
2568 1253 2804 1306 vocavit.
2852 1254 3025 1308 Multa
3056 1270 3118 1309 ex
3169 1255 3237 1309 iis
3271 1256 3339 1311 de
3368 1256 3717 1313 beatitudine

2012 1338 2292 1409 quaesivit,
2327 1356 2392 1394 ea
2420 1344 2610 1393 mente
2642 1344 2703 1394 ut
2724 1340 2851 1394 illos
2882 1341 2940 1394 in
2970 1343 3123 1395 hunc
3150 1347 3380 1412 portum
3404 1345 3719 1400 induceret:

2011 1442 2123 1498 quo
2151 1427 2210 1480 in
2241 1427 2526 1499 colloquio
2556 1432 2774 1482 certum
2806 1433 2890 1482 est
2919 1430 3237 1484 Monnicam
3270 1436 3325 1484 et
3353 1433 3712 1488 Adeodatum

2010 1515 2163 1569 inter
2192 1532 2389 1569 omnes
2420 1517 2727 1571 eminuisse
2758 1517 3115 1587 intelligendi
3153 1519 3463 1589 prudentia
3497 1525 3552 1574 et
3597 1537 3722 1592 gra-

2010 1603 2179 1658 vitate
2210 1604 2531 1659 verborum.
2568 1606 2837 1660 Eamdem
2879 1605 3327 1676 disputationem
3374 1608 3625 1663 secunda
3666 1614 3724 1663 et

2011 1692 2178 1746 tertia
2224 1693 2315 1747 die
2353 1694 2761 1763 pomeridianis
2797 1694 2953 1747 horis
2983 1699 3317 1764 prosecutus
3348 1701 3453 1766 est,
3480 1713 3721 1769 eamque

2008 1782 2248 1852 pulchra
2278 1787 2335 1837 et
2363 1782 2596 1837 sublimi
2634 1783 2887 1838 oratione
2938 1783 3007 1837 de
3048 1785 3406 1840 sanctissima
3446 1786 3722 1843 Trinitate

2007 1870 2304 1925 conclusit.
2338 1873 2617 1925 Horumce
2640 1870 3061 1942 colloquiorum
3086 1872 3416 1928 institutum
3445 1874 3551 1928 hoc
3580 1880 3721 1944 erat,

2008 1962 2073 2010 ut
2102 1957 2327 2011 beatam
2358 1957 2530 2011 vitam
2552 1958 2801 2028 perfecta
2827 1958 2925 2012 Dei
2955 1959 3282 2029 cognitione
3311 1962 3594 2016 contineri
3621 1965 3725 2021 du-

2009 2050 2231 2099 ceretur
2278 2048 2537 2117 (Rctract.
2571 2047 2663 2100 lib.
2702 2050 2752 2115 1,
2784 2063 2903 2116 cap.
2938 2052 3009 2118 2).
3038 2049 3249 2103 Verum
3278 2049 3338 2103 in
3358 2048 3439 2121 (ea
3470 2050 3725 2123 disputa-

2007 2135 2160 2188 tione
2193 2136 2297 2189 hoc
2322 2135 2405 2189 illi
2435 2140 2631 2207 postea
2674 2136 2980 2207 displicuit,
3023 2138 3180 2208 quod
3209 2138 3628 2193 beatitudinem
3660 2140 3721 2194 in

2007 2224 2112 2278 hac
2141 2224 2314 2279 etiam
2343 2225 2457 2278 vita
2482 2224 2729 2279 obtineri
2754 2242 2786 2278 a
2806 2226 3083 2296 sapiente,
3111 2243 3174 2281 ac
3192 2226 3250 2280 in
3275 2227 3397 2281 solo
3423 2228 3616 2282 animo
3640 2245 3726 2283 re-

2010 2313 2191 2367 sidere
2222 2313 2506 2368 volnisset.
2544 2315 2710 2367 Notat
2740 2313 3090 2385 Augustinus
3122 2315 3181 2369 in
3211 2315 3328 2369 suis
3351 2317 3723 2372 Retractatio-

2011 2418 2152 2455 num
2192 2401 2352 2455 libris
2383 2418 2440 2456 se
2473 2419 2615 2473 opus
2646 2403 2796 2457 istud
2828 2388 3114 2473 integrum
3143 2420 3256 2458 non
3278 2404 3485 2459 habere
3514 2405 3725 2477 (Ibid),

2008 2505 2137 2544 cum
2168 2489 2359 2544 omnia
2390 2489 2567 2561 ipsius
2599 2494 2657 2545 et
2681 2490 2925 2545 aliorum
2958 2492 3289 2564 apographa
3328 2493 3531 2548 mutila
3563 2511 3723 2565 repe-

2011 2578 2253 2645 riantur,
2287 2596 2349 2634 ac
2380 2580 2676 2634 decurtata
2708 2596 2825 2634 non
2854 2597 3059 2652 parum
3094 2598 3105 2636 :
3140 2581 3294 2637 haud
3326 2587 3519 2638 tamen
3563 2584 3720 2640 vide-

2011 2686 2160 2737 mus,
2191 2685 2306 2739 quo
2339 2685 2490 2723 nunc
2519 2669 2652 2723 libri
2710 2670 2831 2723 loco
2885 2670 3244 2725 desideratur
3273 2671 3508 2743 aliquid.
3564 2674 3719 2745 Opus

2010 2758 2196 2812 Mallio
2250 2758 2546 2811 Theodore
2593 2758 2892 2827 dedicavit,
2935 2760 3099 2829 cujus
3130 2775 3196 2812 ex
3242 2762 3603 2816 sermonibus
3632 2763 3718 2817 di-

2009 2846 2213 2901 dicisse
2240 2863 2298 2899 se
2328 2846 2543 2913 scribit,
2579 2862 2710 2901 cum
2741 2846 2809 2901 de
2840 2847 2954 2900 Deo
2985 2851 3085 2901 aut
3110 2846 3179 2901 de
3200 2848 3394 2903 anima
3410 2850 3715 2920 cogitatur,

2010 2934 2151 2988 nihil
2182 2934 2418 2989 omnino
2448 2935 2702 3006 corporis
2734 2951 2853 2989 esse
2884 2935 3271 3006 cogitandum.
3306 2938 3543 2991 Multum
3573 2940 3715 2992 emi-

2010 3024 2181 3077 nebat
2213 3023 2270 3077 in
2302 3024 2507 3077 sazculo
2538 3024 2889 3091 Theodorus,
2919 3040 3034 3078 non
3064 3024 3211 3078 alius
3254 3025 3408 3080 haud
3446 3026 3616 3080 dubie
3649 3027 3718 3081 ab

2010 3128 2100 3178 eo,
2125 3110 2225 3183 qui
2257 3110 2495 3164 summis
2525 3111 2838 3166 honoribus
2865 3112 3196 3184 perfunctus
3218 3117 3323 3181 est,
3347 3114 3563 3186 quique
3584 3133 3715 3169 con-

2010 3201 2261 3254 sulatum
2292 3215 2445 3253 anno
2475 3200 2878 3255 trecentesimo
2917 3202 3285 3273 nonagesimo
3328 3220 3483 3258 nono
3523 3205 3713 3275 gessit.

2010 3290 2169 3343 Hunc
2222 3287 2594 3359 amplissimis
2644 3288 2879 3360 quidem
2931 3290 3192 3344 laudibus
3247 3291 3318 3345 ob
3366 3292 3712 3363 singularem

2008 3377 2295 3448 praecipue
2325 3376 2505 3431 animi
2544 3378 3000 3432 moderationem
3031 3383 3088 3433 et
3130 3379 3516 3449 integritatem
3548 3382 3711 3436 elfcrt

2009 3463 2354 3518 Claudianus
2369 3469 2537 3534 poeta
2561 3465 2844 3534 (Claudius
2865 3465 3200 3531 Claudimus,
3220 3468 3277 3519 in
3299 3468 3569 3534 Paneg.de
3595 3485 3715 3522 con—
3800 3520 3805 3527 .

2006 3554 2209 3607 sulatu.
2246 3554 2334 3609 Fl.
2370 3553 2531 3609 Mulli
2558 3554 2777 3623 Thcod.)
2805 3570 2817 3607 :
2856 3553 3121 3608 certiores
3150 3570 3281 3608 vero
3313 3559 3369 3609 et
3398 3556 3569 3627 longe
3601 3574 3719 3611 am-

2009 3641 2220 3712 pliores
2251 3657 2332 3695 ea).
2364 3646 2516 3707 sunt,
2546 3657 2686 3711 quas
2716 3641 2902 3694 eidem
2933 3640 3287 3711 Augustinus
3316 3643 3535 3698 tribuit.
3574 3647 3714 3700 Eum

2008 3730 2161 3785 enim
2212 3731 2385 3785 modo
2426 3736 2482 3785 et
2509 3722 2886 3785 christianum
2924 3734 2981 3785 et
3010 3730 3237 3786 doctum
3278 3732 3450 3787 fuisse
3479 3738 3718 3790 testatur

2010 3821 2265 3890 (Retract.
2302 3821 2393 3897 lib.
2430 3824 2478 3887 1,
2508 3836 2627 3889 cap.
2661 3819 2734 3891 2),
2756 3836 2909 3874 nunc
2938 3823 3304 3877 commendat
3334 3827 3397 3877 ut
3421 3822 3605 3877 virum
3634 3825 3718 3879 in-

2008 3908 2177 3980 genio
2209 3924 2273 3962 ac
2299 3908 2480 3980 gloria
2509 3913 2566 3963 et
2590 3908 2726 3980 ipsis
2755 3909 3080 3980 insignibus
3123 3911 3389 3979 fortunae,
3445 3916 3521 3983 et,
3562 3914 3717 3985 quod

2006 4003 2176 4069 caput
2200 4003 2303 4065 est,
2338 4003 2528 4053 mente
2573 4000 3109 4069 praestantissimum
3152 4000 3246 4071 (De
3276 4002 3495 4069 Ordine,
3530 4003 3625 4058 lib.
3666 4008 3715 4071 1,

2006 4105 2060 4141 η.
2096 4091 2185 4155 31)
2216 4105 2228 4141 :
2262 4104 2509 4158 cumque
2540 4104 2706 4158 opus,
2750 4089 2820 4143 de
2851 4105 2965 4160 quo
2997 4089 3315 4161 loquimur,
3351 4090 3436 4143 illi
3464 4091 3713 4161 dedicat,

2007 4177 2273 4231 eumdem
2302 4175 2780 4231 humanissimum
2824 4182 2880 4232 et
2934 4183 3259 4250 magnatem
3310 4180 3575 4250 appellat.
3629 4182 3716 4235 Illi

2005 4265 2260 4336 profecto
2288 4264 2808 4336 conjunctissimus,
2862 4272 2999 4334 erat,
3036 4284 3166 4321 cum
3197 4283 3331 4322 eum
3360 4284 3465 4338 per
3493 4268 3713 4324 anima-

2006 4370 2135 4407 rum
2166 4354 2318 4407 inter
2344 4370 2401 4407 se
2433 4354 2724 4408 vinculum
2744 4359 2916 4426 atque
2942 4356 3351 4410 commercium
3374 4355 3711 4421 obtestatur,

2007 4446 2068 4495 ut
2106 4442 2297 4512 ipsum
2330 4446 2503 4509 amet,
2538 4460 2599 4496 ac
2628 4460 2686 4498 se
2717 4460 2943 4515 quoque
2978 4444 3048 4498 ab
3096 4445 3217 4515 ipso
3245 4443 3491 4498 vicissim
3535 4444 3714 4499 amari

2005 4530 2215 4584 credat.
2253 4531 2386 4601 Ejus
2416 4532 2745 4603 eloquentia
2773 4533 3134 4604 nequaquam
3160 4549 3217 4586 se
3246 4533 3447 4587 terreri
3474 4534 3711 4604 proﬁte-

2004 4624 2117 4687 tur,
2150 4637 2278 4674 cnm
2306 4638 2433 4675 eam
2456 4622 2805 4691 facultatem,
2828 4638 3001 4692 quam
3023 4622 3267 4690 adamet,
3292 4622 3423 4677 licet
3452 4623 3710 4678 nondum

2006 4714 2315 4777 assecutus,
2337 4710 2539 4765 timere
2561 4727 2674 4764 non
2696 4710 2892 4781 possit,
2926 4726 3100 4781 seque
3112 4711 3293 4765 multo
3316 4710 3509 4765 minus
3533 4711 3710 4783 ipsius

2006 4798 2248 4851 fortunae
2279 4798 2687 4852 sublimitatem
2717 4815 2780 4852 ac
2813 4798 2983 4852 decus
3011 4799 3394 4856 extimescere.
3455 4801 3711 4868 Quamvis

2004 4889 2143 4941 enim
2172 4890 2246 4941 sit
2274 4902 2495 4955 magna,
2518 4886 2725 4957 inquit,
2748 4887 2898 4957 apud
2920 4892 2967 4941 te
2982 4889 3214 4943 secunda
3243 4894 3338 4944 est:
3364 4905 3495 4944 nam
3515 4891 3710 4959 quibus

2004 4975 2338 5045 dominatur,
2360 4976 2566 5030 eosdem
2592 4978 2738 5045 ipsos
2763 4976 3021 5032 secundos
3047 4980 3204 5045 facit.
3233 4978 3407 5034 Addit
3434 4983 3710 5049 praeterea

2004 5080 2133 5119 cum
2166 5080 2346 5119 unum
2390 5080 2531 5130 esse,
2583 5080 2758 5135 quem
2796 5063 3089 5121 intueatur
3117 5070 3174 5122 et
3212 5068 3499 5139 suspiciat,
3534 5084 3565 5121 a
3594 5084 3708 5138 quo

2004 5158 2188 5207 certus
2217 5152 2495 5207 auxilium
2526 5156 2833 5224 exspectet.
2876 5154 3143 5210 Ohsecrat
3180 5156 3477 5224 nimirum,
3510 5160 3575 5210 ut
3600 5172 3705 5227 pro

2004 5258 2105 5296 sua
2134 5258 2269 5313 erga
2298 5243 2489 5312 ipsum
2515 5242 2915 5297 benevolentia
2948 5244 3207 5299 dextram
3245 5246 3518 5316 porrigat.
3551 5245 3707 5311 Quod

2002 5333 2054 5385 si
2081 5334 2458 5401 impetravero,
2502 5331 2709 5403 inquit,
2759 5332 2834 5386 ad
2882 5335 3059 5403 ipsum
3090 5335 3299 5388 beatam
3326 5336 3513 5401 vitam,
3542 5336 3632 5387 cui
3659 5338 3708 5387 te

1996 5424 2117 5492 jam
2147 5421 2343 5475 haerere
2378 5436 2671 5491 prwsumo,
2709 5437 2883 5492 parvo
2920 5426 3113 5477 conatu
3156 5423 3417 5489 facillime
3456 5422 3707 5477 accedam

2004 5514 2096 5581 (De
2124 5512 2292 5565 Beata
2321 5512 2465 5577 Vita,
2502 5527 2558 5566 η.
2601 5511 2682 5582 5).
2722 5512 2771 5565 Is
2803 5510 2951 5565 haud
2998 5509 3167 5565 dubie
3207 5510 3366 5564 locus
3395 5514 3499 5574 est,
3532 5527 3706 5583 quem

2004 5598 2355 5670 Augustinus
2388 5602 2445 5654 et
2472 5603 2641 5655 actate
2672 5604 2726 5653 et
2755 5598 2968 5671 pietate
3010 5597 3329 5670 provectior
3376 5599 3485 5655 sibi
3516 5600 3707 5672 displi-
