4048 6194
254 400 271 409 -
322 377 416 431 131
1528 368 1706 427 VITA
1745 367 1799 424 S.
1851 364 2238 424 AUGUSTINI
2291 362 2627 421 EPISCOPI.

321 499 505 555 cuisse
525 495 956 570 testatur,quod
981 494 1202 551 homini
1226 493 1467 549 nimium
1486 493 1752 550 tribuerit
1772 494 2030 565 (Retract.

327 590 424 645 lib.
460 592 513 658 1,
545 604 667 659 cap.
719 590 797 659 2).
829 585 1215 658 Philosophiae
1251 582 1557 640 Platonicae
1590 580 2036 639 studiosissimus

324 682 448 733 erat
466 677 817 742 Theodorus,
845 680 903 731 et
920 692 1024 730 suo
1051 690 1188 746 erga
1217 673 1472 728 eruditos
1501 672 1691 727 favore
1717 671 1777 726 id
1807 668 2033 741 agebat,

322 771 387 825 ut
418 784 520 822 nec
548 766 729 838 ipsius
757 782 902 833 mro,
947 780 1052 819 nec
1093 762 1242 835 apud
1272 766 1533 833 posteros
1577 759 1865 833 quispiam
1896 774 2032 813 con-

323 855 488 927 queri
508 854 1071 927 posset,'pauciorem
1094 852 1389 906 doctorum
1413 848 1712 904 hominum
1728 863 2033 902 numerum

324 946 447 1015 ejus
476 942 851 1015 temporibus,
884 956 1056 1013 quam
1088 938 1214 993 aliis
1235 937 1537 992 exstitisse.

392 1034 448 1088 8.
478 1034 609 1087 Post
648 1030 862 1086 librum
900 1029 969 1084 de
1017 1031 1184 1083 Beata
1216 1026 1342 1082 Vita
1384 1026 1642 1082 collocat'
1680 1024 2035 1096 Augustinus

319 1119 730 1191 disputationes
763 1119 832 1173 de
865 1117 1072 1173 Ordine
1123 1114 1371 1199 digestas
1406 1115 1466 1169 in
1495 1115 1639 1170 duos
1668 1114 1844 1170 libros
1866 1113 2035 1182 (Ibid.

318 1224 441 1278 cap.
484 1208 579 1279 3);
612 1222 861 1279 quorum
913 1205 1166 1278 primum
1222 1209 1532 1277 antequam
1568 1203 1887 1260 Mediolano
1945 1219 2034 1256 re-

318 1295 516 1351 diisset
542 1295 779 1366 Alypius
813 1296 907 1366 (De
932 1294 1151 1349 Ordine.
1188 1294 1280 1348 lib.
1320 1297 1368 1348 1.
1398 1309 1453 1347 n.
1482 1298 1538 1358 7,
1572 1297 1624 1349 et
1654 1293 1748 1347 lib.
1783 1295 1835 1359 2,
1862 1309 1920 1348 n.
1964 1292 2033 1362 1),

332 1388 504 1454 atque
534 1382 675 1439 adeo
711 1388 840 1438 ante
871 1382 1185 1437 secundum
1229 1385 1426 1436 contra
1470 1380 1858 1446 Academicos,
1908 1395 2039 1433 con-

324 1472 568 1544 scripsit.
598 1471 890 1541 Navigius,
932 1470 1032 1542 qui
1072 1470 1259 1524 adhuc
1290 1469 1349 1523 in
1378 1469 1513 1524 villa
1543 1468 1860 1524 Cassiciaco
1890 1483 2041 1522 com-

322 1560 655 1615 morabatur
684 1559 906 1614 decimo
952 1559 1197 1630 septimo
1245 1558 1522 1612 kalendas
1565 1556 1905 1621 decembris,
1938 1561 2058 1619 aut,

322 1649 521 1704 saltem
574 1650 797 1705 decimo
847 1652 1061 1713 octavo,
1113 1648 1499 1703 Mediolanum
1544 1646 1834 1717 profectus
1890 1649 2034 1711 erat,

323 1754 453 1795 cum
485 1738 633 1793 liber
661 1739 757 1793 ille
783 1737 851 1792 de
882 1737 1093 1793 Ordine
1123 1736 1344 1807 primus
1373 1735 1736 1790 inchoaretur
1757 1735 1846 1805 (De
1877 1737 2041 1789 Beata

328 1828 477 1897 Vita,
517 1844 575 1884 n.
597 1828 710 1898 20),
756 1831 815 1882 et
861 1825 1169 1881 Cassiciaco
1195 1825 1342 1880 bene
1374 1840 1544 1879 mane
1584 1822 1919 1879 discesserat
1948 1822 2041 1894 (De

323 1917 545 1981 Ordine,
580 1917 674 1971 lib.
729 1920 778 1981 1,
810 1932 865 1970 η.
908 1914 988 1985 7),
1019 1919 1214 1986 atque,
1265 1917 1327 1968 ut
1352 1913 1599 1979 videtur,
1632 1911 1855 1967 decimo
1885 1916 2039 1966 sexto

322 2004 597 2060 kalendas
615 2002 953 2058 decembris.
987 2005 1056 2056 In
1087 2002 1337 2057 secundo
1364 2001 1512 2056 libro
1554 2001 1624 2056 de
1670 2001 1883 2057 Ordine
1924 2015 2039 2054 non

322 2094 498 2148 semel
527 2092 733 2148 citatur
762 2091 907 2146 liber
934 2092 1004 2146 de
1036 2092 1205 2145 Beata
1238 2089 1379 2158 Vita,
1416 2094 1475 2146 ut
1505 2095 1563 2145 et
1587 2089 1658 2144 de
1683 2088 2038 2145 Academicis

321 2182 546 2249 tertius,
576 2181 679 2253 qui
706 2180 950 2251 proinde
997 2179 1147 2234 inter
1190 2178 1331 2233 duos
1361 2178 1429 2233 de
1456 2178 1665 2234 Ordine
1699 2178 1870 2232 libros
1901 2194 2037 2232 con-

321 2271 565 2342 scriptus
589 2275 693 2324 est.
722 2269 790 2324 Hi
821 2269 937 2324 duo
970 2267 1100 2323 libri
1133 2266 1419 2338 colloquia
1447 2272 1581 2321 sunt
1624 2283 1754 2321 cum
1787 2266 2040 2321 Licentia

322 2365 378 2415 et
407 2358 673 2430 Trygetio
725 2357 941 2425 habita,
972 2356 1181 2427 quibus
1225 2354 1483 2410 Monnica
1511 2371 1925 2426 nonnunquam
1956 2354 2042 2408 in‘

321 2448 540 2505 terfuit.
589 2445 835 2501 Secundi
885 2449 1080 2500 autem
1135 2443 1265 2498 libri
1316 2442 1795 2514 disputationibus
1854 2443 2038 2498 adfuit

322 2536 497 2592 etiam
525 2534 781 2606 Alypius.
815 2535 879 2588 In
909 2532 998 2603 qis
1027 2548 1197 2604 porro
1238 2532 1396 2586 libris
1424 2532 1676 2603 agitatur
1704 2531 1897 2603 gravis
1942 2532 2039 2586 illa

329 2625 590 2699 quaestio,
620 2630 816 2678 utrum
833 2621 1032 2677 omnia
1059 2621 1211 2676 bona
1240 2625 1298 2676 et
1325 2621 1479 2675 mala
1505 2620 1716 2676 divinas
1737 2621 2039 2691 providen-

322 2721 419 2776 tia:
451 2719 595 2775 ordo
634 2716 920 2773 contineat
948 2717 1202 2787 (Retract.
1236 2715 1331 2770 lib.
1366 2718 1412 2779 1,
1447 2729 1567 2784 cap.
1618 2715 1670 2779 3,
1716 2728 1772 2767 n.
1812 2712 1882 2779 l).
1928 2712 2035 2765 Ve-

332 2826 461 2864 rum
514 2823 646 2863 cum
685 2805 1043 2861 difﬁcillimis
1085 2820 1173 2859 res
1216 2808 1595 2866 occurrerent,
1647 2806 1704 2855 et
1743 2800 2032 2854 auditores

333 2915 465 2955 suos
502 2898 571 2953 ad
611 2912 808 2952 earum
850 2893 1277 2967 perceptionem
1322 2908 1557 2964 Operose
1597 2889 1835 2961 perduci
1866 2905 2032 2959 posse

332 2986 679 3059 intelligeret
724 2983 1100 3057 Augustinus,
1154 2982 1215 3037 in
1263 2986 1556 3053 postrema
1606 2978 1739 3034 libri
1802 2977 2037 3032 secundi

330 3082 488 3149 parte
518 3076 589 3131 de
635 3074 832 3149 ordine
875 3071 1143 3127 studendi
1182 3070 1340 3142 loqui
1391 3067 1615 3136 maluit,
1656 3083 1776 3139 quo
1805 3084 1840 3122 a
1867 3066 2037 3121 rebus

341 3148 721 3236 corporeis'nd
747 3160 1131 3232 spiritualium
1160 3159 1425 3213 notitiam
1456 3160 1684 3228 oportet
1719 3171 2033 3226 assurgere.

396 3257 448 3309 9.
484 3252 663 3321 Hujus
691 3247 963 3320 colloquii
994 3247 1293 3303 occasione
1321 3251 1494 3317 atque
1540 3244 1784 3317 origine,
1816 3261 1944 3316 qua:
1975 3244 2036 3299 in

323 3340 616 3414 prioribus
642 3338 770 3393 libri
805 3337 981 3408 primi
1021 3336 1304 3407 capitibus
1334 3335 1598 3402 refertur,
1630 3333 1774 3388 nihil
1808 3334 2035 3405 excogi-

325 3427 437 3483 tari
461 3430 652 3498 potest
687 3423 1018 3496 jucundius.
1047 3421 1193 3477 nihil
1221 3421 1439 3492 gratius
1467 3420 1565 3475 illa
1607 3421 1894 3491 gallorum
1922 3421 2039 3490 gal-

327 3517 689 3573 linaceorum
716 3529 932 3585 pugna,
962 3527 1135 3584 quam
1160 3510 1376 3565 ibidem
1393 3509 1748 3581 Augustinus
1768 3508 2037 3581 graphice

325 3602 593 3660 describit
621 3604 714 3672 (De
737 3602 959 3667 Ordine.
1009 3600 1104 3655 lib.
1163 3603 1213 3666 1,
1262 3615 1315 3655 n.
1351 3598 1464 3671 25).
1517 3599 1727 3653 Verum
1757 3614 1887 3669 quae
1930 3598 2035 3652 sub

328 3694 451 3765 ejus
502 3691 634 3747 libri
680 3692 857 3746 tinem
903 3691 1195 3761 leguntur,
1254 3686 1488 3759 majoris
1543 3690 1678 3742 sunt
1732 3686 2035 3756 momenti,

327 3797 502 3855 quam
530 3785 596 3835 ut
623 3780 866 3835 debeant
892 3777 1279 3850 praetermitti.
1332 3776 1431 3832 Hic
1460 3775 1615 3831 enim
1641 3775 1891 3847 optimus
1920 3792 2034 3830 non

325 3871 539 3941 linguae
561 3868 771 3938 solum,
801 3884 1001 3922 verum
1020 3866 1195 3921 etiam
1222 3866 1400 3921 animi
1427 3881 1491 3919 ac
1510 3865 1738 3920 virtutis
1766 3864 2036 3934 magister

324 3959 484 4030 gravi
539 3956 801 4028 seriaque
857 3955 1272 4025 discipulorum
1340 3969 1578 4009 suorum
1635 3952 2034 4023 objurgatione

327 4045 596 4112 ostendit,
629 4044 921 4117 quomodo
942 4041 1241 4098 coercendi
1261 4046 1394 4097 sunt
1422 4040 1813 4096 aemulationis
1842 4044 1901 4094 et
1921 4040 2039 4094 ina-

326 4134 416 4191 nis
438 4133 727 4207 jactantiai
747 4136 936 4188 motus
961 4132 1020 4186 in
1037 4129 1489 4186 adolescentibus
1516 4129 1616 4201 qui
1645 4128 1782 4184 dant
1799 4145 2033 4199 operam

325 4224 547 4281 litteris.
579 4222 880 4295 Trygetius
918 4220 1217 4293 quidpiam
1245 4220 1582 4291 protulerat,
1612 4221 1847 4288 propter
1883 4216 2037 4288 quod

325 4330 459 4371 eum
489 4328 727 4386 arguere
769 4315 997 4367 coactus
1045 4310 1233 4364 fuerat
1282 4306 1655 4378 Augustinus.
1707 4306 1806 4360 Ille
1843 4311 2036 4359 autem

328 4419 629 4475 perperam
658 4418 717 4457 se
748 4402 1004 4456 locutum
1028 4398 1200 4453 fuisse
1229 4396 1712 4463 animadverteris,
1736 4395 1907 4449 verba
1936 4411 2039 4449 sua

326 4490 865 4563 deleripostutahat.
896 4488 1130 4556 Urgebat
1155 4487 1429 4543 Licentius
1442 4490 1502 4540 ut
1512 4488 1809 4551 manerent,
1824 4483 2034 4555 inquit,

323 4594 613 4650 puerorum
642 4580 848 4634 scilicet
872 4593 1037 4646 more,
1060 4577 1144 4631 vel
1164 4577 1347 4646 potius
1372 4575 1670 4640 hominum,
1699 4573 1838 4643 proh
1856 4574 2038 4639 nefas!

324 4684 460 4741 pene
479 4671 716 4724 omnium
740 4684 755 4735 ;
788 4669 951 4737 quasi
975 4681 1099 4722 vero
1119 4663 1401 4734 gloriandi
1419 4678 1586 4717 causa
1613 4663 1754 4717 inter
1776 4675 1872 4717 nos
1898 4662 2039 4716 illud

328 4762 601 4826 ageretur.
633 4756 801 4825 Cujus
828 4760 1030 4810 motum
1052 4755 1228 4810 animi
1245 4767 1365 4808 cum
1392 4751 1739 4822 objurgarem
1758 4752 2037 4820 graviori-

329 4846 427 4902 bus
452 4845 650 4910 verbis,
683 4844 926 4900 erubuit:
943 4859 1053 4913 qua
1080 4844 1199 4913 ejus
1223 4840 1633 4913 perturbatione
1670 4839 2039 4894 animadverti

322 4935 587 4991 ridentem
634 4934 1008 5003 lztantemque
1060 4933 1395 5000 Trygetium.
1438 4931 1508 4986 Et
1539 4928 1796 4984 ambobus
1833 4944 1846 4985 :
1882 4930 2038 4983 Itane

327 5025 518 5093 agitis,
550 5025 779 5092 inquam
798 5020 828 5077 ‘l
854 5022 1044 5078 Nonne
1070 5034 1164 5075 vos
1182 5023 1355 5074 movet
1379 5017 1577 5087 quibus
1604 5018 1862 5072 vitiorum
1888 5017 2040 5072 moli-

330 5114 429 5170 bus
447 5106 613 5182 uigue
636 5112 925 5181 imperitia
951 5108 1183 5164 tenebris
1209 5122 1523 5178 premamur
1548 5110 1599 5161 et
1626 5107 1997 5175 cooperiamur
2011 5107 2040 5160 ?

329 5203 571 5260 Haecine
606 5204 685 5256 est
713 5199 814 5255 illa
835 5198 1004 5269 paulo
1025 5200 1150 5252 ante
1176 5200 1377 5262 vestra,
1405 5194 1470 5250 de
1498 5210 1610 5264 qua
1644 5196 1856 5263 ineptus
1885 5195 2037 5249 laeta-

331 5292 450 5360 bar,
482 5291 730 5350 attentio.
772 5292 824 5343 et
871 5286 933 5342 in
970 5288 1138 5342 Deum
1179 5287 1564 5353 veritatemque
1589 5285 1849 5339 surrectio
1871 5286 1899 5338 ?
1925 5284 1966 5339 Ο
1989 5285 2040 5338 si

338 5381 615 5449 videretis,
647 5379 730 5436 vel
748 5382 859 5434 tam
874 5374 1229 5447 lippientibus
1248 5374 1413 5429 oculis
1435 5388 1598 5443 quam
1626 5388 1720 5443 ego
1747 5375 1808 5428 in
1841 5373 2037 5444 quibus

330 5470 588 5539 periculis
607 5470 907 5539 jaceamus,
940 5464 1093 5534 cujus
1112 5463 1288 5519 morbi
1315 5462 1637 5518 dementiam
1667 5464 1809 5518 risus
1831 5465 1932 5518 iste
1961 5465 2039 5517 in-

333 5556 515 5612 dicet!
544 5558 587 5612 Ο
606 5560 657 5611 si
674 5556 959 5612 videritis!
987 5568 1151 5623 quam
1170 5554 1292 5617 cito,
1318 5567 1482 5622 quam
1502 5553 1708 5619 statim,
1733 5556 2038 5621 quantoque

329 5644 649 5717 productius
692 5660 811 5701 eum
847 5645 1123 5701 verteretis
1147 5643 1207 5696 in
1231 5642 1425 5711 ﬂetus!
1454 5641 1658 5709 Miseri,
1700 5641 1915 5695 nescitis
1945 5638 2040 5694 ubi

3743 366 3846 421 {32

2142 487 2368 544 sumus?
2417 490 2692 544 Demersus
2756 488 2975 560 quidem
3029 504 3140 545 esse
3179 472 3388 544 animos
3434 489 3673 544 omnium
3719 489 3852 544 stul-

2144 583 2318 633 torum
2347 578 2787 648 indoctorumque
2825 594 3096 635 commune
3124 583 3236 646 est;
3285 578 3380 633 sed
3407 593 3513 633 non
3541 593 3647 633 uno
3691 583 3853 649 atque

2143 667 2321 721 eodem
2342 667 2496 723 modo
2526 668 2780 724 demersis
2796 684 2948 738 opem
2967 670 3239 738 sapientia
3267 671 3320 722 et
3347 682 3569 722 manum
3594 667 3847 737 porrigit.

2145 756 2264 811 Alii
2275 761 2423 824 sunt,
2447 758 2666 826 credite,
2690 759 2793 813 alii
2819 761 2946 813 sunt
2965 758 3063 827 qui
3081 772 3296 812 sursum
3313 759 3635 824 vocantur,a
3653 756 3741 809 llii
3760 758 3854 824 qui

2144 848 2205 901 in
2228 846 2510 916 profunda
2530 849 2811 903 laxantur.
2835 848 3032 916 Nolite,
3049 846 3258 901 obsecro
3282 861 3396 913 vos,
3422 847 3697 913 geminare
3713 846 3855 900 mihi

2143 940 2412 993 miserias.
2435 939 2581 994 Satis
2606 938 2746 992 mihi
2770 940 2881 993 sint
2906 939 3133 993 vulnera
3158 953 3293 997 mea.
3329 952 3449 1008 qua:
3476 942 3537 991 ut
3566 941 3851 1002 sanentur,

2142 1042 2277 1096 pene
2314 1026 2651 1096 quotidianis
2680 1026 2892 1094 ﬂetibus
2922 1028 3086 1080 Deum
3112 1040 3331 1094 rogans,
3363 1025 3729 1094 indigniorem
3761 1029 3845 1078 ta-

2146 1131 2265 1171 men
2290 1130 2401 1170 esse
2419 1132 2522 1184 me,
2548 1116 2646 1185 qui
2663 1120 2775 1170 tam
2793 1117 2898 1170 cito
2924 1129 3104 1181 saner,
3138 1130 3303 1184 quam
3327 1114 3620 1183 volo,saepe
3643 1120 3852 1168 memet-

2146 1207 2262 1274 ipse
2296 1207 2566 1260 convinco.
2607 1206 2801 1269 Nolite,
2832 1205 3080 1270 obsecro;
3110 1206 3161 1258 si
3188 1204 3324 1274 quid
3365 1204 3502 1257 mihi
3546 1204 3767 1269 amoris,
3797 1206 3849 1257 si

2147 1293 2285 1362 quid
2310 1293 2717 1348 necessitudinis
2769 1293 2990 1359 debetis,
3038 1295 3087 1346 si
3132 1293 3441 1360 intelligitis
3463 1295 3727 1361 quantum
3756 1306 3851 1345 vos

2148 1383 2398 1451 diligam,
2432 1385 2627 1452 quanti
2650 1384 2875 1451 faciam,
2910 1386 3173 1451 quantum
3196 1397 3278 1435 me
3307 1396 3441 1435 cura
3469 1383 3703 1448 exagitet
3732 1396 3853 1435 mo-

2146 1489 2269 1527 rum
2293 1478 2588 1528 vestrorum
2614 1489 2627 1540 ;
2654 1475 2706 1528 si
2732 1473 2929 1541 dignus
2956 1488 3075 1528 sum
3120 1488 3276 1542 quem
3303 1487 3411 1526 non
3450 1471 3765 1540 negligatis,
3800 1474 3856 1526 si

2148 1563 2378 1632 denique
2398 1566 2500 1617 Deo
2531 1567 2661 1617 teste
2678 1578 2784 1617 non
2810 1565 3059 1631 mentior,
3082 1563 3223 1616 nihil
3237 1576 3319 1614 me
3345 1562 3469 1630 plus
3501 1562 3640 1615 mihi
3658 1564 3854 1630 optare

2150 1666 2315 1720 quam
2353 1652 2522 1718 vobis,
2574 1651 2850 1721 rependite
2894 1652 3031 1706 mihi
3072 1650 3399 1719 beneﬁcium.
3432 1652 3502 1705 Et
3532 1651 3582 1703 si
3608 1665 3689 1705 me
3725 1666 3856 1705 ma-

2149 1742 2382 1808 gistrum
2422 1741 2646 1795 libenter
2687 1742 2912 1802 vocatis.
2955 1739 3167 1794 reddite
3194 1739 3335 1793 mihi
3362 1738 3652 1792 mercedem
3680 1753 3694 1792 :
3725 1738 3859 1792 boni

2149 1834 2327 1884 estote.
2362 1831 2463 1884 llic
2493 1829 2589 1883 ubi
2612 1845 2677 1883 ne
2697 1830 2861 1899 plura
2889 1828 3138 1888 dicerem,
3176 1828 3432 1896 lacrymae
3468 1828 3608 1881 mihi
3633 1826 3857 1881 modum

2147 1922 2537 1988 imposuerunt.
2568 1918 2840 1973 Licentius
2869 1918 3240 1973 molestissime
3261 1918 3463 1985 ferens,
3493 1915 3639 1986 quod
3671 1916 3857 1971 minia

2149 2006 2524 2064 scribebantur
2555 2023 2567 2061 :
2601 2005 2747 2078 Quid
2774 2008 2931 2072 enim,
2965 2007 3067 2072 ait,
3106 2007 3351 2073 fecimus,
3377 2020 3468 2060 oro
3497 2009 3548 2060 te
3568 2003 3596 2060 ?
3631 2005 3853 2073 Adhuc,

2148 2100 2395 2167 inquam,
2428 2111 2522 2151 nec
2562 2097 2755 2163 fateris
2795 2096 2987 2150 saltem
3019 2098 3297 2167 peccatum
3328 2098 3479 2148 tuum
3501 2093 3530 2149 7
3575 2095 3652 2148 Tu
3679 2096 3858 2149 nescis

2150 2190 2208 2241 in
2236 2188 2334 2241 illa
2348 2186 2529 2240 schola
2545 2185 2788 2253 graviter
2809 2199 2889 2238 me
2906 2183 3235 2238 stomachari
3254 2183 3494 2249 solitum,
3520 2183 3664 2252 quod
3683 2198 3860 2252 usque

2148 2276 2281 2330 adeo
2307 2276 2468 2345 pueri
2490 2289 2596 2328 non
2619 2274 2855 2328 utilitate
2882 2276 3045 2342 atque
3069 2271 3253 2327 decore
3289 2271 3729 2342 disciplinarum,
3757 2273 3860 2328 sed

2148 2366 2480 2420 inanissima
2509 2363 2689 2417 laudis
2718 2377 2896 2417 amore
2924 2362 3265 2429 ducerentur,
3296 2367 3358 2415 ut
3387 2362 3653 2431 quosdam
3682 2362 3859 2417 etiam

2148 2451 2328 2505 aliena
2354 2452 2519 2506 verba
2546 2454 2773 2506 recitare
2792 2466 2897 2506 non
2924 2450 3168 2521 puderet,
3200 2452 3612 2520 exciperenlque
3625 2451 3859 2520 plausus

2150 2541 2195 2608 (ο
2226 2539 2681 2609 ingemiscendum
2726 2540 2992 2607 malum!)
3050 2539 3120 2593 ab
3165 2538 3364 2593 eisdem
3409 2541 3567 2609 ipsis,
3624 2554 3861 2609 quorum

2147 2633 2302 2683 erant
2318 2629 2416 2683 illa
2435 2644 2554 2698 qua
2573 2627 2878 2682 recitabant
2899 2627 2927 2683 ?
2949 2630 3035 2683 lta
3052 2641 3145 2682 ros
3165 2628 3564 2699 quamvisnihil
3587 2644 3860 2699 unquam,

2146 2720 2208 2770 ut
2227 2718 2441 2786 opinor,
2471 2717 2576 2770 tale
2603 2718 2843 2783 feceritis
2867 2732 2881 2782 ;
2916 2719 3092 2770 tamen
3112 2720 3163 2769 et
3188 2718 3247 2770 in
3260 2716 3691 2787 philosophiam,
3723 2723 3773 2772 et
3798 2722 3861 2772 in

2147 2820 2263 2859 eam
2274 2808 2467 2873 vitam,
2481 2820 2644 2874 quam
2660 2821 2742 2859 me
2759 2804 2976 2859 tandem
2996 2820 3281 2874 occupasse
3301 2805 3471 2874 lzetor,
3491 2807 3861 2863 aemulationis

2147 2894 2374 2963 tabiﬁca:
2391 2899 2553 2962 atque
2577 2896 2757 2948 inanis
2770 2895 3054 2963 jactantia:
3073 2894 3344 2962 ultimam,
3365 2894 3461 2948 sed
3486 2899 3855 2952 nocentiorem

2147 2984 2353 3037 caeteris
2369 2982 2613 3037 omnibus
2636 2986 2839 3052 pestem
2864 2982 3203 3037 introducere
3222 2998 3284 3037 ac
3301 2985 3675 3052 proseminare
3697 3001 3864 3040 cona-

2147 3073 2285 3125 mini
2315 3087 2330 3126 :
2360 3075 2411 3126 et
2437 3072 2671 3138 fortasse
2691 3072 2823 3139 quia
2849 3085 2941 3125 vos
2961 3070 3149 3124 abista
3169 3074 3411 3126 vanitate
3437 3073 3727 3143 morboque
3753 3074 3863 3129 de—

2149 3164 2335 3227 terreo,
2366 3161 2635 3229 pigriores
2667 3160 2819 3213 eritis
2847 3157 2922 3212 ad
2948 3158 3135 3213 studia
3165 3159 3454 3228 doctrinae;
3481 3165 3531 3215 et
3559 3162 3629 3216 ab
3660 3162 3864 3218 ardore

2126 3252 2373 3303 't'entosaz
2390 3250 2554 3316 fama:
2573 3250 2891 3318 repercussi,
2904 3250 2963 3302 in
2986 3252 3250 3318 torporem
3260 3251 3467 3304 inertiae
3479 3252 3859 3318 congclabitis.

2146 3339 2229 3392 Mc
2244 3339 2518 3403 miserum,
2531 3340 2583 3391 si
2591 3352 2794 3393 necesse
2815 3339 2919 3391 erit
2939 3337 3071 3392 tales
3091 3340 3256 3392 etiam
3274 3354 3414 3393 nunc
3422 3342 3653 3409 perpeti,
3676 3357 3712 3395 a
3728 3346 3862 3411 qui-

2147 3424 2243 3479 bus
2274 3425 2413 3479 vitia
2441 3425 2689 3479 decedere
2719 3428 2834 3480 sine
2853 3426 3085 3480 aliorum
3108 3428 3366 3482 vitiorum
3393 3431 3723 3485 successione
3749 3448 3865 3488 non

2143 3515 2383 3582 possint!
2402 3513 2669 3577 Probalis,
2691 3516 2773 3569 ait
2798 3515 3094 3577 Licentius,
3117 3531 3282 3585 quam
3307 3520 3651 3586 purgatiores
3668 3522 3865 3587 futuri

2144 3603 2332 3657 simus.
2366 3601 2523 3656 Modo
2545 3602 2685 3656 illud
2709 3602 3046 3658 obsecramus
3068 3619 3169 3673 per
3196 3607 3380 3659 omnia
3407 3621 3527 3676 quae
3553 3606 3771 3676 diligis,
3800 3616 3863 3665 ut

2143 3691 2385 3757 ignotum
2439 3690 2591 3745 nobis
2646 3693 2799 3759 velis,
2853 3697 3015 3762 atque
3068 3694 3166 3746 illa
3215 3696 3397 3748 omnia
3432 3695 3601 3750 deleri
3633 3698 3861 3766 jubeas.

2146 3778 2391 3843 Prorsus,
2427 3780 2608 3847 inquit
2658 3780 2964 3849 Trygetius,
2997 3785 3213 3835 maneat
3252 3786 3440 3836 nostra
3491 3799 3673 3853 pana,
3702 3790 3765 3839 ut
3799 3803 3866 3841 ea

2146 3867 2288 3934 ipsa,
2324 3882 2443 3934 quae
2468 3881 2562 3920 nos
2594 3868 2753 3921 illicit
2779 3870 2955 3935 fama,
2984 3869 3194 3936 ﬂagello
3233 3873 3461 3939 proprio
3490 3888 3523 3924 ιι
3551 3887 3647 3927 suo
3676 3889 3869 3930 amore

2145 3954 2431 4010 deterreat.
2453 3957 2518 4009 Ut
2531 3958 2673 4010 enim
2692 3957 2820 4011 solis
2839 3958 3035 4013 amicis
3052 3962 3102 4012 et
3114 3959 3489 4025 familiaribus
3500 3965 3704 4017 nostris
3717 3965 3866 4019 litte-

2143 4059 2220 4098 rae
2250 4046 2367 4099 ista
2396 4046 2749 4111 innotescunt,
2780 4061 2887 4100 non
2911 4061 3113 4116 parum
3141 4046 3542 4104 desudabimus.
3585 4051 3867 4110 Assensus

2144 4137 2222 4187 est
2274 4133 2365 4187 ille
2412 4132 2595 4203 (lbid.,
2643 4134 2739 4189 lib.
2796 4138 2845 4201 t,
2892 4150 2985 4189 nn.
3030 4138 3121 4200 29,
3155 4135 3260 4192 30).
3311 4136 3479 4191 lubet
3505 4139 3868 4210 Augustinus

2147 4220 2463 4276 Licentium
2492 4237 2701 4293 poema
2729 4221 2975 4278 scribere
3003 4227 3203 4278 contra
3226 4223 3559 4280 libidinosos
3604 4243 3863 4296 amores,

2144 4310 2290 4364 etin
2320 4309 2553 4365 laudem
2605 4310 2734 4382 puri
2789 4311 3024 4378 amoris,
3075 4328 3190 4383 quo
3228 4313 3420 4368 anima
3471 4330 3576 4385 per
3604 4317 3867 4387 philoso-

2146 4398 2343 4471 phiam
2366 4397 2678 4453 intellectui
2706 4400 3008 4471 copulatur
3024 4401 3213 4470 (1bid.,
3234 4418 3289 4457 η.
3312 4404 3424 4472 24).
3458 4404 3621 4459 llaud
3642 4406 3868 4462 scimus

2147 4505 2218 4543 an
2249 4487 2391 4544 illud
2422 4487 2497 4544 sit
2518 4488 2754 4543 Licentii
2777 4489 2848 4544 de
2877 4489 3244 4561 philosophia
3268 4507 3521 4562 carmen,
3550 4496 3710 4565 quod
3731 4513 3867 4552 san-

2148 4581 2271 4633 ctus
2306 4578 2509 4632 Doctor
2546 4576 2906 4633 Romaniano
2934 4578 3253 4649 pollicetur,

2222 4668 2303 4721 10.
2333 4664 2448 4720 Suo
2502 4665 2587 4721 de
2612 4666 2821 4720 Ordine
2859 4666 3037 4721 libros
3056 4667 3302 4723 Zenobio
3333 4668 3611 4726 inscribit.
3649 4671 3746 4726 cui
3792 4672 3869 4727 de

2148 4753 2400 4810 Licentio
2429 4769 2581 4809 curas
2604 4758 2742 4817 erat,
2774 4754 2924 4825 quod
2947 4754 3102 4810 illius
3132 4756 3280 4827 patri
3318 4757 3465 4812 foret
3494 4758 3865 4829 conjunctis-

2148 4842 2348 4899 simus.
2398 4841 2497 4897 Hic
2552 4858 2949 4915 saepenumero
2991 4844 3060 4899 de
3106 4860 3301 4900 rerum
3331 4845 3530 4901 ordine
3559 4863 3871 4904 sermones

2146 4946 2278 4986 cum
2321 4930 2641 5001 Augustino
2690 4932 3044 4988 contulerat:
3093 4948 3295 4989 verum
3325 4934 3379 4989 ei
3404 4935 3677 4991 sublimia
3724 4953 3871 5008 per-

2146 5019 2436 5074 cunctanti
2488 5035 2786 5092 nunquam
2838 5021 3008 5092 plene
3061 5022 3381 5078 satisfacere
3427 5028 3695 5096 potuerat
3741 5028 3874 5082 Au-

2145 5107 2424 5179 gustinus,
2445 5124 2547 5163 seu
2569 5114 2803 5180 propter
2822 5125 3016 5166 rerum
3034 5110 3469 5181 sublimitatem,
3488 5129 3588 5168 seu
3608 5119 3864 5187 propter

2145 5201 2477 5269 temporum
2516 5199 2846 5270 angustias;
2882 5203 2939 5255 et
2977 5215 3209 5271 semper
3238 5201 3581 5257 solutionem
3606 5202 3668 5257 in
3686 5204 3876 5261 .aliud

2144 5288 2372 5356 tempus
2400 5285 2713 5343 distulerat.
2764 5288 2951 5353 Quare
3003 5289 3282 5345 Zenobius
3328 5291 3436 5345 hac
3462 5292 3872 5362 procrastina-

2146 5372 2305 5427 tione
2354 5373 2716 5446 defatigatus,
2760 5376 3150 5448 Augustinum
3205 5379 3451 5450 eleganti
3490 5380 3747 5436 carmine
3793 5384 3875 5440 ad

2147 5461 2327 5517 fusius
2356 5467 2414 5517 et
2460 5465 2779 5519 accuratius
2832 5467 3297 5537 respondendum
3344 5470 3697 5539 provocavit.
3749 5471 3875 5528 Sed

2147 5566 2279 5605 cum
2309 5551 2624 5608 Mediolano
2651 5554 3012 5626 repentinum
3043 5556 3117 5611 ob
3139 5557 3476 5626 tumultum,
3500 5558 3663 5629 cujus
3689 5575 3879 5617 causa

2147 5655 2265 5695 non
2292 5638 2595 5705 indicatur,
2625 5657 2697 5698 ex
2725 5642 3036 5713 improviso
3082 5645 3366 5715 proficisci
3403 5650 3633 5702 coactus
3660 5648 3880 5704 fuisset
