4048 6194
162 320 259 371 133
1588 304 1798 374 LIBER
1840 306 2233 375 SECUNDUS.
3584 323 3681 377 134

159 438 311 491 idem
353 437 660 504 Zenobius,
710 426 865 493 venit
915 438 972 492 iu
1003 438 1351 493 oblivionem
1390 439 1559 511 hujus
1603 440 1872 494 carminis

156 527 475 597 Augustino
498 527 869 599 relinquendi
895 532 958 583 ut
980 527 1064 582 illi
1086 529 1460 599 responderet
1482 530 1664 599 (Ibid,
1682 547 1738 584 η.
1756 531 1868 600 20).

158 617 319 671 Haud
349 616 566 670 scimus
616 633 691 670 an
724 634 792 671 ea
836 633 924 671 res
955 618 1027 671 sit
1056 618 1153 672 illa
1198 618 1344 688 ipsa,
1390 619 1459 673 de
1485 636 1598 691 qua
1625 620 1871 673 Zenobio

164 705 425 759 scribens
444 706 803 777 Augustinus
835 706 1031 777 (Epist.
1064 708 1114 776 2)
1148 707 1351 761 dixerit
1388 707 1713 761 inchoatam
1742 725 1871 762 cum

159 795 250 848 illo
295 795 753 864 disputationem
785 837 799 862 ,
842 812 971 850 cum
1022 796 1222 850 eodem
1276 812 1396 850 esse
1442 797 1870 867 perﬁciendam.

162 884 373 938 Aberat
408 884 465 937 id
506 883 782 955 temporis
810 884 1109 954 Zenobius,
1157 884 1324 956 eique
1355 890 1594 939 testatur
1609 885 1873 956 Augusti-

160 989 264 1026 nus
294 989 380 1040 se,
413 989 547 1025 cum
572 973 816 1027 necdum
844 978 1128 1027 assecutus
1150 974 1240 1039 sit,
1271 979 1336 1028 ut
1366 974 1508 1028 nihil
1540 978 1691 1027 amet
1721 974 1874 1045 quod

159 1063 354 1116 abesse
389 1078 425 1115 a
468 1078 529 1115 se
560 1061 741 1115 invito
773 1062 970 1133 possit,
1005 1062 1252 1117 absentis
1282 1062 1452 1116 amici
1481 1062 1760 1117 desiderio
1790 1066 1873 1116 te-

159 1151 300 1213 neri,
338 1167 521 1221 seque
569 1150 640 1204 ab
688 1150 886 1204 amicis
916 1151 1057 1204 velle
1089 1151 1304 1222 pariter
1333 1151 1665 1205 desiderari.
1690 1150 1876 1215 Quan-

165 1242 370 1294 donam
420 1240 616 1293 isthaec
663 1240 904 1310 epistola
949 1240 1082 1294 data
1109 1240 1201 1309 sit,
1251 1256 1325 1294 an
1356 1256 1471 1294 non
1500 1244 1758 1311 tempore
1788 1256 1874 1292 sc-

166 1346 341 1383 cessus
393 1328 724 1398 Augustini,
773 1328 999 1382 deﬁniri
1047 1345 1161 1382 non
1205 1333 1408 1399 potest.
1464 1330 1527 1383 In
1569 1328 1874 1400 posteriori

167 1418 301 1471 libro
353 1417 430 1470 de
482 1416 692 1471 Ordine
722 1416 1027 1487 pollicetur
1066 1417 1419 1487 Augustinus
1450 1433 1528 1483 se,
1563 1417 1609 1470 si
1640 1418 1871 1483 vacarit,

168 1507 225 1560 de
257 1506 462 1559 anima
501 1509 699 1575 postea
744 1505 1031 1559 dicturum
1068 1506 1159 1574 (De
1187 1506 1407 1571 Ordine,
1440 1507 1533 1559 lib.
1567 1509 1619 1573 2,
1650 1521 1702 1559 η.
1744 1505 1822 1575 l7)
1855 1522 1870 1560 :

169 1595 216 1648 id
258 1600 465 1648 tamen
513 1610 645 1648 eum
676 1593 735 1646 in
768 1594 1046 1648 sermonis
1076 1594 1162 1647 Sui
1193 1594 1339 1649 serie
1376 1595 1708 1664 praestitisse
1760 1611 1875 1649 non

160 1683 441 1737 videmus.
487 1684 615 1737 lam
664 1683 809 1737 forte
858 1683 1050 1737 animo
1102 1683 1487 1738 meditabatur
1535 1684 1748 1738 librum
1806 1684 1874 1738 de

159 1771 488 1835 Quantitaie
538 1771 767 1839 animae,
819 1788 993 1843 quem
1044 1773 1241 1826 Romm
1293 1787 1443 1825 anno
1491 1772 1606 1826 fere
1647 1771 1875 1825 evoluto

159 1861 528 1933 conscripsit.

844 1950 1067 2005 CAPUT
1109 1951 1196 2004 IX.

166 2044 176 2092 Ι
215 2039 457 2093 Laborat
516 2038 859 2105 Augustinus
907 2043 966 2093 ut
1008 2042 1184 2106 magis
1223 2054 1284 2093 ac
1327 2040 1503 2106 magis
1538 2039 1595 2092 in
1624 2039 1874 2091 veritatis

221 2130 537 2193 cognitione
583 2126 852 2197 proficiat.
910 2129 944 2180 2
998 2128 1149 2195 Ignei
1192 2129 1415 2196 pietatis
1463 2128 1579 2196 ejus
1629 2126 1872 2195 affectus.

220 2220 250 2269 3
296 2218 619 2270 Inveterata
653 2215 892 2284 jurandi
938 2215 1318 2270 consuetudine
1345 2230 1399 2269 se
1431 2219 1533 2270 Deo
1556 2217 1785 2285 juvante
1814 2216 1879 2269 li-

222 2306 393 2358 berat.
437 2306 472 2359 4
526 2305 573 2358 A
624 2305 867 2358 dentium
906 2304 1085 2359 dolore
1130 2305 1395 2359 divinitus
1439 2310 1687 2360 sanatur.
1743 2307 1772 2358 5
1806 2307 1879 2358 De

221 2395 568 2462 Soliloquiis,
600 2396 660 2447 in
708 2394 902 2462 quibus
940 2395 1089 2448 illius
1137 2396 1332 2448 animae
1360 2398 1534 2449 status
1565 2395 1874 2463 inspicitur,

228 2488 258 2535 (3
294 2483 449 2537 Unde
481 2483 763 2552 appellata
791 2483 1113 2552 Soliloquia,
1143 2484 1351 2553 quodve
1379 2483 1680 2537 earumdem
1706 2482 1878 2538 libro-

234 2588 354 2625 rum
386 2576 792 2638 argumentum.

232 2667 277 2717 l.
316 2662 395 2715 Ex
446 2660 637 2727 libris,
680 2677 826 2731 quos
855 2660 1205 2732 Augustinus
1237 2660 1386 2715 inter
1422 2659 1706 2731 colloquia
1744 2676 1874 2713 cum

164 2748 352 2802 amicis
402 2747 606 2801 habita
645 2764 747 2801 suo
797 2748 855 2801 in
886 2764 1105 2801 secessu
1156 2748 1486 2809 lucubravit,
1531 2749 1719 2801 videre
1749 2747 1877 2800 licet

162 2854 405 2908 quanam
460 2837 577 2890 illic
630 2838 852 2891 ratione
900 2837 1073 2891 vitam
1114 2838 1375 2907 degeret,
1427 2853 1601 2908 quem
1651 2843 1878 2908 caperet

164 2926 253 2980 otii
283 2928 377 2980 sui
427 2926 709 2992 fructum,
753 2926 1095 2997 quibusnam
1139 2927 1373 2981 demum
1403 2926 1465 2980 in
1509 2926 1710 2980 studiis
1739 2942 1875 2980 con-

164 3032 365 3070 cessam
401 3014 517 3069 sibi
563 3032 597 3068 a
635 3016 748 3068 Deo
783 3014 1103 3069 doctrinam
1130 3020 1186 3069 et
1215 3015 1597 3070 eruditionem
1628 3015 1874 3069 colloca-

162 3110 265 3159 ret:
296 3121 481 3177 quam
511 3104 746 3174 quidem
778 3104 881 3157 etsi
907 3104 1101 3159 divino
1133 3104 1315 3159 cultui
1336 3108 1519 3159 totam
1542 3103 1878 3171 addixisset,

163 3194 331 3248 adhuc
363 3199 570 3248 tamen
601 3192 885 3263 superbia:
911 3193 1161 3248 scholam
1193 3193 1459 3247 nonnihil
1486 3209 1683 3265 sapere
1710 3192 1874 3247 vide-

160 3283 340 3349 batur;
401 3289 469 3336 ut
521 3283 590 3335 iis
632 3282 859 3349 accidit,
909 3282 1008 3354 qui
1047 3300 1113 3337 ex
1159 3283 1330 3353 longo
1376 3299 1547 3336 cursu
1579 3283 1875 3351 anhelant,

166 3372 325 3427 etiam
376 3388 515 3426 cum
567 3370 638 3425 ad
686 3371 1090 3442 respirandum
1130 3372 1435 3443 quiescunt
1482 3372 1658 3442 (Conf.
1692 3372 1785 3427 lib.
1819 3375 1872 3437 9,

166 3478 273 3533 cap.
313 3464 370 3527 4,
421 3479 480 3515 n.
529 3461 610 3531 7).
669 3462 1062 3531 Praeterquam
1093 3461 1248 3532 quod
1278 3462 1383 3515 hac
1414 3461 1473 3514 in
1503 3467 1664 3531 parte
1696 3461 1875 3532 pietas

166 3550 327 3620 ipsius
346 3552 597 3621 paulum
620 3550 1067 3621 oppugnabatur
1087 3550 1156 3604 ab
1176 3550 1397 3620 Alypio,
1420 3550 1519 3620 qui
1534 3549 1719 3620 primo
1741 3566 1875 3604 eum

168 3638 267 3691 suis
294 3638 352 3692 in
402 3638 567 3691 libris
598 3654 811 3692 nomen
842 3639 1145 3694 Salvatoris
1175 3638 1355 3693 nostri
1386 3641 1517 3693 Jesu
1548 3638 1754 3693 Christi
1787 3640 1876 3693 in-

169 3742 336 3781 serere
384 3727 757 3798 prohibebat,
792 3729 943 3799 quod
986 3729 1180 3782 mallet
1220 3728 1374 3782 illius
1405 3728 1600 3781 stilum
1631 3727 1875 3781 excelsas

170 3816 540 3887 philosophia:
596 3820 651 3870 et
698 3816 1042 3887 eloquentiae
1099 3817 1336 3885 cedrus,
1396 3832 1571 3887 quam
1625 3815 1874 3869 humiles

174 3902 447 3973 Evangelii
496 3909 556 3957 et
606 3905 862 3958 Ecclesia:
915 3905 1136 3973 herbas,
1186 3906 1393 3959 animis
1450 3905 1723 3974 salubres,
1758 3920 1874 3957 ser-

170 3994 424 4061 pentibus
476 3994 764 4054 adversas,
800 3994 1072 4049 redolere.
1106 3995 1399 4049 Gaudebat
1443 3994 1503 4048 in
1543 4011 1611 4047 eo
1652 4009 1871 4047 secessu

172 4084 585 4151 superfluarum
628 4083 829 4137 mundi
859 4083 1238 4155 cupiditatum
1270 4084 1491 4155 laqueis
1521 4084 1677 4137 velut
1703 4098 1871 4153 expe-

172 4170 323 4236 ditus,
341 4171 671 4241 respirabat
684 4172 846 4242 quasi
858 4176 1217 4227 terrenarum
1232 4171 1684 4226 sollicitudinum
1702 4187 1876 4225 onere

172 4259 449 4326 liberatus,
488 4262 579 4315 sui
609 4278 741 4316 eum
771 4262 981 4316 erroris
1027 4262 1361 4333 pcenitebat,
1396 4260 1469 4315 ad
1520 4277 1578 4315 se
1626 4260 1874 4342 redibat,

174 4350 453 4418 quaerebat
486 4350 903 4404 intentissimas
932 4350 1679 4421 veritatem(ContraAcad.,
1698 4350 1788 4403 lib.
1814 4353 1873 4406 2.

176 4454 221 4491 η.
250 4440 328 4508 4).
367 4441 530 4494 Tunc
561 4440 715 4493 enim
754 4440 1029 4510 temporis
1075 4440 1355 4493 sentiebat
1399 4454 1573 4510 quam
1605 4438 1763 4508 gravi
1793 4437 1876 4490 vi-

175 4526 369 4580 tiorum
408 4528 567 4581 mole
599 4533 976 4598 premeretur,
1010 4533 1066 4582 et
1111 4544 1286 4599 quam
1315 4526 1505 4581 densis
1535 4528 1879 4581 obrueretur

176 4614 505 4685 ignorantiae
526 4616 800 4671 tenebris.
825 4618 1139 4671 Vulnerum
1162 4633 1401 4671 suorum
1425 4616 1709 4671 medelam
1729 4632 1877 4687 pene

176 4704 520 4772 quotidianis
551 4719 585 4757 a
618 4704 731 4757 Deo
771 4704 1034 4776 lacrymis
1065 4704 1408 4774 exposcebat
1437 4721 1450 4759 :
1486 4722 1549 4758 ac
1582 4704 1876 4758 nihilomi-

180 4806 276 4844 nus
299 4792 608 4846 iuducebat
636 4793 916 4861 animum,
950 4793 1337 4863 indigniorem
1365 4809 1486 4848 esse
1518 4810 1597 4861 se,
1631 4792 1730 4865 qui
1760 4796 1879 4848 tam

177 4880 276 4933 cito
305 4887 629 4947 sanaretur,
664 4898 837 4953 quam
866 4882 1037 4937 vellet
1077 4882 1179 4954 (De
1209 4882 1430 4949 Ordine,
1463 4883 1557 4937 lib.
1594 4886 1643 4948 l,
1677 4899 1733 4937 n.
1765 4882 1877 4953 29).

178 4968 365 5023 Adhuc
413 4970 475 5023 in
524 4971 847 5042 quaestione
900 4971 970 5026 de
1023 4972 1213 5025 anima
1252 4971 1565 5026 ﬂuctuabat
1596 4973 1686 5041 (De
1713 4973 1882 5025 Beata

190 5058 323 5125 Vita,
356 5076 412 5113 ιι.
445 5062 521 5127 5),
547 5064 603 5114 et
627 5061 980 5115 Paracletum
1006 5060 1281 5131 Spiritum
1312 5060 1564 5115 veritatis
1593 5077 1626 5114 a
1655 5060 1880 5115 Christo

186 5145 414 5203 Domino
450 5150 690 5203 missum
734 5150 905 5204 fuisse
933 5150 1222 5205 nesciebat
1252 5152 1423 5221 (Conf.
1458 5150 1552 5204 lib.
1586 5153 1637 5216 9,
1672 5164 1793 5219 cap.
1826 5151 1880 5219 4,

188 5250 236 5287 n.
282 5241 353 5305 9).
407 5239 609 5310 Itaque
665 5239 1164 5310 persuasissimum
1202 5239 1464 5304 habebat,
1499 5238 1880 5309 ignorantiam

190 5339 332 5381 suam
367 5330 647 5397 majorem
679 5344 823 5394 esse,
856 5344 1030 5400 quam
1060 5329 1407 5399 intelligeret
1439 5330 1530 5397 (De
1551 5328 1682 5384 0rd.
1708 5329 1799 5383 lib.
1824 5330 1877 5391 2,

189 5428 235 5468 η.
264 5418 342 5485 9);
373 5434 546 5489 seque
579 5417 638 5472 in
671 5417 1037 5489 philosophia
1065 5434 1311 5488 puerum
1341 5417 1643 5484 fatebatur,
1668 5417 1880 5471 nedum

192 5517 240 5555 se
264 5507 574 5577 sapientem
603 5508 910 5579 reputabat
933 5507 1113 5575 (lbid.,
1147 5508 1240 5563 lib.
1273 5511 1288 5562 l
1306 5549 1319 5573 ,
1342 5523 1397 5563 n.
1436 5508 1538 5577 l3).
1570 5507 1777 5562 Verum
1797 5523 1883 5560 ar-

191 5589 498 5652 dentissimo
544 5596 806 5653 discendi
856 5595 1046 5650 studio
1092 5596 1392 5668 ﬂagrabat,
1422 5600 1478 5651 et
1497 5596 1574 5651 ob
1604 5596 1661 5651 id
1700 5611 1880 5651 unum

1984 445 2177 494 noctes
2210 440 2443 511 diesque
2475 440 2851 511 pervigilabat
2876 441 3065 512 (lbid.,
3096 457 3150 495 η.
3186 443 3292 513 12).
3327 442 3389 496 In
3422 441 3476 496 id
3509 442 3691 496 solum

1986 530 2373 596 incumbebat,
2405 536 2468 584 ut
2497 531 2753 585 animum
2783 548 2949 584 suum
2990 546 3023 583 ει
3052 530 3207 584 falsis
3247 531 3694 603 perniciosisque

1984 619 2371 689 opinionibus,
2393 620 2601 691 quibus
2632 620 3063 686 obturbabatur,
3094 624 3442 690 expurgaret
3473 615 3692 690 (Contra

1985 708 2159 763 Acad.
2198 709 2290 763 lib.
2324 712 2375 771 2,
2398 725 2453 763 n.
2488 710 2563 777 9).
2600 711 2855 781 Cumque
2875 711 2995 780 jam
3028 714 3161 763 tunc
3192 708 3376 773 sciret,
3400 708 3693 764 veritatem

1991 797 2101 851 nisi
2131 797 2324 851 divina
2355 814 2461 867 ope
2509 814 2626 852 non
2662 798 2900 869 percipi,
2934 815 3059 851 eam
3091 815 3123 851 a
3156 799 3275 851 solo
3309 799 3424 852 Deo
3455 799 3520 852 ad
3554 815 3689 852 con-

1983 886 2287 941 futandam
2303 887 2666 941 mendacium
2680 888 3062 958 exspectabat,
3095 886 3381 958 aquosuis
3408 886 3468 940 in
3490 887 3693 942 studi‘s

1984 974 2261 1029 auxilium
2310 976 2469 1029 omni
2514 976 2813 1031 devotione
2860 982 3030 1047 atque
3078 976 3288 1046 pietate
3320 975 3686 1046 implorabat.

1985 1064 2125 1117 Cum
2152 1065 2330 1117 Deum
2350 1063 2535 1134 ipsum
2556 1064 2812 1135 quotidie
2829 1064 3204 1135 interrogaret
3226 1080 3355 1118 cum
3378 1065 3691 1119 humilibus

1985 1152 2232 1224 quereris
2258 1158 2313 1207 et
2344 1154 2628 1223 lacrymis,
2654 1158 2772 1209 erat
2796 1159 2985 1208 tamen
3008 1159 3238 1225 paratus
3262 1153 3331 1207 ad
3357 1169 3687 1224 responsum

1984 1242 2397 1313 recipiendum,
2431 1259 2536 1313 per
2558 1259 2730 1314 quem
2762 1244 2874 1297 Deo
2905 1242 3211 1297 videretur.

2058 1333 2111 1384 2.
2147 1332 2209 1384 In
2263 1331 2464 1402 primis
2507 1331 2810 1402 Augustini
2865 1330 3151 1402 opusculis
3200 1330 3426 1400 plenius
3456 1346 3685 1384 cernere

1986 1424 2088 1485 est,
2122 1424 2335 1491 quanta
2380 1420 2465 1474 illi
2500 1437 2694 1475 recens
2724 1435 3049 1484 conversus,
3084 1435 3148 1472 ac
3180 1419 3319 1472 dum
3346 1418 3436 1471 vix
3468 1434 3500 1471 a
3527 1423 3686 1472 tene-

1985 1509 2105 1564 bris
2136 1516 2445 1564 emerserat
2474 1509 2815 1581 ignorantim
2847 1514 3017 1581 atque
3045 1509 3254 1563 erroris
3285 1508 3390 1571 sui,
3421 1508 3541 1577 jam
3566 1512 3688 1561 tum

1984 1597 2243 1651 doctrina
2273 1598 2665 1670 sapientiaque
2686 1599 2954 1669 pollebat.
2988 1599 3067 1652 En
3094 1597 3349 1668 profecto
3373 1597 3538 1667 longe
3557 1596 3688 1651 ube-

1986 1685 2102 1740 rior
2127 1692 2262 1751 erat,
2290 1703 2462 1758 quam
2493 1686 2781 1741 consuevit
2801 1686 2856 1740 in
2887 1686 3154 1741 ﬁdelibus
3185 1685 3356 1740 etiam
3375 1684 3689 1756 provectio-

1986 1774 2146 1830 ribus
2176 1776 2433 1846 reperiri.
2471 1777 2676 1830 Verum
2706 1775 2993 1830 afﬁrmare
3025 1774 3154 1828 licet
3184 1773 3521 1828 charitatem
3544 1773 3687 1844 ejus,

1986 1865 2094 1919 hoc
2140 1869 2243 1930 est,
2275 1864 2527 1919 veritatis
2559 1880 2809 1917 amorem
2842 1867 3000 1917 tanta
3036 1863 3133 1917 illa
3191 1862 3472 1931 doctrina,
3528 1862 3691 1933 cujus

1987 1955 2114 2008 fons
2143 1957 2200 2007 et
2218 1952 2377 2023 origo
2406 1958 2545 2019 erat,
2567 1953 2748 2007 multo
2780 1953 3060 2023 majorem
3092 1950 3567 2006 existitisse.Hinc
3590 1950 3691 2004 mi-

1988 2043 2140 2097 nime
2190 2042 2515 2097 mirandum
2564 2046 2668 2109 est,
2710 2042 2756 2095 si
2785 2046 2978 2112 postea
3007 2040 3230 2106 dixerit,
3266 2039 3546 2110 quosdam
3579 2039 3689 2092 ali-

1989 2133 2219 2203 quando
2263 2131 2503 2202 reperiri
2550 2131 3008 2196 catechumenos,
3065 2129 3165 2199 qui
3228 2133 3285 2182 et
3326 2127 3585 2182 doctrina
3637 2130 3692 2179 et

1989 2221 2243 2275 moribus
2289 2220 2523 2274 vincunt
2571 2220 2782 2273 multos
2828 2218 3023 2273 ﬁdeles
3057 2220 3275 2287 (Enarr.
3333 2219 3389 2270 in
3425 2217 3566 2271 Psal.
3598 2231 3685 2282 xc,

1987 2326 2145 2365 serm.
2187 2312 2242 2379 2,
2268 2327 2323 2364 η.
2358 2310 2438 2380 6).
2478 2309 2651 2363 Dulce
2680 2308 2760 2362 illi
2798 2307 3163 2379 postmodum
3192 2306 3317 2368 fuit,
3348 2305 3407 2359 in
3438 2308 3690 2358 mentem

1989 2397 2095 2451 sibi
2125 2412 2409 2463 revocare,
2460 2396 2670 2466 quibus
2713 2400 2835 2450 tum
2885 2394 3130 2449 stimulis
3183 2395 3327 2448 Deus
3369 2408 3466 2446 cor
3509 2390 3691 2461 ipsius

1988 2487 2298 2557 conﬁgeret
2326 2486 2812 2557 perdomaretque
2844 2501 2860 2539 :
2886 2484 2983 2558 qui
3008 2485 3146 2540 dum
3166 2482 3424 2537 inanium
3438 2484 3491 2535 et
3503 2495 3693 2551 super-

1987 2578 2191 2632 barum
2221 2577 2629 2648 cogitationum
2671 2580 2895 2631 montes
2926 2575 3295 2647 deprimeret,
3325 2573 3496 2627 valles
3535 2586 3689 2625 com-

1988 2669 2278 2738 planaret;
2312 2670 2540 2720 morum
2571 2667 2749 2737 ipsius
2790 2670 2847 2719 et
2886 2665 3090 2719 indolis
3134 2663 3366 2734 obliqua
3396 2660 3688 2730 dirigeret,

1990 2773 2186 2827 aspera
2236 2756 2502 2810 deliniret
2544 2756 2799 2827 (Confess.
2853 2755 2946 2809 lib.
2997 2758 3048 2820 9,
3093 2768 3211 2822 cap.
3256 2754 3309 2818 4,
3350 2767 3405 2805 n.
3436 2749 3514 2821 7.)
3548 2752 3691 2820 Quas

1990 2845 2109 2911 tibi,
2158 2847 2291 2897 Deus
2338 2858 2506 2912 meus,
2556 2858 2704 2897 voces
2736 2842 2881 2908 dedi,
2917 2843 2994 2895 ait
3024 2841 3083 2895 in
3114 2841 3228 2894 suis
3261 2837 3691 2893 Confessionum

1989 2931 2168 2997 libris,
2226 2948 2343 2985 cum
2374 2933 2594 2999 legerem
2651 2931 2887 2984 Psalmos
2944 2928 3145 2995 David,
3214 2929 3428 2981 cantica
3479 2926 3685 2995 ﬁdelia,

1988 3024 2038 3073 et
2088 3034 2241 3074 sonos
2287 3022 2529 3088 pietatis,
2587 3018 2927 3072 excludentes
2960 3017 3238 3085 turgidum
3268 3017 3550 3085 spiritum;
3594 3030 3689 3068 ru-

1991 3109 2075 3162 dis
2132 3111 2189 3162 in
2219 3123 2471 3176 germano
2516 3123 2695 3161 amore
2744 3110 2854 3174 tuo,
2886 3106 3289 3161 catechumenus
3322 3106 3380 3158 in
3412 3104 3545 3157 villa
3575 3118 3693 3156 cum

1988 3197 2357 3251 catechume'no
2405 3197 2609 3266 Alypio
2654 3198 2915 3263 feriatus,
2954 3200 3128 3249 matre
3173 3194 3479 3248 adhaerente
3520 3192 3693 3253 nobis,

1988 3286 2239 3340 muliebri
2256 3286 2468 3353 habitu,
2490 3287 2641 3339 virili
2654 3285 2780 3355 ﬁde,
2800 3286 2941 3339 anili
2959 3286 3266 3347 securitate,
3293 3287 3539 3336 materna
3563 3282 3694 3335 cha-

1986 3378 2172 3443 ritate,
2222 3375 2493 3428 chistiana
2544 3374 2795 3443 pietate?
2842 3375 2990 3439 Quas
3032 3373 3134 3426 tibi
3179 3386 3328 3426 voces
3378 3370 3575 3423 dabam
3632 3372 3691 3423 in

1983 3465 2211 3533 psalmis
2241 3465 2373 3529 illis,
2426 3468 2475 3516 et
2505 3464 2765 3532 quomodo
2806 3465 2862 3516 in
2893 3466 2942 3516 te
2986 3462 3368 3529 inflammabar
3394 3475 3461 3513 ea:
3505 3461 3603 3525 eis,
3640 3464 3690 3513 et

1987 3555 2313 3609 accendebar
2346 3569 2430 3608 eos
2478 3556 2725 3621 recitare,
2760 3555 2809 3607 si
2835 3568 3061 3622 possem,
3098 3556 3203 3605 toto
3261 3551 3384 3605 orbe
3411 3555 3690 3604 terrarum

1987 3644 2245 3697 adversus
2279 3643 2514 3713 typhum
2562 3644 2771 3710 generis
2818 3638 3082 3695 humani?
3112 3642 3181 3693 Et
3211 3643 3387 3692 tamen
3418 3642 3523 3692 toto
3573 3637 3697 3691 orbe

1988 3736 2296 3797 cantantur,
2329 3734 2378 3785 et
2406 3745 2513 3783 non
2558 3734 2637 3784 est
2694 3731 2790 3799 qui
2825 3744 2879 3783 se
2922 3728 3219 3782 abscondat
3265 3743 3299 3781 a
3346 3728 3521 3782 calore
3580 3730 3688 3780 tuo.

1988 3821 2159 3885 Quam
2185 3820 2481 3873 vehementi
2523 3822 2573 3871 et
2614 3819 2733 3870 acri
2778 3816 2959 3871 dolore
2983 3815 3317 3883 indignabar
3345 3815 3694 3878 Manichzeis;

1988 3914 2037 3962 et
2066 3907 2365 3961 miserabar
2393 3921 2477 3961 eos
2508 3920 2719 3967 rursus,
2762 3905 2906 3973 quod
2934 3905 3033 3959 illa
3075 3907 3435 3968 sacramenta,
3458 3902 3555 3956 illa
3580 3914 3695 3954 me-

1988 3997 2294 4051 dicamenta
2318 3997 2599 4063 nescirent,
2630 3999 2680 4048 et
2698 3996 2883 4047 insani
2910 3998 3084 4048 essent
3103 3992 3362 4046 adversus
3389 3990 3693 4045 antidotum

1987 4102 2091 4155 quo
2134 4088 2256 4139 sani
2300 4100 2410 4138 esse
2454 4085 2790 4153 potuissent!
2830 4084 3026 4137 Vellem
3057 4086 3119 4135 ut
3171 4080 3382 4135 alicubi
3413 4080 3583 4148 jumta
3614 4092 3695 4131 es-

1988 4179 2135 4237 sent;
2178 4179 2325 4243 tunc,
2351 4178 2401 4227 et
2456 4188 2536 4227 me
2566 4174 2830 4226 nesciente
2859 4170 3003 4240 quod
3040 4171 3120 4224 ibi
3143 4172 3335 4234 essent,
3362 4169 3699 4221 intuerentur

1987 4266 2185 4331 faciem
2213 4278 2406 4328 meam,
2432 4267 2481 4316 et
2511 4262 2767 4315 audirent
2792 4276 2941 4315 voces
2970 4274 3137 4327 meas,
3165 4256 3382 4327 quando
3405 4257 3511 4322 legi
3531 4269 3697 4323 quar-

1992 4359 2103 4409 tum
2132 4354 2421 4422 psalmum,
2456 4354 2515 4405 in
2562 4353 2655 4406 illo
2681 4356 2805 4405 tunc
2849 4353 2974 4417 otio,
3027 4348 3163 4417 quid
3190 4347 3255 4400 de
3282 4362 3364 4400 me
3391 4346 3582 4411 fecerit
3607 4345 3699 4398 ille

1988 4444 2253 4512 psalmus.
2304 4442 2557 4495 Inhorrui
2584 4440 2837 4506 timendo,
2869 4439 3171 4505 ibidemqne
3200 4434 3442 4502 inferbui
3468 4448 3694 4502 speran-

1990 4532 2058 4585 do
2098 4536 2147 4585 et
2195 4530 2518 4585 exsultando
2564 4532 2622 4583 in
2668 4534 2763 4583 tua
2808 4524 3201 4589 misericordia,
3247 4525 3426 4577 Pater.
3458 4524 3528 4576 Et
3587 4522 3695 4575 haec

1990 4621 2173 4673 omnia
2213 4618 2437 4672 exibant
2476 4633 2575 4687 per
2621 4618 2795 4671 oculos
2838 4629 2976 4669 meos
3017 4618 3067 4667 et
3119 4628 3295 4667 vocem
3338 4626 3531 4678 meam,
3572 4625 3692 4664 cum

1991 4722 2273 4760 conversus
2317 4705 2391 4760 ad
2427 4721 2521 4760 nos
2548 4706 2787 4776 Spiritus
2819 4708 2939 4757 tuus
2972 4702 3136 4756 bonus
3167 4704 3247 4755 ait
3273 4700 3426 4755 nobis
3457 4715 3469 4755 :
3509 4719 3536 4747 α
3563 4698 3697 4753 Filii

1992 4796 2308 4861 hominum,
2364 4810 2638 4863 usquequo
2694 4794 2854 4861 gravi
2893 4790 3091 4847 corde?
3153 4792 3219 4846 Ut
3272 4788 3408 4859 quid
3460 4788 3699 4856 diligitis

1990 4887 2306 4950 vanitatem,
2340 4888 2390 4937 et
2412 4884 2656 4951 quarrit-is
2686 4881 3020 4935 mendacium
3038 4884 3066 4936 ?
3099 4899 3126 4932 n
3170 4879 3381 4934 Audivi
3407 4881 3457 4931 et
3484 4881 3698 4931 contre—

1990 4974 2123 5040 mui,
2152 4975 2407 5042 quoniam
2450 4971 2650 5025 talibus
2696 4969 2901 5023 dicitur
2947 4971 3160 5040 qualem
3206 4984 3287 5023 me
3331 4968 3505 5035 fuisse
3532 4966 3695 5020 remi-

1988 5062 2254 5116 niscebar.
2287 5064 2357 5116 Et
2386 5062 2601 5114 insonui
2627 5060 2799 5113 multa
2828 5062 3070 5125 graviter
3097 5062 3148 5112 et
3172 5059 3400 5125 fortiter
3427 5056 3487 5108 in
3516 5053 3697 5108 dolore

1991 5152 2379 5207 recordationis
2438 5165 2582 5204 meae.
2636 5151 2762 5217 Qum
2807 5150 3019 5203 utinam
3061 5147 3343 5202 audissent
3383 5146 3480 5213 qui
3520 5140 3697 5195 adhuc

1993 5256 2160 5309 usque
2188 5240 2427 5308 diligunt
2460 5241 2773 5303 vanitatem,
2807 5243 2857 5292 et
2894 5241 3140 5307 quaerunt
3168 5234 3525 5297 mendacium,
3555 5232 3697 5297 forte

1994 5330 2443 5384 conturbarentur
2470 5333 2520 5384 et
2545 5330 2898 5384 evomuissent
2923 5326 3081 5381 illud.
3108 5324 3365 5393 Legebam
3399 5338 3411 5375 :
3441 5340 3467 5372 ‹‹
3494 5321 3694 5375 Irasci-

1991 5422 2147 5485 mini,
2178 5422 2229 5472 et
2275 5419 2439 5472 nolite
2473 5434 2713 5488 peccare.
2767 5435 2795 5470 n
2853 5418 2924 5471 Et
2967 5412 3225 5483 quomodo
3259 5408 3528 5474 movebar,
3560 5410 3698 5461 Deus

1994 5523 2157 5575 meus,
2192 5509 2289 5576 qui
2305 5508 2427 5577 jam
2456 5507 2752 5562 didiceram
2781 5506 2950 5559 irasci
2976 5502 3112 5557 mihi
3141 5500 3207 5554 de
3228 5500 3614 5569 praeteritismt
3634 5496 3701 5549 de

1995 5601 2179 5651 caetero
2209 5612 2311 5651 non
2330 5611 2605 5665 peccarem
2628 5600 2723 5650 ?...
2750 5596 2855 5651 Nec
2879 5592 3000 5661 iam
3030 5590 3167 5645 bona
3193 5603 3311 5644 mea
3327 5589 3471 5655 foris
3518 5588 3696 5645 erant,
