4048 6194
333 383 438 436 135

318 517 415 557 nec
452 499 621 556 oculis
651 499 861 554 carneis
884 499 944 553 in
984 500 1089 553 isto
1117 498 1225 559 sole
1264 495 1666 567 quaerebantur.
1723 497 1767 553 Ο
1796 498 1847 552 si
1870 494 2021 550 vide-

319 594 440 644 rent
484 591 757 645 internum
801 592 1079 655 tetanum,
1131 587 1276 658 quod
1322 602 1415 655 ego
1471 588 1605 656 quia
1657 591 2023 655 gustaveram,

318 677 659 747 frendebam,
704 679 961 747 quoniam
1005 691 1112 732 non
1158 679 1235 731 eis
1280 680 1528 746 poteram
1574 674 1892 730 ostendere!
1942 674 2027 729 Ibi

320 769 483 827 enim,
525 766 622 821 ubi
657 767 796 821 mihi
838 756 1017 821 iratus
1054 780 1202 820 eram
1232 767 1378 819 intus
1418 766 1477 818 in
1522 764 1707 832 cubili,
1737 763 1833 817 ubi
1877 778 2026 817 com—

315 860 550 927 punctus
596 870 763 916 eram,
813 855 909 909 ubi
953 856 1389 923 sacriﬁcaveram
1426 857 1669 909 mactans
1708 855 2024 906 vetustatem

320 960 514 1009 meam,
540 949 592 999 et
619 945 869 999 inchoata
896 942 1239 997 meditatione
1264 943 1626 998 renovationis
1651 956 1777 996 mese
1800 956 2025 1012 sperans

320 1036 380 1088 in
434 1037 507 1101 te,
548 1032 628 1087 ibi
681 1032 820 1086 mihi
869 1031 1166 1086 dulcescere
1206 1044 1461 1100 cmperas,
1504 1034 1555 1084 et
1602 1029 1830 1084 dederas
1884 1030 2026 1085 laui-

321 1124 456 1177 tiam
483 1122 543 1175 in
570 1118 727 1175 corde
748 1135 881 1174 meo.
914 1121 984 1174 Et
1032 1119 1402 1174 exclamabam
1442 1119 1617 1188 legens
1658 1120 1767 1173 hac
1783 1119 1944 1186 foris,
1976 1123 2026 1172 et

321 1223 610 1278 agnoscens
640 1211 817 1275 intris;
865 1223 959 1263 nec
987 1209 1226 1263 volebam
1276 1209 1637 1278 multiplicari
1673 1209 1898 1262 terrenis
1928 1207 2025 1261 bo-

320 1301 435 1364 nis,
481 1297 746 1352 devorans
780 1301 1042 1366 tempora,
1074 1302 1124 1351 et
1166 1297 1453 1351 devoratus
1500 1297 1859 1366 temporibus;
1906 1311 2026 1350 cum

325 1387 573 1442 haberem
617 1388 677 1441 in
712 1389 914 1441 aeterna
954 1386 1304 1455 simplicitate
1330 1384 1487 1439 aliud
1508 1386 1841 1452 frumentum
1868 1388 1919 1438 et
1942 1386 2025 1438 vi-

321 1491 453 1531 num
489 1480 539 1531 et
584 1476 774 1530 oleum.
824 1477 895 1529 Et
942 1474 1241 1529 clamabam
1264 1476 1323 1528 in
1352 1475 1693 1542 consequenti
1726 1488 1885 1528 versu
1908 1473 2026 1527 cla-

322 1580 469 1619 more
497 1564 606 1618 alto
627 1562 805 1617 cordis
825 1564 930 1616 mei
949 1580 965 1615 :
1001 1579 1027 1612 α
1052 1562 1095 1617 0
1122 1563 1179 1615 in
1204 1563 1369 1630 pace!
1395 1576 1424 1615 ο
1444 1562 1502 1614 in
1513 1560 1751 1630 idipsum
1765 1562 1784 1614 .'
1807 1580 1834 1612 υ
1848 1560 2027 1629 oquid

325 1653 492 1723 divit,
525 1674 547 1701 ι
582 1652 929 1708 Obdormiam
949 1655 999 1705 et
1018 1665 1260 1705 somnum
1288 1651 1534 1719 capiam!
1566 1668 1593 1701 »
1612 1649 1874 1716 Quoniam
1904 1652 2026 1719 quis

323 1745 536 1799 resistet
557 1740 874 1811 nobisicum
892 1742 984 1809 ﬁet
1007 1755 1177 1794 sermo
1207 1741 1305 1808 qui
1329 1741 1565 1809 scriptus
1580 1743 1676 1806 est,
1708 1757 1736 1790 «
1754 1739 2027 1808 Absorpta

325 1836 405 1889 est
429 1846 570 1886 mors
594 1832 654 1885 in
682 1831 964 1884 victoriam
988 1850 1015 1878 υ
1048 1828 1100 1899 (Ι
1123 1829 1241 1885 Cor.
1268 1844 1360 1898 xv,
1385 1830 1493 1895 54).
1519 1830 1591 1883 Et
1620 1832 1680 1882 tu
1707 1843 1760 1884 es
1788 1828 2027 1898 idipsum

324 1920 483 1976 valde
502 1920 600 1989 qui
620 1934 724 1972 non
748 1918 1013 1983 mutaris;
1045 1920 1096 1970 et
1124 1918 1183 1970 in
1213 1920 1261 1971 te
1291 1918 1502 1985 requies
1531 1916 1847 1972 obliviscens
1878 1917 2025 1972 labo-

326 2025 449 2065 rum
475 2010 735 2076 omnium,
776 2008 1033 2076 quoniam
1060 2006 1242 2060 nullus
1287 2006 1429 2060 alius
1471 2009 1659 2074 tecum,
1698 2022 1792 2061 nec
1817 2006 1892 2062 ad
1914 2008 2028 2062 alia

325 2099 499 2153 multa
536 2095 891 2166 adipiscenda
919 2110 1038 2164 qua:
1059 2110 1166 2149 non
1193 2099 1321 2149 sunt
1340 2094 1486 2163 quod
1516 2100 1601 2163 tu;
1633 2095 1728 2149 sed
1750 2113 1777 2146 α
1806 2099 1885 2162 tu,
1916 2098 2028 2149 Do-

325 2188 489 2253 mine,
536 2185 893 2254 singulariter
942 2187 1001 2238 in
1038 2199 1132 2254 spe
1163 2185 1495 2239 constituisti
1531 2200 1632 2240 me.
1664 2202 1693 2237 ››
1743 2184 2024 2251 Legebam,

327 2280 379 2329 et
406 2273 700 2339 ardebam;
729 2288 822 2327 nec
869 2272 1205 2327 inveniebam
1251 2272 1389 2343 quid
1414 2275 1651 2339 facerem
1673 2272 1858 2328 surdis
1887 2288 2025 2328 mor-

328 2365 456 2430 tuis,
486 2377 553 2418 ea:
582 2362 777 2431 quibus
799 2363 1016 2428 fueram
1044 2364 1233 2431 pestis,
1276 2363 1509 2416 latrator
1536 2378 1757 2417 amarus
1785 2367 1836 2417 et
1860 2378 2025 2418 caecus

326 2452 587 2509 adversus
613 2453 824 2507 litteras
850 2451 917 2506 de
943 2452 1095 2507 melle
1121 2453 1239 2507 caeli
1276 2452 1506 2521 melleas,
1538 2456 1589 2507 et
1616 2453 1683 2507 de
1711 2454 1910 2508 lumine
1937 2458 2026 2508 tuo

329 2543 621 2596 luminosas
660 2559 677 2595 :
724 2544 775 2595 et
810 2555 973 2610 super
1009 2542 1244 2595 inimicis
1271 2541 1567 2611 Scriptura:
1606 2542 1769 2611 hujus
1799 2542 2027 2597 tabesce-

331 2631 472 2699 bam,
505 2629 722 2699 quando
751 2628 1084 2686 recordabar
1110 2632 1291 2684 omnia
1319 2629 1529 2685 dierum
1552 2631 1769 2686 illorum
1795 2632 2023 2697 feriato-

328 2734 451 2773 rum
490 2718 751 2789 (Confess.
780 2718 875 2773 lib.
910 2720 965 2785 9,
994 2734 1113 2788 cap.
1141 2719 1196 2785 4,
1225 2734 1282 2775 n.
1315 2719 1491 2791 8-12).
1514 2738 1540 2756 ο

398 2811 449 2862 3.
490 2806 605 2861 Sub
631 2806 687 2861 id
713 2810 960 2877 tempus,
988 2810 1053 2861 ut
1079 2806 1324 2869 videtur,
1356 2806 1613 2861 inolitam
1635 2807 1870 2878 jurandi
1890 2823 2025 2863 con-

328 2895 711 2962 suetudinem,
744 2911 918 2967 quam
941 2899 1315 2963 contraxerat,
1338 2896 1683 2960 emendavit.
1712 2899 2025 2952 Juravimus

325 2987 376 3037 et
402 2999 498 3039 nos
518 2983 746 3054 passim,
787 2984 868 3038 ait
906 2984 1028 3055 ipse
1071 2984 1142 3039 ad
1189 2986 1467 3055 populum
1496 3000 1686 3052 suum,
1735 2985 2025 3041 habuimus

325 3073 490 3127 istam
539 3075 869 3128 teterrimam
918 3074 1352 3129 consuetudinem
1398 3078 1449 3129 et
1490 3076 1847 3142 mortiferam.
1897 3078 2026 3131 Dico

326 3160 602 3215 Charitati
627 3166 844 3228 vestrae;
876 3177 944 3215 ea:
984 3178 1088 3230 quo
1114 3165 1218 3217 Deo
1249 3165 1450 3217 servire
1477 3166 1752 3233 cmpimus,
1782 3169 1832 3219 et
1858 3182 2028 3236 quan-

326 3253 442 3303 tum
469 3249 673 3303 malum
709 3252 785 3304 sit
811 3251 869 3304 in
896 3251 1140 3320 perjurio
1157 3251 1417 3312 vidimus,
1443 3254 1722 3308 timuimus
1750 3254 2025 3310 vehemen-

328 3341 427 3403 ter,
451 3341 502 3391 et
520 3338 1006 3393 veternosissimam
1025 3339 1457 3395 consuetudinem
1488 3343 1676 3396 timore
1690 3344 2027 3410 frenavimus

330 3424 530 3496 (Serm.
568 3427 687 3492 180,
718 3442 777 3480 n.
807 3426 912 3496 10.)
942 3427 1202 3482 Luctatus
1230 3442 1349 3482 sum
1377 3431 1566 3483 contra
1592 3430 2028 3487 consuetudinem

323 3529 516 3581 meam,
547 3516 606 3568 in
640 3517 765 3585 ipsa
792 3515 1080 3571 luctatione
1109 3517 1356 3572 invocavi
1390 3519 1675 3573 Dominum
1698 3518 2023 3588 adjutorem.

325 3603 587 3657 Praestitit
611 3605 749 3659 mihi
774 3606 1034 3660 Dominus
1081 3605 1420 3677 adjutorium
1453 3622 1559 3662 non
1576 3608 1832 3678 jurandi.
1872 3611 2029 3668 Nihil

322 3692 463 3746 mihi
480 3692 704 3759 facilius
731 3697 829 3762 est,
862 3709 1027 3763 quam
1062 3710 1169 3750 non
1207 3696 1403 3765 jurare
1443 3695 1636 3767 (Serm.
1689 3699 1789 3752 307
1799 3740 1814 3769 ,
1851 3714 1907 3754 n.
1951 3699 2023 3769 5).

320 3782 556 3836 Frenata
578 3780 726 3854 (haec
753 3784 1127 3855 consuetudo)
1152 3787 1524 3853 restringitur,
1546 3788 1799 3842 restricta
1812 3788 2029 3856 langue-

320 3871 443 3932 scit,
470 3870 815 3937 languescens
834 3874 1109 3939 emoritur,
1131 3875 1183 3926 et
1200 3875 1356 3929 male
1366 3874 1742 3930 consuetudini
1757 3877 1894 3931 bona
1912 3893 2029 3932 suc-

322 3956 464 4012 cedit
489 3956 689 4026 (Serm.
708 3960 829 4025 180,
844 3975 899 4013 n.
933 3961 1038 4029 10).
1055 3960 1129 4014 Ex
1146 3976 1213 4014 eo
1239 3964 1499 4031 tempore
1531 3962 1715 4017 adhuc
1737 3963 2028 4019 interdum

315 4045 567 4117 jurabat,
597 4045 696 4100 sed
726 4062 936 4119 magna
962 4047 1301 4103 necessitate
1338 4050 1685 4121 compulsus.
1722 4053 1864 4106 Nam
1894 4069 2026 4116 cum

324 4132 553 4189 videbat
578 4133 684 4188 sibi
733 4150 852 4189 non
890 4135 1046 4191 credi
1072 4135 1183 4191 nisi
1205 4136 1446 4208 juraret,
1480 4142 1533 4193 et
1562 4138 1615 4193 ei
1645 4139 1744 4211 qui
1773 4140 1877 4196 sibi
1909 4158 2026 4196 non

320 4222 610 4286 credebat,
642 4239 758 4278 non
793 4223 1061 4296 expedire
1105 4226 1261 4297 quod
1300 4242 1413 4281 non
1451 4228 1735 4297 crederet;
1762 4229 1866 4284 hac
1894 4246 2023 4300 per-

320 4326 499 4382 pensa
520 4311 744 4367 ratione
789 4315 844 4367 et
895 4312 1342 4369 consideratione
1372 4315 1599 4385 librata,
1640 4333 1769 4372 cum
1812 4334 2023 4390 magno

320 4399 529 4454 timore
573 4400 797 4455 dicebat
824 4400 1012 4455 verbis
1064 4403 1241 4457 Paulo
1280 4403 1654 4475 solemnibus,
1686 4407 1875 4463 Coram
1922 4410 2025 4462 Deo

319 4486 531 4558 (Galat.
585 4505 603 4542 ι
649 4489 771 4559 20);
816 4493 940 4556 aut,
992 4492 1161 4546 Testis
1207 4496 1284 4547 est
1329 4495 1467 4547 Deus
1498 4492 1668 4564 (Rom.
1714 4511 1752 4563 ι,
1785 4497 1872 4567 9),-
1905 4500 2021 4565 aut,

316 4575 434 4630 Scit
475 4576 724 4631 Christus
769 4578 848 4632 sic
876 4593 988 4633 esse
1016 4580 1075 4634 in
1116 4581 1299 4635 animo
1341 4596 1452 4636 meo
1494 4583 1565 4652 (ΙΙ
1603 4583 1724 4651 Cor,
1772 4600 1847 4652 xi,
1884 4584 1967 4655 3|)
2005 4601 2019 4639 :

318 4662 645 4735 cujusmodi
687 4665 1001 4737 juramenti
1027 4669 1292 4740 exempla
1332 4669 1395 4724 in
1450 4670 1572 4742 ejus
1625 4671 1850 4744 scriptis
1877 4673 2024 4728 forte

317 4752 603 4808 nonnulla
645 4754 857 4812 videas.
892 4756 1060 4811 Extra
1101 4757 1251 4812 lianc
1277 4758 1667 4814 necessitatem
1694 4760 1887 4816 nullus
1918 4778 2022 4817 un-

314 4856 492 4913 quam
520 4858 654 4898 eum
676 4843 971 4915 jurantem
1002 4844 1239 4902 audivit.

386 4933 440 4987 4.
474 4932 624 4987 Dum
670 4935 898 4988 sanctus
948 4933 1043 4991 Vir
1096 4935 1156 4990 in
1206 4951 1310 4991 suo
1353 4951 1577 4992 secessu
1601 4936 1858 5011 degeret,
1889 4957 2023 4997 eum

318 5020 469 5075 Deus
496 5023 614 5075 tam
645 5025 813 5077 acuto
845 5022 1105 5078 dentium
1146 5024 1343 5080 dolore
1371 5026 1625 5099 torqueri
1649 5028 1929 5099 permisit,
1962 5033 2026 5085 ut

319 5125 519 5181 parem
550 5126 850 5182 nunquam
878 5115 1026 5168 esset
1067 5118 1352 5185 expertus.
1403 5115 1677 5173 Animum
1706 5118 1777 5173 ad
1808 5118 2024 5192 aliquid

316 5197 387 5253 de
429 5215 573 5255 novo
621 5198 957 5256 discendum
999 5200 1297 5259 intendere
1327 5220 1446 5259 non
1479 5209 1723 5277 poterat,
1753 5210 1810 5262 et
1834 5206 1928 5262 vix
1955 5223 2026 5263 ea

316 5300 448 5355 quae
479 5287 602 5358 jam
651 5285 797 5342 forte
841 5286 1136 5355 didicerat,
1189 5305 1384 5345 secum
1432 5290 1555 5362 ipse
1596 5292 1871 5349 volvebat.
1904 5293 2024 5349 Sibi

260 5408 263 5411 ι
317 5375 513 5430 tamen
555 5375 873 5445 videbatur,
905 5376 955 5431 si
996 5377 1248 5433 veritatis
1278 5380 1551 5450 splendor
1577 5382 1761 5438 menti
1797 5398 1916 5438 sua:
1945 5384 2024 5439 ef—

316 5460 588 5532 fulgeret,
620 5469 723 5521 aut
763 5482 822 5520 se
852 5481 968 5521 non
1012 5481 1315 5521 sensurum
1346 5467 1518 5525 fuisse
1546 5469 1708 5525 illum
1742 5471 2021 5545 dolorem,

319 5554 420 5604 aut
455 5556 603 5606 certe
650 5554 873 5610 facilius
912 5555 1290 5611 toleraturum
1326 5556 1566 5628 (Soliloq.
1594 5560 1688 5615 lib.
1723 5564 1771 5627 1,
1816 5577 1872 5616 n.
1905 5564 2018 5633 2t).

317 5639 393 5694 At
421 5638 588 5709 Deus,
619 5642 718 5713 qui
748 5659 884 5700 eum
929 5647 1047 5701 tam
1087 5644 1270 5719 rigide
1314 5646 1637 5718 castigaret,
1686 5648 1852 5705 illum
1902 5666 2022 5708 non

1582 372 1755 430 VITA
1795 370 1850 427 S.
1894 369 2282 428 AUGUSTINI
2323 367 2661 425 EPISCOPI.

3733 369 3838 422 136

2132 494 2322 550 minus
2369 492 2620 549 mirabili
2670 490 2957 547 celeritate
3005 490 3339 546 sublevavit.
3387 492 3518 549 Cum
3547 490 3723 559 dolor,
3760 492 3846 547 in-

2133 583 2281 655 quit,
2324 586 2384 637 in
2434 587 2646 638 tantum
2690 583 3103 650 ingravesceret,
3133 586 3195 635 ut
3247 596 3353 635 non
3405 582 3639 636 valerem
3686 582 3846 651 loqui

2132 672 2374 729 ascendit
2393 674 2453 726 in
2476 687 2566 727 cor
2592 686 2765 726 meum
2795 669 3081 724 admonere
3099 684 3277 725 omnes
3296 684 3439 724 meos
3460 671 3558 739 qui
3587 670 3842 738 aderant,

2132 766 2194 816 ut
2240 762 2662 831 deprecarentur
2691 765 2739 814 te
2762 775 2865 829 pro
2907 774 3007 827 me,
3052 761 3218 813 Deum
3259 760 3456 814 salutis
3503 760 3841 814 omnimodae.

2134 854 2203 906 Et
2239 852 2436 920 scripsi
2480 851 2576 904 hoc
2606 850 2666 903 in
2700 864 2844 917 cera,
2883 853 2934 903 et
2963 847 3092 902 dedi
3116 852 3177 902 ut
3207 849 3283 902 eis
3312 848 3591 916 legeretur.
3624 850 3753 903 Mors
3782 852 3849 903 ut

2129 954 2306 1007 genua
2336 939 2576 1009 supplici
2601 938 2798 1009 affectu
2827 936 3075 1008 finimus,
3104 938 3255 1005 fugit
3275 936 3429 991 dolor
3446 938 3554 992 ille.
3587 937 3695 994 Sed
3719 939 3847 1007 quis

2133 1029 2327 1083 dolor?
2372 1033 2468 1083 aut
2505 1027 2767 1096 quomodo
2803 1025 2993 1094 fugit?
3047 1028 3288 1095 Empavi,
3337 1028 3518 1093 fateor
3548 1068 3561 1092 ,
3618 1028 3848 1081 Domine

2131 1132 2298 1184 meus,
2330 1120 2467 1172 Deus
2493 1132 2669 1181 meus;
2702 1116 2844 1171 nihil
2870 1117 3013 1170 enim
3058 1116 3164 1169 tale
3200 1115 3269 1169 ab
3313 1116 3528 1170 ineunte
3550 1118 3713 1170 etate
3742 1131 3842 1169 ea:-

2127 1210 2316 1276 pertus
2337 1207 2574 1274 fueram.
2603 1208 2673 1261 Et
2704 1206 2973 1260 insinuati
2998 1207 3124 1259 sunt
3144 1205 3283 1258 mihi
3311 1206 3369 1257 in
3377 1204 3657 1273 profundo
3675 1209 3848 1259 nutus

2133 1298 2251 1362 tui;
2294 1300 2343 1350 et
2380 1295 2622 1363 gaudens
2651 1298 2710 1349 in
2753 1295 2861 1365 ﬁde
2894 1293 3122 1348 laudavi
3152 1309 3342 1348 nomen
3380 1297 3552 1348 tuum.
3582 1295 3652 1348 Et
3681 1310 3744 1347 ea
3769 1296 3839 1363 fi-

2132 1385 2225 1440 des
2253 1400 2335 1439 me
2370 1400 2614 1439 securum
2646 1398 2758 1439 esse
2794 1399 2901 1438 non
2942 1383 3150 1438 sinebat
3185 1382 3250 1436 de
3282 1383 3576 1452 praeteritis
3599 1384 3847 1452 peccatis

2138 1475 2291 1540 meis,
2338 1488 2457 1541 quae
2498 1470 2636 1527 mihi
2670 1487 2768 1542 per
2794 1473 3135 1542 Baptismum
3165 1474 3316 1525 tuum
3343 1473 3572 1526 remissa
3599 1471 3849 1526 nondum

2133 1566 2292 1617 erant
2321 1562 2585 1631 (Confess.
2613 1562 2705 1616 lib.
2738 1563 2872 1628 9,n.
2922 1561 3030 1630 1'2).

2205 1654 2253 1705 5.
2286 1652 2393 1705 Per
2415 1649 2471 1705 id
2495 1650 2767 1721 temporis
2790 1649 2921 1721 pius
2948 1649 3045 1704 ille
3075 1648 3528 1705 Catechumenus
3557 1664 3690 1702 suos
3719 1647 3843 1703 edi-

2135 1738 2220 1795 dit
2246 1738 2698 1811 Soliloquiorum
2725 1738 2919 1806 libros,
2961 1738 3021 1793 in
3051 1738 3259 1810 quibus
3298 1737 3632 1793 interiorem
3661 1737 3845 1791 animi

2135 1829 2224 1883 sui
2253 1832 2463 1883 statum
2509 1827 2849 1882 mirabiliter
2891 1827 3177 1898 exprimit.
3220 1827 3528 1882 Proﬁtetur
3553 1826 3615 1881 in
3637 1826 3846 1899 primis

2134 1933 2193 1972 se
2220 1917 2401 1972 teneri
2428 1916 2748 1973 incredibili
2784 1916 3032 1989 quodam
3081 1916 3362 1972 desiderio
3413 1917 3598 1971 Deum
3622 1931 3842 1986 cogno-

2135 2006 2362 2074 scendi;
2394 2022 2582 2078 neque
2620 2005 2763 2061 scire
2806 2022 2866 2060 se
2892 2004 3133 2077 aliquid,
3166 2005 3455 2076 quomodo
3487 2005 3630 2060 scire
3660 2006 3842 2059 Deum

2135 2095 2292 2168 cupit
2340 2095 2579 2166 (Soliloq.
2623 2096 2719 2151 lib.
2767 2098 2817 2162 l,
2847 2110 2904 2150 n.
2951 2094 3006 2166 7)
3042 2111 3055 2150 :
3089 2111 3207 2150 non
3238 2094 3393 2149 enim
3444 2093 3553 2148 sibi
3582 2098 3670 2149 sat
3697 2109 3839 2160 esse,

2134 2184 2182 2238 si
2223 2187 2405 2240 Deum
2451 2185 2529 2239 sic
2575 2188 2793 2255 noscat,
2835 2184 3122 2257 quomodo
3171 2200 3341 2239 suum
3388 2182 3549 2259 novit
3574 2182 3842 2255 Alypium

2138 2273 2335 2345 (Ibid.,
2374 2290 2431 2329 n.
2485 2274 2564 2345 8),
2600 2277 2720 2329 aut
2767 2272 3010 2328 certiora
3064 2272 3482 2327 mathematicae
3534 2271 3841 2343 principia,

2134 2379 2263 2435 quas
2294 2379 2411 2434 pra:
2432 2362 2533 2417 Dei
2556 2379 2751 2418 amore
2780 2379 2845 2418 ex
2871 2362 3026 2418 illius
3047 2378 3194 2434 pene
3215 2362 3495 2417 memoria
3514 2348 3844 2416 exciderant

2133 2452 2322 2522 (Ibid.,
2362 2468 2456 2507 nn.
2494 2454 2579 2519 10,
2623 2452 2731 2523 ll).
2764 2452 2906 2507 Cum
2943 2451 3064 2523 ipse
3094 2469 3125 2506 a
3168 2468 3228 2507 se
3257 2450 3486 2523 quaerit,
3515 2467 3590 2506 an
3617 2450 3840 2522 aliquid

2133 2546 2344 2613 praeter
2372 2541 2474 2596 Dei
2502 2541 2705 2612 suique
2737 2540 3002 2597 notitiam
3028 2545 3183 2597 amet
3221 2557 3236 2596 :
3271 2543 3479 2597 Possem
3499 2540 3841 2611 respondere,

2134 2628 2342 2700 inquit,
2380 2629 2521 2684 nihil
2560 2645 2643 2683 me
2670 2644 2855 2683 amare
2883 2630 3138 2699 amplius,
3168 2645 3269 2699 pro
3296 2645 3355 2685 eo
3384 2644 3542 2685 sensu
3571 2630 3669 2698 qui
3698 2629 3837 2684 mihi

2132 2733 2273 2773 nunc
2301 2722 2408 2786 est;
2460 2717 2555 2773 sed
2585 2720 2752 2773 tutius
2792 2718 3110 2788 respondeo,
3155 2721 3358 2774 nescire
3393 2734 3495 2774 me.
3535 2720 3673 2775 Nam
3702 2733 3843 2789 szpe

2133 2808 2271 2861 mihi
2297 2822 2400 2862 usu
2420 2810 2588 2873 venit,
2629 2811 2692 2861 ut
2726 2824 2847 2863 cum
2887 2808 3002 2861 alia
3028 2808 3181 2862 nulla
3208 2824 3267 2862 re
3292 2824 3375 2862 me
3402 2807 3672 2862 crederem
3701 2823 3843 2862 com-

2133 2898 2353 2963 moveri,
2378 2898 2584 2951 veniret
2604 2900 2781 2951 tamen
2809 2896 3026 2966 aliquid
3045 2898 3103 2950 in
3132 2901 3379 2964 mentem,
3404 2896 3549 2967 quod
3567 2913 3649 2951 me
3678 2898 3845 2951 multo

2132 2986 2293 3040 aliter
2314 2989 2477 3055 atque
2497 2999 2948 3055 praesumpseram
2974 2989 3254 3055 pangeret.
3290 2986 3421 3039 Item
3448 3000 3609 3055 saepe,
3638 3001 3838 3056 quam-

2133 3076 2217 3129 vis
2242 3075 2300 3128 in
2330 3075 2705 3143 cogitationem
2742 3088 2827 3128 res
2865 3074 3056 3142 aliqua
3085 3073 3327 3129 incidens
3349 3089 3455 3129 non
3480 3089 3563 3129 me
3574 3074 3844 3143 pervelle-

2134 3166 2230 3231 rit,
2246 3178 2433 3217 revera
2451 3166 2627 3217 tamen
2645 3165 2860 3218 veniens
2873 3162 3215 3232 perturbavit
3223 3164 3353 3233 plus
3373 3178 3537 3232 quam
3552 3163 3840 3233 putabam;

2135 3252 2230 3307 sed
2258 3252 2413 3306 modo
2436 3251 2622 3306 videor
2648 3252 2789 3306 mihi
2817 3250 2990 3307 tribus
3006 3255 3218 3307 tantum
3244 3251 3403 3306 rebus
3427 3267 3586 3322 posse
3614 3267 3841 3306 commo-

2132 3342 2250 3395 veri
2283 3357 2296 3396 :
2342 3344 2487 3395 metu
2514 3342 2822 3396 amissionis
2850 3356 3032 3395 eorum
3064 3356 3196 3410 quos
3224 3340 3414 3409 diligo,
3445 3346 3588 3396 metu
3617 3341 3841 3409 doloris,

2134 3434 2276 3484 metu
2314 3431 2503 3484 mortis
2534 3429 2720 3499 (Ibid.,
2749 3446 2803 3484 n.
2838 3430 2948 3500 16).
2976 3429 3311 3485 Divitiarum
3341 3434 3399 3485 et
3427 3430 3715 3485 honorum
3744 3446 3841 3484 cu-

2139 3518 2349 3589 piditas
2380 3518 2451 3572 ab
2483 3517 2607 3589 ejus
2636 3518 2831 3573 animo
2860 3518 3171 3575 exsulabat.
3206 3519 3541 3574 Nullatenus
3569 3533 3705 3574 eum
3729 3517 3840 3572 illi-

2133 3607 2319 3662 ciebat
2355 3606 2614 3661 ciborum
2638 3606 2969 3678 jucunditas
3013 3606 3074 3662 in
3119 3607 3209 3675 iis,
3238 3623 3270 3662 a
3314 3606 3526 3679 quibus
3556 3606 3844 3662 abstinere

2135 3699 2431 3751 statuerat.
2471 3694 2610 3751 Aliis
2657 3695 2890 3767 quidem
2938 3712 3057 3752 non
3098 3696 3219 3751 sine
3248 3695 3443 3768 aliqua
3468 3695 3845 3751 delectatione

2135 3784 2423 3853 utebatur,
2453 3784 2534 3840 ita
2562 3788 2755 3840 tamen
2775 3789 2841 3840 ut
2860 3784 2971 3839 illis
2990 3785 3155 3841 facile
3184 3789 3529 3857 temperaret
3557 3801 3571 3840 :
3606 3800 3713 3840 nec
3740 3802 3847 3840 un-

2136 3890 2313 3946 quam
2345 3890 2478 3929 cum
2516 3873 2779 3929 ciborum
2823 3874 3098 3946 appetitio
3129 3875 3198 3930 ab
3229 3875 3299 3931 iis
3332 3876 3519 3938 rebus.
3553 3891 3697 3946 quas
3727 3892 3847 3930 me-

2135 3962 2306 4018 ditari
2347 3964 2535 4033 vellet,
2579 3963 2867 4019 avocabat.
2909 3963 3166 4035 Denique
3211 3980 3281 4020 ex
3326 3964 3472 4033 cibo,
3524 3969 3691 4035 potu,
3723 3965 3843 4019 bal-

2136 4050 2282 4118 neis,
2323 4050 2659 4123 caeterisque
2688 4051 2750 4106 id
2779 4068 2959 4124 genus
2988 4068 3118 4125 quae
3149 4053 3221 4108 ad
3273 4068 3480 4125 corpus
3525 4052 3844 4125 pertinent,

2134 4140 2192 4195 id
2221 4144 2448 4195 tantum
2469 4141 2817 4211 capessebat,
2851 4141 3007 4212 quod
3038 4158 3175 4197 cura
3200 4142 3545 4197 valetudinis
3568 4141 3841 4213 exigeret.

2133 4228 2295 4294 Quod
2318 4229 2389 4283 ad
2418 4228 2613 4283 uxoris
2627 4245 2884 4285 amorem
2921 4230 3171 4301 pertinet
3203 4248 3217 4287 :
3252 4232 3658 4298 Quantumlibet
3686 4233 3839 4296 velis,

2134 4317 2233 4383 ait,
2278 4333 2397 4372 eam
2433 4321 2659 4388 pingere
2700 4323 2874 4390 atque
2911 4320 3185 4375 cumulare
3212 4321 3362 4375 bonis
3391 4320 3657 4389 omnibus,
3703 4320 3845 4375 nihil

2130 4406 2269 4460 mihi
2296 4409 2407 4460 tam
2444 4406 2794 4475 fugiendum,
2842 4424 3005 4477 quam
3052 4409 3391 4464 concubitum
3444 4425 3555 4465 esse
3582 4409 3838 4464 decrevi:

2129 4497 2273 4550 nihil
2319 4511 2431 4552 esse
2476 4498 2668 4567 sentio,
2720 4498 2865 4567 quod
2892 4501 3068 4568 magis
3102 4514 3172 4554 ea:
3196 4515 3318 4555 arce
3345 4500 3571 4569 dejiciat
3599 4502 3841 4554 animum

2129 4586 2366 4654 virilem,
2410 4602 2576 4656 quam
2620 4586 2991 4642 blandimenta
3033 4589 3291 4657 feminea,
3332 4604 3723 4660 corporumque
3750 4590 3842 4644 ille

2127 4679 2424 4746 contactus,
2444 4678 2563 4731 sine
2587 4692 2691 4746 quo
2719 4692 2860 4732 umor
2888 4677 3078 4732 haberi
3104 4694 3211 4733 non
3230 4682 3433 4749 potest.
3471 4680 3665 4748 Itaque
3691 4681 3745 4733 si
3766 4679 3840 4733 ad

2128 4762 2372 4834 ofﬁcium
2408 4766 2648 4835 pertinet
2687 4767 2951 4836 sapientis
2980 4767 3126 4836 quod
3151 4767 3391 4822 nondum
3416 4770 3673 4837 comperi,
3707 4767 3842 4822 dare

2127 4868 2345 4923 operam
2356 4854 2816 4924 liberis,quisquis
2826 4857 2909 4910 rei
2920 4856 3081 4925 hujus
3095 4860 3306 4912 tantum
3315 4859 3502 4926 gratia
3512 4857 3838 4924 concumbit,

2126 4942 2416 4998 mirandus
2444 4944 2583 4998 mihi
2625 4944 2804 4999 videri
2830 4949 3029 5015 potest,
3074 4949 3135 5000 at
3171 4962 3294 5001 vero
3333 4946 3660 5013 imitandus,
3692 4947 3843 5001 nullo

2128 5030 2284 5087 modo
2312 5048 2325 5087 :
2357 5047 2487 5087 nam
2518 5036 2724 5089 tentare
2749 5034 2845 5089 hoc
2868 5034 3221 5104 periculosius
3250 5038 3519 5105 est,quam
3534 5035 3845 5105 posse/eli-

2130 5120 2264 5175 cius.
2282 5120 2634 5187 Quamobrem
2646 5124 2805 5190 satis,
2820 5122 2998 5191 credo,
3004 5122 3153 5192 juste
3163 5127 3328 5194 atque
3338 5125 3545 5179 utiliter
3548 5139 3655 5194 pro
3683 5124 3847 5179 liber-

2131 5212 2240 5264 tate
2281 5213 2477 5266 animae
2503 5227 2632 5268 meae
2660 5214 2797 5267 mihi
2834 5214 3125 5283 imperavi,
3164 5227 3271 5267 non
3312 5227 3528 5283 cupere,
3556 5227 3668 5266 non
3693 5227 3843 5282 quae-

2127 5313 2263 5364 rere,
2295 5314 2403 5353 non
2430 5299 2621 5357 ducere
2649 5317 2892 5357 umorem.
2927 5303 3156 5357 Prorsus
3179 5302 3322 5357 nihil
3351 5300 3667 5371 hujusmodi
3697 5317 3837 5371 qua-

2127 5401 2213 5454 ro,
2244 5387 2385 5441 nihil
2405 5387 2670 5458 desidero,
2697 5392 2862 5446 etiam
2890 5406 3010 5446 cum
3026 5391 3245 5446 horrore
3272 5393 3436 5461 atque
3459 5392 3845 5461 aspernatione

2131 5476 2266 5529 talia
2288 5475 2557 5532 recordor.
2591 5478 2734 5545 Quid
2759 5481 2842 5534 vis
2869 5481 3103 5549 amplius
3114 5483 3144 5533 *ἔ
3171 5480 3243 5535 Et
3269 5478 3367 5534 hoc
3394 5479 3531 5533 mihi
3556 5477 3754 5532 bonum
3782 5480 3841 5532 in

2131 5562 2243 5620 dies
2274 5568 2463 5621 crescit
2492 5582 2505 5621 :
2527 5582 2655 5622 nam
2673 5573 2876 5638 quanto
2896 5573 3129 5637 augetur
3147 5582 3266 5638 spes
3286 5566 3533 5622 videnda
3552 5568 3708 5621 illius
3729 5581 3842 5636 qua

2129 5652 2463 5712 vehementer
2512 5660 2689 5729 .testuo
2717 5658 3174 5729 pulchritudinis,
3215 5661 3365 5735 tanto
3393 5656 3470 5712 ad
3509 5657 3665 5712 illam
3695 5660 3840 5713 totus
