4048 6194
185 297 275 348 13ἲ
1599 289 1810 344 LIBER
1851 288 2244 347 SECUNDUS.

184 429 336 468 umor
382 414 745 483 voluptasque
799 413 1125 466 convertitur
1171 411 1414 482 (Soliloq.
1452 411 1544 466 lib.
1584 415 1631 479 l,
1663 429 1718 468 τι.
1771 412 1878 483 l7).

182 504 474 557 Interdum
510 507 702 557 tamen
732 501 999 566 libidinis,
1031 517 1159 572 quae
1191 506 1407 554 tantam
1441 501 1499 554 in
1531 517 1662 554 eum
1696 505 1882 572 tyran-

179 593 366 646 nidem
409 596 758 659 exercuerat,
804 590 1026 644 acribus
1073 589 1339 658 stimulis,
1375 591 1488 644 Deo
1520 589 1596 643 ita
1637 589 1879 660 permit-

176 686 348 746 tente,
407 681 777 751 pangebatur
809 695 822 733 :
854 683 919 733 ut
948 695 1061 750 quo
1091 695 1121 732 e
1148 678 1346 732 morbo
1392 678 1634 732 caelestis
1675 678 1882 733 medici

175 785 307 823 cura
354 768 665 834 evasisset,
698 772 755 820 et
784 766 924 838 quid
971 766 1031 820 in
1060 782 1118 821 se
1165 774 1486 836 superesset
1540 766 1878 833 curandum,

175 862 534 929 agnosceret.
561 857 725 921 Quod
755 856 856 909 ubi
885 854 1236 925 contigisset,
1266 855 1480 925 pudore
1509 854 1880 909 suffundeba-

173 952 281 1013 tur,
317 947 438 1000 vim
490 947 872 1016 lacrymarum
913 944 1086 999 etiam
1117 959 1246 997 cum
1278 943 1618 998 valetudinis
1657 943 1883 1015 dispen-

174 1037 260 1090 dio
293 1034 720 1106 profundebat;
761 1032 903 1088 nihil
949 1032 1058 1086 sibi
1084 1033 1362 1104 polliceri,
1405 1032 1545 1087 nihil
1578 1032 1647 1086 de
1696 1049 1748 1086 se
1779 1049 1880 1086 au-

171 1124 337 1178 debat
368 1139 756 1194 pra-sumere;
791 1122 847 1176 id
880 1123 1069 1177 solum
1099 1122 1308 1192 solatii,
1330 1122 1594 1190 habebat,
1642 1121 1790 1193 quod
1821 1121 1881 1175 in

176 1212 267 1266 Dei
299 1212 504 1266 sinum
547 1212 898 1281 confugeret,
935 1227 1110 1282 seque
1141 1209 1291 1264 illius
1320 1211 1692 1280 providentiae
1725 1227 1878 1265 com-

177 1301 448 1356 mitteret.
480 1302 577 1356 Ille
613 1304 748 1369 ipse,
783 1299 987 1361 aiebat,
1044 1316 1199 1369 quem
1229 1300 1414 1354 videre
1442 1299 1627 1368 ardeo,
1673 1301 1880 1354 noverit

174 1391 389 1458 quando
413 1393 520 1444 sim
535 1405 701 1444 sanus
720 1408 732 1454 ;
751 1391 924 1456 faciat
947 1389 1092 1457 quod
1106 1390 1285 1458 placet
1307 1406 1318 1442 :
1337 1388 1553 1457 quando
1569 1390 1881 1457 placet,sese

170 1481 450 1542 ostendat;
471 1481 596 1549 jam
621 1495 703 1532 me
732 1483 896 1532 totum
925 1479 1040 1546 ejus
1065 1479 1352 1532 clementizc
1382 1494 1628 1547 curaeque
1651 1480 1879 1532 commit-

169 1575 231 1622 to.
263 1570 447 1624 Semel
480 1556 548 1622 de
576 1569 667 1622 illo
692 1568 920 1632 credidi,
955 1567 1100 1637 quod
1125 1570 1200 1621 sic
1229 1583 1359 1633 erga
1382 1583 1435 1621 se
1455 1567 1670 1636 affectos
1696 1567 1879 1622 suble—

166 1674 286 1711 vare
318 1673 431 1711 non
453 1661 639 1712 cesset.
663 1659 777 1726 Ego
792 1658 931 1710 nihil
947 1657 1013 1710 de
1042 1672 1160 1710 mea
1181 1658 1434 1720 sanitate,
1459 1659 1570 1710 nisi
1593 1671 1711 1710 cum
1726 1656 1879 1710 illam

161 1747 645 1816 pulchritudinem
688 1746 893 1811 videro,
922 1745 1286 1815 pronuntiabo
1319 1744 1503 1820 (Ibid.,
1541 1760 1596 1797 π.
1626 1747 1734 1813 26).
1765 1747 1877 1810 Ego

167 1839 338 1890 solam
365 1840 604 1904 propter
623 1850 678 1889 se
693 1850 813 1888 amo
832 1835 1179 1902 sapientiam,
1205 1832 1418 1903 inquit;
1443 1837 1633 1886 caetera
1655 1848 1777 1886 tero
1799 1833 1880 1886 vel

163 1926 353 1980 adesse
394 1926 540 1979 mihi
562 1925 698 1984 volo,
730 1923 812 1977 vel
841 1922 1016 1977 deesse
1042 1925 1198 1976 timeo
1213 1926 1438 1991 propter
1467 1924 1664 1990 ipsam,
1686 1923 1875 1988 vitam,

163 2017 420 2083 quietem,
457 2015 680 2066 arnicas.
712 2012 873 2078 Quem
891 2010 1105 2065 modum
1125 2015 1303 2065 autem
1322 2015 1496 2079 potest
1515 2011 1710 2063 habere
1729 2011 1878 2064 illius

163 2101 609 2170 pulchritudinis
644 2115 815 2164 amor,
843 2102 899 2152 in
929 2114 1038 2168 qua
1063 2114 1168 2153 non
1196 2099 1366 2153 solum
1403 2114 1508 2152 non
1538 2099 1750 2152 invideo
1781 2114 1878 2152 cce-

164 2192 309 2256 teris,
347 2189 449 2243 sed
495 2190 659 2242 etiam
688 2188 952 2257 plur-imos
992 2202 1192 2255 quare,
1227 2187 1324 2254 qui
1354 2201 1555 2240 mecum
1597 2190 1874 2255 appetant,

163 2293 368 2332 meaim
401 2278 639 2342 inhient,
670 2291 872 2330 mecum
895 2280 1125 2341 teneant,
1151 2291 1457 2344 mecumque
1484 2277 1874 2344 perfruantur;

163 2371 311 2421 tanto
336 2369 485 2419 mihi
505 2367 786 2419 amiciores
800 2361 999 2431 futuri,
1025 2368 1226 2433 quanto
1248 2365 1348 2417 erit
1366 2363 1517 2418 nobis
1535 2367 1720 2418 amata
1735 2377 1878 2416 com-

162 2459 428 2513 munior?
460 2455 652 2523 (Ibid.,
683 2455 872 2524 11.322.)
903 2452 1339 2523 Quapropterin
1368 2452 1744 2506 familiaribus
1765 2452 1880 2506 suis

160 2545 474 2617 colloquiis
506 2542 945 2597 contubernales
966 2558 1099 2594 suos
1119 2542 1187 2596 ad
1217 2541 1562 2596 indefessum
1585 2540 1880 2612 sapientius

160 2651 429 2690 amorem
464 2631 838 2702 studiumque
869 2631 1218 2685 cohortatur.

237 2728 287 2777 6.
325 2719 645 2792 Augustini
665 2735 917 2774 secessus
946 2719 1067 2772 hmc
1091 2719 1273 2773 adhuc
1303 2717 1616 2789 Soliloquia
1637 2718 1877 2790 peperit,

160 2812 371 2866 eodem
408 2827 558 2882 pene
591 2814 871 2880 tempore,
891 2825 1006 2879 quo
1030 2807 1351 2878 superiores
1383 2807 1585 2861 libros:
1618 2807 1704 2860 his
1725 2806 1877 2860 enim

161 2903 254 2956 illa
287 2899 624 2971 subjungit,
677 2913 857 2969 eaque
886 2913 944 2950 se
975 2896 1265 2968 scripsisse
1308 2896 1521 2950 indicat
1552 2898 1722 2967 paulo
1755 2901 1882 2967 post

163 2991 458 3062 abjectam
490 2988 784 3042 honorum
841 3003 904 3040 ac
949 2985 1294 3057 dignitatum
1342 2985 1708 3056 cupiditatem
1761 2985 1880 3054 (Re-

163 3084 324 3134 tract.
364 3080 466 3134 lib.
518 3081 573 3143 2,
607 3092 727 3144 cap.
767 3076 840 3143 4).
873 3077 1081 3129 Verum
1121 3075 1182 3128 in
1211 3073 1336 3128 aliis
1389 3074 1546 3129 libris
1592 3089 1882 3127 sermones

160 3186 291 3224 cum
326 3167 538 3221 amicis
582 3165 698 3219 suis
727 3164 1076 3233 conferebat,
1105 3163 1165 3217 in
1202 3163 1290 3218 his
1315 3167 1507 3217 autem
1539 3178 1732 3216 secum
1761 3161 1881 3233 ipse

163 3259 450 3331 loquitur.
490 3255 629 3310 Hinc
657 3252 969 3324 Soliloquia
999 3252 1231 3306 inscribi
1262 3251 1454 3317 voluit,
1479 3267 1624 3304 novo
1648 3251 1880 3321 quidem

162 3353 214 3402 et
246 3346 600 3404 duriusculo
652 3343 905 3408 nomine,
939 3342 1035 3396 sed
1069 3341 1135 3396 ad
1167 3357 1289 3395 rem
1337 3339 1743 3411 designandum
1788 3356 1884 3410 ap-

161 3438 384 3508 posito.
448 3436 583 3491 Cum
611 3435 774 3497 enim,
807 3430 1014 3502 inquit,
1044 3445 1212 3498 neque
1249 3431 1438 3483 melius
1471 3430 1645 3498 quaeri
1681 3431 1883 3482 veritas

163 3529 369 3596 possit,
405 3539 576 3593 quam
606 3519 992 3588 interrogando
1021 3523 1071 3574 et
1114 3517 1503 3587 respondendo,
1531 3523 1581 3570 et
1606 3519 1700 3570 vim
1731 3519 1882 3584 quis-

164 3631 339 3685 quam
359 3613 704 3671 inveniatur,
725 3625 881 3679 quem
896 3625 1001 3662 non
1013 3607 1217 3678 pudeat
1232 3608 1476 3661 convinci
1495 3607 1880 3685 disputantem,

164 3679 336 3776 eoque
369 3717 512 3774 pene
571 3714 778 3768 semper
815 3699 1046 3763 eveniat,
1078 3700 1138 3750 ut
1167 3711 1277 3749 rem
1334 3695 1459 3748 bene
1505 3679 1784 3748 inductam
1813 3693 1886 3746 ad

167 3789 586 3848 discutiendum
639 3787 950 3843 inconditus
994 3787 1316 3855 pervicacia
1365 3785 1566 3838 clamor
1606 3781 1882 3852 emplodat,

167 3887 338 3937 etiam
357 3895 483 3934 cum
516 3879 842 3933 laceratione
870 3877 1192 3940 animorum,
1222 3873 1538 3942 plerumque
1565 3872 1886 3926 dissimula-

167 3980 244 4040 ta,
281 3969 568 4024 interdum
596 3971 645 4020 et
683 3969 907 4034 aperta;
929 3964 1295 4034 pacatissime,
1335 3966 1396 4015 ut
1421 3963 1636 4029 opinor,
1668 3966 1716 4014 et
1746 3975 1886 4015 com-

169 4061 490 4116 modissime
515 4057 754 4126 placuit,
785 4071 818 4108 a
844 4069 925 4108 me
950 4056 1068 4123 ipso
1093 4054 1503 4118 interrogatum,
1536 4049 1779 4118 mihique
1807 4065 1888 4102 re-

174 4148 566 4220 spondentem,
621 4147 721 4199 Deo
765 4143 1081 4210 adjuvante,
1135 4156 1319 4195 verum
1350 4153 1583 4208 quan-ere
1642 4137 1881 4206 (Soliloq.

175 4241 281 4294 lib.
332 4241 388 4303 2,
422 4253 480 4290 n.
519 4235 622 4302 14).
663 4234 727 4286 In
780 4231 902 4302 ipso
958 4229 1145 4300 operis
1174 4227 1408 4283 exordio
1439 4243 1496 4279 se
1527 4225 1741 4280 nescire
1788 4225 1883 4291 ait,

172 4329 414 4400 quicum
450 4323 828 4393 colloquatur,
853 4320 1266 4374 intrinsecusne
1297 4316 1387 4384 sit,
1413 4332 1483 4370 an
1502 4315 1845 4370 extrinsecus
1871 4331 1882 4369 :

173 4435 232 4472 se
261 4431 402 4469 vero
438 4412 508 4467 ad
542 4427 674 4466 eum
705 4408 1166 4480 cognoscendum
1195 4407 1348 4462 hunc
1378 4420 1703 4458 sermonem
1733 4402 1888 4456 insti-

172 4511 364 4571 tuere,
400 4505 702 4574 postquam
730 4499 799 4553 de
844 4496 1171 4568 cognitione
1208 4494 1295 4549 sui
1325 4493 1526 4565 ipsius,
1560 4496 1616 4546 et
1657 4492 1726 4546 de
1754 4491 1889 4545 boni

172 4591 505 4666 quaerendi,
541 4588 792 4659 malique
821 4585 1106 4641 devitandi
1142 4582 1375 4638 scientia
1403 4582 1612 4636 multos
1643 4579 1764 4634 dies
1807 4597 1888 4633 sc-

174 4684 318 4738 dulo
350 4678 633 4750 cogitavit
681 4676 866 4747 (Ibid.,
911 4675 1008 4728 lib.
1043 4677 1093 4739 1,
1135 4690 1191 4728 n.
1229 4672 1298 4740 1).
1330 4673 1392 4726 In
1440 4669 1556 4724 suis
1596 4671 1887 4724 Retracto-

173 4773 407 4828 tionum
441 4765 608 4822 libris
637 4764 916 4820 rationem
967 4772 1162 4816 secum
1213 4759 1461 4830 colloqui
1503 4762 1741 4813 testatur
1771 4761 1888 4816 (Be-

176 4865 342 4917 tract.
372 4857 468 4912 lib.
511 4859 562 4922 1,
595 4870 717 4924 cap.
745 4855 798 4920 «'1,
827 4869 882 4908 η.
921 4855 988 4917 1).
1024 4852 1141 4906 Hoc
1162 4865 1306 4920 opus
1320 4847 1658 4918 bipertitum
1689 4849 1806 4900 est:
1831 4847 1890 4900 in

175 4949 371 5018 primo
398 4943 642 5016 quidem
678 4942 826 4996 libro
867 4939 1110 5011 inquirit
1138 4937 1322 5009 qualis
1353 4952 1474 4991 esse
1519 4936 1742 5002 debeat,
1792 4935 1892 5005 qui

176 5035 529 5108 sapientiam
560 5031 901 5101 investigare
931 5027 1086 5095 velit,
1118 5042 1249 5098 quas
1286 5042 1403 5080 non
1433 5024 1684 5095 corporis
1713 5024 1892 5078 sensi-

175 5125 308 5194 bus,
341 5124 445 5178 sed
476 5125 675 5176 mente
722 5118 1063 5191 percipitur;
1094 5121 1151 5170 et
1178 5115 1238 5169 in
1291 5117 1543 5169 extrema
1572 5117 1730 5184 parte
1761 5112 1895 5167 libri

177 5231 248 5268 ea
277 5229 413 5285 quas
437 5227 574 5266 vere
616 5213 770 5275 sunt,
802 5204 1156 5261 immortalia
1184 5219 1325 5271 esse,
1359 5201 1699 5273 quibusdam
1729 5215 1895 5272 argu-

179 5306 392 5360 mentis
414 5299 686 5357 ostendit.
725 5299 789 5352 In
811 5298 988 5353 altero
1019 5301 1212 5352 autem
1232 5295 1302 5349 de
1331 5293 1756 5348 immortalitate
1777 5292 1896 5347 ani-

177 5411 290 5449 ma
330 5391 612 5448 disserit:
649 5387 747 5443 sed
792 5387 938 5442 hanc
969 5385 1346 5458 quaestionem
1400 5383 1468 5438 ad
1516 5382 1728 5437 exitum
1777 5399 1893 5436 non

179 5483 434 5539 adducit.
470 5479 590 5535 Nec
610 5477 766 5534 enim
797 5481 1050 5531 extrema
1077 5490 1281 5529 manus
1311 5471 1543 5528 accessit
1572 5471 1704 5526 huic
1735 5471 1894 5542 operi

182 5572 348 5632 Ibid,
378 5586 512 5642 cap.
545 5572 600 5635 5,
629 5583 686 5622 η.
724 5566 795 5637 1),
825 5569 887 5620 ut
917 5563 1040 5636 ipse
1068 5561 1372 5634 signiﬁcat,
1413 5576 1480 5615 eo
1527 5557 1787 5628 consilio,
1829 5561 1893 5612 ut

526 5667 745 5733 Pareo
767 5683 827 5728 L.
879 5661 1129 5728 XXXII.

3031 9 3042 15 .-
3626 0 3662 10 ττ
3737 0 3750 8 η

3023 21 3080 42 -κὶ
3183 35 3192 46 Α
3441 39 3448 46 .

3023 9 3080 42 -ἓι
3183 35 3192 46 Α

2953 81 2992 102 .__
3081 67 3094 106 ἰ
3143 109 3164 114 ἢ,
3249 88 3260 100 .
3299 93 3304 100 Ι

3081 101 3086 106 ’
3143 109 3164 114 η,
3349 103 3358 112 δ

2719 141 2732 156 Ῐ
3409 153 3412 156 .

2711 201 2722 216 Α
3269 193 3274 200 ¹
3403 197 3432 212 ἰ.

3585 303 3682 356 138

1992 429 2122 468 cum
2154 413 2329 468 doctis
2358 419 2415 468 et
2457 413 2600 468 bene
2643 413 2884 468 cordatis
2909 403 3044 468 vitiis
3065 411 3176 470 hac
3215 415 3284 469 de
3312 432 3375 472 re
3404 417 3686 474 conferret

1995 504 2237 573 (Soliloq.
2279 503 2371 558 lib.
2407 505 2459 572 2,
2491 519 2548 557 n.
2579 503 2688 570 28).
2723 505 2995 559 Memorat
3039 506 3341 575 scriptores
3385 506 3550 573 duos,
3583 508 3679 577 qui

1994 598 2128 646 tunc
2157 593 2226 647 de
2262 591 2685 646 immortalitate
2729 593 2957 658 animm,
2993 594 3133 647 alter
3159 592 3459 648 Mediolani
3501 595 3684 649 soluta

1992 682 2268 744 oratione,
2303 682 2445 736 alter
2486 682 2546 735 in
2577 681 2768 736 Galliis
2815 683 3088 751 carmine,
3137 683 3450 737 tractabant
3499 684 3683 751 (Ibid.,

1991 788 2044 825 η.
2079 772 2183 839 26).
2239 772 2482 839 Primus,
2525 771 2615 825 cui
2647 787 2816 826 suum
2859 787 2995 842 erga
3024 771 3210 842 ipsum
3252 776 3307 826 et
3345 771 3683 843 sapientiam

1992 860 2242 914 studium
2271 876 2375 930 pro
2407 877 2508 914 sua
2538 861 2843 928 voluntate,
2891 865 2955 914 ut
2983 861 3080 926 ait,
3114 861 3336 931 aperire
3377 877 3494 915 non
3540 863 3688 917 valet

1992 948 2178 1018 (Ibid.,
2224 953 2274 1003 et
2303 951 2540 1015 Confess.
2573 950 2676 1004 lib.
2709 953 2762 1014 6,
2793 965 2849 1003 n.
2902 950 3008 1020 18),
3042 949 3266 1004 videtur
3295 966 3414 1004 esse
3443 951 3684 1005 Ambro-

1992 1037 2123 1090 sius.
2160 1037 2291 1101 Quis
2343 1054 2474 1091 vero
2506 1039 2646 1092 alter
2690 1038 2844 1091 illius
2890 1037 3204 1102 familiaris,
3254 1037 3514 1092 omnium
3565 1039 3686 1109 ejus

1991 1125 2440 1180 sollicitudinum
2487 1126 2765 1192 conscius,
2819 1126 2877 1179 in
2917 1125 3111 1181 Galliis
3162 1126 3412 1197 quietus,
3447 1132 3502 1180 et
3542 1127 3682 1181 adeo

1991 1215 2240 1281 dissitus,
2273 1219 2338 1269 ut
2367 1215 2453 1268 vix
2485 1214 2554 1268 ad
2584 1231 2716 1269 eum
2749 1215 2833 1268 vel
2865 1214 3125 1283 epistolae
3158 1214 3454 1268 mittendae
3498 1215 3681 1269 facul-

1990 1308 2075 1357 tas
2107 1307 2271 1372 esset,
2303 1303 2581 1374 conjicere
2622 1319 2735 1356 non
2770 1318 3089 1373 possumus,
3125 1301 3235 1354 nisi
3267 1301 3519 1356 dicamus
3566 1317 3685 1355 esse

1989 1392 2319 1458 Zenobiam,
2371 1391 2461 1444 cui
2509 1391 2968 1461 Mediolanojam
3007 1390 3103 1444 diu
3135 1389 3374 1457 absenti,
3422 1391 3564 1444 duos
3616 1390 3686 1444 de

1990 1480 2198 1536 Ordine
2218 1480 2389 1535 libros
2419 1480 2733 1535 dedicarat.
2763 1481 2826 1533 In
2858 1478 3058 1533 litteris
3087 1478 3158 1532 ad
3183 1477 3517 1532 Nebridium
3540 1478 3686 1533 datis

1990 1571 2178 1625 statim
2206 1573 2332 1639 post
2359 1568 2691 1640 Soliloquia,
2717 1585 2844 1639 quae
2871 1567 3083 1622 scilicet
3103 1568 3360 1622 nondum
3381 1567 3500 1620 visa
3523 1570 3686 1622 erant

1991 1659 2278 1727 Nebridio,
2316 1658 2465 1712 istud
2509 1675 2652 1729 opus
2683 1657 2900 1712 cunctis
2927 1656 3212 1728 prioribus
3258 1655 3374 1710 suis
3425 1655 3684 1710 laeubra-

1989 1748 2240 1803 tionibus
2291 1746 2584 1817 anteponit
2616 1749 2809 1816 (Epist.
2846 1748 2897 1812 3,
2946 1762 3002 1800 n.
3053 1745 3121 1816 l).
3174 1745 3329 1798 Idem
3375 1745 3579 1799 asserit
3622 1761 3681 1798 se

1988 1837 2045 1890 in
2078 1838 2182 1890 hoc
2213 1853 2381 1907 opere
2435 1836 2693 1890 animum
2723 1834 3030 1902 induxisse,
3078 1832 3515 1900 intelligentiam
3562 1849 3684 1888 esse

1986 1925 2302 1991 veritatem,
2324 1941 2388 1979 ac
2419 1923 2564 1978 mori
2589 1940 2705 1978 non
2733 1939 2897 1994 posse
2919 1922 3137 1994 aliquid
3159 1921 3216 1976 in
3247 1938 3360 1992 quo
3391 1921 3686 1992 quidpiam

1988 2013 2309 2068 immortale
2339 2013 2448 2079 sit;
2498 2029 2744 2084 cumque
2775 2011 3159 2083 intelligentia
3189 2011 3261 2066 sit
3285 2011 3344 2065 in
3381 2011 3597 2078 animo,
3629 2015 3686 2065 et

1987 2103 2192 2165 veritas
2224 2102 2586 2170 immortalis,
2623 2102 2754 2157 inde
2791 2103 2952 2173 sequi
2997 2104 3062 2156 ut
3091 2100 3317 2155 animus
3347 2099 3420 2155 sit
3445 2100 3681 2155 immor-

1988 2191 2115 2246 talis
2147 2191 2328 2262 (Ibid.,
2356 2207 2407 2245 η.
2439 2191 2530 2260 4.)

2671 2280 2896 2334 CAPUT
2936 2280 2996 2334 Χ.

1992 2373 2012 2423 1
2051 2372 2120 2423 De
2147 2369 2404 2424 Nebridio
2432 2369 2601 2422 amico
2630 2369 2950 2436 Augustini.
2982 2371 3015 2422 2
3045 2366 3222 2437 Hujus
3252 2365 3326 2420 ad
3355 2365 3676 2424 Nebridium

2707 2457 2962 2526 epistola.

2067 2550 2112 2601 1.
2150 2547 2260 2600 llos
2281 2545 2729 2617 Soliloquiorum
2754 2546 2928 2598 libros
2959 2544 3200 2615 ipsemet
3225 2542 3576 2614 Augustinus
3595 2543 3688 2598 de-

1992 2636 2180 2706 signat
2207 2635 2266 2689 in
2323 2635 2438 2689 suis
2469 2634 2945 2699 Confessionibus,
2978 2633 3076 2686 ubi
3107 2632 3224 2703 agit
3255 2632 3323 2686 de
3353 2631 3514 2686 libris
3543 2648 3686 2702 quos

1991 2742 2056 2784 ex
2088 2725 2385 2795 colloquiis
2410 2741 2540 2779 cum
2566 2724 2690 2794 ipso
2721 2740 2777 2776 se
2808 2723 2928 2776 solo
2959 2737 3149 2776 coram
3181 2723 3294 2775 Deo
3324 2719 3532 2774 habitis
3557 2736 3687 2774 con-

1990 2813 2168 2867 texuit
2197 2815 2450 2883 (Con/‘ess.
2478 2814 2568 2868 lib.
2601 2817 2654 2877 9,
2684 2828 2804 2881 cap.
2833 2813 2886 2873 4,
2913 2827 2966 2864 n.
2987 2812 3041 2880 ‘7)
3077 2827 3088 2864 :
3120 2809 3277 2864 addit
3299 2809 3567 2880 epistolas
3597 2811 3683 2862 te-

1992 2903 2147 2968 stari,
2181 2903 2318 2973 quid
2348 2918 2476 2955 cum
2531 2901 2763 2955 absente
2805 2899 3067 2953 Nebridio
3099 2897 3305 2952 litteris
3354 2897 3554 2967 egerit.
3599 2896 3687 2950 Ad

1990 2992 2110 3046 haec
2139 3008 2274 3062 ergo
2306 2993 2568 3059 tempora
2595 2988 2806 3059 partim
2832 2987 3147 3041 referendae
3177 2985 3463 3056 epistolas;
3495 2985 3564 3039 ab
3611 3000 3678 3039 eo

1992 3081 2213 3150 script-te.
2244 3079 2312 3132 ad
2336 3077 2688 3143 Nebridium,
2719 3077 2951 3148 quicum
2979 3079 3100 3130 erat
3126 3091 3240 3128 non
3269 3073 3478 3128 minori
3506 3073 3687 3127 ferme

1993 3184 2165 3239 quam
2196 3182 2323 3220 cum
2377 3164 2580 3235 Alypio
2635 3162 3055 3218 necessitudine
3095 3162 3450 3232 conjunctus.
3487 3159 3687 3215 Nebri-

1993 3257 2119 3313 dius
2148 3255 2424 3325 singulari
2455 3253 2733 3316 bonitate,
2761 3268 2986 3306 summa
3006 3250 3332 3322 prudentia,
3364 3253 3420 3304 et
3440 3249 3690 3305 mirabili

1992 3341 2224 3413 ingenio
2274 3341 2624 3408 adolescens,
2664 3340 2910 3410 patriam
2939 3338 3142 3393 habuit
3177 3338 3419 3392 vicinam
3451 3338 3688 3392 Cartha-

1993 3431 2139 3500 gini;
2173 3448 2286 3502 qua
2313 3431 2369 3484 in
2402 3430 2542 3484 urbe
2573 3445 2703 3483 cum
2723 3432 2882 3483 esset
2908 3427 3422 3498 frequentissimus,
3450 3425 3692 3481 arctissi-

1994 3537 2148 3574 mam
2177 3536 2307 3573 cum
2350 3518 2665 3589 Augustino
2698 3517 3000 3572 rhetoricae
3030 3516 3165 3570 artis
3194 3519 3329 3569 tunc
3357 3514 3474 3568 illic
3503 3514 3688 3585 magi-

1996 3614 2112 3662 stro
2130 3608 2439 3662 amicitiam
2458 3611 2516 3661 et
2539 3605 3010 3660 consuetudinem
3026 3605 3295 3674 junxerat
3313 3602 3494 3674 (Ibid.,
3519 3603 3616 3655 lib.
3633 3604 3689 3671 4,

1995 3714 2113 3767 cap.
2153 3702 2206 3760 3,
2235 3713 2288 3750 n.
2326 3699 2386 3763 6;
2421 3696 2515 3750 lib.
2541 3698 2602 3760 6;
2629 3710 2749 3763 cap.
2776 3696 2860 3759 10,
2891 3710 2951 3748 n.
2989 3697 3084 3759 l7;
3113 3693 3274 3757 lib.7,
3306 3706 3425 3760 cap.
3457 3693 3510 3757 6,
3539 3705 3595 3745 n.
3616 3690 3688 3750 8).

1999 3788 2119 3841 Non
2173 3791 2366 3840 tamen
2425 3789 2883 3838 astronomorum
2955 3780 3312 3850 commentis,
3383 3779 3692 3854 Augustini

1997 3875 2278 3945 exemplo,
2309 3889 2430 3928 sese
2461 3872 2646 3944 decipi
2685 3871 2949 3943 permisit
2980 3888 2992 3925 :
3027 3871 3142 3924 imo
3170 3869 3268 3923 illa
3294 3869 3600 3939 explodens
3637 3870 3693 3922 et

1997 3965 2325 4032 exsibilans,
2355 3961 2739 4033 Augustinum
2753 3961 2907 4014 hunc
2927 3959 3295 4014 divinationis
3325 3956 3523 4029 generi
3540 3956 3692 4012 miri-

1997 4054 2099 4107 tice
2127 4051 2380 4107 deditum
2411 4067 2644 4106 avocare
2674 4050 2807 4104 inde
2837 4049 3166 4103 conabatur.
3206 4046 3514 4102 Verisimile
3546 4061 3693 4118 quo-

1997 4157 2108 4212 que
2161 4145 2266 4207 est,
2329 4139 2661 4194 Nebridium
2724 4137 3158 4194 Manichaeorum
3229 4136 3523 4190 erroribus
3578 4151 3691 4188 non

1995 4230 2168 4285 fuisse
2200 4229 2577 4299 implicatum,
2601 4244 2728 4282 cum
2762 4243 2856 4282 eos
2885 4229 3246 4297 argumento,
3279 4241 3342 4278 ex
3375 4240 3488 4294 quo
3521 4239 3688 4293 expe-

1997 4318 2116 4373 dire
2148 4333 2206 4370 se
2236 4333 2352 4371 non
2388 4319 2676 4387 poterant,
2716 4332 2834 4369 non
2877 4315 3244 4385 impugnaret
3273 4313 3463 4378 modo,
3491 4326 3691 4365 verum

1996 4407 2170 4461 etiam
2200 4409 2585 4476 expugnaret:
2613 4403 2761 4458 unde
2791 4407 2849 4457 et
2875 4402 3064 4474 ipsum
3086 4400 3490 4471 Augustinum,
3521 4403 3578 4454 et
3596 4415 3694 4454 eos

1997 4496 2097 4567 qui
2129 4495 2456 4560 audiebant,
2488 4492 2848 4548 concutiebat
2878 4492 3063 4562 (Ibid.,
3097 4491 3189 4544 lib.
3214 4494 3267 4557 7,
3301 4505 3422 4558 cap.
3457 4492 3508 4556 2,
3530 4505 3587 4543 η.
3623 4490 3694 4557 3).

1998 4586 2060 4639 In
2091 4585 2323 4638 illorum
2353 4587 2545 4638 tamen
2575 4581 2975 4636 haereticorum
3024 4594 3218 4633 errore
3249 4576 3584 4648 aliquandiu
3607 4578 3693 4648 ja-

1998 4675 2132 4737 cuit,
2190 4672 2287 4743 qui
2336 4671 2543 4727 Christi
2573 4687 2802 4725 carnem
2854 4668 3194 4740 phantasma
3250 4666 3596 4721 credebant:
3630 4681 3695 4720 ex

1999 4779 2114 4834 quo
2146 4761 2379 4816 tandem
2409 4760 2584 4815 etiam
2613 4764 2745 4814 ante
2776 4761 3093 4829 susceptam
3121 4756 3294 4811 ﬁdem
3324 4754 3693 4810 christianam

2001 4849 2233 4906 emersit
2263 4849 2445 4920 (Ibid.,
2505 4849 2600 4902 lib.
2633 4851 2685 4914 9,
2716 4863 2834 4916 cap.
2872 4849 2921 4911 3,
2975 4863 3031 4900 n.
3061 4843 3137 4917 6).
3172 4846 3313 4900 Cum
3345 4842 3696 4913 Augustinus

2002 4938 2381 4996 Mediolanum
2401 4936 2666 5003 venisset,
2699 4934 3000 4990 Nebridius
3019 4949 3250 5006 quoque
3269 4932 3465 4987 relicta
3490 4931 3698 5004 patria,

2005 5028 2249 5099 ipsaque
2274 5025 2635 5096 Carthagine,
2685 5024 2883 5079 relicto
2923 5023 3161 5094 praedio,
3201 5021 3402 5076 relicta
3431 5021 3599 5076 domo
3642 5023 3698 5072 et

2002 5133 2118 5171 non
2174 5118 2438 5168 secutura
2489 5116 2689 5180 matre,
2740 5112 3124 5168 Mediolanum
3165 5127 3224 5166 se
3259 5108 3523 5175 contulit,
3578 5121 3695 5160 non

2003 5204 2113 5259 alio
2142 5202 2400 5271 consilio,
2428 5217 2602 5272 quam
2629 5205 2695 5256 ut
2721 5217 2839 5256 una
2866 5217 2998 5256 cum
3026 5197 3344 5271 Augustino
3375 5196 3606 5263 viveret,
3635 5209 3700 5248 ac

2004 5293 2087 5348 illi
2135 5309 2240 5364 pro
2279 5289 2704 5357 ardentissimo,
2755 5306 2868 5362 quo
2899 5290 3195 5361 ﬂagrabat,
3241 5283 3495 5340 veritatis
3525 5287 3580 5338 et
3608 5297 3698 5336 sa-

2004 5381 2237 5454 pientiae
2271 5379 2630 5452 inquirendae
2651 5380 2840 5436 studio
2873 5379 3251 5434 cotlaboraret
3283 5372 3474 5443 (Ibid.,
3511 5372 3605 5427 lib.
3643 5375 3696 5439 6,

2004 5484 2124 5539 cap.
2167 5471 2249 5536 10,
2273 5485 2328 5523 η.
2364 5468 2475 5541 17).
2497 5468 2713 5524 Pariter
2740 5468 3083 5539 suspirabat,
3115 5464 3439 5535 pariterque
3465 5460 3700 5516 ﬂuctua-

2006 5558 2106 5613 bat
2138 5575 2152 5613 :
2184 5559 2406 5614 beatam
2453 5558 2628 5614 vitam
2657 5573 2881 5614 summa
2931 5553 3292 5611 contentione
3340 5550 3697 5622 exquirebat,

3144 5647 3404 5736 (Cinq.)
