4048 6194
382 328 481 383 139

377 445 634 514 miraque
650 437 869 510 ingenii
888 410 1502 492 soleRiva’difﬁcillimas
1528 447 1784 506 quasque
1803 427 2070 502 quaestio-

374 548 477 586 nes
491 529 812 586 scrutabatu
823 543 865 582 r.
889 528 1020 584 Cum
1039 531 1192 592 esset,
1211 525 1287 580 ait
1305 523 1678 595 Augustinus,
1693 535 1875 575 rerum
1888 517 2072 572 obscu-

371 636 560 675 rarum
573 619 646 672 ad
657 618 957 671 doctrinam
969 617 1190 686 pietatis
1200 616 1438 668 mamime
1446 611 1836 682 pertinentium
1847 607 2072 672 diligen-

371 711 610 764 tissimus
626 711 675 761 et
689 707 983 760 acerrimus
1005 705 1315 773 inquisitor,
1330 701 1488 755 valde
1503 700 1690 754 oderat
1701 697 1766 752 de
1782 696 2073 764 quastione

371 813 573 866 magna
593 796 985 865 responsionem
1007 792 1232 846 brevem.
1259 793 1326 844 Et
1344 789 1592 858 quisquis
1613 789 1706 840 hoc
1723 784 2068 854 poposcisset,

371 887 649 954 wgerrime
679 882 910 950 ferebat,
962 895 1206 947 eumque,
1265 879 1315 930 si
1342 877 1460 945 ejus
1495 889 1724 945 persona
1770 875 2069 941 pateretur,

371 976 529 1029 vultu
551 969 998 1039 indignabundus
1024 973 1072 1020 et
1111 981 1234 1020 voce
1262 964 1557 1028 cohibebat,
1583 963 1869 1028 indignum
1898 959 2074 1027 depu-

372 1067 494 1118 tans
525 1063 621 1130 qui
637 1061 774 1114 talia
804 1061 1082 1125 quaereret,
1109 1070 1228 1108 cum
1250 1054 1315 1107 de
1335 1069 1392 1107 re
1412 1057 1566 1107 tanta
1591 1066 1753 1120 quam
1770 1049 1942 1104 multa
1965 1047 2076 1100 dici

371 1155 588 1223 possent
617 1148 970 1214 deberentque
997 1147 1223 1200 nesciret
1270 1143 1469 1214 (Epist.
1504 1145 1595 1208 98,
1641 1157 1696 1195 n.
1729 1142 1806 1209 8).
1839 1139 1979 1194 Cum
2009 1152 2074 1192 eo

372 1244 428 1295 et
455 1237 658 1309 Alypio
689 1235 936 1290 maxime
964 1250 1025 1288 ac
1064 1233 1506 1288 familiarissime
1535 1231 1603 1284 de
1635 1230 1750 1284 suis
1779 1232 1911 1282 ante
1937 1243 2072 1281 con-

369 1327 691 1382 versionem
721 1324 872 1379 curis
897 1322 1355 1378 communicabat
1374 1322 1632 1391 (Con/ess.
1655 1319 1749 1373 lib.
1777 1321 1829 1384 6,
1861 1333 1981 1386 cap.
2013 1320 2072 1374 7,

369 1433 425 1470 n.
460 1415 570 1485 ll);
600 1419 828 1484 tresque
857 1412 963 1466 hos
994 1410 1206 1464 amicos
1251 1409 1449 1462 eadem
1482 1406 1797 1460 sollicitudo
1836 1404 2075 1458 vexabat

372 1505 558 1576 (Ibid.,
589 1519 642 1557 η.
691 1503 797 1570 17).
851 1502 995 1555 Dum
1045 1498 1394 1571 Augustinus
1423 1497 1488 1551 ad
1522 1495 1808 1551 Christum
1839 1509 2071 1548 conver-

373 1609 468 1646 sus
499 1595 604 1656 est,
639 1588 941 1644 Nebridius
969 1588 1181 1642 aberat.
1212 1588 1484 1642 Amicitiae
1519 1588 1658 1639 enim
1685 1589 1881 1638 nostrae
1909 1597 2069 1637 cesse-

371 1685 481 1747 rat,
505 1680 583 1733 ait
610 1676 981 1748 Augustinus,
1014 1681 1074 1730 ut
1101 1679 1338 1730 omnium
1367 1678 1610 1729 nostrum
1635 1671 2071 1742 familiarissimo

377 1767 685 1825 Verecundo
715 1766 1104 1821 Mediolanensi
1142 1766 1249 1818 civi
1277 1768 1327 1818 et
1365 1764 1717 1831 grammatico
1742 1759 2067 1825 subdoceret,

371 1857 703 1911 vehementer
749 1853 1086 1907 desideranti
1131 1856 1180 1906 et
1206 1852 1613 1918 familiaritatis
1638 1850 1765 1919 jure
1792 1849 2074 1918 ﬂagitanti

373 1944 438 1998 de
461 1957 679 1996 numero
706 1945 887 1995 nostro
893 1940 1058 2009 ﬁdele
1072 1940 1428 2008 adjutorium,
1452 1953 1556 2008 quo
1575 1937 1855 2006 indigebat
1883 1937 2066 1990 nimis.

369 2034 490 2088 Non
513 2033 699 2099 itaque
718 2029 1038 2085 Nebridium
1059 2027 1334 2096 cupiditas
1363 2026 1756 2082 commodorum
1771 2041 1828 2079 eo
1859 2026 2068 2090 traxit;

369 2119 585 2188 majora
613 2119 755 2171 enim
775 2121 953 2186 posset
981 2117 1030 2168 si
1053 2116 1210 2170 vellet
1239 2115 1304 2168 de
1328 2116 1522 2169 litteris
1550 2129 1743 2182 agere:
1773 2113 1868 2167 sed
1893 2115 2071 2181 ofﬁcio

372 2207 743 2262 benevolentiae
766 2206 1077 2274 petitionem
1107 2208 1350 2257 nostram
1379 2208 1706 2257 contemnere
1733 2203 1904 2256 noluit
1931 2203 2069 2254 ami-

372 2311 464 2350 cus
493 2295 836 2349 dulcissimus
865 2296 914 2347 et
942 2294 1281 2347 mitissimus.
1321 2291 1531 2360 Agebat
1559 2295 1738 2344 autem
1768 2289 1908 2342 illud
1927 2305 2071 2359 pru-

371 2383 680 2438 dentissime
702 2396 892 2436 cavens
911 2382 1235 2435 innotescere
1260 2381 1503 2448 personis
1528 2379 1817 2433 secundum
1846 2378 1940 2432 hoc
1979 2393 2073 2431 sa:-

374 2472 550 2526 culum
589 2470 907 2538 majoribus,
939 2469 1185 2522 devitans
1215 2470 1271 2522 in
1301 2470 1375 2521 eis
1410 2483 1614 2521 omnem
1641 2467 2071 2536 inquietudinem

373 2563 563 2626 animi,
598 2575 752 2630 quem
806 2558 1015 2612 volebat
1056 2558 1249 2612 habere
1295 2558 1538 2624 liberum,
1571 2562 1621 2610 et
1665 2573 1829 2627 quam
1882 2558 2069 2611 multis

366 2653 548 2718 posset
576 2649 724 2702 horis
751 2649 1011 2715 feriatum
1031 2647 1106 2700 ad
1146 2646 1491 2715 quaerendum
1519 2646 1755 2715 aliquid,
1786 2646 1868 2699 vel
1897 2646 2069 2712 legen-

372 2737 522 2802 dum,
552 2737 637 2791 vel
665 2735 994 2790 audiendum
1021 2735 1102 2788 'de
1125 2737 1394 2805 sapientia
1423 2735 1620 2806 (Ibid,
1656 2735 1750 2789 lib.
1785 2736 1837 2798 8,
1865 2749 1984 2804 cap.
2015 2737 2070 2803 6,

371 2840 430 2879 n.
468 2823 577 2894 13).

440 2915 496 2967 2.
530 2912 671 2967 Cum
696 2911 802 2966 hac
831 2910 1007 2982 igitur
1036 2910 1408 2982 occupatione
1453 2910 1736 2965 distentus
1766 2909 2070 2965 Nebridius

371 2999 756 3072 Augustinum
798 2999 856 3053 in
886 2999 1075 3053 villam
1107 3000 1464 3054 secedentem
1496 2999 1660 3070 sequi
1689 3015 1805 3054 non
1846 2999 2070 3070 potuis-

370 3092 469 3154 set,
505 3087 718 3142 mutuis
739 3087 992 3156 epistolis
1019 3087 1328 3141 amicitiam
1359 3087 1625 3141 foverunt
1657 3087 1853 3158 (Ibid.,
1889 3087 1984 3141 lib.
2011 3089 2066 3154 9,

369 3191 490 3244 cap.
523 3176 575 3239 4,
609 3191 665 3229 n.
695 3175 774 3242 '7).
794 3175 947 3229 Inter
975 3190 1069 3229 eos
1088 3175 1238 3229 haud
1264 3175 1435 3229 dubie
1457 3175 1813 3229 numeranda
1843 3179 1926 3229 est
1945 3175 2069 3246 epi-

368 3264 514 3318 stola
536 3263 724 3329 tertia,
756 3278 823 3317 ex
853 3279 966 3333 qua
995 3267 1170 3333 patet,
1205 3263 1381 3318 libros
1410 3264 1480 3317 ab
1511 3263 1830 3335 Augustino
1872 3280 2066 3317 mense

370 3351 665 3406 novembri
687 3354 817 3405 ante
838 3351 1154 3422 Soliloquia
1181 3351 1530 3422 compositos
1561 3352 1827 3406 Nebridio
1859 3353 2070 3421 legenti

369 3439 509 3494 adeo
542 3437 817 3508 arrisisse,
845 3442 910 3492 ut
925 3439 1216 3510 gestientis
1237 3439 1416 3494 animi
1449 3443 1603 3494 motu
1625 3441 1779 3494 velut
1801 3440 2067 3511 abreptus

369 3527 661 3583 continere
679 3544 737 3582 se
759 3544 875 3582 non
896 3528 1168 3598 potuerit,
1195 3529 1504 3600 quominus
1525 3545 1656 3582 eum
1678 3529 1906 3582 beatum
1927 3545 2070 3582 nun-

370 3621 622 3688 cuparet.
657 3617 769 3672 Sua
798 3616 975 3687 igitur
994 3615 1079 3670 illi
1110 3617 1462 3688 Augustinus
1490 3633 1662 3688 super
1679 3617 1784 3670 hac
1810 3633 1872 3670 re
1904 3633 2068 3671 sensa

368 3705 622 3777 exponit,
643 3709 710 3774 et
742 3705 811 3760 de
843 3705 959 3759 suis
989 3705 1243 3777 loquitur
1273 3705 1600 3777 Soliloquis.
1637 3705 1740 3761 Ubi
1769 3706 2063 3774 conclusit,

367 3793 428 3848 in
458 3795 651 3848 animo
677 3809 797 3848 esse
822 3794 1140 3859 veritatem,
1166 3793 1224 3847 in
1247 3799 1436 3848 mente
1466 3794 1741 3849 nimirum
1771 3799 1943 3866 atque
1972 3795 2065 3848 in-

365 3881 703 3951 telligentia,
753 3881 991 3935 subdit:
1041 3882 1186 3946 Quid
1235 3882 1359 3936 huic
1397 3882 1772 3937 adversatur?
1819 3884 2065 3940 Sensus?

364 3970 738 4025 Resistendum
766 3985 888 4036 ergo
931 3970 1170 4024 sensibus
1200 3972 1324 4024 totis
1351 3973 1524 4024 animi
1552 3970 1807 4026 viribus?
1848 3973 2062 4042 Liquet.

366 4059 535 4125 Quid,
563 4060 614 4112 si
648 4059 926 4112 sensibilia
952 4060 1182 4112 nimium
1225 4058 1526 4114 delectant?
1556 4062 1680 4114 Fiat
1701 4064 1763 4113 ut
1790 4076 1895 4114 non
1930 4061 2065 4115 dele-

364 4151 523 4202 ctent.
559 4146 708 4201 Unde
733 4150 796 4216 ﬁt
815 4145 843 4201 ?
871 4147 1261 4202 Consuetudine
1285 4149 1355 4201 iis
1392 4149 1633 4216 carendi,
1669 4150 2064 4218 appetendique

362 4235 832 4305 meliora’(Epist.
869 4237 921 4301 3,
957 4251 1018 4290 n.
1067 4234 1137 4305 4).
1173 4235 1343 4289 Addit
1372 4240 1428 4289 et
1457 4237 1598 4290 illud
1629 4253 1686 4290 se
1725 4237 1785 4290 in
1829 4253 1930 4291 suo
1976 4255 2059 4291 se-

364 4339 524 4379 cessu
553 4324 844 4379 evidenter
873 4323 1190 4395 agnovisse,
1232 4325 1411 4378 animi
1442 4325 1876 4395 beatitudinem,
1930 4327 2061 4380 licet

363 4411 411 4465 is
440 4412 781 4466 immortalis
796 4429 911 4466 non
939 4416 1104 4480 esset,
1127 4412 1186 4466 in
1217 4429 1410 4467 rerum
1439 4414 1793 4468 sensibilium
1821 4415 2059 4469 delecta-

359 4497 517 4552 tione
572 4515 637 4552 ac
666 4497 936 4553 fruitione
976 4514 1093 4552 non
1141 4515 1305 4570 posse
1335 4499 1665 4555 consistere.
1709 4502 1775 4554 In
1805 4506 2058 4556 extrema

359 4590 522 4656 parte
553 4586 805 4656 epistolae
834 4586 1052 4658 aliquot
1080 4587 1163 4641 illi
1193 4587 1261 4642 de
1291 4588 1594 4642 verborum
1639 4589 1766 4658 conj
1779 4589 2057 4658 ugationi-

358 4673 465 4728 bus
494 4673 939 4745 quaestiunculas
957 4675 1229 4747 proponit
1257 4675 1440 4745 (Ibid,
1461 4691 1516 4729 n.
1551 4676 1602 4746 5)
1629 4692 1641 4729 :
1669 4676 1820 4747 quod
1846 4677 2056 4732 mirum

355 4759 538 4814 videri
576 4761 753 4832 possit
807 4761 867 4816 in
917 4762 1255 4833 Augustino,
1289 4761 1390 4833 qui
1438 4766 1493 4816 et
1537 4762 1967 4833 grammaticam
1999 4770 2057 4818 et

354 4847 701 4902 rhetoricam
748 4850 1040 4918 professus
1069 4851 1270 4905 fuerat.
1318 4849 1404 4904 Ad
1435 4848 1589 4904 idem
1641 4854 1865 4921 tempus
1909 4853 2056 4906 refe-

358 4937 536 4992 renda
565 4954 794 5010 quoque
814 4939 1037 4993 videtur
1061 4940 1303 5010 epistola
1325 4943 1546 5010 quarta,
1571 4955 1702 4994 cum
1731 4939 1917 4994 adhuc
1935 4957 2051 4995 sum

354 5025 566 5080 mentis
595 5027 785 5080 oculos
815 5026 966 5081 curis
992 5028 1353 5097 perturbatos
1384 5033 1442 5083 et
1469 5044 1663 5083 rerum
1691 5028 2047 5084 sensibilium

351 5113 536 5184 plagis
563 5113 886 5168 debilitatos
934 5115 1226 5170 sublevare
1253 5117 1302 5170 ei
1347 5133 1575 5172 necesse
1605 5121 1784 5183 esset;
1825 5120 1887 5171 ut
1917 5134 2048 5188 pcr-

351 5217 582 5257 suasum
598 5202 852 5270 haberet,
872 5203 970 5257 illa
990 5219 1120 5274 qua:
1138 5204 1537 5276 intelligimus,
1556 5205 1739 5276 magis
1758 5222 1891 5260 vera
1905 5223 2050 5277 esse,

352 5304 526 5358 quam
572 5290 682 5345 ista
735 5307 866 5363 quae
914 5292 1094 5346 oculis
1118 5292 1371 5363 subjecta
1408 5295 1713 5349 cernimus.
1771 5295 1857 5349 Ad
1895 5297 2048 5367 quod

352 5379 765 5446 perducebatur
783 5380 890 5434 hac
918 5379 1170 5434 Nebridii
1201 5380 1653 5448 ratiocinatione,
1680 5385 1935 5436 mentem
1966 5383 2048 5435 ni-

349 5464 561 5520 mirum
580 5473 751 5540 atque
773 5467 1214 5539 intelligentiam
1242 5469 1531 5540 corporeis
1563 5470 1742 5525 oculis
1763 5474 1820 5526 et
1839 5471 1944 5526 hoc
1963 5487 2048 5525 as-

347 5557 518 5622 pectu
546 5556 766 5626 vulgari
810 5573 931 5612 esse
961 5557 1279 5627 meliorem,
1311 5573 1498 5630 neque
1532 5559 1639 5614 hoc
1669 5559 1750 5615 ita
1779 5560 2041 5616 futurum

1583 309 1757 367 VITA
1795 306 1858 363 S.
1905 300 2290 361 AUGUSTINI
2332 297 2671 354 EPISCOPI.

3779 289 3889 342 140

2191 425 2386 491 fuisse,
2415 421 2525 478 nisi
2561 418 2742 490 magis
2772 420 2960 472 essent
2986 415 3086 470 illa
3113 431 3242 487 quin
3274 413 3669 482 intelligimus,
3701 429 3882 485 quam

2181 513 2293 567 ista
2324 529 2451 584 qua:
2483 511 2786 566 cernimus.
2829 511 2906 562 Ac
2936 506 3067 560 licet
3107 522 3140 559 a
3178 504 3448 559 Nebridio
3476 507 3651 574 petat,
3691 507 3886 557 utrum

2181 601 2316 655 huic
2357 596 2778 654 ratiocinationi
2822 595 2967 651 nihil
2997 595 3181 650 valide
3221 593 3522 648 inimicum
3557 593 3647 658 sit,
3690 608 3888 646 secum

2182 690 2529 756 consideret;
2571 705 2638 742 ea
2688 692 2878 742 tamen
2920 683 3030 756 ipsi
3076 683 3156 738 ita
3196 681 3402 746 arrisit,
3455 685 3518 734 ut
3555 696 3684 735 eam
3731 684 3892 751 post:

2183 778 2420 832 modum
2463 777 2524 830 in
2565 776 2680 830 suis
2729 778 2924 829 contra
2964 772 3302 828 Manichaaos
3345 769 3506 825 libris
3553 767 3891 824 adhibuerit

2183 867 2287 938 (De
2328 866 2548 922 Duabus
2583 866 2796 932 Anim,
2842 879 2898 917 n.
2943 862 3013 932 3).
3053 863 3165 915 Hac
3207 875 3301 927 ego
3330 860 3546 914 interim
3586 862 3884 922 recreatus,

2184 955 2379 1009 scribit
2393 955 2463 1009 ad
2486 952 2839 1018 Nebridium,
2865 967 2984 1006 cum
3008 953 3106 1004 Deo
3126 948 3185 1002 in
3207 949 3480 1003 auxilium
3501 947 3806 1016 deprecato,
3835 951 3887 999 et

2183 1047 2242 1098 in
2270 1045 2468 1113 ipsum,
2501 1047 2550 1096 et
2593 1044 2650 1096 in
2680 1057 2742 1095 ea
2771 1056 2888 1110 quae
2915 1041 3192 1094 verissime
3219 1053 3351 1091 vera
3390 1041 3540 1103 sunt,
3573 1037 3752 1089 attolli
3779 1051 3885 1088 cae-

2179 1147 2329 1202 pero,
2383 1136 2538 1186 tanta
2581 1143 2966 1196 nonnunquam
3007 1141 3188 1180 rerum
3238 1126 3570 1178 manentium
3610 1138 3886 1193 praesum-

2183 1223 2362 1290 ptione
2391 1221 2672 1289 compleor,
2709 1223 2769 1271 ut
2797 1219 2967 1271 mirer
3005 1215 3277 1270 interdum
3301 1215 3402 1268 illa
3432 1213 3571 1266 mihi
3599 1227 3730 1281 opus
3771 1225 3889 1265 esse

2181 1311 2612 1374 ratiocinatione,
2644 1311 2706 1362 ut
2755 1308 2861 1360 haec
2908 1321 3017 1359 esse
3054 1303 3289 1371 credam,
3336 1318 3455 1372 quae
3502 1306 3650 1355 tanta
3694 1303 3886 1354 insunt

2181 1399 2489 1469 praesentia,
2523 1401 2729 1465 quanta
2757 1396 2864 1449 sibi
2889 1393 3116 1464 quisque
3140 1395 3213 1446 sit
3240 1406 3474 1461 praesens
3503 1389 3707 1460 (Epist.
3733 1391 3788 1455 4,
3824 1406 3883 1443 n.

2181 1489 2260 1555 2).
2311 1488 2421 1540 Hac
2468 1484 2708 1556 epistola
2761 1482 3069 1553 respondet
3117 1479 3380 1536 Nebridio
3427 1477 3764 1549 postulanti,
3817 1481 3887 1530 ut

2183 1579 2465 1646 quantum
2494 1574 2554 1628 in
2585 1573 2724 1639 otio,
2747 1557 2867 1642 “quo
2893 1571 3207 1640 fruebatur,
3229 1568 3290 1622 in
3321 1566 3686 1623 sensibilibus
3711 1571 3769 1620 et
3797 1566 3887 1620 in-

2182 1664 2574 1736 telligibilibus
2602 1659 2990 1717 discernendis
3037 1657 3390 1730 profecisset,
3423 1655 3529 1710 sibi
3572 1671 3676 1727 per
3721 1655 3881 1709 litte-

2182 1770 2274 1807 ras
2305 1753 2602 1808 indicaret.
2654 1750 2739 1804 Ad
2767 1751 2889 1804 haec
2927 1747 3256 1818 respondet,
3289 1746 3347 1800 in
3388 1745 3458 1799 iis
3489 1745 3568 1799 ita
3608 1760 3666 1798 se
3703 1743 3886 1815 proti-

2182 1857 2331 1910 cere,
2362 1844 2426 1894 ut
2453 1856 2558 1911 per
2586 1843 2812 1893 aetatem
2857 1836 3136 1909 paulatim
3173 1835 3545 1906 proﬁcimus:
3581 1834 3638 1887 in
3669 1833 3760 1887 his
3799 1841 3887 1886 ta-

2183 1947 2316 1985 men
2347 1930 2530 1984 adhuc
2569 1945 2626 1982 se
2656 1943 2903 1999 puerum
2942 1943 3084 1992 esse,
3115 1926 3209 1980 sed
3257 1925 3399 1979 forte
3429 1925 3582 1979 bena
3610 1939 3708 1993 spe
3741 1939 3889 1994 prte-

2183 2019 2386 2074 ditum.
2417 2019 2479 2073 Id
2521 2017 2796 2090 temporis
2830 2015 3133 2070 Nebridius
3179 2013 3353 2067 nullis
3394 2013 3578 2068 adhuc
3625 2012 3888 2067 Ecclesiae

2183 2107 2353 2162 sacris
2385 2107 2659 2173 imbutus,
2701 2106 2956 2160 nondum
2996 2108 3116 2157 erat
3151 2101 3516 2168 Christianus,
3548 2101 3646 2155 sed
3693 2105 3888 2153 tamen

2183 2195 2576 2251 ardentissimo
2608 2193 2794 2248 studio
2815 2192 3110 2246 veritatem
3141 2189 3469 2261 inquirebat
3490 2190 3746 2259 (Confess.
3781 2188 3882 2241 lib.

2182 2289 2234 2341 9.
2265 2301 2384 2354 cap.
2420 2288 2472 2350 3,
2521 2301 2575 2338 n.
2609 2284 2681 2351 6).
2735 2284 2798 2337 Et
2840 2279 3100 2352 quamvis
3141 2278 3498 2350 Augustinus
3542 2278 3682 2332 dum
3724 2293 3786 2330 se
3819 2277 3889 2331 ad

2182 2373 2469 2429 Christum
2499 2371 2798 2437 convertit,
2822 2369 3121 2424 consilium
3157 2367 3393 2422 cedendi
3419 2366 3734 2421 Mediolano
3767 2382 3881 2418 coe-

2180 2461 2376 2534 pisset,
2410 2478 2474 2515 ex
2505 2477 2618 2533 quo
2652 2460 2900 2515 discessu
2929 2457 3216 2513 orbandus
3253 2456 3348 2510 ille
3376 2459 3499 2509 erat
3537 2453 3704 2508 amici
3743 2470 3886 2508 con-

2182 2550 2512 2618 suetudine;
2545 2550 2691 2603 hanc
2717 2553 2909 2602 tamen
2948 2546 3057 2618 ipsi
3087 2544 3475 2600 conversionis
3503 2544 3712 2598 bonam
3751 2558 3882 2613 gra-

2181 2639 2320 2694 tiam
2342 2639 2772 2710 gratulabatur:
2809 2653 2840 2690 a
2872 2653 2984 2707 qua
3009 2635 3130 2706 ipse
3163 2651 3275 2688 non
3306 2635 3474 2702 longe
3504 2633 3719 2698 aberat,
3753 2648 3885 2685 cum

2179 2727 2485 2799 Augustini
2534 2727 2856 2797 exemplum
2896 2725 3132 2796 jamjam
3181 2727 3327 2777 esset
3366 2727 3695 2787 secuturus;
3743 2737 3880 2774 nam

2181 2816 2331 2871 haud
2362 2817 2542 2870 multo
2573 2820 2705 2886 post
2729 2815 2918 2885 ipsum
2950 2829 3108 2867 sacro
3135 2813 3292 2867 fonte
3316 2812 3586 2866 lustratus
3615 2815 3720 2865 est.

2855 2903 3080 2957 CAPUT
3120 2902 3208 2956 XI.

2185 2997 2205 3048 l
2253 2992 2614 3048 Mediolanum
2655 2991 2799 3046 redit
2846 2991 3186 3059 Augustinus
3229 2989 3460 3044 daturus
3504 3003 3696 3042 nomen
3740 2989 3885 3042 inter

2250 3084 2624 3152 Competentes.
2686 3084 2719 3134 2
2773 3083 2982 3135 Interea
3046 3082 3298 3149 temporis
3351 3080 3416 3134 de
3463 3079 3880 3134 Immortalitate

2249 3175 2445 3226 anima:
2469 3171 2668 3225 librum
2704 3186 2888 3235 unum,
2926 3174 2976 3222 et
3014 3169 3238 3238 aliquod
3279 3167 3416 3223 alios
3455 3168 3520 3222 de
3560 3168 3884 3223 liberalibus

2251 3261 2560 3329 disciplinis
2587 3259 2784 3313 ibidem
2814 3259 3023 3314 scribit.
3051 3260 3434 3328 3Baptismum
3464 3257 3739 3312 sacerdote
3762 3259 3891 3311 Am-

2253 3350 2428 3404 brosio
2465 3349 2807 3402 ministrante
2851 3349 3102 3417 suscipit.
3133 3349 3167 3401 4
3205 3349 3453 3402 Ecclesiae
3481 3362 3543 3400 ea
3583 3347 3649 3400 de
3678 3362 3736 3401 re
3764 3363 3891 3414 gra-

2251 3439 2444 3492 tulatio
2485 3453 2547 3490 ac
2588 3437 2798 3490 laetitia.
2835 3439 2864 3489 5
2919 3437 3040 3501 Qua
3077 3437 3349 3490 occasione
3391 3435 3688 3489 Mediolani
3722 3438 3887 3488 insti-

2252 3530 2427 3581 tutnm
2457 3540 2568 3580 mos
2597 3525 2830 3579 canendi
2867 3526 3092 3593 hymnos
3125 3529 3175 3578 et
3215 3525 3453 3594 psalmos
3487 3526 3546 3577 in
3575 3524 3817 3578 ecclesia.
3852 3528 3884 3577 6

2248 3615 2612 3682 Augustinus,
2645 3614 2888 3667 omnibus
2919 3613 3211 3678 abdicatis,
3241 3613 3583 3682 propositum
3609 3612 3886 3666 serviendi

2247 3707 2350 3759 Deo
2391 3704 2673 3772 amplexus
2717 3702 2972 3772 adjungit
3019 3702 3232 3770 aliquos
3285 3701 3396 3755 sibi
3433 3703 3600 3756 socios
3640 3701 3884 3770 ejusdem

2243 3792 2531 3860 propositi,
2571 3805 2632 3842 ac
2651 3793 2852 3843 remeat
2871 3804 2990 3843 cum
3019 3790 3134 3843 illis
3173 3791 3232 3842 in
3271 3790 3545 3856 Africam.

2251 3884 2297 3934 1.
2343 3879 2448 3934 Ubi
2491 3883 2718 3948 tempus
2764 3878 3008 3944 advenit,
3047 3894 3162 3949 quo
3202 3878 3274 3933 ad
3326 3894 3541 3932 sacram
3573 3893 3885 3949 regenera-

2176 3968 2387 4022 tionem
2432 3966 2826 4022 catechumeni
2864 3967 3100 4021 nomina
3140 3967 3295 4034 dare,
3327 3983 3500 4038 seque
3535 3966 3596 4020 in
3636 3967 3883 4037 Compe-

2173 4056 2416 4110 tentium
2449 4072 2690 4111 numero
2728 4071 3008 4126 reponere
3055 4056 3414 4123 tenebantur,
3474 4055 3626 4128 quod
3676 4056 3885 4110 saltem

2173 4146 2277 4200 sub
2307 4145 2534 4199 initium
2574 4143 3032 4216 Quadragesimaa
3075 4144 3199 4198 ﬁeri
3247 4149 3637 4210 consueverat,
3685 4148 3883 4215 Augu-

2172 4234 2352 4288 stinus
2382 4250 2514 4288 rure
2534 4234 2732 4288 relicto
2760 4234 3144 4288 Mediolanum
3165 4233 3335 4288 rediit
3359 4250 3474 4287 una
3494 4249 3621 4286 cum
3643 4233 3876 4303 Alypio,

2171 4323 2272 4395 qui
2300 4340 2429 4378 cum
2458 4322 2581 4394 ipso
2613 4323 2830 4378 renasci
2871 4323 2930 4377 in
2964 4323 3184 4379 Christo
3222 4323 3516 4394 cupiebat;
3567 4338 3880 4394 secumque

2169 4413 2350 4467 ﬁlium
2381 4428 2549 4467 suum
2579 4413 2938 4467 Adeodatum
2961 4412 3214 4482 adduxit,
3242 4412 3497 4483 ejusdem
3521 4411 3718 4483 gratim
3742 4428 3878 4466 con-

2167 4503 2376 4553 sortem
2406 4499 2686 4564 futurum,
2734 4494 2907 4570 atque
2955 4499 3198 4553 subinde
3245 4499 3306 4553 in
3351 4515 3550 4553 eorum
3599 4498 3872 4552 societate

2167 4587 2489 4641 christianis
2517 4588 2770 4641 moribus
2796 4591 2851 4641 et
2873 4587 3151 4642 institutis
3171 4587 3568 4642 imbuendum.
3589 4587 3616 4641 J
3623 4603 3714 4640 am
3737 4602 3876 4640 sane

2166 4680 2287 4730 erat
2325 4677 2560 4747 Alypius
2597 4676 2922 4730 humilitate
2964 4676 3343 4732 Sacramentis
3380 4675 3705 4730 christianis
3735 4690 3874 4729 con-

2166 4782 2307 4836 grua
2336 4765 2590 4832 indutus,
2614 4765 2952 4820 fortissimus
2981 4765 3230 4819 domitor
3257 4764 3526 4836 corporis.
3561 4780 3748 4835 usque
3803 4765 3874 4818 ad

2167 4854 2425 4908 Italicum
2466 4853 2652 4908 solum
2683 4855 2918 4925 glaciale
2950 4854 3102 4908 nudo
3133 4854 3274 4924 pede
3305 4853 3685 4908 obterendum
3723 4851 3876 4906 inso-

2165 4943 2261 4996 lito
2292 4959 2428 4996 ausu
2478 4943 2743 5014 (Con/'ess.
2788 4943 2880 4997 lib.
2915 4946 2968 5008 9,
3009 4958 3131 5012 cap.
3169 4945 3219 5004 6,
3262 4958 3298 4996 η
3358 4945 3463 5011 14).
3507 4942 3632 5013 Ipse
3675 4946 3875 4996 autem

2163 5031 2512 5100 Augustinus
2541 5047 2715 5102 quam
2745 5031 2949 5085 idonee
2977 5034 3339 5100 comparatus
3369 5034 3536 5096 esset,
3577 5045 3646 5083 ex
3678 5029 3751 5083 iis
3781 5030 3875 5084 in-

2159 5119 2493 5190 telligimus,
2525 5135 2652 5191 quae
2684 5119 2878 5173 multis
2919 5123 3050 5189 post
3083 5119 3250 5172 annis
3279 5124 3337 5173 et
3367 5119 3436 5173 de
3468 5135 3526 5172 se
3548 5118 3672 5189 ipso
3704 5123 3762 5172 et
3801 5118 3874 5173 de

2162 5206 2286 5260 aliis
2317 5206 2573 5277 scripsit:
2622 5207 2713 5262 Au
2741 5221 2910 5276 usque
2947 5206 3079 5260 adeo
3121 5206 3527 5260 dissimulamus
3557 5221 3591 5259 a
3619 5206 3874 5260 sensibus

2158 5297 2380 5364 nostris,
2409 5299 2471 5349 ut
2488 5297 2570 5349 vel
2596 5309 2691 5350 nos
2720 5297 2864 5364 ipsos
2883 5310 2988 5349 non
3012 5294 3374 5362 recordemur,
3405 5309 3568 5363 quam
3593 5296 3874 5362 fuerimus

2159 5385 2354 5437 attenti
2381 5387 2542 5451 atque
2572 5384 2813 5450 solliciti,
2847 5384 2982 5452 quid
3003 5385 3155 5438 nobis
3193 5385 3549 5453 praeciperent
3591 5399 3628 5437 a
3667 5384 3872 5452 quibus

2159 5472 2647 5541 catechizabamur,
2670 5487 2788 5526 cum
2811 5473 2983 5538 fontis
3007 5474 3152 5527 illius
3171 5477 3515 5527 sacramenta
3534 5476 3866 5543 peteremus,

2166 5563 2329 5631 atque
2355 5559 2423 5614 ab
2452 5561 2548 5614 hoc
2577 5561 2919 5630 Conpetentes
2947 5562 3110 5616 etiam
3135 5561 3488 5616 vocaremur?
3529 5561 3622 5630 (De
3657 5561 3787 5616 Fide
3821 5565 3873 5615 et
