4048 6194
2920 104 2977 225 ἢ

2986 244 3009 283 ἳκ

219 316 305 365 tu
1656 304 1869 363 LIBER

2095 302 2294 359 NDUS.
3012 284 3025 299 ’⁷
3296 340 3301 349 -
3628 320 3727 372 142

212 440 496 508 Operibus,
528 454 585 492 n.
629 440 702 509 9).
735 438 877 491 Tum
916 451 1089 506 porro
1120 434 1376 490 Ecclesiae
1426 436 1604 491 ubera
1639 436 1768 505 post
1796 431 1917 485 lon-

212 526 507 596 gissimam
557 526 711 580 sitim
741 542 889 596 pene
936 525 1244 579 exhaustus
1274 530 1442 595 atque
1472 524 1686 588 aridus,
1717 526 1783 576 ut
1824 521 1915 575 lo-

210 615 423 686 quitur,
460 620 576 669 tota
615 614 882 669 aviditate
927 614 1215 683 repetivit,
1245 630 1426 685 eaque
1474 613 1642 667 altius
1682 614 1824 666 flens
1862 612 1919 663 et

211 721 453 776 gemens
483 704 789 769 concussit,
821 708 877 757 et
918 702 1212 774 expressit,
1245 707 1309 757 ut
1345 702 1403 757 id
1451 705 1728 764 manaret,
1762 698 1916 769 quod

210 794 257 846 ei
287 793 369 846 sic
404 792 604 846 affecto
653 792 722 846 ad
753 791 1163 845 recreatiouem
1204 790 1339 844 satis
1369 807 1489 844 esse
1519 792 1730 860 posset,
1766 791 1821 841 et
1847 786 1919 840 ad

210 899 369 953 spem
406 881 795 936 reducendam
828 880 955 934 vita:
986 896 1049 933 ac
1079 879 1275 933 salutis
1302 879 1395 949 (De
1430 879 1673 935 Utilitate
1700 876 1917 932 creden-

210 973 288 1039 di,
319 988 379 1025 n.
417 972 492 1038 2.)
1292 984 1295 991 ‘

275 1059 331 1111 2.
365 1058 480 1110 Per
532 1074 625 1111 eos
677 1056 798 1111 dies
848 1056 1059 1110 librum
1105 1056 1173 1111 de
1232 1056 1666 1110 Immortalitate
1712 1053 1917 1109 animte

210 1147 457 1215 scripsit,
492 1149 645 1200 velut
673 1145 1176 1199 commonitorium
1217 1146 1288 1199 ad
1332 1144 1677 1198 absolvenda
1714 1143 1918 1198 Solilo-

210 1235 363 1305 quia,
400 1252 535 1305 quae
589 1235 924 1305 imperfecta
973 1238 1367 1287 remanserant
1408 1236 1660 1304 (Retract.
1713 1232 1805 1286 lib.
1867 1234 1915 1291 ~l,

212 1340 324 1392 cap.
362 1327 421 1389 5,
450 1340 507 1377 η.
542 1323 619 1393 l).
649 1322 835 1386 Quare
868 1321 1076 1374 mirum
1109 1320 1289 1374 videri
1310 1338 1426 1375 non
1456 1320 1641 1385 debet,
1676 1319 1723 1373 si
1750 1319 1918 1388 hujus

212 1412 337 1466 libri
386 1412 854 1466 ratiocinationes
897 1411 1037 1464 adeo
1078 1414 1395 1463 contractas
1438 1414 1493 1462 et
1540 1408 1782 1462 breviter
1820 1423 1917 1460 ex-

208 1519 435 1572 pressas
466 1501 696 1566 dixerit,
728 1505 789 1553 ut
815 1499 903 1552 vix
937 1516 1030 1552 eas
1056 1499 1175 1569 ipse
1208 1499 1546 1569 perciperet.
1582 1500 1645 1551 In
1676 1513 1741 1550 eo
1771 1496 1915 1550 libro

208 1593 361 1644 locus
395 1594 505 1657 est,
538 1590 699 1660 cujus
737 1587 1076 1642 sententiam
1110 1605 1167 1641 se
1201 1604 1313 1641 non
1360 1603 1561 1657 capere
1612 1586 1919 1640 conﬁtetur

206 1679 396 1746 (ibid,
427 1696 486 1732 η,
513 1679 583 1746 3).
612 1676 799 1730 Nihilo
826 1681 1018 1730 tamen
1050 1676 1240 1729 minus
1270 1691 1334 1728 eo
1360 1675 1535 1728 invito
1564 1674 1710 1728 fetus
1732 1672 1836 1726 iste
1857 1672 1919 1725 in

206 1766 395 1819 lucem
425 1766 664 1836 prodiit,
696 1770 750 1818 et
772 1766 892 1835 ejus
915 1764 1182 1834 operibus
1214 1767 1618 1817 annumeratus
1645 1766 1746 1815 est.
1773 1762 1917 1814 Tum

205 1856 383 1908 etiam
416 1854 642 1925 aliquot
670 1855 738 1908 de
770 1853 1101 1907 liberalibus
1130 1852 1446 1923 disciplinis
1493 1852 1639 1906 libro
1671 1850 1917 1904 scribere

205 1960 518 2013 aggressus
539 1948 641 2009 est,
657 1959 787 1996 suos
808 1941 896 1995 his
908 1942 975 1995 de
992 1941 1531 2012 rebusinterrogans
1552 1940 1914 2005 convictores,

210 2034 307 2104 qui
341 2033 419 2086 ab
449 2030 784 2102 hujusmodi
811 2029 1015 2084 studiis
1045 2046 1162 2084 non
1191 2030 1593 2096 abhorrerent;
1624 2046 1690 2083 eo
1730 2029 1918 2083 videli-

214 2128 300 2175 cet
325 2121 552 2189 animo,
581 2124 646 2173 ut
673 2135 778 2189 per
796 2134 886 2173 res
908 2135 1210 2189 corporeae
1235 2119 1306 2173 ad
1338 2119 1660 2189 spirituales
1690 2118 1918 2188 quibus-

214 2211 347 2265 dam
377 2208 551 2280 quasi
579 2208 849 2279 gradibus
882 2207 1049 2261 certis
1078 2209 1164 2262 vel
1189 2207 1531 2278 perveniret,
1567 2209 1654 2262 vel
1673 2206 1917 2278 {duceret

203 2301 400 2369 (Ibid,
454 2316 578 2367 cap.
614 2299 684 2366 6).
728 2300 835 2352 Has
864 2297 1286 2353 lucubrationes
1329 2298 1630 2353 Mediolani
1658 2288 1912 2367 exorsus,

201 2391 391 2442 solum
433 2387 651 2440 ibidem
697 2386 766 2439 de
813 2385 1192 2440 Grammatica
1236 2386 1448 2442 librum
1480 2386 1737 2440 absolvit.
1775 2388 1913 2441 Nam

201 2494 347 2545 opus
383 2477 453 2529 de
502 2474 712 2529 Musica
740 2474 925 2544 (lbid.,
958 2490 1079 2543 cap.
1118 2478 1201 2539 ll,
1225 2490 1281 2528 η.
1318 2477 1368 2541 l)
1400 2480 1521 2527 tum
1560 2489 1789 2544 quoque
1822 2472 1914 2525 in-

199 2570 479 2636 cceptum,
510 2562 745 2617 nonnisi
770 2568 899 2632 post
929 2563 1283 2633 Baptismum
1316 2569 1373 2618 et
1416 2569 1549 2633 post
1590 2577 1913 2632 regressum

198 2654 257 2706 in
306 2652 587 2716 Africam,
623 2650 846 2721 scriptis
876 2667 975 2705 sex
1019 2650 1406 2705 voluminibus
1457 2651 1698 2704 confecit
1730 2650 1909 2721 (Ibid.,

196 2757 318 2809 cup.
356 2744 436 2809 6).
468 2744 542 2793 At
571 2740 640 2793 de
671 2739 796 2793 aliis
826 2739 1081 2810 quinque
1112 2739 1426 2810 disciplinis
1465 2741 1613 2810 apud
1648 2739 1912 2795 Mediola-

199 2847 341 2885 num
365 2828 639 2883 similiter
666 2828 966 2891 inchoatis,
992 2828 1201 2882 scilicet
1223 2828 1291 2882 de
1327 2828 1644 2896 Dialectica,
1672 2829 1741 2883 de
1770 2828 1912 2883 Rhe-

199 2917 402 2982 torica,
436 2917 510 2971 de
542 2916 913 2983 Geometrica,
940 2917 1009 2971 de
1037 2916 1429 2982 Arithmetica,
1462 2922 1516 2970 et
1546 2917 1614 2971 de
1656 2917 1911 2971 Philoso-

200 3006 354 3076 phia,
393 3004 680 3075 principia
709 3006 861 3072 (sola,
896 3004 952 3059 id
1000 3009 1104 3071 est,
1136 3005 1395 3075 ipsorum
1440 3005 1585 3059 forte
1632 3007 1910 3061 librorum

199 3097 319 3148 sola
341 3094 586 3148 exordia
608 3098 1016 3149 remanserant.
1044 3094 1383 3164 Quanquam
1401 3111 1532 3148 cum
1557 3111 1691 3147 suos
1717 3096 1914 3149 Retra-

198 3183 523 3236 ctationum
554 3181 727 3235 libros
758 3183 967 3249 ederet,
994 3184 1117 3253 jam
1147 3188 1205 3237 et
1233 3183 1352 3237 haec
1371 3182 1495 3254 ipsa
1523 3183 1821 3253 principia,
1857 3187 1911 3237 et

198 3272 412 3326 librum
446 3272 519 3325 de
550 3271 927 3325 Grammatice
955 3271 1281 3341 perdiderat
1313 3288 1325 3325 :
1369 3288 1497 3342 quae
1536 3271 1910 3325 nihilominus

197 3360 267 3414 ab
298 3359 595 3431 aliquibus
626 3359 825 3413 haberi
853 3359 1211 3413 existimabat
1240 3359 1446 3428 (Ibid).
1483 3359 1690 3429 Reipsa
1718 3360 1911 3413 omnia

198 3448 399 3502 isthmc
428 3448 707 3517 opuscula
742 3446 801 3500 in
832 3447 1067 3501 Possidii
1099 3453 1489 3502 memorantur
1528 3447 1800 3502 Indiculo.

267 3539 321 3591 3.
373 3536 635 3590 Tandem
684 3535 897 3589 factum
944 3539 1028 3588 est
1072 3535 1260 3589 divina
1307 3540 1610 3606 praestante
1665 3537 1908 3606 opitula-

197 3625 377 3694 tione,
404 3630 472 3679 ut
501 3641 605 3695 per
646 3608 959 3678 antistitem
989 3624 1350 3679 Ambrosium
1381 3628 1436 3678 et
1475 3623 1789 3678 doctrinam
1822 3642 1907 3678 sa-

198 3714 446 3768 lntarem
495 3713 758 3767 Ecclesiae
800 3712 1091 3767 catholicae
1130 3719 1187 3767 et
1223 3712 1414 3767 divina
1454 3711 1774 3782 perciperet
1810 3712 1907 3766 Sa-

199 3808 517 3869 cramenta,
552 3807 618 3856 ut
647 3801 941 3856 memoriae
984 3800 1177 3872 prodit
1201 3801 1483 3855 Possidius
1512 3817 1525 3867 ;
1560 3802 1709 3869 apud
1737 3816 1908 3870 quem

199 3892 463 3962 proxime
507 3896 640 3945 ante
687 3891 785 3944 illa
818 3891 990 3944 verba
1040 3890 1248 3961 legitur
1281 3890 1643 3958 :Proﬁciendi
1689 3892 1746 3943 in
1775 3890 1909 3943 reli-

198 3985 353 4048 gione
376 3981 553 4035 eidem
583 3982 784 4034 amoris
826 3980 993 4033 ardor
1018 3981 1240 4034 innatus
1266 3983 1362 4043 est,
1400 3994 1502 4045 quo
1528 3980 1908 4047 propinquent-

199 4072 341 4125 tibus
384 4072 579 4124 diebus
623 4072 827 4124 sanctis
884 4070 1116 4135 Paschze,
1149 4069 1343 4123 salutis
1386 4083 1586 4134 aquam
1613 4069 1910 4135 perciperet

197 4160 462 4226 (Possid.,
484 4162 543 4212 in
580 4161 709 4214 Vita
738 4142 999 4226 August,
1017 4174 1061 4211 c.
1100 4158 1168 4227 l).
1197 4156 1413 4221 Quibus
1442 4154 1629 4209 verbis
1656 4155 1905 4209 iudicare

199 4248 445 4314 videtur,
468 4247 880 4317 Augustinum,
899 4263 1029 4300 cum
1055 4247 1127 4299 ad
1158 4246 1445 4300 Christum
1473 4260 1775 4299 conversus
1805 4248 1907 4309 est,

200 4337 567 4408 Baptismatis
619 4336 678 4390 in
722 4337 985 4406 proxima
1032 4335 1288 4390 Paschali
1336 4333 1693 4387 solemnitate
1733 4333 1911 4403 perci-

198 4424 393 4495 piendi
445 4424 752 4478 consilium
797 4424 1033 4494 cepisse.
1063 4423 1171 4477 Sed
1221 4422 1355 4476 inde
1387 4419 1665 4475 Baronius
1694 4419 1910 4482 intulit,

196 4530 329 4567 eum
361 4519 629 4583 tempore
678 4513 933 4567 Paschali
979 4512 1153 4567 fuisse
1192 4514 1617 4582 regeneratum,
1663 4525 1729 4563 eo
1779 4526 1913 4563 sane

196 4603 466 4669 consilio,
509 4607 576 4656 ut
605 4602 729 4672 ejus
762 4601 1111 4672 Baptismum
1157 4601 1224 4655 ad
1257 4600 1521 4672 quintum
1552 4599 1702 4654 diem
1750 4600 1909 4665 maii,

195 4709 312 4763 quo
345 4692 443 4746 die
465 4690 621 4745 illius
643 4691 1074 4745 conversionem
1095 4689 1335 4745 Ecclesia
1357 4706 1508 4744 nunc
1534 4688 1795 4753 celebrat,
1819 4689 1914 4742 ad-

195 4785 427 4850 aptaret
449 4782 698 4847 (Baron.,
720 4781 793 4834 ad
813 4796 942 4836 ann.
961 4782 1084 4847 388,
1098 4796 1153 4833 ιη.
1168 4784 1197 4833 ‘7
1213 4778 1289 4850 l):
1314 4778 1574 4850 quamvis
1594 4794 1660 4832 ea
1677 4776 1914 4832 Possidii

192 4870 390 4936 verba,
421 4868 471 4921 si
495 4868 664 4938 juxta
691 4885 930 4932 morem,
965 4884 1138 4939 quem
1168 4870 1304 4921 tunc
1344 4865 1587 4920 Ecclesia
1629 4864 1908 4930 servabat,

192 4963 723 5028 exponantur,eum
740 4957 799 5010 in
814 4956 1039 5011 Paschae
1055 4955 1355 5027 pervigilio
1374 4954 1726 5025 baptizatum
1740 4952 1913 5007 fuisse

195 5046 567 5116 signiﬁcent:
612 5045 712 5116 qui
760 5040 1241 5099 dies‘adultorum
1288 5043 1578 5114 praecipue
1628 5042 1914 5112 Baptismo

194 5134 524 5189 destinatus
556 5138 708 5201 erat;
745 5133 826 5189 ita
855 5138 920 5188 ut
949 5138 1107 5188 extra
1137 5148 1269 5188 eum
1318 5131 1473 5186 diem
1511 5131 1722 5185 multos
1753 5130 1913 5201 aquis

193 5223 550 5277 salutaribus
571 5223 741 5277 simul
756 5222 1009 5291 abluere,
1026 5220 1512 5294 quemadmodum
1532 5220 1591 5274 in
1609 5219 1915 5291 Augustini

191 5312 640 5382 regeneratione
672 5312 894 5379 accidit,
926 5312 1256 5381 infrequens
1300 5314 1356 5364 et
1402 5324 1702 5379 perrarum
1741 5314 1908 5365 esset.

198 5397 312 5452 Hoc
342 5401 541 5471 itaque
570 5399 814 5470 contigit
842 5416 910 5454 ea
938 5403 1124 5466 nocte,
1156 5415 1285 5470 quae
1325 5398 1590 5469 quintum
1622 5402 1679 5452 et
1706 5396 1912 5451 vicesi-

200 5502 363 5543 mum
404 5488 563 5543 diem
610 5488 811 5560 aprilis
857 5488 1244 5553 antecedebat,
1278 5503 1392 5558 quo
1445 5486 1535 5542 die
1579 5485 1915 5541 Ambrosius

200 5576 417 5634 Pascha
443 5594 601 5633 anno
663 5576 953 5634 tricesimo
994 5576 1342 5648 octogesimo
1381 5574 1625 5649 septimo
1667 5592 1788 5631 esse
1826 5592 1913 5631 ce-

2030 425 2373 481 lebrandum
2400 428 2632 498 publica
2660 428 2901 500 epistola
2928 431 3284 501 probaverat.

2096 516 2149 569 4.
2186 516 2312 569 Non
2341 521 2424 571 est
2452 518 2744 573 tenuitatis
2775 524 3007 590 nostrae,
3034 520 3102 575 de
3128 519 3338 591 gaudio
3375 523 3726 591 Angelorum

2029 602 2130 657 Dei
2159 604 2218 657 in
2248 605 2403 659 caslis
2433 623 2605 676 super
2649 609 2953 679 Augustini
2984 608 3318 680 pcenitentia
3347 613 3401 663 ct
3442 612 3725 681 Baptismo

2028 708 2130 763 pro
2161 693 2436 764 dignitate
2477 696 2661 751 dicere
2694 714 2707 751 :
2743 703 2891 753 certe
2926 698 3131 753 Christi
3175 698 3234 752 in
3276 699 3441 752 terris
3488 700 3729 755 Ecclesia

2030 798 2200 835 suum
2230 783 2534 854 quotannis
2557 786 2728 840 etiam
2758 804 2909 841 nunc
2935 788 3353 858 gratulabunda
3377 790 3613 842 testatur
3638 806 3651 855 ;
3678 795 3732 844 et

2028 871 2168 925 adeo
2188 871 2464 926 eximium
2487 876 2787 929 Doctorem
2810 892 3019 946 magno
3043 876 3250 929 divina:
3273 876 3470 947 gratiae
3491 892 3729 931 munere

2028 960 2303 1014 donatum
2328 978 2658 1032 agnoscens,
2682 964 2948 1034 quintum
2978 964 3128 1019 diem
3153 964 3289 1019 maii
3315 966 3573 1037 ejusdem
3601 983 3733 1021 con-

2031 1048 2273 1102 versioni
2304 1066 2525 1104 sacrum
2557 1054 2854 1107 constituit
2886 1071 2898 1107 ε
2934 1071 3062 1124 quae
3091 1071 3263 1125 porro
3294 1071 3410 1109 non
3440 1055 3609 1109 aliam
3641 1071 3733 1110 cn-

2024 1137 2294 1207 jusquam
2344 1140 2778 1195 conversionem
2817 1142 3076 1196 instituta
3118 1141 3420 1197 festivitate
3462 1144 3728 1211 celebrat,

2028 1230 2237 1295 praeter
2266 1244 2437 1297 quam
2466 1230 2627 1282 Pauli
2659 1234 2715 1283 et
2737 1231 3058 1300 Augustini.
3083 1232 3258 1302 Hujus
3283 1236 3475 1286 tamen
3506 1249 3731 1287 conver-

2029 1314 2112 1368 sio
2126 1316 2211 1369 vel
2230 1316 2553 1386 Baptismus
2571 1318 2739 1372 tertio
2756 1335 2936 1373 nonas
2960 1320 3094 1373 maii
3116 1321 3365 1375 accidere
3389 1338 3501 1375 non
3521 1322 3725 1392 potuit.

2029 1404 2367 1475 Quanquam
2393 1406 2858 1477 nonlongissime
2889 1408 3047 1462 abest
3074 1408 3121 1462 is
3152 1409 3271 1463 dies
3300 1410 3367 1463 ab
3392 1425 3476 1475 eo,
3507 1410 3606 1481 qui
3624 1412 3729 1467 Me-

2030 1492 2347 1547 diolanensi
2368 1495 2625 1549 Ecclesia:
2646 1496 2906 1551 veniente
2939 1498 3007 1551 ad
3034 1497 3388 1567 Baptismum
3411 1498 3729 1568 Augustino

2027 1581 2258 1636 festivus
2292 1583 2414 1637 fuit.
2452 1586 2630 1638 Nemo
2662 1590 2813 1639 certe
2845 1586 2951 1640 erit
2980 1586 3078 1656 qui
3119 1602 3231 1639 non
3278 1585 3441 1640 facile
3473 1587 3728 1657 suspice-

2028 1673 2143 1736 tur,
2175 1676 2431 1726 sanctum
2470 1672 2657 1727 virum
2701 1674 2976 1728 fortunati
3004 1673 3157 1728 illius
3189 1674 3301 1728 diei
3338 1675 3730 1730 recordatione

2030 1759 2271 1813 maxime
2302 1759 2607 1815 incitatum
2638 1761 2832 1825 fuisse,
2862 1766 2927 1816 ut
2960 1764 3232 1817 Romanae
3263 1763 3520 1817 Ecclesiae
3548 1764 3609 1818 in
3637 1765 3732 1819 Vi-

2029 1846 2235 1901 ctorini
2264 1848 2629 1903 conversione
2662 1849 2922 1903 laetitiam
2952 1851 3321 1925 tam/disertis
3359 1855 3591 1922 tamque
3619 1853 3730 1923 piis

2027 1936 2213 1990 verbis
2241 1938 2621 2006 promendam
2650 1938 3120 2010 prodendamque
3159 1940 3452 1993 memoriae
3481 1946 3725 1996 curaret.

2028 2025 2305 2089 Quocirca
2334 2042 2400 2079 ex
2428 2025 2498 2079 iis
2539 2044 2667 2098 quae
2698 2027 2791 2082 ille
2840 2028 2907 2083 de
2937 2028 3225 2083 Victorino
3258 2028 3517 2099 (Confess.
3546 2029 3641 2085 lib.
3672 2034 3727 2100 8,

2028 2130 2146 2182 cap.
2196 2116 2247 2180 2,
2279 2130 2334 2167 n.
2382 2114 2457 2183 5),
2489 2114 2596 2169 hoc
2622 2120 2831 2186 praeter
2860 2116 2987 2181 alia,
3037 2121 3255 2171 mutato
3311 2117 3585 2173 duntaxat
3623 2135 3726 2174 no-

2030 2204 2203 2271 mine,
2240 2205 2309 2259 de
2356 2204 2481 2274 ipso
2525 2206 2709 2261 dicere
2738 2224 3006 2278 peraeque
3052 2207 3237 2273 liceat,
3267 2209 3423 2279 quod
3450 2207 3727 2263 nimirum

2025 2294 2126 2348 ubi
2157 2294 2411 2348 ascendit
2429 2298 2492 2348 ut
2522 2296 2845 2366 symbolum
2876 2297 2933 2350 in
2962 2296 3195 2350 ecclesia
3220 2297 3502 2364 redderet,
3528 2313 3727 2352 omnes

2025 2382 2255 2437 sibimet
2282 2382 2549 2449 invicem,
2583 2384 2826 2455 quisque
2868 2390 2929 2439 ut
2959 2402 3090 2440 eum
3130 2390 3379 2455 noverat,
3412 2386 3727 2458 instrepue-

2025 2475 2161 2526 runt
2185 2488 2393 2526 nomen
2418 2473 2540 2543 ejus
2560 2474 2797 2544 strepitu
2827 2474 3243 2544 gratulationis.
3270 2474 3404 2539 Quis
3436 2479 3626 2530 autem
3647 2475 3727 2530 ibi

2023 2576 2142 2614 non
2189 2577 2321 2614 eum
2368 2561 2641 2615 noverat?
2671 2562 2736 2615 Et
2781 2562 2975 2616 sonuit
3018 2579 3210 2634 presso
3251 2563 3440 2619 sonitu
3480 2580 3584 2634 per
3629 2580 3729 2619 ora

2024 2654 2358 2704 cunctorum
2401 2650 2812 2705 collmtantium
2853 2668 2866 2705 :
2923 2652 3299 2722 Augustinus!
3344 2654 3722 2723 Augustinus!

2025 2736 2143 2792 Cito
2174 2742 2528 2792 sonnuerunt
2577 2738 2943 2805 exultatione,
2978 2739 3111 2809 quia
3158 2740 3427 2794 videbant
3464 2757 3597 2794 eum
3625 2758 3639 2808 ;
3672 2744 3727 2793 et

2023 2826 2134 2880 cito
2185 2826 2466 2880 siluerunt
2505 2826 2849 2892 intentione,
2884 2831 2947 2879 ut
2975 2826 3241 2882 audirent
3278 2843 3429 2881 eum.
3464 2829 3723 2882 Pronun-

2021 2913 2183 2967 tiavit
2210 2914 2307 2968 ille
2336 2914 2507 2968 ﬁdem
2534 2931 2791 2968 veracem
2818 2916 3092 2984 praeclara
3122 2914 3348 2981 fiducia,
3378 2920 3432 2969 et
3462 2915 3726 2969 volebant

2024 3018 2157 3056 eum
2204 3018 2403 3055 omnes
2447 3019 2647 3073 rapere
2693 3002 2843 3057 intro
2889 3004 2949 3057 in
2988 3020 3083 3057 cor
3126 3020 3313 3069 suum,
3342 3008 3397 3057 et
3423 3003 3726 3073 rapiebant

2024 3092 2268 3145 amando
2299 3095 2356 3145 et
2394 3091 2716 3161 gaudendo.
2751 3094 2848 3146 Hie
2896 3092 3243 3163 rapientium
3287 3108 3490 3145 manus
3537 3096 3720 3149 erant.

2022 3179 2181 3235 Multi
2211 3179 2441 3250 quidem
2482 3196 2549 3234 ex
2594 3181 2969 3250 profundiore
3008 3186 3218 3235 tartaro
3251 3181 3519 3235 caecitatis
3552 3198 3725 3252 quam

2020 3268 2395 3340 Augustinus,
2421 3269 2664 3323 redeunt
2690 3270 2759 3323 ad
2783 3271 2962 3323 Deum
2988 3287 2999 3324 :
3033 3271 3133 3324 sed
3160 3270 3207 3323 si
3232 3270 3418 3325 minus
3445 3270 3568 3325 noti
3594 3275 3726 3324 sunt

2020 3358 2275 3427 populis,
2310 3358 2496 3412 minus
2542 3360 2609 3412 de
2655 3358 2767 3411 illis
2814 3359 3066 3428 gaudent
3094 3358 3266 3412 etiam
3305 3358 3406 3430 qui
3443 3362 3727 3415 noverunt

2021 3461 2146 3499 eos:
2181 3446 2281 3517 qui
2311 3451 2501 3501 autem
2531 3446 2724 3499 multis
2754 3447 2897 3513 noti,
2916 3447 3107 3500 multis
3139 3452 3270 3501 sunt
3297 3447 3619 3502 auctoritati
3651 3448 3724 3502 ad

2020 3535 2283 3601 salutem,
2311 3539 2367 3589 et
2394 3535 2588 3589 multis
2615 3540 2880 3606 praeeunt
2909 3536 3200 3589 secuturis.
3241 3538 3374 3590 Plus
3414 3536 3584 3589 etiam
3616 3538 3720 3590 ho-

2022 3623 2120 3675 stis
2152 3623 2396 3676 vincitur
2426 3623 2486 3676 in
2514 3640 2579 3677 eo
2625 3639 2796 3694 quem
2838 3624 2968 3693 plus
2996 3627 3169 3691 tenet,
3200 3628 3255 3678 et
3285 3625 3353 3678 de
3380 3640 3492 3694 quo
3531 3625 3725 3694 plures

2019 3713 2195 3766 tenet.
2229 3711 2361 3764 Plus
2391 3714 2584 3764 autem
2622 3710 2897 3781 superbos
2944 3715 3099 3764 tenet
3139 3710 3367 3765 nomine
3398 3710 3723 3774 nobilitatis,

2022 3801 2078 3852 et
2108 3798 2177 3852 de
2223 3798 2312 3852 his
2350 3799 2543 3868 plures
2584 3798 2818 3852 nomine
2864 3799 3233 3854 auctoritatis.
3284 3799 3505 3864 Quanto
3549 3799 3726 3871 igitur

2020 3887 2240 3958 gratius
2280 3887 2640 3958 cogitabatur
2678 3887 2980 3959 Augustini
3008 3893 3228 3958 pectus,
3262 3889 3415 3959 quod
3446 3892 3723 3960 tanquam

2021 3975 2465 4047 inexpugnabile
2508 3977 2932 4047 receptaculum
2979 3977 3235 4031 diabolus
3284 3977 3628 4045 obtinuerat,
3671 3982 3727 4031 et

2020 4064 2326 4135 Augustini
2352 4064 2572 4135 lingua,
2596 4082 2708 4136 quo
2732 4066 2845 4120 telo
2868 4066 3072 4136 grandi
3104 4071 3155 4121 et
3178 4070 3342 4121 acuto
3365 4067 3575 4120 multos
3598 4082 3729 4136 per-

2023 4158 2269 4221 emerat;
2292 4156 2450 4208 tanto
2464 4152 2844 4208 abundantius
2856 4154 3138 4209 exsultare
3152 4154 3402 4225 oportuit
3413 4154 3559 4208 ﬁlios
3576 4157 3723 4221 tuos,

2024 4243 2157 4313 quia
2190 4244 2304 4297 Rex
2338 4248 2535 4298 noster
2558 4243 2813 4313 alligavit
2831 4244 3056 4309 fertem,
3087 4249 3139 4298 et
3166 4243 3431 4298 videbant
3451 4260 3581 4296 vasa
3603 4244 3725 4314 ejus

2024 4337 2220 4403 erepta
2247 4332 2533 4400 mundari,
2567 4336 2624 4386 et
2652 4332 2839 4403 aptari
2867 4333 2928 4387 in
2974 4334 3251 4387 honorem
3295 4336 3482 4399 tuum,
3514 4336 3568 4386 et
3597 4332 3726 4386 ﬁeri

2023 4420 2186 4475 utilia
2227 4421 2470 4476 Domino
2518 4422 2587 4477 ad
2638 4436 2810 4477 omne
2856 4438 2997 4493 opus
3042 4422 3256 4475 bonum
3298 4419 3482 4491 (Ibid,
3517 4437 3636 4491 cap.
3669 4422 3725 4490 4,

2023 4529 2077 4567 n.
2113 4513 2185 4582 9).

2095 4603 2145 4654 ὅ.
2178 4602 2710 4670 ΒαΡτίΖαιιίηειιηιαε,
2758 4598 2947 4670 inquit
2988 4598 3360 4670 Augustinus,
3406 4603 3457 4653 et
3499 4600 3648 4668 fugit
3693 4616 3728 4654 a

2024 4690 2175 4743 nobis
2200 4689 2507 4745 sollicitudo
2533 4691 2659 4744 vita
2682 4690 2999 4758 praeteritae.
3038 4689 3140 4744 Nec
3166 4688 3415 4742 satiabar
3455 4690 3566 4744 illis
3605 4689 3727 4743 dic-

2027 4778 2121 4832 bus
2152 4777 2431 4832 dulcedine
2459 4778 2716 4847 mirabili,
2747 4777 3085 4832 considerare
3126 4777 3471 4832 altitudinem
3517 4779 3729 4833 consilii

2025 4870 2108 4922 tui
2152 4883 2313 4937 super
2361 4869 2588 4923 salutem
2641 4869 2850 4935 generis
2904 4868 3147 4923 humani.
3195 4868 3465 4935 Quantum
3490 4871 3615 4938 ﬂevi
3668 4872 3727 4923 in

2025 4957 2242 5025 hymnis
2272 4961 2321 5011 et
2350 4959 2574 5012 canticis
2624 4960 2753 5023 tuis,
2779 4959 3187 5012 suavesonantis
3216 4958 3466 5012 Ecclesia:
3509 4962 3612 5012 tua:
3639 4973 3729 5011 vo-

2026 5046 2174 5099 cibus
2217 5054 2502 5100 commotus
2529 5047 2771 5100 acriter?
2824 5048 2986 5101 Voces
3023 5047 3130 5101 illa:
3171 5047 3467 5115 z'n/luebant
3502 5046 3728 5100 auribus

2023 5134 2175 5200 meis,
2208 5137 2257 5187 et
2282 5134 2626 5201 eliquabatur
2662 5134 2865 5189 veritas
2896 5137 2954 5189 in
2979 5151 3068 5189 cor
3095 5152 3286 5205 meum,
3319 5141 3369 5191 et
3396 5134 3727 5190 exaestuabat

2024 5220 2149 5274 inde
2180 5220 2403 5289 affectus
2429 5223 2674 5289 pietatis,
2698 5227 2747 5277 et
2767 5224 3055 5277 currebant
3077 5225 3348 5294 lacrymze,
3374 5228 3423 5278 et
3444 5224 3568 5277 bene
3591 5223 3727 5277 mihi

2024 5314 2140 5363 erat
2165 5325 2283 5363 cum
2302 5311 2375 5363 eis
2400 5309 2568 5379 (Ibid.
2587 5352 2601 5379 ,
2622 5312 2718 5366 lib.
2743 5315 2794 5381 9,
2817 5329 2938 5382 cap.
2963 5315 3013 5379 6,
3038 5328 3092 5367 n.
3130 5314 3235 5382 14).
3260 5313 3449 5366 Annus
3471 5315 3607 5379 erat,
3632 5317 3728 5367 aut

2022 5414 2129 5453 non
2154 5399 2321 5452 multo
2346 5400 2578 5469 amplius
2607 5405 2761 5469 (puta
2790 5401 3042 5455 tredecim
3069 5402 3282 5455 circiter
3304 5414 3504 5455 menses
3525 5416 3592 5454 ea:
3622 5416 3727 5471 quo

2024 5489 2132 5542 ista
2151 5487 2470 5542 consuetudo
2490 5488 2785 5543 Mediolani
2804 5489 3075 5559 carperat),
3099 5504 3217 5543 cum
3234 5489 3452 5543 Justina
3475 5491 3729 5559 Augusta

2030 5576 2402 5633 Valentiniani
2412 5578 2555 5646 regis
2564 5580 2728 5649 pueri
2744 5582 2918 5633 mater
2937 5579 3198 5632 hominem
3219 5580 3368 5633 tuum
3384 5578 3730 5635 Ambrosium
