4048 6194
306 384 315 397 ⁸
346 322 444 376 143

335 442 749 509 persequeretur
778 437 993 491 haeresis
1016 450 1127 490 sua
1154 450 1338 503 causa,
1366 451 1476 503 qua
1511 437 1696 503 fuerat
1723 434 1942 489 seducta
1971 431 2038 487 ab

343 530 609 592 Arianis;
638 525 790 598 quod
815 541 1045 580 narrare
1074 524 1263 596 pergit
1282 525 1631 595 Augustinus
1656 524 1714 577 in
1746 524 1897 578 hunc
1925 539 2041 576 mo-

344 617 481 671 dum
512 631 527 669 :
548 614 869 669 Excubabat
890 615 991 683 pia
1015 613 1164 682 plebs
1190 615 1250 666 in
1277 614 1513 678 ecclesia,
1536 615 1674 667 mori
1687 617 1890 682 parata
1919 627 2041 666 cum

342 709 585 775 episcopo
610 720 723 767 suo,
756 720 906 758 servo
937 708 1043 756 tuo.
1076 703 1160 756 Ibi
1187 707 1360 756 mater
1387 718 1523 769 mea,
1555 703 1755 757 ancilla
1786 706 1898 767 tua,
1930 704 2042 755 sot—

345 795 648 849 licitudinis
678 798 726 847 et
746 794 1062 860 vigiliarum
1086 794 1294 860 primas
1316 796 1515 858 tenens,
1537 790 1871 845 orationibus
1894 792 2033 845 vive-

345 883 455 938 bat.
478 884 587 939 Nos
607 882 783 935 adhuc
800 881 1004 948 frigidi
1022 896 1056 933 a
1084 880 1253 933 calore
1282 881 1511 949 spiritus
1531 881 1630 938 tui,
1671 879 2045 933 excitabantur

344 977 521 1026 tamen
566 973 784 1026 civitate
831 971 1061 1023 attonita
1103 972 1265 1038 atque
1316 969 1554 1022 turbata.
1591 970 1736 1023 Tunc
1766 970 1954 1036 hymni
1993 974 2043 1022 et

336 1061 541 1131 psalmi
564 1065 626 1114 ut
655 1062 971 1113 canerentur
997 1057 1287 1111 secundum
1314 1073 1511 1112 morem
1542 1058 1897 1113 Orientalium
1908 1074 2042 1127 par-

343 1152 498 1214 tium,
525 1163 591 1201 ne
626 1147 859 1217 populus
901 1147 1142 1199 maeroris
1183 1145 1339 1199 ta’dio
1385 1145 1791 1213 contabesceret,
1816 1144 2044 1197 institu-

341 1242 456 1293 tum
487 1243 602 1307 est;
635 1242 686 1292 et
713 1252 780 1290 ea:
817 1236 910 1289 illo
947 1237 1006 1289 in
1046 1236 1363 1289 hodiernum
1399 1239 1681 1302 retentum,
1716 1235 1899 1288 multis
1925 1232 2043 1300 jam

341 1343 402 1381 ac
425 1342 558 1397 pene
586 1325 832 1381 omnibus
860 1324 1111 1391 gregibus
1147 1325 1274 1390 tuis,
1307 1327 1358 1377 et
1380 1339 1477 1393 ptr
1512 1328 1701 1378 caetera
1743 1323 1887 1377 orbis
1915 1322 2041 1374 imi-

342 1417 584 1470 tantibus
616 1415 804 1483 (Ibid.,
828 1429 948 1483 cap.
970 1417 1097 1482 7,n.
1126 1413 1237 1481 l5.)
1272 1412 1740 1483 Experimentum
1759 1409 2041 1477 utilitatis,

342 1520 472 1576 quae
520 1520 588 1558 ex
626 1519 784 1557 sacra
828 1501 1087 1556 Ecclesim
1128 1501 1518 1556 modulatione
1545 1499 1881 1572 percipitur,
1912 1514 2041 1553 cum

341 1592 517 1648 etiam
547 1592 943 1646 recordaretur
970 1589 1067 1643 Vir
1089 1594 1334 1656 sanctus,
1366 1590 1665 1659 lacrymas,
1690 1606 1831 1660 quas
1854 1588 2045 1643 divina

341 1681 559 1735 cantica
604 1680 665 1734 in
710 1683 1059 1751 recuperatas
1088 1678 1221 1733 fidei
1250 1680 1368 1732 suae
1404 1677 1731 1749 primordiis
1769 1694 1837 1731 ex.
1866 1676 2044 1748 ipsius

342 1770 521 1825 oculis
562 1769 891 1834 elicuerunt,
925 1784 1055 1823 eum
1104 1768 1172 1823 ad
1222 1767 1375 1821 istud
1417 1768 1675 1823 Ecclesia:
1719 1767 2042 1822 institutum

342 1858 836 1930 comprobandum
862 1873 1090 1928 semper
1111 1855 1334 1912 induxit
1360 1855 1546 1929 (Ibid,
1569 1857 1665 1912 lib.
1694 1858 1778 1920 l0,
1807 1871 1926 1926 cap.
1952 1859 2041 1922 33,

339 1966 397 2004 n.
433 1948 547 2019 50).

412 2039 463 2091 6.
504 2038 776 2107 Percepta
805 2032 1081 2104 Baptismi
1110 2033 1293 2105 gratia
1318 2049 1453 2088 mox
1482 2033 1836 2105 Augustinus
1866 2049 1932 2088 ex
1955 2033 2039 2087 in-

340 2125 498 2181 timis
552 2125 740 2180 cordis
790 2123 1078 2191 medullis,
1135 2122 1418 2194 quidquid
1474 2123 1597 2194 spei
1653 2124 1926 2178 collocare
1983 2123 2043 2178 in

342 2215 549 2270 saeculo
592 2212 890 2285 potuisset,
939 2211 1259 2278 abdicavit;
1296 2212 1421 2281 jam
1465 2228 1583 2267 non
1634 2228 1893 2280 uxorem,
1925 2227 2042 2266 non

339 2304 572 2371 liberos,
619 2318 739 2357 non
786 2300 1031 2367 divitias,
1061 2317 1177 2355 non
1206 2301 1509 2372 dignitates
1559 2306 1912 2368 consectans,
1944 2302 2042 2356 sed

342 2391 446 2446 soli
477 2392 590 2445 Deo
638 2405 769 2444 cum
812 2388 930 2443 suis
969 2388 1180 2443 servire
1226 2389 1596 2455 constituens,
1630 2392 1695 2443 ut
1721 2387 1930 2459 pusillo
1959 2388 2043 2442 illi

342 2477 504 2549 gregi
534 2476 999 2544 adescriberetur,
1022 2476 1115 2530 cui
1145 2492 1389 2548 regnum
1419 2493 1586 2531 suum
1613 2476 1914 2547 pollicetur
1943 2478 2045 2532 Do-

343 2566 557 2635 minus,
589 2569 644 2620 et
673 2581 845 2637 quem
892 2565 960 2619 ad
999 2565 1386 2636 possessiones
1424 2564 1748 2619 vendendas
1793 2581 1855 2618 ac
1901 2581 2042 2635 pau-

341 2655 574 2727 peribus
603 2653 917 2725 erogandae
947 2653 1304 2708 adhortatur.
1338 2655 1535 2725 Itaque
1566 2670 1736 2725 super
1762 2654 1897 2709 fidei
1921 2655 2047 2709 fun-

341 2745 675 2800 damentum
704 2743 848 2797 nihil
887 2742 994 2796 nisi
1022 2758 1226 2797 aurum
1270 2746 1325 2796 et
1358 2746 1661 2813 argentum
1691 2747 1748 2797 et
1788 2760 2045 2814 gemmas

342 2838 652 2898 exstruere,
685 2834 915 2903 soloque
940 2831 1091 2886 victu
1144 2832 1213 2886 ad
1244 2832 1515 2894 tuendam
1548 2832 1801 2904 corporis
1829 2833 2046 2902 valetu-A

341 2922 534 2978 dinem
562 2921 879 2976 necessario
909 2925 1211 2975 contentus
1255 2938 1375 2975 esse
1422 2921 1711 2975 decrevit:
1744 2938 1876 2976 cum
1914 2928 2043 2976 ante

341 3011 512 3068 variis
540 3010 946 3082 cupiditatibus
965 3014 1022 3065 et
1040 3010 1520 3065 sollicitudinibus
1551 3010 1801 3065 irretitus
1821 3002 2043 3065 tenere-

343 3105 439 3154 tur
470 3099 790 3169 (Possidius,
813 3101 870 3152 in
892 3100 1020 3153 Vita
1042 3101 1296 3166 August.,
1315 3115 1360 3154 c.
1392 3101 1472 3170 2).
1497 3100 1562 3153 In
1588 3099 1826 3154 dubium
1856 3100 2045 3155 vocari

343 3204 457 3242 non
504 3192 712 3258 potest,
746 3185 888 3258 quin
934 3187 1195 3257 Alypius,
1224 3191 1436 3258 praeter
1482 3188 1623 3241 alios
1652 3188 1954 3259 quosdam,
1994 3190 2045 3244 ei

342 3276 490 3330 foret
519 3275 775 3346 ejusdem
796 3274 993 3346 placiti
1019 3274 1285 3330 societate
1307 3275 1622 3331 devinctus.
1646 3277 1888 3332 Evodius
1909 3295 2043 3332 sane

344 3365 724 3437 Tagastensis,
756 3367 1030 3435 operante
1066 3364 1178 3418 Deo
1220 3362 1320 3434 qui
1365 3363 1622 3418 habitare
1667 3364 1802 3419 facit
1835 3365 2041 3419 unani-

343 3471 465 3510 mes
494 3454 555 3508 in
597 3454 788 3520 domo,
820 3468 880 3506 se
911 3452 1130 3507 socium
1177 3452 1291 3506 illis
1328 3452 1607 3523 adjnnxit.
1643 3453 1693 3506 Is
1721 3453 1881 3524 prior
1919 3455 2038 3507 Au-

342 3543 571 3614 gustino
593 3543 662 3597 ad
688 3543 870 3597 Deum
897 3558 1201 3597 conversus
1221 3546 1343 3597 erat
1368 3546 1423 3597 et
1440 3540 1761 3613 baptizatus
1782 3542 2037 3613 (Confess.

342 3634 436 3688 lib.
485 3635 537 3697 9,
569 3647 689 3702 cap.
723 3634 776 3698 8,
804 3647 861 3686 η.
908 3629 1009 3704 t7).
1048 3632 1258 3686 Omnes
1299 3630 1358 3685 in
1400 3632 1515 3685 Deo
1544 3631 1668 3701 jam
1714 3631 2039 3697 consociati,

341 3722 510 3777 simul
550 3722 857 3792 degebant:
904 3736 1151 3791 quorum
1199 3720 1458 3775 omnium
1506 3720 1764 3775 Monnica
1806 3721 2042 3792 perinde

340 3826 536 3866 curam
582 3808 833 3879 gerebat,
876 3824 939 3862 ac
987 3808 1034 3861 si
1085 3808 1444 3879 singulorum
1488 3825 1696 3879 parens
1741 3809 2043 3864 exstitisset

338 3900 504 3968 Ibid,
535 3913 653 3968 cap.
689 3901 743 3964 9,
785 3912 843 3952 η.
876 3896 986 3967 22).
1020 3897 1333 3952 Perfectam
1376 3897 1593 3968 pariter
1639 3898 1816 3952 vitam
1869 3914 2039 3969 agere

340 3985 552 4057 singuli
580 3988 894 4040 statuerant
925 3999 938 4037 :
963 3984 1031 4038 de
1063 3982 1182 4038 loco
1216 3985 1400 4039 solum
1428 3984 1681 4039 consiliis
1710 3985 1828 4040 suis
1854 4003 1918 4041 ac
1949 4004 2044 4041 vo-

338 4072 412 4126 tis
424 4074 746 4142 opportuno
775 4069 1127 4125 laborabant.
1144 4072 1317 4127 Simul
1336 4088 1568 4141 eramus,
1594 4072 1867 4143 ait,simul
1889 4074 2043 4128 habi-

338 4162 512 4215 taturi
548 4160 753 4231 placito
799 4163 982 4213 sancto
1013 4175 1026 4213 :
1061 4160 1427 4228 quaerebamus
1476 4163 1726 4231 quisnam
1757 4162 1899 4216 locus
1942 4178 2037 4216 nos

333 4250 525 4305 utilius
554 4247 772 4304 haberet
798 4249 1083 4303 servientes
1114 4248 1218 4303 tibi
1248 4250 1440 4318 (Ibid.,
1472 4266 1593 4320 cap.
1626 4253 1675 4314 8,
1698 4266 1755 4305 n.
1791 4250 1891 4320 t7).
1916 4252 2035 4305 Non

336 4338 491 4394 enim
539 4337 648 4392 alio
693 4336 981 4408 spectabat
1024 4337 1295 4408 placitum
1328 4338 1477 4394 istud
1508 4356 1707 4395 eorum
1756 4345 2037 4407 sanctum,

334 4426 538 4481 nisiut
581 4430 770 4497 spreto
801 4425 1018 4481 mundo
1066 4424 1236 4480 simul
1270 4428 1384 4481 Deo
1433 4428 1714 4483 servirent
1743 4445 1757 4484 :
1791 4429 1890 4501 qui
1913 4430 2035 4500 jam

331 4531 451 4571 non
477 4516 659 4569 solum
690 4515 982 4570 christiani
1006 4515 1273 4570 catholici
1304 4517 1374 4571 ab
1418 4522 1677 4588 suscepta
1721 4517 1831 4572 ﬁde
1863 4523 1918 4573 et
1944 4536 2034 4574 sa-

328 4620 424 4660 cra
475 4604 928 4675 regeneratione,
979 4605 1075 4660 sed
1132 4604 1305 4660 etiam
1379 4610 1704 4676 contempta
1768 4606 2035 4662 felicitate

328 4698 557 4749 terrena
600 4693 747 4748 servi
776 4693 879 4748 Dei
908 4696 1095 4749 essent
1122 4694 1311 4764 (Ibid,
1350 4694 1444 4750 lib.
1478 4698 1530 4761 9,
1563 4710 1682 4765 cap.
1721 4697 1805 4758 lO,
1832 4711 1887 4749 η.
1921 4698 2031 4764 26),

331 4799 396 4837 ac
418 4798 550 4836 vere
572 4781 693 4852 jam
723 4781 857 4835 inde
888 4782 1169 4851 monachi,
1197 4783 1267 4838 ad
1294 4782 1703 4855 perfectionem
1733 4784 2034 4839 mandato-

331 4887 461 4926 rum
491 4870 696 4926 Christi
721 4872 1161 4927 contendentes:
1180 4872 1651 4945 quandoquidem
1680 4874 2033 4944 Augustinus

327 4960 419 5016 his
447 4959 689 5032 ipsemet
732 4959 1062 5015 nominibus
1100 4960 1251 5016 haud
1280 4966 1513 5015 veretnr
1542 4961 1832 5031 appellare
1873 4961 2032 5015 Albi-

327 5067 483 5117 nam,
513 5048 838 5115 Pinianum,
872 5052 929 5103 et
957 5048 1277 5117 Melaniam,
1306 5066 1433 5105 cum
1466 5049 1527 5103 in
1555 5049 1742 5104 Africa
1770 5050 2031 5121 peregri-

325 5145 528 5197 nantes
555 5137 836 5212 persimili
864 5137 1072 5210 placito
1128 5143 1319 5195 sancto
1366 5157 1456 5195 res
1501 5155 1631 5195 suas
1676 5139 2030 5211 pauperibus

326 5231 762 5296 distribuerent;
795 5243 929 5282 nam
959 5228 1068 5300 ipsi
1097 5229 1332 5296 omnino
1360 5233 1511 5295 sunt,
1543 5246 1690 5302 quos
1717 5228 2029 5300 implenda:

317 5318 642 5389 jurationis,
664 5317 889 5374 tametsi
918 5317 988 5372 ab
1018 5317 1258 5372 Piniano
1289 5322 1544 5386 extortae,
1577 5318 1927 5390 obligatione
1959 5333 2026 5372 eo

324 5409 514 5465 minus
539 5409 755 5465 absolvi
795 5425 958 5482 posse
993 5408 1303 5476 contendit,
1337 5408 1491 5480 quod
1529 5409 1783 5480 praestita
1814 5408 1913 5462 illa
1937 5408 2029 5478 ju-

321 5496 468 5553 ratio
498 5503 646 5555 esset
673 5499 979 5555 Servorum
1011 5496 1113 5552 Dei
1144 5513 1381 5553 munere
1411 5497 1725 5553 sanctitatis
1752 5495 2025 5568 praaemi-

316 5585 603 5653 nentium,
629 5588 1036 5645 Monachorum
1064 5586 1132 5644 ad
1164 5587 1574 5659 perfectionem
1618 5587 2023 5643 mandatorum

1600 312 1769 367 VITA
1811 310 1864 365 S.
1908 309 2295 367 AUGUSTINI
2338 308 2675 365 EPISCOPI.

3754 309 3862 362 144

2151 433 2361 487 Christi
2409 448 2604 487 rerum
2651 432 2821 487 etiam
2871 447 3105 487 suarum
3166 432 3562 487 distributione
3617 448 3857 487 curren-

2148 520 2292 575 tium
2324 523 2523 591 (Epist.
2560 525 2753 590 l26,n.
2788 522 2891 591 ll).
2916 521 3134 576 Placuit
3164 521 3359 593 itaque
3386 522 3702 593 Augustino
3722 538 3862 576 cum

2148 610 2362 664 civibus
2395 611 2511 664 suis
2542 614 2595 664 et
2625 610 2838 679 amicis,
2878 611 2979 682 qui
3016 628 3074 665 se
3131 611 3231 665 Dei
3260 611 3488 666 servitio
3512 611 3727 683 pariter
3757 612 3863 665 ad-

2150 698 2430 766 dixerunt,
2465 700 2521 753 in
2553 700 2800 754 Africam
2831 716 3089 754 remeare
3121 700 3443 769 (Possidius,
3485 703 3544 755 in
3582 702 3707 755 Vita
3733 701 3862 754 Au-

2148 793 2316 855 gust.,
2366 804 2413 843 c.
2456 790 2533 857 3).
2591 790 2731 843 Cum
2779 805 2845 843 eo
2893 794 3018 843 erat
3073 788 3341 859 Navigius
3392 790 3566 842 frater
3595 789 3861 858 (Confess.

2148 876 2242 930 lib.
2276 880 2328 943 9,
2373 892 2494 946 cap.
2532 880 2619 944 ll,
2650 894 2707 931 η.
2737 881 2799 931 27
2838 895 2851 932 :
2900 882 2957 932 et
2986 894 3115 932 cum
3146 878 3216 932 ad
3249 877 3402 931 Ostia
3430 877 3698 932 Tiberina
3732 893 3865 948 per-

2149 964 2416 1032 venisset,
2476 981 2627 1019 anno
2680 965 2863 1021 aetatis
2921 982 3038 1020 suae
3095 964 3392 1036 trigesimo
3444 965 3615 1020 tertio
3675 969 3864 1020 matre

2150 1055 2380 1109 orbatus
2407 1059 2495 1109 est
2521 1055 2709 1124 (Ibid,
2734 1072 2797 1109 η.
2832 1058 2946 1125 28),
2969 1060 3139 1127 atque
3165 1055 3306 1110 adeo
3335 1059 3464 1110 ante
3485 1054 3612 1110 idus
3627 1071 3866 1109 novem-

2149 1142 2280 1197 hres
2310 1143 2482 1213 hujus
2509 1143 2647 1197 anni
2678 1143 3065 1198 trecentesimi
3096 1142 3435 1215 octogesimi
3464 1142 3711 1214 septimi.
3746 1142 3866 1198 Sed

2152 1248 2267 1286 non
2295 1232 2478 1286 multo
2508 1237 2641 1286 ante
2669 1232 2897 1287 videtur
2924 1231 2984 1286 id
3012 1232 3340 1303 contigisse.
3371 1231 3675 1287 Proﬁtetur
3702 1231 3866 1286 enim

2149 1318 2506 1387 Augustinus
2527 1320 2712 1374 multa
2734 1335 2792 1373 se
2806 1318 2993 1373 studio
3013 1319 3303 1374 brevitatis
3327 1306 3617 1389 prieterire
3635 1318 3864 1389 (Ibid):

2150 1407 2302 1461 unde
2328 1407 2607 1478 quamdiu
2625 1407 2923 1463 Mediolani
2945 1413 3074 1479 post
3092 1407 3446 1479 Baptismum
3473 1411 3867 1463 commoratus

2151 1495 2243 1563 sit,
2270 1495 2509 1550 definire
2539 1512 2654 1551 non
2683 1512 3009 1568 possumus.

2816 1586 3041 1641 CAPUT
3070 1586 3188 1639 ιΧΙῐ.

2156 1676 2174 1728 1
2216 1675 2381 1729 Beata
2425 1674 2678 1728 Monnica
2714 1674 3034 1743 parentibus
3072 1674 3387 1728 christianis
3435 1676 3589 1741 nata,
3619 1675 3671 1726 et
3707 1670 3869 1741 apud

2222 1761 2367 1831 ipsos
2394 1762 2590 1831 pudice
2613 1778 2677 1817 ac
2706 1762 2879 1817 sobrie
2902 1763 3131 1818 educata
3157 1766 3254 1817 est.
3283 1765 3317 1816 2
3348 1762 3524 1827 Quam
3554 1760 3864 1815 laudabiles

2222 1851 2339 1917 ejus
2367 1853 2427 1905 in
2473 1851 2725 1920 conjugio
2752 1866 2945 1907 mores.
2979 1854 3009 1906 3
3055 1837 3209 1907 Anno
3235 1852 3413 1905 aetatis
3440 1849 3867 1921 quadragesimo

2230 1938 2432 1994 orbata:
2461 1942 2599 2007 viro,
2631 1940 2899 2009 reliquam
2926 1942 3098 1995 vitam
3126 1954 3331 1994 onmem
3371 1940 3429 1992 in
3471 1939 3584 2008 piis
3610 1937 3869 2008 operibus

2222 2028 2493 2083 traduxit.
2527 2030 2561 2083 4
2608 2028 2818 2095 Quanto
2845 2030 3052 2099 majore
3095 2028 3460 2084 sollicitudine
3487 2027 3865 2093 Augustinum

2217 2118 2522 2185 parturivit
2547 2119 2768 2187 spiritu,
2796 2133 2961 2188 quam
2990 2133 3151 2172 carne
3175 2118 3536 2188 parturierat.
3572 2119 3601 2170 5
3629 2117 3865 2170 Interest

2217 2207 2606 2276 philosophicis
2636 2207 2914 2276 colloquiis
2934 2208 3254 2275 Augustini,
3283 2207 3380 2261 ubi
3406 2208 3551 2260 inter
3568 2206 3704 2260 alios
3726 2205 3865 2259 emi-

2221 2299 2310 2349 net
2336 2297 2547 2363 argutis
2581 2300 2631 2350 et
2667 2297 2926 2363 gravibus
2965 2296 3150 2352 dictis.

2227 2386 2275 2437 l.
2307 2383 2448 2438 Cum
2478 2383 2557 2439 im
2588 2383 2786 2439 matris
2811 2384 3031 2440 obitum
3060 2385 3158 2440 Vir
3188 2384 3288 2440 Dei
3325 2383 3608 2439 narrando
3632 2381 3863 2450 incidit,

2150 2476 2393 2527 testatur
2421 2490 2500 2540 se,
2533 2473 2625 2528 cui
2651 2474 2900 2529 multum
2929 2473 3221 2529 festinanti
3250 2474 3431 2529 multa
3457 2472 3868 2545 praetereunda

2153 2565 2305 2631 sunt,
2338 2563 2519 2617 facere
2572 2566 2765 2617 tamen
2815 2579 2932 2617 non
2986 2580 3171 2634 posse,
3206 2562 3345 2635 quin
3391 2561 3606 2633 aliquid
3655 2576 3860 2614 eorum

2154 2656 2398 2722 promat,
2427 2668 2556 2723 quas
2582 2650 2887 2707 occurrunt
2911 2652 3103 2707 animo
3130 2653 3200 2708 de
3225 2651 3577 2707 sanctissima
3604 2650 3857 2716 femina;

2154 2756 2269 2794 non
2306 2757 2421 2812 quo
2463 2742 2600 2796 velit
2641 2742 2877 2813 propria
2914 2743 3038 2814 ejus
3078 2743 3250 2809 bona,
3293 2741 3409 2796 sed-
3439 2738 3643 2795 Christi
3693 2738 3756 2792 in
3795 2754 3865 2791 ea

2153 2828 2301 2883 dona
2327 2830 2658 2900 praedicare.
2696 2832 2823 2885 Ilaec
2854 2832 3009 2885 enim
3040 2831 3202 2885 illum
3233 2835 3288 2886 et
3325 2845 3495 2885 carne
3524 2827 3670 2882 utin
3709 2828 3860 2881 hanc

2152 2919 2549 2988 temporalem,
2574 2922 2630 2973 et
2659 2919 2830 2974 corde
2849 2923 2915 2974 ut
2942 2919 3001 2974 in
3031 2923 3305 2974 aeternam
3324 2919 3511 2973 lucem
3530 2931 3863 2972 renascere-

2154 3010 2267 3073 tur,
2286 3007 2587 3077 parturivit
2618 3009 2821 3076 (Con/1,
2840 3009 2939 3062 lib.
2963 3012 3150 3079 9,cap.
3174 3012 3295 3078 8,12.
3316 3007 3420 3078 l7).
3445 3007 3573 3062 Fuit
3593 3020 3723 3060 vere
3747 3006 3864 3060 Au-

2153 3096 2412 3165 gustinus
2443 3098 2820 3168 lacrymarum
2853 3098 2973 3168 ejus
2996 3098 3149 3152 ﬁlius
3175 3098 3363 3167 (Ibid,
3383 3097 3476 3152 lib.
3501 3099 3554 3164 3,
3579 3111 3743 3165 capp.
3773 3099 3858 3159 tl,

2160 3184 2244 3255 t2)
2276 3201 2290 3239 :
2326 3202 2572 3257 cumque
2618 3185 2702 3240 illi
2727 3185 2908 3241 animi
2949 3191 3096 3242 esset
3123 3187 3327 3241 sinceri
3357 3202 3523 3257 mque
3554 3200 3617 3239 ac
3644 3184 3865 3238 beneﬁ-

2152 3272 2373 3328 ciorum
2404 3275 2693 3339 memoris,
2729 3276 2938 3330 debere
2956 3294 3015 3331 se
3047 3276 3098 3331 ei
3129 3276 3410 3348 quidquid
3439 3276 3567 3329 vita:
3597 3274 3863 3341 haberet,

2151 3363 2304 3417 ultro
2333 3364 2619 3418 fatebatur
2643 3365 2734 3433 (De
2760 3364 2916 3419 beata
2943 3368 3080 3433 vita,
3102 3382 3157 3419 η.
3191 3366 3262 3433 6).
3287 3366 3427 3419 Nata
3459 3367 3580 3418 erat
3599 3362 3866 3419 Monnica

2153 3467 2301 3505 anno
2332 3451 2539 3506 Christi
2560 3453 2959 3508 trecentesimo
2980 3452 3274 3525 trigesimo
3296 3453 3569 3514 secundo.
3595 3452 3657 3505 in
3688 3452 3866 3506 domo

2151 3539 2330 3608 ﬁdeli,
2364 3539 2515 3594 bono
2572 3541 2831 3596 Ecclesiae
2872 3542 3159 3609 membro;
3190 3547 3360 3613 atque
3403 3541 3484 3596 ibi
3511 3541 3616 3595 sub
3647 3539 3868 3595 Chrisri

2150 3628 2429 3699 regimine
2453 3629 2709 3685 divinum
2737 3630 3002 3685 timorem
3032 3631 3352 3685 imbiberat.
3376 3631 3517 3685 Cum
3545 3629 3614 3683 de
3637 3628 3865 3682 ratione

2151 3733 2265 3788 qua
2294 3718 2479 3772 fuerat
2508 3719 2765 3787 educata,
2797 3720 3288 3787 confabulabatur,
3311 3735 3428 3773 non
3456 3723 3681 3773 tantum
3704 3733 3866 3771 curae

2151 3805 2348 3861 matris
2394 3807 2598 3867 debere
2641 3825 2700 3864 se
2749 3808 3376 3880 dictitabat,,quantum
3417 3806 3735 3877 diligentiae
3786 3807 3869 3860 fa-

2150 3895 2321 3947 mulae
2352 3893 2649 3965 cujusdam
2680 3895 3004 3967 decrepitus,
3036 3913 3166 3967 quae
3209 3899 3447 3967 propter
3475 3898 3767 3949 senectam
3807 3898 3869 3947 et

2150 3998 2338 4036 mores
2367 3982 2614 4053 optimos
2646 3983 2714 4037 ab
2762 3983 2994 4038 familiae
3026 3984 3189 4037 istius
3231 4000 3362 4037 vere
3388 3981 3715 4037 christiana:
3755 3982 3865 4036 do-

2149 4072 2322 4127 minis
2379 4072 2442 4127 in
2483 4073 2705 4127 honore
2749 4073 3088 4140 habebatur,
3129 4077 3186 4127 et
3241 4074 3313 4128 ab
3363 4073 3565 4127 iisdem
3622 4087 3864 4126 suarum

2146 4160 2400 4216 filiarum
2453 4160 2803 4217 institutioni
2849 4162 3120 4233 praefecte
3158 4166 3297 4217 erat.
3331 4161 3706 4216 Commissam
3749 4160 3863 4214 sibi

2146 4264 2344 4304 earum
2393 4265 2593 4305 curam
2643 4250 2952 4322 diligenter
2981 4252 3258 4322 gerebat:
3293 4254 3350 4306 et
3393 4253 3458 4304 ut
3503 4254 3625 4303 erat
3665 4249 3726 4302 in
3774 4249 3864 4302 eis

2146 4337 2492 4405 coercendis,
2539 4355 2670 4393 cum
2714 4356 2859 4410 opus
2901 4344 3067 4406 esset,
3109 4343 3303 4394 sancta
3349 4337 3647 4393 severitate
3683 4338 3862 4407 vehe-

2143 4442 2326 4493 mens,
2360 4428 2439 4481 ita
2465 4428 2523 4481 in
2555 4428 2824 4483 docendis
2854 4429 3148 4484 moderata
3175 4433 3233 4483 et
3254 4433 3582 4499 temperans
3611 4427 3866 4497 pruden-

2143 4517 2241 4571 tia.
2292 4519 2434 4573 Nam
2480 4534 2575 4572 eas
2606 4523 2816 4588 praeter
2859 4519 2984 4573 illas
3024 4520 3216 4586 horas,
3248 4518 3458 4589 quibus
3487 4517 3561 4572 ad
3589 4532 3862 4571 mensam

2142 4611 2453 4676 parentum
2483 4606 2937 4662 moderatissima
2976 4607 3300 4674 alebantur,
3333 4606 3507 4661 etiam
3538 4605 3585 4659 si
3615 4604 3864 4660 exarde-

2144 4699 2365 4749 scerent
2418 4694 2533 4763 siti,
2573 4711 2680 4750 nec
2734 4711 2942 4767 aquam
3001 4696 3197 4751 bibere
3252 4694 3493 4762 sinebat,
3523 4709 3863 4766 praecavens

2144 4783 2619 4838 consuetudinem
2674 4785 2906 4852 malam,
2941 4790 2999 4840 et
3053 4786 3267 4840 addens
3314 4784 3554 4839 verbum
3600 4799 3808 4838 sanum
3845 4800 3860 4839 :

2142 4872 2298 4927 Modo
2328 4888 2530 4941 aquam
2569 4873 2775 4939 bibitis,
2805 4877 2938 4943 quia
2962 4876 3020 4928 in
3047 4878 3312 4944 potestate
3337 4875 3526 4927 viuum
3554 4888 3662 4932 non
3691 4872 3862 4927 habe-

2143 4964 2213 5016 tis
2239 4981 2253 5029 ;
2284 4977 2404 5016 cum
2432 4966 2610 5015 autem
2639 4962 2714 5017 ad
2742 4966 2968 5017 maritos
2988 4964 3263 5029 veneritis,
3287 4963 3450 5030 facta:
3471 4961 3701 5017 dominae
3729 4977 3864 5032 apo-

2141 5050 2413 5104 thecarum
2443 5054 2493 5103 et
2523 5050 2884 5118 cellariorum,
2905 5067 3053 5121 aqua
3081 5051 3340 5119 sordebit,
3362 5049 3457 5105 sed
3480 5065 3594 5105 mos
3623 5051 3863 5120 potandi

2136 5140 2457 5209 praevalebit
2487 5140 2752 5211 (Confess.
2782 5140 2879 5196 lib.
2908 5143 2961 5208 9,
3008 5156 3129 5209 cap.
3170 5142 3224 5207 8,
3255 5155 3313 5196 τι.
3350 5140 3453 5209 l7).
3484 5138 3859 5210 Sapientissi-

2138 5226 2248 5281 mis
2271 5226 2386 5283 illis
2418 5228 2669 5296 monitis,
2702 5244 2833 5282 cum
2861 5244 2949 5296 ea,
2982 5244 3157 5299 quam
3184 5230 3334 5300 apud
3364 5232 3594 5283 teneros
3624 5228 3856 5300 puella-

2135 5332 2265 5371 rum
2289 5316 2514 5370 animos
2533 5315 2642 5371 sibi
2660 5321 3109 5388 comparaverat,
3139 5315 3499 5387 auctoritate,
3518 5314 3858 5370 inconsulta

2136 5404 2417 5460 desideria
2445 5404 2719 5460 tcneriori
2749 5406 2902 5461 aetati
2928 5405 3233 5461 familiaria
3263 5404 3683 5476 compescebat,
3706 5403 3856 5459 illis-

2135 5510 2247 5567 que
2272 5494 2662 5567 praecipiebat,
2695 5511 2809 5566 qua
2848 5494 3072 5550 ratione
3100 5494 3256 5549 sitim
3284 5510 3448 5548 suam
3478 5493 3558 5549 ita
3586 5492 3856 5549 modera-

2134 5588 2333 5639 rentur
2362 5600 2428 5638 ex
2459 5584 2860 5655 temperantiae
2892 5584 3036 5656 lege,
3063 5588 3130 5640 ut
3155 5585 3273 5657 jam
3301 5599 3405 5638 nec
3436 5582 3659 5644 liberet,
3692 5581 3854 5654 quod
