4048 6194
227 244 326 296 Ιίό

200 379 315 418 non
343 364 591 419 deceret.
638 366 919 421 Narrabat
959 370 1150 421 tamen
1196 368 1517 438 Augustino
1562 368 1822 424 Monuica
1851 372 1914 424 ut

202 455 355 509 clusa
385 455 695 524 prudentis
718 454 1038 512 illiusanus
1068 457 1390 525 sedulitate,
1425 458 1689 529 quaedam
1717 458 1911 514 animo

206 559 308 596 suo
338 543 409 597 ad
440 542 757 599 bibendum
783 545 980 599 vinum
1009 545 1320 617 propensio
1357 545 1686 618 irrepserat.
1739 547 1914 603 Nimi-

203 647 332 685 rum
376 632 606 703 quoties
636 650 669 687 a
698 634 1034 703 parentibus
1082 635 1152 690 de
1198 650 1359 690 more
1405 635 1480 690 ad
1526 636 1909 692 hauriendum

204 721 430 787 vinum,
457 726 733 793 tanquam
762 723 1071 793 explorata:
1100 723 1425 779 sobrietatis
1446 724 1607 796 virgo
1643 725 1907 797 mitteba-

195 815 302 875 tur,
326 826 359 865 e
387 810 604 881 poculo
646 811 804 882 quod
847 811 917 866 de
957 827 1143 884 cuppa
1169 813 1511 884 complebat,
1553 813 1906 884 primoribus

194 898 368 952 labris
399 899 673 954 sorbebat
701 899 994 971 exiguum,
1032 917 1163 956 cum
1193 901 1318 972 ejus
1363 902 1622 973 palatum
1660 903 1907 974 amplius

196 1002 304 1040 non
336 985 543 1040 ferret.
588 988 713 1041 Non
753 986 909 1041 enim
953 988 1149 1043 innata
1193 988 1314 1043 vini
1353 988 1659 1061 cupiditate
1691 991 1759 1044 ad
1801 991 1907 1044 hoc

198 1075 635 1146 impellebatur,
667 1075 765 1130 sed
804 1075 1000 1130 liberis
1035 1077 1378 1148 quibusdam
1406 1077 1755 1150 ludicrisque
1780 1095 1903 1132 mo-

196 1163 537 1235 tibus,quos
563 1180 630 1218 ex
661 1164 866 1235 prima:
893 1165 1077 1219 (etatis
1106 1166 1305 1221 ardore
1332 1166 1669 1221 ebullicntes
1695 1166 1753 1221 in
1774 1184 1907 1238 pue-

198 1251 399 1306 rilibus
446 1251 663 1307 animis
701 1253 980 1324 majorum
1031 1255 1366 1309 audoritate
1420 1254 1631 1309 frenari
1677 1272 1905 1310 necesse

193 1346 286 1394 cst.
322 1341 476 1395 Cum
506 1344 702 1396 autem
742 1341 804 1395 in
835 1342 1097 1414 graviora
1133 1343 1269 1398 vitia
1299 1343 1512 1398 sensim
1556 1343 1792 1399 inducat
1822 1345 1902 1399 le»

187 1428 411 1483 viarum
459 1429 842 1500 contemptio.
880 1432 1089 1485 factum
1122 1436 1208 1487 est
1236 1436 1300 1487 ut
1331 1431 1446 1486 vini
1475 1433 1799 1503 plusculum
1843 1433 1903 1487 in

181 1519 288 1573 dies
330 1518 607 1590 singulos
661 1519 885 1587 bibens,
941 1521 1189 1591 {cogente
1235 1536 1405 1593 prava
1460 1522 1899 1591 consuetudine,

179 1623 350 1679 prope
366 1608 498 1679 jam
521 1609 723 1679 plenos
751 1624 912 1663 mero
945 1608 1215 1665 caliculos
1242 1626 1371 1664 cum
1403 1610 1671 1666 aviditate
1702 1628 1766 1666 ac
1794 1628 1899 1665 vo-

176 1698 393 1767 luptate
420 1697 707 1753 hauriret.
755 1699 856 1753 Ubi
890 1703 1015 1753 tunc
1058 1698 1208 1770 (pius
1245 1699 1369 1769 ejus
1404 1700 1558 1755 ﬁlius
1603 1700 1898 1771 exclamat)

173 1802 347 1855 sagum
380 1802 529 1841 unus
554 1790 608 1840 et
646 1787 922 1843 vehemens
953 1789 1053 1842 illa
1075 1789 1418 1859 prohibitio?
1452 1790 1736 1858 Numquid
1759 1792 1901 1845 uale-

174 1877 257 1929 bat
272 1876 510 1945 aliquid
526 1875 789 1930 adversus
810 1877 1063 1933 latentem
1082 1878 1344 1946 morbum,
1367 1879 1478 1933 nisi
1496 1883 1589 1933 tua
1607 1880 1896 1949 medicina,

177 1968 416 2031 Domine,
453 1966 714 2033 vigilaret
744 1979 907 2034 super
935 1981 1030 2020 nos
1051 1967 1078 2022 ἲ)
1108 1966 1344 2022 Absente
1378 1971 1540 2036 patre
1574 1973 1624 2022 et
1652 1971 1825 2022 matre
1847 1972 1897 2023 et

172 2053 561 2123 autritoribus,
601 2058 659 2108 tu
672 2069 911 2123 praesens
938 2056 1036 2125 qui
1062 2058 1279 2119 creasti,
1297 2057 1394 2124 qui
1405 2071 1580 2122 vocas,
1615 2059 1711 2125 qui
1733 2059 1896 2111 etiam

170 2158 263 2211 per
288 2146 666 2212 praeposterus
697 2144 935 2197 homines
965 2143 1090 2197 boni
1110 2143 1326 2213 aliquid
1345 2145 1465 2211 agis
1481 2144 1556 2198 ad
1585 2147 1895 2200 animarum

170 2230 423 2294 salutem,
473 2230 616 2297 quid
645 2233 769 2284 tunc
814 2232 991 2297 egisti,
1036 2233 1179 2286 Deus
1212 2232 1399 2286 meus?
1447 2232 1594 2286 Unde
1640 2232 1894 2286 curasti?

175 2315 312 2369 unde
330 2320 559 2371 sanasti
581 2319 609 2370 Ρ
635 2318 821 2373 Nonne
852 2320 1138 2387 protulisti
1165 2300 1453 2375 dumm‘ct
1478 2325 1693 2374 acutum
1723 2338 1790 2376 ea:
1808 2309 1889 2377 al-

173 2409 285 2457 tera
322 2407 524 2459 anima
564 2408 882 2473 convicium,
928 2411 1189 2476 tanquam
1225 2408 1542 2463 medicinale
1578 2411 1785 2475 ferrum
1824 2426 1891 2464 ea:

169 2494 396 2547 occultis
412 2495 825 2562 provisionibus
856 2497 982 2563 tuis,
1017 2501 1066 2549 et
1097 2512 1201 2550 uno
1229 2498 1339 2550 ictu
1363 2498 1708 2566 putredinem
1739 2499 1889 2553 illam

167 2581 482 2649 praestitisti
502 2581 531 2637 7
559 2583 783 2659 Ancilla
814 2586 974 2651 enim,
1007 2600 1126 2638 eum
1155 2600 1266 2653 qua
1301 2586 1504 2640 solebat
1528 2586 1775 2640 accedere
1816 2588 1890 2641 ad

169 2687 430 2740 cuppam,
475 2673 707 2739 litigans
734 2688 855 2728 cum
888 2673 1108 2728 clomi-na
1134 2677 1358 2741 minore,
1399 2677 1572 2745 utﬁt,
1608 2677 1723 2731 sola
1769 2692 1887 2731 cum

169 2761 304 2827 sola,
332 2760 539 2830 objecit
569 2762 665 2816 hoc
696 2764 916 2828 crimen,
941 2765 1289 2817 amarissima
1317 2764 1667 2819 insultatione
1694 2780 1888 2821 vocans

174 2850 586 2904 meribibulam.
617 2851 730 2916 Quo
764 2851 865 2904 illa
901 2852 1119 2905 stimulo
1144 2866 1419 2920 percussa,
1460 2854 1699 2921 resperit
1737 2853 1890 2919 Ῑωίιί-

173 2943 337 2991 tatem
370 2954 552 3005 suum,
592 2941 982 3008 confestimque
1011 2938 1295 2992 damnavit
1325 2943 1484 3007 atque
1512 2942 1663 2993 cauit
1689 2940 1886 3010 (Ibid.,

170 3041 225 3079 τι.
262 3026 372 3093 t8).
410 3025 770 3096 Baptismum
800 3026 1012 3082 Christi
1039 3042 1157 3080 non
1183 3026 1243 3080 in
1275 3027 1542 3081 extremis
1561 3028 1760 3098 posita,
1790 3030 1887 3084 sed

170 3115 368 3169 multis
397 3119 533 3169 ante
564 3120 808 3170 mortem
847 3114 1012 3169 annis
1040 3114 1297 3185 percepit
1339 3112 1637 3168 Monnica:
1671 3129 1783 3184 quo
1822 3127 1887 3166 ex

170 3206 437 3274 tempore
471 3203 550 3257 sic
573 3204 747 3258 vitam
788 3203 1051 3271 instituit,
1094 3209 1156 3257 ut
1190 3202 1326 3258 ﬁdei
1358 3218 1702 3273 morumque
1735 3201 1887 3273 puri-

170 3298 283 3346 tate
314 3292 557 3348 cuilibet
614 3293 687 3348 ad
720 3293 1073 3349 laudandum
1116 3291 1219 3347 Dei
1260 3308 1473 3347 nomen
1502 3295 1649 3346 esset
1684 3290 1886 3346 incita-

177 3388 375 3436 mento
408 3383 735 3453 (lbid.,cap.
778 3386 861 3451 t3,
893 3399 951 3438 η.
975 3384 1085 3454 34).

238 3473 290 3524 2.
326 3472 530 3542 itaque
559 3470 798 3525 educata
841 3470 1049 3542 pudice
1091 3486 1155 3525 ac
1195 3468 1401 3532 sobrie,
1458 3472 1511 3523 et
1553 3467 1886 3539 parentibus

174 3558 364 3630 potius
398 3558 503 3614 Dei
525 3558 731 3630 gratia,
764 3574 939 3631 quam
969 3575 1106 3614 cura
1138 3563 1447 3630 parentum
1491 3559 1607 3613 Deo
1639 3557 1879 3622 subdita,

174 3647 268 3701 ubi
299 3653 533 3703 matura
562 3647 672 3703 fuit
706 3646 998 3719 conjugio,
1028 3647 1171 3716 viro,
1220 3647 1315 3703 cui
1365 3646 1574 3702 tradita
1620 3650 1724 3712 est,
1770 3662 1883 3700 non

174 3752 335 3791 secus
381 3753 452 3791 ac
508 3736 746 3791 domino
783 3736 1013 3806 paruit:
1070 3753 1244 3809 quem
1281 3741 1346 3792 ut
1383 3737 1499 3791 Dco
1542 3736 1879 3801 lucraretur,

174 3841 370 3879 omnes
388 3824 768 3896 cogitationes
788 3825 1057 3894 intendit,
1097 3824 1489 3881 efﬁcacissimo
1519 3840 1728 3895 genere
1758 3840 1884 3893 per-

175 3914 453 3968 suadendi
491 3918 681 3981 utens,
708 3930 940 3970 morum
968 3914 1317 3986 integritate.
1342 3916 1454 3969 Hac
1480 3912 1762 3984 siquidem
1794 3929 1883 3966 or-

178 4007 307 4056 nata
337 4002 642 4069 divinitus,
675 4003 868 4058 mariti
907 4004 1085 4058 oculis
1106 4020 1171 4058 ea
1189 4003 1406 4058 nitebat
1429 4002 1879 4075 pulchritudine,

177 4097 234 4145 ut
259 4108 526 4147 amorem
560 4093 682 4163 ejus
704 4092 875 4147 simul
896 4109 963 4148 ac
989 4093 1418 4148 venerationem
1443 4108 1560 4146 non
1587 4092 1711 4146 sine
1740 4109 1881 4164 qua-

175 4182 305 4236 dam
352 4181 518 4236 illius
564 4181 941 4235 admiratione
989 4181 1099 4235 sibi
1136 4181 1466 4235 conciliaret
1517 4181 1708 4250 (lbid.,
1757 4197 1878 4251 cap.

174 4274 224 4335 εδ,
272 4287 330 4324 n.
374 4272 481 4326 l9).
556 4270 687 4341 Ejus
735 4270 962 4341 coniux,
1015 4269 1106 4324 cui
1164 4269 1407 4325 Patricio
1452 4285 1683 4331 nomen,
1747 4269 1882 4323 civis

174 4358 558 4430 Tagastensis,
596 4358 784 4413 adhuc
829 4364 949 4412 erat
989 4358 1276 4414 idolarum
1306 4358 1485 4413 cultui
1527 4357 1883 4430 mancipatus

171 4449 359 4515 (Ibid,
391 4447 492 4503 lib.
523 4449 578 4516 2,
612 4463 733 4517 cap.
776 4450 831 4516 3,
880 4462 974 4502 nn.
1008 4450 1059 4516 5,
1103 4450 1179 4518 6).
1210 4450 1273 4502 In
1321 4447 1394 4502 iis
1420 4446 1708 4516 omnibus,
1752 4463 1882 4518 quia

174 4553 282 4592 non
314 4536 659 4609 spectabant
695 4536 767 4591 ad
795 4535 1155 4607 religionem,
1198 4536 1282 4591 illi
1324 4534 1603 4601 Monnica,
1653 4534 1881 4589 tametsi

176 4627 397 4693 melior,
423 4625 733 4681 serviebat:
767 4626 872 4681 hac
902 4625 1058 4680 enim
1086 4624 1147 4679 in
1195 4641 1255 4679 re
1287 4626 1402 4680 Deo
1448 4623 1560 4695 ipsi
1606 4624 1884 4696 obseque-

174 4716 356 4783 batur,
378 4720 414 4771 a
435 4732 554 4788 quo
570 4715 678 4770 sibi
695 4716 881 4771 fuerat
900 4714 1363 4786 obsequendilex
1385 4712 1656 4784 imposita
1679 4713 1879 4783 (lbid.,

173 4804 263 4858 lib.
303 4809 350 4873 ι,
397 4821 523 4875 cap.
574 4808 660 4873 tt,
692 4820 747 4860 η.
802 4806 909 4875 l7).
953 4803 1087 4859 Tori
1132 4802 1372 4874 injurias
1417 4806 1537 4857 tam
1590 4802 1877 4872 patienter

175 4893 321 4960 tulit,
352 4897 423 4947 ut
444 4908 582 4948 cum
611 4891 819 4947 marito
849 4908 1148 4965 nunquam
1189 4908 1254 4946 ea
1285 4892 1354 4946 de
1387 4908 1449 4946 re
1479 4891 1880 4962 expostularet,

172 4981 449 5036 nimirum
479 4985 813 5053 exspectans
840 4986 905 5037 ut
926 4981 981 5036 ei
1012 4981 1328 5036 castitatem
1370 4981 1510 5036 ﬁdes
1537 4997 1603 5035 ac
1633 4979 1734 5035 Dei
1769 4980 1882 5034 mi-

172 5070 487 5126 sericordia
519 5069 850 5142 largiretur.
902 5072 1146 5126 Noverat
1174 5069 1319 5124 irato
1369 5085 1667 5141 nunquam
1695 5085 1884 5140 neque

174 5160 319 5214 facto
344 5176 540 5232 neque
577 5159 733 5215 dicto
775 5159 1078 5214 reluctari:
1116 5174 1316 5213 verum
1346 5172 1479 5212 cum
1524 5157 1885 5213 deferbuerat

174 5248 326 5302 illius
374 5248 652 5319 impetus,
705 5247 1192 5319 opportunitatem
1239 5250 1425 5316 nacta,
1476 5262 1639 5301 suam
1679 5246 1882 5317 agendi

176 5337 456 5392 rationem
486 5336 543 5391 ei
571 5337 915 5408 exponebat,
946 5336 993 5391 si
1024 5336 1214 5409 ipsum
1246 5335 1764 5392 inconsiderantius
1795 5352 1884 5390 ex-

179 5427 519 5482 candescere
566 5426 917 5497 contigisset.
960 5428 1101 5483 Cum
1144 5425 1270 5481 alim
1313 5426 1602 5493 mulieres,
1639 5442 1883 5497 quarum

176 5514 277 5570 viri
308 5515 733 5570 mansuetiores
763 5520 945 5582 erant,
977 5514 1218 5587 vestigia
1248 5515 1547 5587 plagarum
1581 5514 1756 5570 etiam
1786 5514 1883 5569 de-

1657 249 1869 304 LIBER
1909 248 2295 305 SECUNDUS.

3617 266 3718 322 146

2027 369 2326 447 bonestata
2352 368 2494 424 facie
2525 373 2812 439 gererent,
2850 375 3021 442 atque
3048 372 3199 427 inter
3227 375 3410 430 amica
3435 376 3714 450 colloquia

2020 458 2247 530 culpam
2276 458 2390 514 illae
2418 458 2481 513 in
2508 459 2850 514 maritorum
2876 459 3277 530 intemperiem
3306 466 3715 522 transferrent:

2018 548 2141 602 liam
2171 548 2410 604 docebat
2436 548 2666 602 illarum
2695 548 2910 619 linguae
2929 548 3123 620 potius
3153 550 3717 625 esseimputandum,

2016 626 2280 707 graviter,
2316 638 2411 692 sed
2447 637 2697 709 jocunde
2728 637 2901 692 simut
2947 637 3263 693 admonens
3292 656 3405 707 eas,
3439 657 3569 696 cum
3598 643 3719 713 pri-

2017 741 2175 779 mum
2221 727 2445 781 tabulas
2474 726 2927 781 matrimoniales
2973 726 3199 781 recitari
3235 728 3557 798 audierant,
3588 734 3716 786 tan-

2016 830 2189 885 quam
2234 815 2616 870 instrumenta
2663 815 2872 886 quibus
2908 814 3130 870 ancilla:
3170 817 3510 873 maritorum
3557 819 3717 875 facta)

2014 908 2220 971 essent,
2262 903 2584 959 existimare
2630 904 2920 972 debuisse;
2970 921 3033 959 ac
3074 904 3317 976 proinde
3362 922 3480 962 non
3517 908 3717 964 decere

2011 993 2164 1062 ipsas
2194 993 2541 1048 conditionis
2567 1010 2686 1048 suae
2715 1009 2997 1048 memores
3025 993 3294 1048 adversus
3322 995 3587 1050 dominos
3618 1012 3715 1051 su-

2013 1081 2261 1153 perbire.
2296 1082 2660 1152 Quapropter
2679 1096 2805 1152 qua:
2832 1087 3108 1136 noverant
3130 1098 3304 1153 quam
3325 1082 3530 1137 ferocis
3559 1083 3717 1155 inge-

2012 1169 2095 1225 nii
2134 1169 2407 1225 maritum
2437 1171 2759 1236 sustineret,
2801 1186 2883 1224 cae
2914 1169 3145 1241 quidem
3182 1171 3383 1225 mirari
3413 1187 3713 1244 nunquam

2011 1256 2147 1310 satis
2172 1261 2455 1328 poterant,
2493 1275 2606 1311 non
2644 1258 2816 1312 fuisse
2853 1258 3111 1313 auditum
3143 1275 3417 1330 unquam,
3461 1264 3562 1315 aut
3589 1261 3710 1316 ullo

2011 1345 2245 1417 vestigio
2267 1347 2708 1417 deprehensum,
2740 1346 3048 1401 Patricium
3079 1346 3356 1402 violenter
3382 1348 3442 1402 in
3472 1364 3710 1405 uxorem

2010 1449 2215 1488 manus
2248 1434 2532 1506 injecisse,
2565 1439 2661 1489 aut
2688 1452 2722 1489 a
2768 1451 2828 1489 se
2856 1434 3094 1489 invicem
3135 1435 3446 1490 domestica
3476 1436 3575 1492 lite
3619 1439 3712 1493 vel

2009 1522 2291 1577 dieculam
2322 1539 2498 1578 unam
2529 1540 2626 1578 eos
2657 1524 3016 1581 dissensisse.
3052 1525 3308 1596 Cumque
3338 1525 3408 1579 ab
3440 1541 3505 1579 ea
3541 1525 3710 1581 fami-

2010 1611 2229 1666 liariter
2249 1612 2690 1680 sciscitarentur,
2726 1630 2978 1685 quonam
3010 1619 3176 1686 pacto
3210 1615 3352 1669 illud
3384 1618 3532 1670 esset
3559 1631 3711 1671 asse-

2007 1703 2170 1755 cuta:
2210 1700 2461 1756 instituti
2488 1701 2598 1769 sui,
2633 1702 2788 1773 quod
2833 1718 3006 1773 supra
3035 1703 3504 1771 memoravimus,
3535 1705 3709 1759 ratio-

2004 1804 2136 1843 nem
2164 1788 2246 1843 eis
2275 1790 2627 1859 exponebat;
2651 1791 2812 1861 cujus
2844 1790 3169 1862 utilitatem,
3200 1808 3329 1863 quae
3360 1808 3488 1847 eam
3517 1793 3702 1848 imita-

2004 1877 2232 1945 bantur,
2264 1878 2500 1948 propria
2532 1878 2882 1948 experientia
2925 1879 3361 1949 cognoscebant,
3393 1880 3560 1952 eique
3601 1883 3710 1938 hoc

2005 1966 2236 2021 nomine
2265 1965 2476 2036 gratias
2499 1966 2787 2021 habebant
2809 1968 2990 2036 (Ibid.,
3025 1968 3118 2021 lib.
3144 1970 3197 2034 9,
3224 1985 3343 2037 cap.
3376 1984 3434 2022 η.
3470 1969 3577 2036 19).
3610 1970 3709 2025 So-

2003 2070 2163 2109 crum
2188 2053 2358 2109 etiam
2385 2068 2568 2119 suam,
2602 2071 2635 2108 a
2664 2070 2722 2108 se
2768 2053 2932 2108 initio
2966 2054 3212 2109 susurris
3242 2056 3524 2126 malarum
3564 2073 3705 2127 qua-

2002 2142 2265 2197 rumdam
2295 2140 2635 2209 ancillarum
2665 2140 3069 2211 abalienatam,
3100 2142 3389 2214 obsequiis
3417 2143 3534 2198 suis
3573 2160 3702 2198 cum

2000 2229 2279 2302 patientia
2308 2246 2373 2284 ac
2402 2228 2941 2284 mansuetudineita
2970 2229 3079 2283 sibi
3095 2229 3366 2300 devinxit,
3396 2231 3704 2285 utillarum

2001 2318 2316 2390 nequitiam
2345 2318 2471 2389 ipsa
2514 2317 2757 2373 Patricio
2803 2317 2923 2372 ﬁlio
2953 2317 3247 2389 proderet,
3278 2335 3523 2390 cumque
3554 2323 3617 2373 ut
3643 2319 3703 2373 in
3742 2372 3747 2385 ,

1996 2408 2124 2462 illas
2153 2406 2652 2474 animadverteret,
2696 2411 3047 2477 precaretur.
3081 2407 3224 2462 Cum
3261 2411 3453 2462 autem
3479 2407 3544 2473 is,
3578 2411 3702 2462 tum

1998 2501 2061 2551 ut
2087 2496 2256 2550 matri
2277 2512 2499 2551 morem
2529 2500 2771 2566 gereret,
2799 2500 2920 2550 tum
2945 2500 3006 2550 ut
3033 2496 3360 2567 domesticae
3384 2495 3702 2567 disciplinas

1996 2603 2060 2640 ac
2089 2584 2491 2659 tranquillitati
2533 2584 2876 2653 consuleret,
2910 2586 3139 2640 easdem
3182 2584 3415 2639 ancillas
3460 2601 3526 2638 ex
3576 2584 3700 2655 ejus

1997 2674 2286 2727 voluntate
2334 2671 2553 2726 meritis
2600 2671 2785 2742 pcenis
2828 2671 3125 2738 affecisset,
3159 2670 3463 2726 declaravit
3491 2674 3695 2737 mater,

1996 2777 2112 2816 non
2142 2760 2255 2815 alia
2292 2761 2362 2816 de
2407 2776 2465 2816 se
2496 2760 2738 2832 praemia
2783 2777 3012 2831 sperare
3049 2760 3280 2827 debere,
3321 2776 3700 2832 quaecumque

1998 2851 2066 2905 de
2096 2866 2199 2905 sua
2243 2865 2416 2917 nuru,
2447 2848 2709 2920 placendi
2754 2848 2863 2902 sibi
2907 2848 3115 2914 studio,
3166 2848 3305 2903 mali
3341 2847 3559 2919 aliquid
3598 2848 3685 2902 lo-

1996 2942 2301 3011 queretur:
2335 2937 2489 3008 quod
2527 2937 2688 2991 nulla
2710 2936 2831 3008 jam
2857 2937 3123 3000 audente,
3152 2935 3519 2991 memorabili
3545 2935 3698 2991 inter

1996 3043 2055 3083 se
2083 3025 2496 3082 benevolentiae
2535 3025 2813 3080 suavitate
2844 3025 3107 3080 vixerunt
3137 3025 3296 3096 (Ibid.
3335 3041 3391 3081 n.
3428 3024 3545 3098 20).
3582 3025 3698 3079 Hoc

1994 3121 2275 3188 praeterea
2298 3118 2506 3170 sanctas
2535 3115 2621 3170 illi
2650 3113 2882 3170 femina:
2907 3131 3116 3169 munus
3145 3114 3361 3185 grande
3386 3113 3698 3170 donaverat

1998 3208 2168 3275 Deus,
2199 3204 2353 3277 quod
2401 3203 2553 3259 inter
2583 3204 2924 3259 dissidentes
2962 3208 3133 3275 atque
3171 3202 3457 3259 discordes
3486 3201 3696 3275 quasli-

1992 3296 2091 3350 bet
2117 3294 2359 3362 auimas,
2390 3293 2490 3351 ubi
2518 3297 2760 3365 poterat,
2793 3297 2907 3348 tam
2937 3309 2996 3348 se
3044 3291 3338 3363 praebebat
3371 3290 3694 3363 paciﬁcam,

1993 3387 2058 3439 ut
2086 3383 2314 3437 cum'ab
2343 3386 2588 3453 utraque
2623 3381 2806 3435 multa
2833 3382 2903 3436 de
2926 3381 3172 3435 invicem
3201 3380 3431 3435 audiret
3459 3380 3696 3435 amaris-

1993 3471 2159 3538 sima,
2198 3469 2392 3542 qualia
2445 3470 2591 3524 solet
2628 3473 2885 3523 eructare
2924 3472 3162 3539 turgens
3202 3471 3374 3538 atque
3410 3465 3695 3539 indigesta

1991 3557 2297 3627 discordia,
2328 3557 2559 3628 quando
2590 3555 2857 3628 praesenti
2886 3555 3084 3609 amicae
3105 3555 3174 3609 de
3204 3554 3436 3609 absente
3456 3552 3692 3609 inimica

1991 3663 2095 3719 per
2124 3647 2281 3701 acida
2308 3644 2591 3716 colloquia
2621 3645 2869 3699 cruditas
2894 3643 3189 3698 exhalatur
3224 3641 3513 3710 odiorum,
3546 3642 3692 3696 nihil
3730 3660 3736 3667 '

1991 3742 2183 3791 tamen
2214 3734 2378 3789 alteri
2413 3734 2483 3789 de
2520 3734 2698 3788 altera
2727 3732 3014 3805 proderet,
3044 3731 3155 3786 nisi
3179 3731 3341 3811 quod
3370 3729 3442 3785 ad
3472 3746 3569 3786 eas
3598 3746 3691 3786 re-

1991 3823 2376 3879 conciliandas
2419 3824 2632 3879 valeret
2677 3822 2858 3895 (Ibid.,
2902 3837 2955 3876 η.
2986 3819 3102 3892 2t).
3134 3820 3224 3877 Sic
3263 3836 3397 3875 vero
3426 3836 3485 3875 se
3526 3836 3690 3891 gere-

1988 3914 2088 3968 bat
2120 3913 2396 3978 Mounica,
2429 3912 2667 3967 docente
2705 3927 2833 3965 eam
2867 3909 3132 3982 Magistro
3162 3909 3366 3964 intimo
3409 3909 3472 3964 in
3499 3909 3691 3964 schola

1990 4002 2251 4075 pectoris.
2285 4001 2541 4073 Denique
2571 4000 2770 4071 gratiae
2795 4015 3012 4070 semen,
3043 3999 3195 4071 quod
3225 3998 3284 4053 in
3310 3998 3542 4054 famulae
3572 4014 3693 4053 suae

1992 4097 2245 4146 mentem
2275 4093 2561 4161 sparserat
2578 4088 2842 4160 Agricola
2868 4088 3130 4158 ccelestis,
3161 4088 3413 4143 ubertim
3440 4087 3690 4144 fructum

1989 4182 2180 4236 attulit
2208 4181 2269 4234 in
2305 4179 2613 4250 patientia;
2652 4194 2716 4233 ac
2745 4179 2868 4249 ejus
2897 4194 3034 4248 erga
3069 4176 3259 4231 virum
3305 4174 3513 4247 agendi
3541 4175 3689 4230 ratio

1990 4272 2212 4323 tantum
2244 4267 2439 4335 valuit,
2461 4272 2528 4322 ut
2543 4266 2708 4321 illum
2737 4266 2796 4320 in
2818 4270 3071 4321 extrema
3092 4265 3214 4337 ejus
3232 4264 3346 4319 vita
3368 4268 3552 4319 totum
3575 4265 3689 4318 Deo

1992 4359 2336 4413 lucraretur:
2372 4372 2476 4412 nec
2513 4356 2574 4410 in
2601 4372 2669 4410 eo
2692 4356 2815 4428 jam
2854 4355 3010 4411 ﬁdeli
3050 4357 3241 4408 essent
3278 4351 3390 4424 ipsi
3428 4352 3691 4407 deﬂenda
3730 4348 3745 4351 ⁷

1991 4448 2164 4514 mala,
2196 4463 2324 4518 quae
2354 4445 2415 4501 in
2446 4446 2706 4501 nondum
2729 4444 2885 4501 ﬁdeli
2915 4444 3255 4500 toleraverat
3296 4440 3482 4512 (lbid.,
3512 4442 3608 4497 lib.
3633 4447 3687 4509 9,

1990 4553 2108 4607 cap.
2132 4540 2285 4604 l3,n.
2303 4535 2412 4606 37).
2444 4535 2566 4601 Quo
2595 4539 2854 4607 tempore
2882 4532 3235 4606 Augustinus
3264 4547 3479 4586 annum
3508 4531 3690 4586 aetatis

1991 4624 2278 4680 decimum
2307 4629 2531 4680 sextum
2552 4624 2778 4696 agebat,
2810 4622 3085 4677 nimirum
3111 4620 3338 4676 circiter
3356 4636 3577 4675 annum
3605 4636 3691 4675 re-

1990 4717 2205 4784 paratae
2226 4713 2424 4768 salutis
2452 4711 2919 4769 trecentesimum
2945 4708 3457 4782 septuagesimum,
3493 4724 3690 4763 nume-

1991 4804 2226 4858 rebatur
2271 4802 2421 4857 inter
2467 4804 2902 4857 catechumenos
2940 4799 3217 4855 Patricius
3261 4798 3449 4870 (Ibid.,
3497 4797 3594 4853 lib.
3633 4801 3690 4867 2,

1991 4909 2112 4963 cap.
2158 4896 2208 4961 3,
2241 4908 2296 4947 η.
2334 4892 2419 4963 6);
2461 4891 2559 4963 qui
2589 4895 2646 4945 et
2690 4889 2948 4963 proxime
2977 4888 3239 4961 sequenti
3289 4904 3460 4955 anno,
3505 4886 3690 4943 (etatis

1994 4979 2268 5036 Monnicae
2298 4978 2756 5052 quadragesimo,
2788 4978 2901 5034 vita
2929 4976 3224 5033 concessit.

2064 5073 2114 5125 3.
2158 5069 2377 5125 Orbata
2416 5068 2556 5136 viro,
2607 5071 2737 5123 ante
2793 5083 2965 5140 quem
3018 5066 3181 5134 nulli,
3239 5069 3297 5120 et
3333 5067 3466 5131 post
3517 5077 3690 5133 quem

1994 5158 2137 5213 nulli
2167 5162 2346 5231 nupta
2381 5162 2467 5212 est
2508 5158 2688 5229 (lbid.,
2720 5158 2815 5213 lib.
2849 5161 2901 5223 9,
2948 5172 3067 5228 cap.
3105 5158 3188 5219 l3,
3220 5171 3276 5210 η.
3311 5153 3421 5224 37),
3452 5151 3689 5222 reliquae

1993 5246 2124 5301 vitae
2153 5251 2383 5317 tempus
2411 5245 2660 5302 traduxit
2684 5246 2856 5302 vidua
2891 5249 3042 5301 casta
3070 5261 3134 5301 ac
3162 5242 3371 5308 sobria,
3412 5240 3688 5310 frequen-

1993 5340 2114 5390 tans
2136 5336 2525 5407 elecmosynas
2551 5334 2735 5407 (lbid.,
2760 5336 2853 5389 lib.
2879 5339 2931 5401 5,
2962 5350 3084 5405 cap.
3117 5337 3171 5400 9,
3197 5348 3255 5387 η.
3284 5330 3400 5401 l7);
3421 5328 3691 5383 adversus

1994 5429 2290 5496 peccantes
2329 5425 2389 5479 in
2435 5441 2495 5479 se
2534 5423 2981 5480 misericorditer
3008 5416 3564 5493 agens,donansque
3597 5418 3693 5472 de-

2002 5513 2281 5569 bitoribus
2310 5514 2499 5570 debita
2538 5515 2721 5585 (lbid.,
2769 5514 2857 5568 lib.
2901 5513 3098 5581 9,'eap.
3145 5513 3240 5575 t3,
3270 5523 3323 5562 π.
3367 5504 3490 5578 36);
3524 5506 3690 5563 obse-
