4048 6194
340 333 433 384 117
1537 311 1709 370 VITA
1748 311 1801 367 S.
1846 308 2233 368 AUGUSTINI
2286 311 2619 368 EPISCOPI.

330 448 529 517 quium
550 440 615 496 'et
641 440 980 508 famulatum
1006 437 1213 493 sanctis
1238 437 1531 504 exhibens,
1563 450 1695 490 vere
1725 450 1883 489 serva
1912 448 2027 487 ser-

326 545 530 584 vorum
568 528 668 583 Dei
698 544 712 582 :
754 543 1000 599 quorum
1030 526 1286 598 quisquis
1315 541 1442 580 eam
1481 527 1737 593 noverat,
1778 522 2026 578 multum

326 618 388 673 in
413 636 479 673 ea
500 617 766 673 laudabat
781 622 837 672 et
864 615 1185 672 honorabat
1202 619 1259 669 et
1278 614 1551 685 diligebat
1567 614 1746 667 Deum
1765 629 1780 678 ;
1810 610 2024 683 quippe

328 722 458 761 cum
490 705 592 760 Dei
629 704 995 777 praesentiam
1034 702 1094 757 in
1122 704 1243 774 ejus
1274 703 1442 757 corde
1487 701 1721 756 sentiret
1756 714 2026 773 agnosce-

330 799 532 865 retque
564 810 631 848 ex
684 798 893 847 sanctae
936 791 1376 846 conversationis
1406 790 1706 856 fructibus,
1745 793 2021 859 tanquam

327 881 549 936 idoneis
576 881 817 935 testibus
840 880 1023 950 (Ibid,
1056 888 1177 948 cap.
1202 882 1255 948 9,
1276 894 1332 932 n.
1363 880 1471 947 22).
1498 879 1630 931 Eam
1650 877 1771 947 ipse
1794 892 2024 947 quoque

325 968 659 1024 Ambrosius
705 969 950 1022 maxime
982 967 1252 1037 diligebat
1294 970 1530 1037 propter
1559 967 1681 1036 ejus
1712 964 2023 1036 religiosis-

327 1058 531 1113 simam
568 1056 1080 1121 conversationem,
1126 1071 1239 1126 qua
1286 1055 1347 1108 in
1395 1054 1556 1109 bonis
1597 1054 1866 1124 operibus
1905 1057 2022 1107 tam

325 1144 549 1199 fervens
588 1145 794 1215 spiritu
831 1144 1232 1214 frequentabat
1264 1144 1558 1198 ecclesiam
1591 1144 1777 1215 (Ibid.,
1820 1144 1935 1197 lib.“
1968 1144 2020 1208 6,

324 1248 442 1302 cap.
475 1237 528 1302 2,
557 1249 612 1288 n.
636 1232 711 1303 2).
749 1232 836 1286 Bis
867 1232 927 1286 in
944 1232 1059 1301 die,
1080 1249 1248 1286 mane
1267 1237 1325 1287 ct
1343 1249 1599 1303 vespere,
1620 1232 1691 1286 ad
1726 1232 2021 1286 ecclesiam

324 1320 429 1375 Dei
458 1320 580 1374 sine
618 1321 734 1374 ulla
780 1320 1205 1374 intermissione
1254 1320 1545 1385 veniebat;
1596 1336 1709 1373 non
1740 1319 1808 1373 ad
1852 1335 2025 1372 vanas

323 1410 545 1464 fabulas
592 1414 648 1463 et
689 1409 870 1463 aniles
909 1410 1300 1479 loquacitates,
1349 1409 1445 1462 sed
1495 1424 1562 1463 ea
1604 1412 1816 1475 mente,
1865 1412 1931 1463 ut
1970 1412 2026 1462 et

325 1500 506 1553 Deum
535 1497 596 1553 in
636 1497 825 1553 divino
868 1499 1041 1551 verbo
1084 1497 1193 1551 sibi
1220 1499 1546 1569 loquentem
1580 1498 1821 1563 audiret,
1870 1501 1927 1552 et
1956 1498 2025 1552 ab

325 1603 392 1641 eo
439 1587 565 1659 ipsa
610 1587 672 1641 in
705 1586 821 1640 suis
853 1586 1209 1640 orationibus
1255 1586 1549 1641 audiretur
1581 1587 1764 1654 (Ibid.,
1817 1586 1911 1642 lib.
1969 1590 2021 1652 5,

325 1690 445 1745 cap.
479 1679 532 1738 9,
556 1692 611 1730 n.
646 1680 747 1744 l7).
772 1676 1003 1730 Nullum
1021 1674 1170 1730 diem
1192 1675 1563 1746 praetermisit
1583 1675 1931 1730 oblationem
1954 1675 2022 1729 ad

326 1764 504 1818 altare
538 1764 637 1819 Dei
669 1764 896 1835 (Ibid.);
947 1764 1084 1831 sive,
1117 1762 1263 1818 sicut
1310 1780 1432 1817 rem
1464 1764 1590 1817 aliis
1630 1764 1801 1834 paulo
1844 1763 2026 1818 verbis

325 1852 679 1924 Augustinus
722 1853 971 1908 secundo
1008 1856 1311 1918 memorat,
1359 1853 1572 1907 nullius
1626 1852 1739 1907 diei
1783 1858 2025 1924 praeter-

326 1941 601 1996 missione
635 1942 866 1996 servivit
895 1942 1078 2007 altari,
1109 1942 1265 1996 unde
1312 1941 1480 1995 sciret
1508 1942 1825 2013 disPensari
1862 1941 2027 1995 Victi—

326 2046 479 2085 mam
526 2033 797 2095 sanctam,
833 2047 947 2102 qua
981 2030 1233 2085 deletum
1279 2034 1361 2084 est
1392 2030 1841 2101 chirographum
1871 2030 2028 2102 quod

326 2124 449 2174 erat
491 2119 842 2174 contrarium
889 2118 1073 2185 nobis,
1124 2135 1239 2190 qua
1278 2118 1667 2190 triumphatas
1717 2124 1803 2173 est
1851 2118 2028 2174 hostis

326 2211 664 2279 computans
695 2208 899 2262 delicta
929 2210 1118 2261 nostra
1150 2212 1207 2261 et
1233 2223 1493 2278 quaerens
1523 2208 1659 2278 quid
1690 2207 1938 2275 objiciat,
1973 2212 2029 2262 et

334 2297 479 2352 nihil
505 2296 804 2351 inveniens
841 2295 899 2350 in
930 2296 1027 2350 illo
1063 2297 1123 2350 in
1165 2312 1277 2368 quo
1324 2296 1604 2351 vincimus
1646 2313 1659 2351 :
1710 2297 1800 2351 cui
1836 2298 2028 2351 nullus

331 2386 601 2440 refundet
646 2385 1011 2440 innocentem
1050 2384 1410 2456 sanguinem,
1441 2386 1531 2440 cui
1561 2386 1751 2440 nullus
1770 2386 2032 2441 restituet

328 2475 601 2546 pretium,
630 2490 745 2545 quo
768 2489 870 2527 nos
891 2473 1028 2527 emit
1058 2477 1119 2527 ut
1144 2489 1246 2527 nos
1274 2474 1498 2528 auferat
1517 2474 1601 2529 ei:
1630 2475 1698 2529 ad
1719 2475 1880 2545 cujus
1904 2491 2030 2545 pre-

331 2563 397 2618 tii
426 2562 607 2618 nostri
647 2566 1065 2616 sacramentum
1097 2561 1370 2633 ligaverat
1412 2562 1620 2617 ancilla
1651 2564 1749 2618 Dei
1777 2562 2028 2618 animam

332 2667 493 2706 suam
524 2651 750 2706 vinculo
780 2650 915 2705 ﬁdei
944 2651 1128 2719 (Ibid.,
1156 2651 1248 2706 lib.
1292 2654 1344 2717 9,
1379 2667 1499 2721 cap.
1538 2655 1623 2719 l3,
1652 2668 1710 2706 η.
1746 2652 1852 2723 36).
1888 2652 2029 2707 Cum

335 2741 526 2793 autem
555 2754 692 2792 usus
728 2738 788 2792 in
830 2736 1019 2792 Africa
1064 2738 1361 2799 obtineret,
1405 2739 1596 2809 pultes
1631 2743 1687 2793 et
1713 2756 1924 2810 panem
1967 2756 2031 2794 ac

332 2842 559 2881 merum
588 2826 656 2881 ad
690 2826 951 2896 sepulcra
980 2830 1298 2896 martyrum
1329 2825 1620 2897 afferendi,
1655 2828 1914 2883 Monnica
1935 2845 2029 2882 ca-

331 2914 577 2969 nistrum
620 2914 763 2969 cibis
808 2913 1107 2983 refertum,
1156 2930 1301 2986 quos
1350 2913 1412 2968 in
1474 2919 1802 2971 sanctorum
1853 2917 2033 2972 hono-

332 3018 453 3056 rem
517 3002 864 3073 praelibaret,
920 3018 985 3056 ac
1057 3006 1256 3074 postea
1312 3004 1661 3075 pauperibus
1729 3004 2028 3071 divideret,

334 3091 594 3158 aﬂ'erens,
653 3107 769 3145 non
827 3092 1119 3161 poculum,
1169 3092 1266 3146 sed
1313 3092 1592 3163 pocillum
1618 3090 2031 3150 tantummodo

332 3179 470 3245 vini,
502 3182 558 3233 et
586 3179 819 3250 quidem
844 3195 994 3250 aqua
1018 3181 1319 3249 temperati
1350 3181 1623 3252 ponebat,
1658 3183 1808 3237 unde
1837 3183 2034 3255 digna-

333 3266 551 3322 tionem
580 3270 831 3320 sumeret
859 3281 872 3320 :
926 3282 989 3320 ac
1043 3266 1224 3322 sicubi
1255 3269 1614 3341 contingeret
1648 3272 1857 3325 multas
1885 3287 2027 3339 esse,

335 3370 465 3426 quae
511 3354 611 3409 illo
651 3355 820 3409 modo
849 3354 1187 3409 videbantur
1229 3356 1580 3411 honorandae
1619 3359 1912 3414 memoriae
1939 3361 2034 3415 de-

333 3443 683 3510 functorum,
716 3443 867 3498 idem
899 3443 1087 3514 ipsum
1119 3460 1318 3512 unum,
1350 3445 1503 3517 quod
1529 3445 1739 3517 ubique
1768 3453 2031 3518 poneret,

332 3531 603 3604 pocillum
633 3531 1105 3600 circumferebat;
1131 3536 1303 3605 atque
1335 3533 1416 3588 ita
1445 3533 1668 3604 vinum,
1702 3552 1819 3590 non
1861 3538 2032 3593 modo

334 3622 791 3693 aquatissimum,
820 3622 917 3677 sed
946 3622 1120 3676 etiam
1151 3621 1571 3694 tepidissimum
1591 3627 1731 3692 erat,
1763 3625 1913 3696 quod
1944 3625 2033 3680 in-

335 3716 423 3766 ter
471 3711 708 3782 hujusce
743 3710 1000 3783 religiosi
1041 3710 1215 3766 ofﬁcii
1263 3711 1500 3766 comites
1541 3729 1647 3784 per
1693 3714 2034 3769 sorbitiones

335 3798 569 3870 exiguas
589 3800 970 3870 partiebatur;
1003 3800 1135 3872 quia
1162 3801 1434 3873 pietatem
1460 3800 1543 3857 ibi
1571 3803 1885 3874 quaerebat,
1916 3819 2033 3858 non

336 3889 702 3958 voluptatem.
749 3888 1081 3943 Ambrosius
1122 3905 1297 3959 porro
1340 3889 1647 3944 Mediolani
1682 3898 2036 3963 praeceperat

334 3977 445 4030 ista
472 3991 589 4029 non
616 3975 760 4043 fieri,
794 3991 899 4030 nec
926 3975 996 4029 ab
1029 3975 1110 4030 eis
1139 3976 1239 4047 qui
1267 3978 1451 4033 sobrie
1481 3978 1758 4048 facerent;
1790 3984 1912 4035 tum
1960 3998 2033 4035 ne

338 4062 454 4117 ulla
483 4061 701 4117 occasio
729 4078 787 4116 se
808 4062 1200 4134 ingurgitandi
1229 4064 1461 4119 daretur
1477 4065 1736 4137 ebriosis,
1755 4072 1880 4122 tum
1901 4069 2036 4140 quia

335 4152 438 4207 illa
498 4151 661 4224 quasi
701 4151 1017 4222 parentalia
1065 4153 1449 4224 superstitioni
1493 4155 1806 4212 Gentilium
1844 4162 2035 4212 essent

338 4241 655 4297 simillima.
689 4241 832 4296 Cum
869 4240 1048 4311 igitur
1078 4242 1337 4297 Monnica
1372 4245 1714 4300 munuscula
1743 4263 1846 4301 suo
1876 4263 2034 4302 more

337 4331 631 4394 attulisset,
679 4334 849 4402 atque
895 4329 964 4384 ab
1012 4328 1241 4385 ostiario
1287 4331 1726 4402 prohiberetur;
1783 4335 1881 4391 ubi
1928 4336 2035 4391 hoc

336 4420 722 4483 Ambrosium,
773 4434 947 4490 quem
987 4418 1134 4473 sicut
1164 4420 1435 4490 angelum
1488 4422 1587 4476 Dei
1615 4423 1909 4495 diligebat,
1940 4442 2033 4480 ve-

338 4509 509 4564 tuisse
537 4507 825 4579 cognovit,
856 4511 973 4562 tam
1011 4506 1106 4579 pie
1137 4511 1307 4579 atque
1335 4508 1672 4565 obedienter
1699 4513 1759 4567 id
1790 4514 2030 4584 accepit,

336 4601 402 4653 ut
428 4599 548 4669 ipse
578 4596 884 4651 miraretur
909 4595 1284 4669 Augustinus,
1320 4613 1443 4652 eam
1474 4598 1667 4669 potius
1696 4601 1765 4655 ad
1796 4617 2033 4657 consuc-

335 4685 596 4741 tudinem
627 4701 800 4757 quam
837 4686 1185 4758 sequebatur
1209 4686 1724 4755 condemnandam,
1758 4705 1932 4760 quam
1963 4691 2035 4746 ad

336 4773 745 4847 inquirendum
792 4790 905 4846 qua
948 4775 1018 4830 de
1055 4791 1225 4830 causa
1265 4774 1700 4846 prohiberetur,
1730 4778 2032 4835 adductam

334 4864 526 4922 fuisse.
555 4866 751 4936 Itaque
781 4865 852 4920 ab
878 4863 1139 4921 instituto
1168 4883 1271 4921 suo
1299 4865 1555 4922 discessit
1578 4867 1802 4936 lubens,
1826 4871 1884 4923 et
1902 4885 2033 4940 pro-

334 4953 581 5009 canistro
610 4955 778 5026 pleno
809 4955 1052 5011 terrenis
1083 4955 1383 5026 fructibus,
1416 4958 1654 5029 plenum
1683 4959 2032 5032 purgatiori-

333 5044 442 5100 bus
472 5042 619 5098 votis
647 5047 846 5114 pectus
874 5044 943 5099 ad
973 5046 1278 5101 memorias
1307 5050 1624 5119 martyrum
1649 5048 1851 5103 afferre
1882 5049 2034 5105 didi-

334 5133 450 5200 cit;
481 5136 547 5188 ut
574 5135 629 5187 et
658 5132 809 5204 quod
851 5137 1065 5203 posset,
1109 5134 1273 5191 daret
1301 5136 1626 5209 egentibus,
1675 5141 1733 5191 et
1761 5136 1839 5191 sic
1877 5152 2032 5191 com-

334 5221 646 5278 municatio
680 5220 963 5276 Dominici
1009 5223 1261 5294 corporis
1292 5225 1407 5280 illic
1443 5226 1843 5294 celebraretur,
1869 5226 2031 5297 cujus

332 5311 613 5382 passionis
655 5310 977 5366 imitatione
1005 5311 1292 5367 immolati
1330 5318 1385 5368 et
1426 5315 1681 5370 coronati
1710 5319 1842 5369 sunt
1879 5330 2030 5369 mar-

337 5404 487 5470 tyres
511 5401 694 5471 (Ibid,
722 5401 817 5456 lib.
851 5403 903 5468 6,
934 5414 1055 5470 cap.
1091 5404 1143 5471 2,
1176 5418 1232 5456 η.
1267 5404 1339 5472 2).
1374 5402 1514 5457 Cum
1553 5404 1726 5459 etiam
1764 5403 2031 5476 religiosa

334 5483 501 5538 vidua
532 5486 982 5556 perturbaretur,
1027 5486 1322 5557 ambigens
1350 5503 1424 5541 an
1465 5488 1763 5544 Mediolani
1791 5489 1898 5545 sibi
1941 5490 2029 5561 je-

329 5570 654 5642 junandum
696 5578 842 5630 esset
887 5574 1138 5642 sabbato,
1191 5575 1504 5631 secundum
1553 5577 2027 5634 consuetudinem

3737 307 3841 360 148

2134 433 2491 504 Tagastensis
2530 432 2807 499 Ecclesiae,
2855 447 2928 486 an
2983 428 3415 487 Mediolanensis
3455 445 3617 484 more
3660 444 3842 499 pran-

2134 520 2418 590 dendum;
2451 521 2802 592 Augustinus
2830 524 2967 574 tunc
2990 518 3252 574 nondum
3280 532 3606 582 conversus,
3639 532 3844 588 quam-

2131 608 2212 662 vis
2249 609 2355 664 hac
2390 610 2460 664 de
2503 626 2564 663 re
2609 625 2815 679 parum
2860 606 3155 672 sollicitus,
3217 610 3283 660 ut
3310 620 3450 667 eam
3494 609 3687 658 tamen
3736 602 3844 657 illa

2131 697 2491 752 cunctatione
2550 698 2837 764 liberaret,
2896 694 3189 750 consuluit
3249 691 3665 748 Ambrosium:
3726 690 3844 756 Qui

2132 786 2447 858 respondit,
2480 786 2625 841 nihil
2651 785 2787 840 hinc
2816 800 2877 839 se
2908 800 3007 839 eos
3049 782 3252 838 docere
3296 797 3482 853 posse,
3526 780 3641 835 nisi
3682 779 3846 852 quod

2131 874 2253 946 ipse
2282 875 2528 941 faceret;
2566 874 2702 946 quia
2731 874 2776 927 si
2820 872 3027 927 melius
3066 874 3280 937 nosset,
3323 870 3382 924 id
3414 869 3607 940 potius
3642 867 3847 923 obser-

2130 968 2303 1018 varet.
2339 962 2402 1018 Et
2433 962 2677 1033 adjecit:
2722 960 2951 1028 Quando
2998 961 3083 1014 hic
3135 973 3277 1024 sum,
3324 973 3433 1012 non
3471 957 3663 1027 jejuno
3703 956 3846 1010 sab-

2133 1052 2291 1122 bato;
2323 1057 2374 1107 et
2402 1052 2475 1106 ad
2504 1066 2893 1121 quamcumque
2930 1050 3226 1105 Ecclesium
3251 1049 3528 1108 veneritis.
3559 1046 3677 1115 ejus
3720 1060 3837 1099 mo-

2130 1156 2242 1195 rem
2269 1146 2495 1208 servate,
2527 1143 2577 1195 si
2616 1141 2744 1210 pati
2782 1138 3100 1195 scandalum
3145 1151 3253 1191 non
3292 1137 3478 1202 vultis,
3520 1140 3617 1189 aut
3656 1137 3844 1202 facere

2132 1230 2250 1301 (Ep.
2285 1232 2372 1297 36,
2404 1246 2460 1283 η.
2496 1232 2583 1295 32,
2611 1233 2662 1283 et
2696 1229 2802 1298 Ep.
2854 1229 2942 1295 54,
2986 1243 3041 1281 n.
3076 1225 3146 1293 3).
3199 1227 3312 1280 Hoc
3358 1239 3699 1296 responsum
3741 1237 3839 1277 re-

2131 1318 2267 1372 tulit
2312 1318 2380 1371 ad
2428 1321 2694 1383 matrem,
2746 1319 2915 1386 eique
2960 1315 3204 1381 suffecit,
3248 1329 3353 1368 nec
3396 1312 3674 1368 dubitavit
3710 1312 3861 1365 esse'

2131 1405 2536 1461 obediendum.
2564 1407 2671 1459 Per
2710 1404 2860 1459 idem
2890 1408 3139 1474 tempus,
3172 1418 3287 1474 quo
3323 1400 3626 1457 Mediolani
3654 1399 3843 1469 dege-

2131 1493 2250 1561 bat,
2298 1493 2597 1548 Ambrosio
2644 1492 3104 1564 persecutionem
3139 1492 3210 1546 ab
3247 1490 3472 1545 Justina
3513 1494 3663 1544 totos
3712 1488 3842 1542 fere

2134 1583 2279 1637 duos
2320 1599 2502 1638 annos
2545 1583 2881 1648 sustinente,
2918 1579 3220 1635 emcubabat
3262 1581 3361 1649 pia
3400 1578 3553 1649 plebs
3580 1580 3640 1631 in
3672 1577 3846 1631 eccle-

2131 1675 2237 1741 sia,
2281 1670 2360 1726 ait
2404 1671 2777 1742 Augustinus,
2834 1672 2975 1725 mori
3013 1674 3217 1739 parata
3263 1684 3384 1724 cum
3426 1669 3670 1737 episcopo
3716 1680 3843 1733 suo,

2132 1775 2281 1815 servo
2326 1764 2436 1815 tuo.
2482 1760 2567 1815 Ibi
2594 1764 2767 1813 mater
2799 1774 2937 1825 mea,
2964 1758 3166 1811 ancilla
3214 1761 3327 1821 tua,
3376 1755 3763 1810 sollicitudinis
3794 1758 3849 1808 et

2132 1850 2449 1917 vigiliarum
2479 1840 2710 1917 primas
2738 1852 2937 1913 tenens,
3002 1831 3337 1900 orationibus
3392 1844 3606 1899 vivebat
3656 1844 3834 1912 (Cani.

2135 1938 2227 1992 lib.
2261 1941 2312 2002 9,
2350 1954 2467 2007 cap.
2500 1942 2556 2003 7,
2586 1952 2642 1991 η.
2680 1938 2792 2006 15),
2822 1935 3073 1990 Tandem
3091 1933 3374 2006 quidquid
3401 1933 3460 1987 in
3489 1948 3620 1986 vere
3652 1930 3842 1984 viduis

2135 2025 2456 2080 christianis
2488 2025 2728 2098 requirit
2756 2024 3060 2094 Apostolus
3093 2024 3138 2093 (Ι
3164 2026 3300 2078 Tim.
3333 2038 3387 2089 v,
3414 2024 3497 2093 9),
3543 2036 3610 2075 ea
3636 2020 3844 2091 imple-

2134 2112 2234 2166 vit.
2268 2112 2396 2167 Fuit
2424 2114 2597 2168 unius
2630 2113 2739 2168 viri
2778 2129 2942 2179 uxor,
2976 2117 3236 2166 mutuam
3269 2110 3455 2165 vicem
3496 2109 3840 2181 parentibus

2136 2200 2402 2268 reddidit,
2433 2201 2667 2257 domum
2695 2218 2859 2257 suam
2889 2201 2982 2273 pie
3011 2200 3306 2266 tractavit;
3342 2200 3404 2253 in
3436 2199 3709 2269 operibus
3738 2199 3845 2252 bo-

2134 2291 2224 2344 nis
2243 2290 2637 2345 testimonium
2658 2291 2878 2358 habuit,
2910 2288 3149 2345 nutrivit
3178 2289 3351 2359 ﬁlios,
3382 2287 3551 2342 toties
3577 2303 3673 2341 eos
3700 2303 3837 2358 par-

2135 2378 2373 2449 turiens,
2420 2379 2645 2451 quoties
2692 2396 2725 2434 a
2768 2381 2880 2434 Deo
2937 2379 3163 2434 deviare
3203 2376 3605 2432 animadvertit
3659 2376 3839 2446 (Conf.

2137 2468 2232 2523 lib.
2266 2470 2318 2535 9,
2350 2483 2470 2538 cap.
2495 2471 2549 2538 9,
2574 2484 2630 2524 η.
2654 2470 2778 2540 22):
2803 2468 2958 2541 quod
2979 2467 3215 2540 quidem
3238 2465 3301 2521 in
3319 2465 3636 2539 Augustino
3666 2465 3842 2536 plane

2137 2562 2495 2628 compertum
2526 2562 2631 2614 est.

2208 2649 2261 2701 4.
2290 2646 2547 2701 Vidimus
2578 2663 2693 2719 quo
2724 2646 2910 2702 studio
2942 2645 3312 2702 christianam
3358 2644 3699 2717 religionem
3743 2642 3841 2698 in-

2139 2750 2326 2789 serere
2351 2734 2437 2788 illi
2470 2735 2711 2806 puerulo
2750 2734 2956 2801 adhuc,
2987 2749 3052 2788 ac
3089 2733 3361 2805 pietatem
3401 2747 3627 2803 semper
3660 2729 3841 2800 inspi-

2138 2839 2265 2878 rare
2292 2824 2573 2878 curaverit
2595 2822 2953 2878 sanctissima
2980 2822 3195 2878 femina
3241 2821 3423 2892 (Ibid.,
3470 2821 3566 2876 lib.
3611 2824 3663 2887 l,
3710 2834 3838 2889 cap.

2143 2916 2228 2980 ll,
2271 2928 2327 2967 n.
2382 2912 2485 2981 17),
2532 2912 2595 2967 in
2639 2913 2801 2985 cujus
2846 2913 2987 2967 lacte
3029 2927 3238 2966 nomen
3288 2909 3496 2965 Christi
3534 2908 3845 2965 Salvatoris

2140 3000 2318 3054 nostri
2337 3000 2415 3054 sic
2446 3004 2712 3055 tenerum
2756 3016 2854 3055 cor
2890 3000 3047 3055 illius
3087 2999 3377 3072 prtebibit,
3421 3002 3485 3053 ut
3526 2997 3844 3054 admodum

2140 3089 2252 3143 alte
2282 3088 2552 3143 retineret
2580 3087 2768 3158 (Ibid.,
2795 3088 2890 3144 lib.
2924 3091 2978 3157 3,
3007 3103 3129 3157 cap.
3163 3090 3217 3150 1,
3243 3102 3299 3141 n.
3334 3087 3410 3157 8).
3459 3086 3582 3151 Quo
3633 3084 3845 3139 ardore

2139 3176 2312 3231 dabat
2335 3192 2593 3247 operam,
2623 3181 2690 3231 ut
2712 3177 2863 3231 idem
2890 3177 3079 3232 adhuc
3105 3192 3252 3248 puer
3279 3175 3339 3230 in
3361 3174 3565 3230 mortis
3587 3173 3845 3247 periculo

2141 3265 2483 3319 salutaribus
2511 3265 2879 3319 sacramentis
2903 3264 3269 3331 initiaretur;
3299 3264 3528 3319 charius
3549 3279 3685 3318 eum
3709 3278 3843 3333 par-

2141 3353 2361 3408 turiens
2391 3354 2558 3409 corde
2587 3359 2739 3409 casto
2768 3354 2829 3408 in
2881 3353 3221 3424 ﬁde,fquam
3249 3368 3420 3407 carne
3450 3349 3849 3423 parturierat?

2141 3441 2329 3514 (Ibid.,
2360 3443 2451 3497 lib.
2490 3445 2539 3509 1,
2569 3457 2689 3512 cap.
2728 3446 2812 3509 11,
2838 3458 2894 3496 n.
2928 3442 3031 3507 17).
3075 3442 3229 3506 Quos
3267 3441 3441 3496 etiam
3490 3438 3849 3495 adolescenti

2141 3534 2339 3600 postea
2363 3534 2419 3585 et
2445 3546 2576 3585 cum
2607 3535 2821 3601 quanta
2848 3530 3228 3585 sollicitudine
3276 3528 3529 3585 monitus
3572 3528 3751 3596 dedit,
3785 3532 3851 3583 ut

2142 3636 2276 3674 eum
2292 3619 2361 3675 ab
2375 3619 2633 3675 obscenis
2644 3619 2933 3675 amoribus
2946 3620 3260 3674 deterreret
3272 3620 3300 3673 ?
3314 3619 3467 3689 (Ibid.
3479 3659 3494 3685 ,
3518 3620 3612 3674 lib.
3646 3621 3702 3686 2,
3718 3634 3844 3689 cap.

2144 3711 2195 3775 3,
2227 3724 2283 3762 η.
2315 3706 2399 3779 7.)
2427 3708 2715 3773 Quantum
2752 3724 2859 3780 pro
2903 3724 2970 3763 eo
3010 3707 3071 3762 in
3103 3707 3538 3764 Manichaeorum
3576 3705 3849 3761 haeresim

2142 3797 2300 3868 lapso
2330 3796 2486 3852 ﬂevit
2508 3797 2581 3852 ad
2603 3799 2782 3852 Deum
2807 3799 2836 3852 ‘P
2859 3798 3037 3852 Flevit
3063 3801 3214 3852 certe
3242 3796 3488 3867 amplius
3508 3812 3683 3867 quam
3704 3795 3853 3849 ﬂent

2144 3891 2354 3942 matres
2383 3902 2658 3957 corporea
2684 3887 2767 3942 ﬁli
2782 3902 2937 3940 )rum
2983 3886 3205 3942 funera.
3263 3886 3496 3942 Videbat
3546 3885 3690 3939 enim
3725 3884 3849 3946 illa,

2145 3974 2330 4046 inquit
2344 3977 2505 4046 Augu
2517 3976 2719 4041 stinus,
2748 3980 2971 4031 mortem
2989 3991 3163 4030 meam
3185 3991 3254 4030 em
3267 3975 3376 4045 ﬁde
3393 3978 3443 4029 et
3464 3975 3669 4043 spiritu
3689 3987 3853 4041 quem

2143 4065 2373 4119 habebat
2395 4080 2464 4119 ea:
2485 4070 2568 4133 te;
2592 4070 2643 4120 et
2666 4065 2946 4119 emaudisti
2968 4080 3106 4128 eam,
3135 4066 3390 4120 Domine:
3421 4062 3706 4118 emaudisti
3724 4077 3847 4116 eam

2140 4167 2233 4207 nec
2261 4151 2559 4221 despexisti
2579 4152 2848 4221 lacrymas
2883 4151 3021 4223 ejus,
3064 4167 3185 4206 cum
3222 4153 3545 4222 proﬂuentes
3599 4151 3855 4218 rigarent

2143 4244 2345 4295 terram
2367 4240 2661 4295 subceulis
2677 4240 2817 4309 ejus,
2837 4242 2897 4294 in
2913 4242 3060 4295 omni
3079 4240 3189 4295 loco
3212 4241 3475 4295 orationis
3503 4238 3621 4307 ejus
3645 4253 3660 4304 ;
3683 4252 3855 4291 errau-

2142 4328 2277 4383 disti
2293 4343 2428 4382 eam.
2460 4329 2597 4385 Nam
2625 4327 2768 4382 unde
2792 4327 2934 4383 illud
2978 4330 3265 4397 somnium,
3296 4342 3401 4398 quo
3437 4341 3557 4380 eam
3596 4326 3852 4381 consola-

2143 4421 2229 4472 tus
2257 4431 2333 4486 es,
2361 4422 2424 4472 ut
2450 4418 2628 4472 vivere
2653 4432 2737 4471 me
2766 4416 3070 4471 concederet
3087 4420 3139 4470 et
3167 4416 3362 4470 habere
3400 4428 3578 4470 secum
3604 4413 3852 4468 eamdem

2140 4521 2377 4561 mensam
2406 4506 2465 4561 in
2496 4505 2670 4572 domo,
2707 4504 2852 4576 quod
2880 4505 3020 4560 nolle
3058 4508 3308 4574 caperet,
3356 4504 3655 4559 adversans
3675 4507 3725 4557 et
3756 4502 3852 4556 de-

2143 4600 2343 4651 testans
2376 4595 2739 4664 blasphemias
2767 4595 2968 4649 erroris
2999 4596 3106 4648 mei
3126 4594 3154 4649 ?
3184 4593 3341 4650 Vidit
3367 4594 3509 4648 enim
3533 4596 3769 4647 stantem
3795 4605 3854 4646 se

2140 4686 2202 4739 in
2231 4674 2471 4753 quadam
2498 4683 2689 4751 regula
2726 4683 2925 4750 lignea,
2946 4687 2999 4736 et
3033 4680 3400 4737 advenientem
3421 4679 3495 4735 ad
3517 4695 3573 4735 se
3587 4680 3849 4749 juvenem

2139 4772 2503 4843 splendidum,
2545 4771 2774 4826 hilarem
2802 4775 2965 4842 atque
2981 4771 3312 4826 arridentem
3338 4770 3464 4838 sibi,
3488 4785 3609 4825 cum
3640 4769 3744 4824 illa
3771 4783 3855 4823 es-

2139 4866 2219 4918 set
2236 4865 2537 4918 mcerens'et
2564 4874 2790 4916 maerore
2816 4862 3095 4928 confecta:
3128 4861 3227 4929 qui
3246 4875 3365 4914 cum
3392 4872 3585 4914 causas
3614 4859 3849 4926 quaesis-

2138 4956 2219 5007 set
2244 4952 2313 5006 ab
2340 4952 2696 5007 edmastitiae
2716 4964 2846 5018 suae,
2869 4948 3421 5019 quotidianaruqu
3450 4949 3848 5017 lacrymarum,

2139 5040 2383 5107 docendi,
2414 5044 2477 5095 ut
2500 5040 2712 5107 assolet,
2744 5053 2851 5094 non
2885 5037 3130 5093 discendi
3155 5039 3362 5107 gratia,
3410 5042 3575 5106 atque
3618 5037 3721 5093 illa
3762 5050 3851 5090 re-

2136 5131 2441 5203 spondisset
2458 5129 2817 5200 perditionem
2836 5143 3008 5182 meam
3032 5142 3087 5183 se
3101 5129 3365 5197 plangere
3386 5144 3401 5195 ;
3419 5128 3650 5198 jussisse
3666 5127 3847 5193 illum,

2138 5236 2242 5291 quo
2270 5235 2458 5276 secura
2476 5223 2629 5285 esset,
2660 5222 2822 5288 atque
2836 5217 3179 5272 admonuisse
3204 5221 3267 5271 ut
3286 5217 3585 5272 attenderet
3613 5221 3665 5271 et
3691 5216 3849 5271 vide-

2136 5315 2238 5377 ret,
2270 5309 2365 5364 ubi
2388 5312 2523 5364 esset
2549 5309 2670 5374 illa,
2704 5307 2784 5361 ibi
2819 5322 2931 5362 esse
2957 5309 3009 5360 et
3035 5321 3136 5361 me.
3160 5306 3314 5373 Quod
3340 5307 3440 5362 illa
3458 5306 3554 5361 ubi
3582 5305 3848 5374 attendit,

2135 5399 2279 5454 vidit
2302 5414 2384 5453 me
2404 5398 2575 5468 juxta
2602 5412 2658 5451 se
2686 5398 2746 5451 in
2774 5396 2959 5451 eadem
3007 5397 3198 5464 regula
3234 5399 3484 5451 stantem.
3534 5394 3688 5450 Unde
3726 5395 3844 5456 hoc,

2134 5489 2247 5542 nisi
2266 5488 2398 5557 quia
2416 5490 2572 5541 erant
2589 5500 2746 5540 aures
2775 5488 2881 5540 tuae
2904 5484 2979 5540 ad
3004 5500 3093 5540 cor
3121 5486 3239 5554 ejus
3260 5484 3288 5540 7
3322 5483 3471 5539 Unde
3496 5482 3641 5538 illud
3655 5486 3843 5551 etiam,

2136 5577 2282 5649 quod
2299 5591 2419 5632 cum
2440 5576 2579 5632 mihi
2605 5577 2884 5631 narrasset
2900 5576 3082 5646 ipsum
3107 5575 3302 5641 visum,
3332 5576 3384 5628 et
3407 5588 3503 5642 ego
3535 5571 3612 5627 ad
3640 5572 3702 5627 id
3727 5577 3846 5626 tra-
