4048 6194
183 262 271 313 149

183 387 288 437 here
312 398 556 449 conarer,
590 386 651 437 at
678 383 778 436 illa
818 397 872 436 se
909 386 1095 451 potius
1135 395 1242 436 non
1280 381 1588 451 desperaret
1624 383 1874 448 futuram

178 488 269 527 esse
298 473 450 541 quod
484 488 663 537 eram;
696 473 944 525 continuo
976 472 1090 524 sine
1115 471 1306 538 aliqua
1343 472 1696 536 haesitatione,
1729 472 1867 538 Non,

180 564 378 629 inquit:
414 577 522 614 non
537 562 680 614 enim
707 562 845 613 mihi
873 559 1077 613 dictum
1091 565 1187 625 est,
1216 560 1317 614 Ubi
1339 561 1449 625 ille,
1481 560 1559 612 ibi
1574 563 1623 613 et
1645 564 1729 625 tu;
1754 560 1867 627 sed,

180 651 265 704 l'bi
292 656 373 718 tu,
408 651 490 703 ibi
510 654 561 703 et
590 651 681 703 ille
708 649 889 719 (Ibid,
924 649 1018 702 lib.
1056 651 1108 715 3,
1141 664 1260 717 cap.
1295 652 1376 707 ll,
1406 664 1501 702 nn.
1538 651 1622 714 l9,
1663 650 1773 718 20).
1810 648 1869 701 Id

178 756 367 793 novem
411 739 597 793 ferme
629 755 809 792 annos
848 742 979 792 ante
1022 738 1177 792 illius
1221 736 1699 803 emendationem,
1741 753 1870 807 quae

177 829 265 882 :ub
296 844 563 882 mensem
607 832 913 899 augustum
945 827 1080 881 anni
1118 826 1500 881 trecentesimi
1539 826 1871 897 octogesimi

172 916 302 970 sexti
331 916 605 988 contigit,
651 916 1005 987 proindeque
1038 920 1291 970 extremo
1323 916 1545 971 circiter
1586 918 1867 969 trecente-

170 1008 301 1059 ~imo
353 1006 787 1076 septuagesimo
826 1010 981 1059 sexto
1014 1005 1226 1059 factum
1267 1008 1370 1059 est.
1406 1006 1513 1059 Per
1543 1004 1650 1058 hoc
1698 1020 1868 1058 omne

169 1095 406 1165 spatium
450 1095 624 1149 vidua
668 1094 767 1148 illa
797 1099 967 1162 casta,
1000 1094 1094 1165 pia
1138 1098 1194 1147 et
1231 1093 1438 1160 sobria,
1487 1110 1591 1163 pro
1620 1092 1738 1147 ﬁlio
1770 1109 1867 1163 ge-

169 1200 310 1259 incrc
359 1184 524 1255 apud
566 1185 744 1237 Deum
793 1200 1091 1254 nunquam
1134 1182 1367 1238 destitit.
1423 1182 1643 1236 Etenim
1690 1180 1870 1234 vivida

172 1274 443 1325 factarum
474 1271 585 1325 sibi
624 1271 1068 1341 promissionum
1111 1270 1219 1325 ﬁde
1252 1270 1331 1324 ita
1362 1286 1420 1324 se
1451 1270 1575 1340 ipsa
1608 1268 1866 1323 stimula-

171 1361 264 1422 bat,
319 1365 391 1413 ut
441 1360 578 1413 inde
618 1376 735 1413 non
775 1359 960 1413 solum
1004 1376 1121 1413 non
1164 1360 1327 1413 ﬁeret
1374 1358 1620 1429 segnior,
1669 1372 1869 1410 verum

108 1498 113 1503 .
168 1449 323 1501 etiam
362 1448 595 1502 nullam
625 1446 883 1518 suspiriis
915 1447 1187 1518 quietem,
1222 1448 1439 1501 nullam
1476 1446 1703 1499 tietibus
1746 1461 1865 1498 mo-

168 1554 291 1603 ram,
322 1537 564 1591 nullum
588 1537 823 1590 modum
846 1536 989 1589 votis
1013 1553 1075 1589 ac
1095 1536 1357 1605 precibus
1378 1534 1754 1605 permitteret.
1792 1535 1866 1587 De

164 1626 439 1696 sanguine
472 1626 661 1681 cordis
692 1626 782 1680 sui
816 1627 925 1679 Deo
953 1642 1057 1696 per
1084 1626 1360 1697 lacrymas
1386 1624 1585 1679 diebus
1616 1640 1678 1677 ac
1697 1623 1869 1678 nocti-

162 1716 249 1767 bus
279 1731 391 1786 pro
423 1715 529 1768 illo
570 1714 923 1769 sacriﬁcabat
960 1715 1149 1783 (Ibid.,
1191 1714 1284 1768 lib.
1320 1718 1370 1779 ὅ,
1405 1729 1526 1783 cap.
1557 1717 1612 1779 7,
1644 1728 1700 1766 η.
1739 1713 1823 1780 13)
1852 1727 1863 1765 :

160 1821 320 1874 quem
372 1804 577 1858 divina
622 1804 1013 1858 misericordia
1048 1802 1290 1857 servavit
1332 1818 1511 1873 usque
1544 1801 1615 1855 ad
1658 1816 1867 1872 aquam

161 1892 376 1961 gratiae,
409 1909 531 1963 qua
551 1893 757 1946 eodem
777 1893 992 1961 ablato,
1024 1892 1373 1946 siccarentur
1398 1890 1637 1945 tlumina
1658 1893 1866 1943 mater-

164 1997 358 2034 iarum
385 1982 714 2047 oculorum,
735 1982 942 2051 quibus
967 1998 1069 2052 pro
1091 1981 1206 2034 tilio
1231 1980 1484 2052 quotidie
1510 1981 1623 2034 Deo
1645 1978 1869 2049 rigabat

177 2086 369 2122 ert-am
402 2069 512 2123 sub
540 2070 700 2122 vultu
731 2086 832 2123 suo
866 2069 1052 2139 (Ibid,
1094 2086 1213 2138 cap.
1250 2072 1299 2134 8,
1347 2086 1398 2122 η.
1438 2068 1721 2138 l5).Porro
1753 2082 1867 2120 non

158 2160 461 2211 contentus
495 2158 643 2211 Deus
664 2156 718 2211 ei
747 2156 1001 2226 primum
1030 2156 1135 2210 hoc
1164 2157 1373 2227 pignus
1403 2155 1611 2209 futurze
1640 2170 1868 2208 conver-

158 2246 330 2299 =ionis
376 2245 692 2317 Augustini
723 2246 962 2313 dedisse,
996 2246 1217 2301 addidit
1255 2252 1311 2300 et
1340 2246 1493 2300 aliud
1528 2262 1630 2320 per
1650 2244 1865 2315 episco-

159 2352 289 2403 pum
310 2334 377 2388 in
402 2335 653 2389 Ecclesia
676 2335 953 2391 catholica
977 2336 1276 2401 nutritum,
1308 2340 1474 2405 atque
1492 2334 1550 2387 in
1578 2332 1758 2388 Libris
1780 2331 1863 2386 di-

160 2423 296 2477 vinis
329 2423 740 2478 exercitatum.
789 2424 950 2490 Quem
990 2440 1107 2479 cum
1151 2426 1250 2478 illa
1278 2425 1484 2490 femina
1526 2420 1715 2490 inquit
1751 2422 1865 2473 Au-

154 2513 447 2581 gustinus,
510 2518 752 2579 rogasset
799 2519 860 2566 ut
904 2514 1224 2581 dignaretur
1272 2527 1473 2566 mecum
1521 2510 1770 2578 colloqui,
1819 2511 1868 2561 et

157 2603 404 2667 refellere
432 2618 643 2656 errores
686 2618 849 2669 meos,
883 2607 933 2657 et
962 2602 1213 2657 dedocere
1245 2617 1326 2656 me
1363 2601 1528 2665 mala,
1573 2615 1636 2652 ac
1686 2598 1868 2651 docere

156 2691 283 2743 bona
313 2690 587 2759 {faciebat
616 2692 749 2745 enim
780 2690 872 2744 hoc
902 2694 952 2745 si
969 2706 1098 2759 quos
1123 2692 1263 2757 forte
1296 2690 1506 2742 inoneos
1527 2687 1864 2750 invenisset);

154 2782 329 2833 notuit
374 2781 491 2845 ille,
529 2781 829 2849 prudenter
867 2796 1013 2845 sane,
1066 2783 1329 2848 quantum
1357 2779 1500 2832 sensi
1523 2780 1732 2845 postea.
1773 2775 1868 2827 Re-

154 2869 380 2936 spondit
409 2872 557 2922 enim
582 2885 663 2922 me
691 2868 868 2922 adhuc
898 2883 1007 2922 esse
1046 2860 1356 2932 indocilem,
1387 2881 1442 2919 eo
1474 2864 1617 2933 quod
1648 2865 1867 2930 inﬂatus

152 2973 315 3011 essem
353 2960 603 3011 novitate
631 2960 847 3011 haeresis
880 2958 1049 3022 illius,
1084 2960 1133 3009 et
1162 2956 1433 3009 nonnullis
1465 2951 1867 3022 qwstiunculis

148 3046 257 3110 jam
280 3046 498 3099 multos
526 3047 803 3114 imperitos
831 3046 1210 3113 eragitassem,
1238 3045 1379 3097 sicut
1405 3042 1501 3096 illa
1532 3040 1870 3094 indicaverat

154 3136 211 3186 ei.
252 3134 378 3189 Sed
431 3136 571 3193 sine,
604 3135 805 3201 inquit,
849 3133 1001 3186 illum
1042 3133 1140 3197 ibi,
1193 3136 1242 3185 et
1274 3135 1482 3184 tantum
1524 3144 1657 3195 roga
1681 3142 1783 3196 pro
1812 3141 1868 3179 eo

155 3224 488 3287 Dominum;
514 3224 630 3290 ipse
674 3221 891 3289 legendo
919 3223 1147 3290 reperiet
1190 3222 1311 3288 quis
1352 3221 1440 3273 ille
1482 3220 1556 3273 sit
1602 3232 1771 3281 error,
1820 3218 1868 3268 et

153 3317 370 3379 quanta
402 3314 684 3379 impietas.
723 3312 898 3366 Simul
922 3314 1081 3365 etiam
1111 3311 1383 3375 narravit,
1419 3325 1474 3362 se
1501 3321 1709 3376 quoque
1734 3320 1866 3374 par-

152 3401 344 3453 rulum
390 3415 428 3452 a
477 3398 698 3453 seducta
728 3403 898 3453 matre
938 3414 1039 3453 sua
1076 3398 1266 3452 datum
1303 3399 1473 3464 fuisse
1532 3394 1866 3459 Manicliaeis,

154 3496 199 3541 el
239 3503 438 3543 omnes
480 3503 617 3556 pene
653 3502 757 3541 non
806 3487 994 3555 legisse
1032 3491 1266 3556 tantum,
1307 3502 1491 3541 verum
1526 3486 1689 3539 etiam
1727 3482 1869 3536 scri—

154 3580 394 3644 ptitasse
425 3576 596 3630 libros
625 3591 843 3643 eorum;
885 3575 1094 3644 sibique
1129 3577 1450 3645 apparuisse
1494 3574 1641 3628 nullo
1684 3575 1871 3626 contra

154 3667 487 3738 disputante
505 3670 557 3720 et
586 3668 942 3733 convincente,
965 3681 1129 3735 quam
1145 3669 1279 3719 esset
1305 3666 1401 3718 illa
1426 3669 1569 3719 secta
1581 3662 1868 3731 fugienda,

160 3758 348 3825 itaque
376 3757 616 3823 fugisse.
649 3755 775 3821 Quae
802 3771 921 3809 cum
952 3756 1040 3809 ille
1078 3755 1330 3819 discisset,
1362 3758 1523 3822 atque
1571 3754 1670 3807 illa
1710 3753 1869 3807 nollet

158 3848 524 3913 acquiescere,
566 3844 660 3898 sed
694 3847 924 3899 instaret
958 3846 1131 3911 magis
1163 3842 1517 3913 deprecando,
1550 3847 1599 3896 et
1642 3842 1871 3896 ubertim

156 3936 356 4003 ﬂendo,
389 3939 455 3987 ut
484 3950 569 3988 me
598 3934 803 3988 videret
833 3938 881 3987 et
910 3949 1113 3988 mecum
1137 3933 1456 3999 dissereret;
1486 3934 1577 3987 ille
1590 3931 1713 3999 jam
1745 3931 1870 3984 sub-

158 4026 512 4078 stomachans
551 4023 730 4077 taedio.
774 4023 942 4089 Vade,
973 4025 1172 4092 inquit,
1211 4039 1243 4076 a
1286 4039 1393 4089 me;
1427 4024 1508 4076 ita
1535 4024 1719 4075 vivas:
1751 4019 1874 4090 ﬁeri

74 4160 81 4167 .
161 4129 257 4166 non
294 4117 482 4182 potest
519 4117 581 4165 ut
603 4113 759 4180 ﬁlius
804 4115 1037 4167 istarum
1080 4114 1448 4184 lacrymarum
1480 4116 1688 4181 pereat.
1723 4109 1874 4176 Quod

162 4204 256 4255 illa
287 4204 373 4255 ita
393 4217 456 4256 se
494 4205 784 4271 accepisse,
816 4204 955 4255 inter
984 4202 1248 4271 colloquia
1268 4216 1368 4254 sua
1394 4216 1594 4254 mecum
1624 4214 1761 4268 saepe
1790 4213 1873 4251 re-

161 4292 527 4357 eordabatur,
561 4306 624 4343 ac
666 4293 715 4345 si
747 4291 812 4345 de
839 4292 963 4345 cwlo
990 4291 1252 4345 sonuisset
1284 4288 1471 4359 (Ibid,
1520 4288 1615 4343 lib.
1652 4291 1702 4354 3,
1752 4302 1872 4355 cap.

168 4384 249 4445 12,
284 4399 341 4435 n.
377 4384 492 4449 21).
530 4382 670 4435 Data
700 4386 834 4435 sunt
871 4380 925 4435 ei
963 4379 1237 4435 divinitus
1266 4377 1377 4432 alia
1408 4393 1635 4449 quoque
1668 4377 1876 4431 futurae

164 4470 263 4523 ﬁlii
296 4468 734 4524 emendationis
771 4468 1116 4534 testimonia,
1149 4484 1277 4539 quas
1308 4466 1405 4520 illa
1449 4465 1605 4520 ﬁdeli
1648 4470 1878 4536 pectore

162 4558 427 4624 tenebat,
470 4562 530 4611 et
574 4573 800 4628 semper
828 4573 995 4611 orans
1034 4561 1308 4626 tanquam
1355 4553 1735 4624 chirographa
1767 4554 1880 4608 Deo

162 4663 263 4699 sua
290 4646 604 4717 ingerebat
626 4645 806 4716 (Ibid,
833 4645 932 4699 lib.
972 4648 1027 4713 5,
1057 4661 1178 4713 cap.
1212 4648 1264 4709 9,
1288 4660 1357 4699 η.
1392 4643 1492 4714 17).
1515 4642 1752 4708 Quando
1772 4645 1883 4696 Au-

164 4737 440 4805 gustinus
472 4735 599 4805 ipsa
638 4734 923 4788 incassum
953 4733 1235 4788 retinente
1266 4749 1330 4786 ac
1369 4732 1431 4787 in
1462 4732 1653 4786 littore
1684 4732 1882 4786 relicta

165 4823 466 4895 navigavit
499 4823 563 4876 in
602 4823 838 4893 Italiam,
875 4822 1147 4877 remansit
1187 4821 1285 4875 illa
1314 4820 1527 4875 orando
1570 4825 1624 4875 et
1671 4821 1907 4876 ﬂendo;

169 4915 232 4967 Et
262 4913 416 4983 quid
444 4929 480 4966 a
521 4918 575 4968 te
597 4912 833 4981 petebat,
865 4915 1002 4966 Deus
1017 4926 1185 4979 meus,
1223 4910 1414 4981 inquit
1444 4909 1560 4975 ille,
1595 4912 1766 4967 tantis
1803 4910 1884 4964 3a-

165 5006 394 5069 crgmis,
414 5003 531 5055 nisi
553 5005 616 5055 ut
645 5004 904 5067 navigare
932 5017 1013 5054 me
1041 5016 1147 5055 non
1167 5003 1367 5054 sineres
1384 4999 1411 5055 ?
1432 5000 1537 5056 Sed
1558 5004 1616 5053 tu
1638 5001 1746 5055 alte
1766 5014 1886 5053 con-

163 5091 375 5157 sulens,
397 5098 449 5145 et
468 5090 772 5145 exaudiens
801 5089 1075 5144 cardinem
1096 5088 1357 5144 desiderii
1385 5089 1524 5157 ejus,
1553 5105 1659 5143 non
1679 5090 1887 5143 curasti

166 5182 319 5249 quod
340 5187 471 5236 tunc
497 5180 738 5250 petebat,
770 5183 831 5232 ut
855 5181 912 5232 in
941 5195 1020 5233 me
1046 5180 1259 5246 faceres
1290 5177 1433 5247 quod
1448 5193 1651 5247 semper
1668 5178 1888 5249 petebat

172 5270 377 5339 illud,
409 5286 536 5340 cap.
585 5271 642 5333 8,
691 5284 748 5321 η.
804 5266 904 5336 15).
940 5268 1226 5337 Appulsus
1258 5267 1496 5320 Romam
1534 5266 1887 5336 Augustinus

187 5375 429 5427 gravem
470 5360 533 5414 in
586 5356 859 5412 morbum
887 5356 1104 5423 incidit,
1151 5360 1182 5409 ἐι
1214 5371 1327 5426 quo
1373 5352 1636 5425 precibus
1667 5354 1884 5421 matris,

176 5448 313 5502 licet
352 5448 531 5519 ipsius
563 5446 891 5517 periculum
932 5444 1250 5509 nescientis,
1294 5443 1597 5497 liberatum
1625 5458 1683 5497 se
1714 5443 1886 5513 proli-

174 5544 351 5591 wtur.
381 5537 441 5592 Si
470 5553 611 5593 vero
643 5532 979 5605 contigisset
1003 5532 1166 5589 illum
1196 5532 1255 5587 in
1296 5531 1517 5599 hazresi,
1549 5548 1722 5602 quam
1765 5537 1889 5587 tum

1606 261 1818 316 LIBER
1862 260 2247 317 SECUNDUS.

3585 264 3688 316 l50

1981 381 2318 446 sectabatur,
2355 384 2601 435 mortem
2631 380 2811 447 obire,
2841 396 3003 434 casus
3030 381 3125 435 ille
3155 380 3313 435 cordi
3339 380 3538 435 matris
3567 386 3685 437 tam

1982 471 2161 525 altum
2191 472 2398 525 vulnus
2418 469 2743 537 inﬂixisset,
2768 474 2833 524 ut
2858 470 3080 524 nullum
3105 464 3330 542 reliquo
3352 469 3482 524 vita:
3503 469 3685 524 curriv

1981 561 2107 614 culo
2137 560 2404 615 solatium
2426 563 2575 615 esset
2595 559 2937 614 admissura.
2968 560 3163 629 Neque
3183 558 3335 613 enim
3367 557 3478 612 dici
3498 562 3688 629 potest

1981 672 2094 727 qua
2123 656 2400 710 charitate
2430 655 2617 710 ﬁlium
2647 655 3153 725 complectebatur,
3177 658 3458 725 quantove
3482 652 3687 723 majori

1979 744 2361 799 sollicitudine
2393 762 2525 801 eum
2557 744 2910 815 parturiebat
2929 744 3156 815 spiritu,
3188 759 3360 814 quam
3392 758 3558 796 carne
3583 758 3684 812 pe-

1979 838 2225 903 pererat.
2275 837 2393 889 Non
2441 837 2625 901 itaque
2663 832 2832 894 video,
2886 832 2967 886 ait
3016 832 3391 902 Augustinus,
3424 830 3684 901 quomodo

1979 927 2286 987 sanaretur,
2318 924 2367 975 si
2394 938 2514 977 mea
2537 923 2661 975 talis
2680 922 2778 975 illa
2803 936 2945 975 mors
2968 922 3449 975 transverberasset
3476 922 3687 974 viscera

1979 1011 2281 1065 dilectionis
2309 1012 2422 1079 ejus
2448 1010 2630 1079 (Ibid,
2653 1026 2774 1078 cap.
2801 1012 2849 1073 9,
2887 1024 2979 1063 nn.
3020 1012 3103 1068 16,
3142 1009 3247 1079 17).
3276 1009 3379 1062 Βία
3412 1025 3469 1061 se
3503 1024 3536 1062 a
3564 1007 3684 1062 tilio

1979 1098 2229 1167 separari
2262 1115 2376 1151 non
2417 1098 2578 1164 tulit;
2624 1098 2718 1151 sed
2763 1096 2975 1167 pietate
3022 1095 3207 1163 fortis,
3250 1096 3390 1149 nihil
3439 1096 3685 1150 arduum

1978 1190 2118 1249 rata,
2143 1200 2275 1238 eum
2307 1190 2458 1238 terra
2487 1185 2746 1255 marique
2777 1190 2969 1239 secuta
2992 1190 3092 1247 est,
3122 1202 3185 1237 ac
3214 1184 3445 1237 tandem
3476 1183 3679 1238 Medio-

1980 1272 2115 1340 lani,
2150 1288 2323 1343 quam
2352 1273 2412 1326 iu
2433 1274 2637 1327 urbem
2654 1273 2893 1327 docendi
2910 1289 3079 1326 causa
3107 1290 3255 1326 anno
3285 1271 3681 1327 trecentesimo

1978 1362 2327 1431 octogesimo
2358 1366 2562 1432 quarto
2592 1378 2649 1415 se
2679 1362 3020 1427 contulerat,
3054 1366 3307 1415 assecuta
3337 1360 3520 1430 (Ibid,
3553 1377 3676 1430 cap.

1985 1453 2067 1517 13,
2098 1466 2150 1505 n.
2176 1450 2285 1517 23}.
2322 1449 2506 1503 Divini
2537 1450 2733 1504 auxilii
2753 1450 2965 1503 ﬁducia
2982 1450 3303 1519 periculum
3323 1450 3548 1503 nullum
3567 1466 3682 1503 non

1977 1538 2397 1606 contemnebat,
2446 1539 2583 1593 adeo
2634 1544 2695 1592 ut
2734 1555 2836 1609 per
2886 1538 3106 1593 marina
3144 1537 3477 1592 discrimina
3523 1536 3679 1608 ipsos

1977 1632 2197 1695 nautas,
2235 1645 2266 1681 a
2296 1627 2504 1699 quibus
2544 1627 2811 1681 solatium
2843 1627 3103 1682 adhiberi
3135 1626 3278 1681 solet
3303 1626 3372 1680 iis
3401 1643 3545 1698 quos
3578 1642 3679 1680 na-

1976 1716 2488 1787 vigandijusuetos
2520 1715 2778 1769 exoriens
2809 1716 3060 1786 procella
3094 1715 3407 1786 perturbat,
3440 1714 3563 1785 ipsa
3593 1731 3682 1769 so-

1976 1806 2210 1871 laretur,
2244 1805 2518 1875 pollicens
2548 1805 2629 1858 eis
2661 1805 3093 1875 perventionem
3128 1820 3260 1858 cum
3287 1804 3498 1869 salute;
3545 1803 3685 1874 quia

1976 1895 2085 1948 hoc
2116 1894 2169 1947 ei
2193 1896 2338 1947 Deus
2368 1910 2472 1963 per
2491 1893 2675 1947 visum
2696 1898 2817 1946 erat
2836 1892 3125 1963 pollicitus
3154 1892 3334 1961 (Ibid,
3367 1893 3463 1946 lib.
3482 1896 3533 1953 6,
3557 1908 3679 1961 cap.

1983 1986 2031 2049 1,
2065 1999 2118 2035 η.
2152 1984 2222 2051 1).
2258 1982 2465 2036 Filium
2484 1980 2745 2047 olfendit,
2774 1981 2844 2035 ob
2872 1980 3329 2050 desperationem
3352 1979 3683 2035 inveniendi

1976 2069 2116 2135 veri,
2151 2086 2265 2123 non
2296 2068 2659 2123 mediocriter
2678 2068 3120 2139 periclitantem.
3156 2068 3261 2123 Sed
3291 2072 3467 2121 tamen
3482 2070 3532 2121 ei
3562 2083 3683 2122 cum

1976 2159 2320 2227 iudicassem,
2365 2158 2444 2212 ait
2485 2157 2864 2228 Augustinus,
2909 2173 3015 2211 non
3046 2172 3125 2211 me
3177 2156 3394 2225 quidem
3412 2157 3536 2225 jam
3573 2171 3683 2211 esse

1974 2246 2347 2311 Manio/mum,
2396 2245 2490 2301 sed
2531 2261 2699 2315 neque
2745 2247 3065 2300 catholicum
3112 2245 3494 2310 christianum,
3545 2260 3671 2311 non,

1977 2338 2139 2405 quasi
2159 2338 2499 2405 inopinatum
2522 2335 2739 2404 aliquid
2762 2335 3019 2404 audierit,
3046 2336 3288 2389 eccsilivit
3312 2335 3530 2398 latitia;
3564 2349 3685 2387 cum

1969 2426 2090 2494 jam
2111 2440 2295 2479 secura
2310 2427 2459 2493 ﬁeret
2483 2440 2549 2478 ea:
2580 2441 2639 2478 ea
2656 2430 2815 2495 parte
2826 2426 3055 2479 miseriae
3076 2439 3219 2491 meae,
3242 2425 3301 2477 in
3322 2438 3431 2492 qua
3456 2438 3537 2476 me
3559 2426 3683 2476 tan-

1975 2530 2140 2583 quam
2162 2518 2451 2579 mortuum,
2477 2512 2573 2567 sed
2592 2513 3026 2567 resuscitandum
3054 2512 3156 2565 tibi
3179 2512 3362 2579 ﬂebat,
3402 2516 3453 2565 et
3480 2512 3680 2577 feretro

1977 2604 2319 2668 cogitationis
2353 2602 2626 2671 efferabat,
2668 2606 2727 2655 ut
2767 2602 2968 2656 diceres
3015 2602 3128 2670 ﬁlio
3167 2600 3381 2654 viduae:
3427 2600 3678 2668 Iuvenis,

1976 2691 2081 2744 tibi
2111 2690 2257 2753 dico,
2287 2706 2455 2761 surge
2479 2690 2636 2760 (Luc.
2676 2707 2771 2755 vn,
2804 2691 2887 2755 14,
2924 2689 3005 2759 15)
3029 2705 3041 2754 ;
3065 2693 3115 2742 et
3134 2690 3496 2753 revivisceret,
3524 2691 3573 2741 et
3600 2689 3680 2741 in-

1976 2782 2173 2849 ciperet
2202 2781 2370 2849 loqui,
2416 2783 2466 2833 et
2496 2778 2736 2832 traderes
2780 2779 2932 2832 illum
2980 2780 3146 2831 matri
3172 2792 3304 2831 suae.
3351 2778 3517 2833 Nulla
3558 2792 3681 2843 ergo

1979 2869 2287 2922 turbulenta
2315 2869 2678 2921 exsultatione
2709 2866 3008 2935 trepidavit
3029 2882 3117 2919 cor
3142 2866 3279 2933 ejus,
3304 2881 3423 2919 cum
3443 2864 3683 2919 audisset

1976 2973 2043 3011 ea:
2070 2962 2222 3011 tanta
2244 2962 2407 3026 parte
2428 2956 2549 3024 jam
2573 2958 2805 3021 factum,
2830 2954 2975 3022 quod
3008 2954 3109 3007 tibi
3128 2953 3368 3021 quotidie
3384 2952 3684 3021 plangebat

1975 3049 2037 3099 ut
2064 3044 2245 3115 ﬁeret;
2288 3046 2570 3098 veritatem
2600 3060 2679 3097 me
2718 3043 2955 3097 nondum
3005 3042 3285 3111 adeptum,
3317 3041 3413 3096 sed
3439 3041 3684 3107 falsitati

1970 3134 2093 3203 jam
2120 3137 2389 3202 ereptum:
2419 3134 2525 3187 imo
2551 3148 2674 3187 vero
2704 3134 2837 3202 quia
2854 3136 2999 3185 certa
3030 3134 3167 3195 erat,
3198 3132 3247 3183 et
3277 3128 3421 3197 quod
3439 3128 3684 3185 restabat

1978 3227 2027 3276 te
2060 3222 2334 3289 daturum,
2378 3223 2475 3291 qui
2501 3226 2670 3276 totum
2698 3223 3025 3289 promiseras
3052 3238 3067 3283 ;
3095 3218 3470 3287 placidissime
3497 3221 3547 3270 et
3572 3232 3667 3286 pe-

1978 3314 2118 3364 ctore
2134 3310 2291 3378 pleno
2312 3310 2527 3377 fiducia?
2563 3308 2843 3377 respondit
2866 3308 3024 3375 mihi,
3052 3306 3262 3360 credere
3286 3320 3341 3359 se
3370 3306 3425 3358 in
3446 3305 3677 3371 Christo,

1979 3398 2123 3469 quod
2155 3400 2479 3467 priusquam
2508 3398 2572 3450 de
2603 3399 2701 3450 hac
2737 3400 2851 3451 vita
2879 3399 3188 3464 emigraret,
3220 3410 3302 3448 me
3329 3396 3519 3448 visura
3544 3397 3677 3447 esset

1977 3488 2184 3557 ﬁdelem
2213 3488 2553 3561 catholicum.
2586 3487 2649 3539 Ft
2698 3486 2791 3540 hoc
2840 3484 3056 3553 quidem
3097 3482 3255 3538 mihi.
3316 3482 3437 3537 Tibi
3479 3486 3677 3547 autem,

1976 3580 2101 3643 fons
2143 3573 2657 3641 misericordiarum,
2684 3587 2865 3642 preces
2896 3576 2945 3626 et
2987 3573 3257 3641 lacrymas
3288 3570 3580 3634 densiores,
3622 3574 3681 3623 ut

1979 3666 2298 3720 accelerares
2345 3663 2678 3730 adjutorium
2723 3666 2893 3726 tuum,
2942 3665 2991 3715 et
3040 3661 3378 3714 illuminarcs
3438 3658 3679 3713 tenebras

1979 3770 2154 3819 meas;
2204 3758 2253 3808 et
2278 3753 2572 3807 studiosius
2599 3750 2673 3805 ad
2702 3751 2977 3805 ecclesiam
3007 3764 3239 3815 currere,
3274 3753 3323 3803 et
3361 3750 3420 3802 in
3446 3746 3678 3802 Ambro-

1979 3845 2121 3897 sium
2167 3858 2263 3897 ora
2301 3840 2581 3910 suspendi,
2609 3839 2684 3893 ad
2711 3839 2915 3906 fontem
2950 3839 3195 3892 salientis
3225 3852 3380 3906 aqua:
3416 3837 3475 3889 in
3511 3836 3680 3889 vitam

1979 3938 2253 3987 :eternam.
2295 3930 2567 3996 Diligebat
2617 3933 2795 3982 autem
2826 3928 2981 3981 illum
3026 3928 3205 3981 virum
3253 3928 3393 3980 sicut
3435 3925 3683 3991 angelum

1982 4021 2104 4087 Dei;
2139 4020 2282 4090 quod
2303 4036 2402 4089 per
2430 4019 2585 4072 illum
2613 4021 2934 4086 cognoverat
2956 4031 3036 4070 me
3065 4017 3291 4069 interim
3312 4014 3386 4067 ad
3406 4014 3555 4067 illam
3581 4028 3679 4066 an-

1981 4112 2193 4178 cipitem
2233 4109 2633 4175 ﬂuctuationem
2663 4107 2785 4175 jam
2831 4121 2943 4160 esse
2978 4104 3319 4173 perductum,
3363 4117 3463 4171 per
3510 4116 3677 4170 quam

1984 4202 2341 4253 transiturum
2372 4213 2451 4250 me
2479 4195 2547 4249 ab
2589 4193 2910 4262 aegritudine
2939 4193 3013 4249 ad
3057 4195 3366 4257 sanitatem,
3416 4192 3679 4244 intercur-

1983 4292 2131 4342 rente
2151 4288 2382 4341 arctiore
2406 4285 2644 4354 periculo
2670 4300 2683 4349 ;
2716 4285 2879 4353 quasi
2893 4298 2993 4352 per
3017 4283 3366 4336 accessionem
3390 4294 3554 4347 quam
3582 4279 3684 4331 cri-

1988 4380 2147 4431 ticam
2175 4375 2369 4430 medici
2395 4377 2608 4441 vocant,
2641 4378 2787 4428 certa
2818 4370 3174 4441 praesumebat
3206 4369 3465 4439 (Confess.
3501 4366 3596 4420 lib.
3626 4368 3680 4430 6,

1985 4480 2107 4534 cap.
2148 4467 2197 4530 1,
2228 4480 2283 4517 n.
2316 4462 2388 4533 1).
2422 4463 2699 4516 Votorum
2730 4461 2960 4516 tandem
2984 4474 3216 4528 compos
3245 4455 3468 4510 circiter
3506 4469 3684 4525 augu-

1988 4559 2138 4608 stum
2167 4567 2425 4606 mensem
2447 4550 2584 4605 anni
2613 4547 2995 4606 trecentesimi
3024 4545 3357 4617 octogesimi
3374 4543 3512 4598 sexti
3539 4543 3688 4597 facta

1988 4648 2072 4697 est
2102 4642 2266 4696 beata
2295 4639 2483 4707 vidua,
2507 4657 2637 4695 cum
2667 4644 2915 4703 catenas,
2949 4635 3154 4708 quibus
3174 4640 3232 4689 et
3259 4633 3477 4688 mundo
3498 4636 3556 4687 et
3581 4631 3689 4686 sibi

1988 4730 2365 4802 colligabatur
2383 4728 2755 4800 Augustinus,
2788 4726 2969 4798 gratia
3010 4724 3215 4781 Christi
3241 4720 3564 4778 liberatoris
3594 4721 3688 4775 ab-

1991 4822 2163 4893 rupit.
2209 4822 2442 4876 Matrem
2470 4820 2566 4874 ille
2602 4816 2901 4873 confestim
2946 4813 3146 4883 adivit,
3189 4828 3316 4885 quae
3346 4812 3455 4866 hoc
3493 4807 3688 4864 audito

1992 4913 2179 4965 laetata
2207 4914 2318 4975 est;
2350 4923 2596 4973 cumque
2624 4905 2779 4960 idem
2808 4909 2988 4959 totam
3016 4902 3100 4957 rei
3122 4900 3327 4956 seriem
3360 4898 3685 4971 explicaret,

1993 4999 2309 5053 exsultabat
2338 4997 2458 5062 illa,
2487 4999 2543 5049 et
2568 4992 2980 5064 triumphabat,
3008 4996 3065 5047 et
3087 4989 3457 5046 benedicebat
3485 4989 3688 5051 Deum,

1993 5088 2093 5159 qui
2125 5091 2323 5157 potens
2368 5089 2454 5140 est
2497 5084 2646 5138 ultra
2688 5098 2863 5153 quam
2900 5079 3147 5152 petimus
3176 5084 3275 5134 aut
3319 5075 3694 5147 intelligimus

1993 5176 2175 5230 facere
2206 5190 2218 5227 :
2243 5173 2458 5245 quippe
2490 5187 2619 5242 quae
2644 5175 2905 5225 cerneret
2934 5168 3043 5223 sibi
3073 5169 3253 5223 multo
3284 5166 3411 5238 plus
3435 5179 3541 5233 pro
3571 5160 3691 5215 tilio

1993 5278 2324 5318 concessum
2355 5261 2550 5331 fuisse,
2594 5276 2765 5331 quam
2816 5259 2938 5331 ipsa
2970 5257 3277 5330 gemitibus
3321 5270 3384 5308 ac
3428 5248 3695 5321 lacrymis

1993 5357 2187 5424 petere
2228 5350 2391 5404 solita
2417 5354 2557 5404 erat.
2580 5350 2631 5403 Is
2660 5348 2816 5404 enim
2840 5348 2919 5402 ita
2954 5347 3289 5417 resipuerat,
3332 5345 3397 5395 ut
3416 5337 3693 5394 ducenda:

1996 5440 2187 5494 uxoris
2225 5438 2632 5509 cogitationem
2662 5435 2892 5507 penitus
2914 5434 3199 5503 abjiceret,
3235 5433 3291 5483 et
3330 5442 3563 5480 omnem
3595 5441 3695 5479 sa)-

1998 5529 2114 5585 culi
2142 5528 2311 5599 hujus
2332 5543 2490 5598 spem
2514 5527 2868 5598 proculcaret
2899 5540 2911 5576 :
2938 5523 3059 5593 jam
3089 5524 3243 5573 stans
3257 5517 3532 5572 immotus
3551 5514 3611 5571 in
3633 5530 3700 5568 ea
