4048 6194
351 266 441 320 151
600 316 607 319 ,
1569 259 1742 316 VITA
1792 258 1851 315 S.
1894 256 2288 317 AUGUSTINI
2326 257 2667 314 EPISCOPI.

348 386 546 458 regula
574 383 733 453 ﬁdei,
764 384 822 439 in
840 399 959 455 qua
984 399 1115 439 eum
1146 397 1336 437 secum
1358 381 1667 455 aliquando
1681 382 1938 438 futurum
1966 384 2055 437 tot

355 474 519 529 annis
570 477 759 529 mater
813 472 1155 527 revelatione
1202 470 1398 527 divina
1438 474 1798 543 cognoverat.
1849 472 1928 526 Ac
1974 470 2053 525 sic

351 565 629 636 lacrymas
651 578 783 618 suas
822 562 882 616 in
911 563 1268 634 voluptatem
1289 561 1471 615 multo
1501 576 1671 632 quam
1701 559 1807 614 sibi
1833 558 2050 631 promi-

356 657 507 708 serat
549 652 874 708 uberiorem
920 655 1171 707 mutatas
1214 650 1408 716 sensit,
1444 665 1685 721 eamque
1729 649 1911 703 multo
1942 648 2050 702 sibi

355 741 780 796 chariorem'et
824 739 1146 806 castiorem,
1179 754 1353 810 quam
1395 737 1443 792 si
1480 737 1599 792 filio
1630 736 1857 804 liberos,
1906 753 2051 807 quos

354 833 599 903 optarat,
630 829 691 884 in
715 827 973 901 legitimo
997 827 1267 899 conjugio
1296 826 1527 881 vidisset
1543 824 1832 897 procreari
1865 825 2047 896 (Ibid.,

355 920 447 974 lib.
482 922 537 988 8,
568 933 688 988 cap.
725 920 810 981 t2,
841 932 896 971 n.
932 916 1042 987 30).

420 1012 478 1063 5.
527 1008 665 1062 Cum
723 1004 1072 1076 Augustinus
1121 1006 1253 1075 post
1302 1018 1464 1058 suam
1520 1001 1943 1058 conversionem
1990 1021 2049 1058 se

349 1112 480 1151 cum
510 1096 626 1149 suis
660 1094 719 1149 in
757 1094 948 1149 villam
987 1092 1361 1149 Cassiciacum
1391 1091 1626 1163 recepit,
1656 1091 1745 1147 his
1773 1090 1831 1146 in
1862 1108 1929 1147 eo
1960 1109 2047 1148 se-

349 1199 509 1238 cessu
538 1181 805 1237 comitem
837 1196 896 1235 se
923 1196 1154 1252 quoque
1184 1179 1446 1251 adjunxit
1471 1180 1749 1247 Monnica,
1783 1180 2048 1236 muliebri

349 1270 588 1344 quidem
634 1271 859 1338 habitu,
891 1269 988 1324 sed
1016 1268 1167 1323 virili
1214 1268 1350 1335 fide,
1378 1267 1517 1323 anili
1548 1268 1872 1338 securitate,
1920 1286 2045 1324 ma-

347 1365 510 1416 terna
553 1359 851 1426 charitate,
902 1357 1211 1413 christiana
1257 1357 1469 1428 pietate
1504 1361 1799 1429 praestans
1856 1359 2044 1429 (Ibid.,

350 1450 444 1505 lib.
496 1453 548 1516 9,
581 1464 701 1519 cap.
733 1450 787 1511 4,
832 1463 888 1502 n.
942 1448 1012 1517 8).
1054 1446 1139 1502 Ibi
1186 1446 1592 1518 philosophicis
1633 1463 1833 1502 eorum
1872 1449 2046 1503 collo-

350 1538 520 1611 quiis,
555 1536 978 1609 quantumlibet
1015 1535 1285 1591 sublimia
1325 1537 1425 1591 illa
1462 1540 1669 1604 essent,
1711 1536 1886 1591 etiam
1924 1536 2046 1607 ipsa

348 1621 644 1677 intererat.
699 1621 956 1691 Cumque
999 1619 1188 1675 idibus
1233 1619 1559 1674 novembris
1603 1620 1674 1675 de
1720 1620 1888 1677 beata
1934 1622 2047 1676 vita

349 1709 756 1780 disputaretur,
786 1707 1044 1773 asseruit,
1076 1707 1233 1761 nulla
1260 1722 1324 1761 re
1340 1706 1452 1761 alia
1479 1707 1555 1765 ali
1574 1707 1852 1779 animam,
1871 1725 2046 1781 quam

347 1798 640 1853 intellectu
670 1813 863 1851 rerum
899 1800 956 1850 et
992 1795 1257 1864 scientia;
1306 1812 1493 1867 neque
1532 1813 1883 1869 quemquam
1926 1815 2046 1853 esse

347 1903 513 1960 posse
542 1887 793 1949 beatum,
826 1884 1137 1956 quinidem
1162 1889 1220 1939 et
1249 1885 1462 1939 bonum
1481 1886 1666 1953 vellet,
1692 1892 1749 1942 et
1776 1887 2042 1943 haberet:

348 1977 411 2032 Si
438 1977 591 2042 bona,
623 1975 938 2047 inquiebat,
969 1975 1099 2029 velit
1126 1980 1175 2029 et
1204 1974 1417 2042 habeat,
1449 1974 1632 2029 beatus
1653 1979 1759 2041 est;
1793 1978 1844 2029 si
1868 1980 2046 2029 autem

348 2065 497 2119 mala
531 2066 677 2133 velit,
712 2066 961 2133 quamvis
991 2063 1205 2131 habeat,
1243 2065 1407 2118 miser
1434 2063 1657 2128 est.Qua
1694 2063 1752 2118 iu
1794 2080 1856 2118 re
1886 2064 2044 2118 afﬁr-

349 2152 527 2208 mavit
564 2152 935 2223 Augustinus,
967 2151 1123 2206 illam
1165 2167 1454 2206 summum
1501 2151 1882 2223 philosophiae
1920 2152 2044 2223 api-

350 2258 476 2297 cem
526 2242 807 2311 attigisse;
863 2256 968 2295 nec
1034 2240 1145 2311 ipsi
1200 2239 1480 2308 Ciceroni,
1536 2241 1583 2295 si
1647 2256 1754 2311 par
1801 2241 2044 2295 elocutio

350 2329 644 2399 adfuisset,
680 2330 994 2402 quidquam
1016 2344 1412 2384 concessuram
1442 2328 1640 2385 fuisse.
1681 2329 1896 2384 Deinde
1923 2332 2047 2401 pul-

351 2418 698 2474 cherrimum
727 2435 796 2473 ex
826 2417 1125 2473 Hortensio
1156 2418 1327 2489 hujus
1355 2418 1593 2473 oratoris
1620 2419 1810 2473 locum
1844 2420 2045 2474 recita-

349 2508 465 2564 vit:
496 2510 563 2566 In
601 2508 796 2577 quibus
839 2507 1016 2562 verbis
1067 2506 1276 2578 inquit,
1320 2507 1419 2561 illa
1458 2508 1536 2561 sic
1581 2508 1940 2575 exclamabat,
1986 2514 2046 2563 ut

352 2597 508 2652 obliti
532 2599 748 2667 penitus
774 2612 934 2651 sexus
955 2596 1091 2666 ejus,
1120 2612 1375 2665 magnum
1405 2597 1641 2666 aliquem
1663 2599 1841 2652 virum
1866 2600 2048 2652 consi-

353 2687 477 2741 dere
504 2686 780 2741 nobiscum
808 2685 1138 2740 crederemus
1155 2702 1169 2753 ;
1188 2700 1269 2739 me
1284 2688 1502 2741 interim
1526 2692 1790 2756 quantum
1800 2692 2048 2756 poteram

352 2775 703 2842 intelligente,
732 2789 800 2829 ea:
829 2789 933 2845 quo
962 2775 1059 2828 illa
1087 2778 1137 2828 et
1167 2789 1331 2843 quam
1359 2774 1545 2830 divino
1573 2776 1723 2842 fonte
1762 2779 2049 2831 manarent

354 2862 450 2934 (De
477 2864 647 2917 Beata
691 2864 838 2928 Vita,
869 2862 1078 2933 disput.
1134 2865 1183 2931 l,
1212 2877 1306 2917 nn.
1350 2865 1403 2929 8,
1439 2860 1551 2932 10).
1600 2863 1805 2918 Eadem
1852 2869 2048 2935 postea

352 2951 577 3025 adjecit,
608 2951 774 3007 illum
808 2952 908 3024 qui
946 2952 1031 3006 vel
1066 2951 1354 3007 universas
1398 2951 1602 3007 mundi
1629 2952 1928 3008 felicitates
1968 2953 2048 3008 ita

350 3039 689 3113 possideret,
730 3045 796 3095 ut
834 3055 1065 3095 securus
1095 3043 1242 3095 esset
1270 3056 1363 3095 eas
1394 3056 1452 3094 se
1480 3056 1776 3111 nunquam
1807 3040 2050 3095 amissu-

351 3144 505 3197 rum,
535 3132 729 3182 tamen
769 3143 899 3181 cum
927 3126 1041 3181 illis
1071 3127 1263 3182 satiari
1292 3144 1407 3182 non
1438 3133 1645 3199 posset,
1678 3145 1747 3183 eo
1784 3128 1908 3200 ipso
1945 3128 2050 3183 mi-

354 3232 547 3271 serum
593 3216 733 3283 fore,
793 3232 908 3287 quo
956 3231 1184 3286 semper
1225 3220 1373 3271 esset
1426 3215 1699 3287 indigus:
1743 3232 1860 3271 non
1909 3232 2046 3287 ergo

354 3321 705 3377 quemquam
754 3304 867 3359 illis
922 3305 1111 3373 rebus,
1163 3304 1260 3359 sed
1308 3304 1487 3359 animi
1525 3305 1613 3359 sui
1660 3305 2047 3360 moderatione

354 3394 584 3449 beatum
614 3409 756 3448 esse.
791 3391 1009 3458 Quibus
1035 3391 1267 3459 auditis,
1296 3391 1442 3447 nihil
1472 3407 1598 3447 eam
1622 3408 1808 3463 neque
1836 3391 2046 3462 verius,

354 3498 541 3554 neque
579 3481 705 3555 ipsa
746 3479 978 3554 dignius
1016 3479 1202 3536 dicere
1244 3479 1518 3553 potuisse,
1556 3481 1907 3551 Augustinus
1959 3498 2045 3536 re-

354 3571 588 3644 spondit
614 3571 805 3643 (Ibid.,
832 3586 889 3626 n.
927 3571 1033 3643 11).
1066 3570 1204 3625 Cum
1236 3574 1428 3625 autem
1457 3571 1507 3625 ei
1531 3571 1850 3642 expositum
1879 3575 2046 3638 esset,

354 3661 592 3734 quinam
627 3665 816 3716 essent
856 3660 1199 3725 Academici,
1246 3662 1348 3715 Isti
1384 3660 1637 3728 homines,
1670 3659 1861 3732 inquit
1889 3661 2046 3715 Mon-

355 3751 502 3819 nica,
549 3750 835 3807 caducarii
880 3754 1048 3804 sunt:
1098 3764 1212 3821 quo
1256 3747 1491 3803 nomine
1533 3748 1703 3819 vulgo
1751 3747 2045 3814 vocabant,

355 3855 501 3909 quos
568 3836 875 3892 comitialis
938 3836 1202 3891 'morbus
1268 3837 1622 3891 subverteret
1701 3836 1863 3907 (Ibid.
1942 3838 2044 3905 t6).

357 3929 422 3982 ln
460 3926 743 3997 colloquio
773 3924 945 3979 etiam
983 3924 1260 3995 postridie
1290 3925 1483 3979 habito
1513 3924 1686 3979 verba
1726 3929 2045 3979 memoratu

356 4015 530 4087 digna
550 4014 807 4086 protulit.
838 4012 1028 4069 Tertio
1055 4017 1248 4067 autem
1288 4012 1380 4069 die
1409 4029 1540 4068 cum
1570 4017 1944 4084 quaereretur,
1979 4014 2048 4068 il-

354 4104 471 4159 line
490 4118 710 4171 omnes,
743 4101 845 4174 qni
864 4101 926 4156 in
945 4106 1171 4156 terrena
1191 4100 1479 4172 felicitate,
1502 4117 1632 4157 cum
1653 4117 1878 4157 summo
1901 4102 2048 4157 bono

354 4193 673 4265 priventur,
721 4190 916 4247 miseri
964 4194 1115 4256 sunt,
1162 4190 1389 4245 dicendi
1423 4206 1651 4263 quoque
1692 4190 1807 4245 sint
1843 4191 2045 4262 egeni:

355 4284 565 4352 Nescio,
596 4281 784 4353 inquit
812 4278 1084 4346 Monnica,
1114 4282 1165 4333 et
1186 4278 1424 4333 nondum
1437 4281 1594 4350 plene
1630 4280 1891 4350 intelligo,
1924 4295 2050 4350 quo-

353 4372 509 4428 modo
554 4371 623 4425 ab
661 4373 892 4437 egestate
928 4369 1102 4438 possit
1129 4368 1369 4436 miseria,
1414 4372 1510 4422 aut
1537 4372 1740 4436 egestas
1770 4385 1805 4422 a
1830 4370 2051 4424 miseria

354 4460 625 4531 separari.
651 4460 792 4516 Nam
816 4462 867 4512 et
895 4459 1014 4524 iste,
1036 4458 1134 4526 qui
1154 4455 1301 4511 dives
1321 4460 1371 4510 et
1395 4456 1625 4525 locuples
1665 4459 1800 4523 erat,
1827 4457 2046 4523 etnihil,

353 4554 415 4605 ut
443 4549 646 4617 dicitis,
679 4547 914 4617 amplius
934 4544 1306 4612 desiderabat;
1341 4549 1516 4599 tamen
1536 4546 1669 4614 quia
1694 4544 1960 4599 metuebat
1986 4560 2053 4599 ne

354 4637 650 4705 amitteret,
682 4636 868 4706 egebat
886 4638 1177 4707 sapientia.
1206 4636 1417 4703 Ergone
1433 4635 1572 4688 hunc
1597 4638 1832 4702 egentem
1859 4634 2052 4689 dicere-

354 4742 494 4797 mus,
526 4728 578 4783 si
601 4731 775 4795 egeret
804 4730 1026 4795 argento
1054 4730 1105 4780 et
1128 4726 1394 4796 pecunia;
1427 4738 1546 4778 cum
1565 4727 1740 4792 egeret
1753 4725 2048 4793 sapientia,

353 4832 460 4873 non
497 4815 839 4871 diceremus?
878 4813 1654 4884 Exclamaveruntfquotquot
1702 4812 1959 4879 aderant,
1993 4817 2052 4868 et

352 4904 569 4963 dictum
599 4903 745 4960 illud
774 4908 906 4959 sunt
936 4903 1219 4959 admirati.
1262 4904 1387 4974 Ipse
1416 4917 1551 4956 vero
1578 4900 1934 4972 Augustinus
1958 4918 2048 4957 so-

351 4993 630 5053 lutionem
660 4992 839 5061 illam,
879 5008 1053 5065 quam
1096 5009 1165 5047 ex
1203 4990 1674 5065 philosophorum
1715 4989 1873 5044 libris
1899 4989 2052 5060 peti-

352 5090 472 5142 tam
500 5082 676 5140 veluti
698 5081 1148 5155 pulcherrimam
1167 5080 1226 5135 in
1243 5082 1419 5136 ﬁnem
1439 5079 1784 5147 reservabat,
1808 5095 1841 5133 a
1868 5083 2049 5135 matre

353 5174 527 5230 fuisse
566 5172 882 5239 inventam,
923 5186 1038 5225 non
1098 5168 1463 5224 mediocriter
1506 5169 1696 5224 laetus:
1753 5167 2048 5228 Videtisne:

354 5262 563 5336 inquit,
590 5261 748 5318 aliud
771 5276 885 5317 esse
907 5261 1107 5315 multas
1125 5261 1416 5327 variasque
1443 5258 1737 5326 doctrinas,
1759 5256 1916 5313 aliud
1937 5259 2051 5311 ani-

353 5367 500 5407 mum
519 5351 943 5408 attentissimum
975 5351 1035 5404 in
1062 5351 1228 5403 Deum
1246 5347 1275 5403 ‘I
1302 5349 1445 5404 Nam
1466 5347 1610 5402 unde
1635 5350 1764 5414 ista,
1791 5363 1910 5417 qua:
1939 5348 2047 5401 mi-

354 5455 562 5509 ramur,
597 5443 711 5497 nisi
756 5439 881 5496 inde
909 5437 1257 5511 procedunt?
1288 5436 1481 5509 (Ibid.,
1529 5437 1737 5508 disput.
1757 5440 1809 5504 3,
1835 5452 1890 5491 n.
1932 5436 2047 5507 27.)

359 5527 518 5584 Circa
546 5527 778 5601 hujusce
806 5525 1207 5601 disputationis
1236 5526 1432 5593 tinem,
1464 5542 1593 5581 cum
1622 5527 1693 5582 ab
1729 5525 2047 5599 Augustino

3766 260 3865 311 152

2159 378 2454 437 Trinitatis
2484 378 2698 434 mentio
2737 378 2945 449 injecta
2980 376 3203 442 fuisset,
3243 377 3502 432 Monnica
3548 378 3859 449 recognitis

2160 468 2366 536 verbis,
2419 484 2550 539 quin
2604 484 2722 522 sua:
2772 466 3069 521 memoria:
3108 465 3339 537 penitus
3385 465 3761 532 inluerebant,
3805 471 3865 522 et

2161 557 2324 630 quasi
2344 556 2619 628 evigilans
2648 556 2707 610 in
2741 557 2915 612 ﬁdem
2937 571 3120 623 suam,
3144 571 3370 610 versum
3397 555 3573 622 ,illum
3600 556 3863 610 sacerdo-

2160 647 2233 701 tis
2285 646 2594 713 Ambrosii,
2636 649 2769 701 Fonte
2809 650 3112 716 precantes,
3146 646 3412 714 Trinitas,
3468 646 3599 699 laeta
3639 644 3860 713 effudit,

2160 739 2331 806 atque
2373 734 2649 806 subjecit:
2691 736 2813 789 Hac
2841 738 2938 803 est,
2980 735 3128 789 nullo
3165 733 3489 803 ambigente,
3523 733 3679 788 beata
3720 736 3859 801 vita,

2161 839 2279 894 quae
2306 826 2423 878 vita
2445 826 2690 894 perfecta
2710 828 2787 878 est
2803 840 2816 891 ;
2839 824 2913 877 ad
2930 838 3095 893 quam
3112 837 3208 877 nos
3226 824 3547 890 festinantes
3562 837 3719 891 posse
3732 838 3861 892 per-

2160 912 2288 967 duci
2309 913 2484 968 solida
2516 912 2640 984 ﬁde,
2674 914 2849 967 alacri
2874 927 2987 983 spe,
3020 914 3290 981 ﬂagrante
3332 912 3619 977 charitate,
3650 926 3858 981 presu-

2159 1000 2408 1056 mcndum
2434 1005 2513 1057 est
2553 1001 2742 1071 (Ibid.,
2773 1017 2831 1055 n.
2883 1000 2990 1073 35).
3047 1001 3389 1071 Quanquam
3438 999 3639 1054 matris
3675 1000 3855 1054 excel-

2159 1088 2281 1142 lens
2329 1087 2629 1159 ingenium
2653 1087 2774 1158 jam
2825 1091 2954 1141 ante
3001 1103 3067 1141 ex
3116 1087 3386 1141 diuturno
3425 1086 3687 1141 convictu
3731 1102 3877 1158 per-3

2159 1176 2433 1247 spexisset
2490 1176 2888 1247 Augustinus;
2946 1174 3008 1230 in
3062 1175 3164 1230 illa
3217 1180 3415 1231 tamen
3469 1175 3859 1247 disputatione

2158 1269 2410 1319 mentem
2440 1264 2562 1335 ejus
2606 1264 2836 1335 agnovit
2873 1264 3017 1319 adeo
3048 1265 3355 1320 sublimem
3385 1269 3558 1336 atque
3588 1269 3857 1331 erectam,

2158 1355 2221 1406 ut
2248 1351 2621 1407 arbitraretur
2640 1368 2762 1407 esse
2791 1352 3106 1423 neminem,
3135 1352 3345 1425 qui.ad
3388 1369 3577 1408 veram
3608 1353 3863 1424 philoso-

2154 1440 2347 1511 phiam
2396 1457 2462 1495 ea
2506 1441 2690 1511 magis
2719 1441 2956 1496 idoneus
2986 1441 3335 1512 reperiretur
3374 1443 3465 1513 (De
3508 1441 3713 1505 ordine,
3744 1442 3853 1499 lib.

2157 1532 2209 1597 2,
2240 1545 2297 1584 η.
2334 1530 2405 1600 1).
2438 1531 2798 1601 Quapropter
2825 1530 3029 1601 agebat
3055 1531 3193 1602 ipse,
3229 1535 3291 1585 ut
3319 1530 3417 1584 illa
3443 1528 3864 1602 philosophicis

2157 1619 2440 1690 ejusmodi
2493 1619 3013 1689 dissertationibus,
3067 1635 3199 1674 cum
3268 1619 3451 1674 otium
3506 1622 3860 1689 suppeteret,

2157 1724 2452 1780 nunquam
2480 1724 2597 1763 non
2625 1709 2866 1763 adesset.
2891 1710 2954 1763 In
2975 1708 3224 1763 secundo
3244 1708 3313 1762 de
3342 1707 3551 1763 Ordine
3571 1706 3861 1778 colloquio

2154 1798 2494 1868 praeclarum
2531 1798 2637 1851 hoc
2661 1797 2830 1851 effata
2860 1802 2982 1851 est:
3014 1800 3147 1864 Ege,
3181 1796 3389 1868 inquit,
3417 1812 3524 1851 non
3557 1800 3691 1865 puto
3717 1797 3864 1851 nihil

2152 1888 2389 1955 potuisse
2426 1891 2624 1957 praeter
2664 1888 2767 1942 Dei
2790 1887 3033 1941 ordinem
3069 1889 3217 1952 ﬁeri;
3270 1888 3401 1955 quia
3448 1888 3626 1955 ipsum
3654 1886 3863 1939 malum

2156 1975 2300 2043 quod
2323 1981 2514 2030 natum
2551 1980 2647 2042 est,
2687 1976 2836 2029 nullo
2864 1975 3018 2029 modo
3047 1977 3144 2029 Dei
3172 1974 3360 2029 ordine
3386 1978 3577 2029 natum
3606 1978 3685 2028 est
3709 1989 3723 2040 ;
3765 1973 3865 2029 sed

2154 2064 2251 2117 illa
2266 2063 2492 2132 justitia
2516 2063 2575 2117 id
2603 2063 2975 2118 inordinatum
2997 2078 3108 2117 esse
3134 2078 3240 2117 non
3267 2065 3417 2127 sirit,
3440 2067 3491 2117 et
3510 2064 3569 2117 in
3588 2062 3695 2116 sibi
3708 2065 3865 2117 meri-

2157 2156 2270 2206 tum
2313 2152 2555 2207 ordinem
2584 2153 2792 2222 redegit
2818 2158 2869 2208 et
2897 2155 3155 2224 compulit
3179 2152 3387 2225 (Ibid.,
3416 2169 3473 2207 n.
3502 2156 3610 2221 25).
3640 2151 3865 2217 Quibus

2154 2240 2340 2295 verbis
2368 2240 2422 2295 id
2455 2241 2678 2296 videtur
2716 2241 3038 2312 significare
3077 2242 3343 2310 voluisse,
3376 2241 3531 2313 quod
3560 2240 3703 2295 adeo
3734 2240 3860 2295 fre-

2156 2336 2399 2402 quenter
2434 2331 2816 2403 Augustinum
2846 2330 3057 2402 legenti
3085 2330 3352 2397 occurrit,
3378 2328 3644 2384 videlicet
3666 2332 3863 2382 aucto-

2157 2436 2277 2474 rem
2325 2421 2539 2491 peccati
2582 2422 2764 2476 Deum
2804 2436 2919 2475 non
2967 2436 3109 2487 esse,
3146 2419 3243 2474 sed
3288 2418 3697 2473 ordinatorem.
3739 2416 3860 2472 Sub

2158 2512 2472 2563 extremum
2519 2509 2664 2564 illud
2701 2507 3052 2580 colloquium
3103 2524 3230 2563 eam
3278 2507 3634 2578 Augustinus
3661 2506 3860 2562 laudat

2157 2598 2574 2669 compellatquc
2606 2596 2668 2652 in
2712 2597 2867 2652 hunc
2895 2596 3129 2652 modum
3160 2612 3174 2651 :
3221 2597 3442 2653 Oremus
3477 2611 3624 2665 ergo,
3663 2612 3770 2650 non
3797 2600 3861 2649 ut

2158 2686 2307 2740 nobis
2336 2686 2562 2755 divitiae,
2596 2686 2679 2741 vel
2699 2686 2941 2753 honores,
2964 2686 3049 2741 vel
3072 2685 3387 2755 hujusmodi
3404 2699 3489 2740 res
3502 2687 3668 2753 [luerat
3695 2689 3865 2755 atque

2156 2779 2426 2842 nutantes,
2459 2780 2508 2829 et
2542 2777 2729 2845 quovis
2757 2777 3037 2831 resistente
3063 2779 3420 2840 transeuntes,
3452 2772 3546 2828 sed
3570 2777 3630 2827 ut
3648 2788 3713 2827 ea
3731 2789 3867 2843 pro-

2156 2864 2395 2929 veniant,
2428 2879 2546 2932 qua:
2570 2878 2665 2919 nos
2704 2864 2862 2917 bonos
2904 2864 3119 2930 faciant
3147 2878 3211 2917 ac
3249 2862 3446 2916 beatos.
3479 2862 3606 2928 Qum
3643 2865 3773 2916 vota
3801 2867 3867 2916 ut

2157 2953 2497 3008 devotissime
2525 2954 2855 3023 impleantur
2884 2952 3003 3019 tibi,
3036 2954 3272 3006 maxime
3300 2952 3396 3006 hoc
3413 2952 3706 3018 negotium,
3734 2966 3864 3005 ma-

2159 3045 2259 3110 ter,
2278 3042 2813 3112 injungimus;cujus
2842 3040 3091 3110 precibus
3112 3039 3489 3094 indubitanter
3525 3039 3683 3094 credo
3697 3043 3865 3110 atque

2157 3132 2407 3199 conﬁrmo
2430 3131 2568 3183 mihi
2596 3132 2758 3185 istam
2789 3134 3013 3184 mentem
3041 3131 3207 3183 Deum
3236 3128 3468 3197 dedisse,
3497 3133 3558 3182 ut
3582 3130 3865 3183 invenien-

2158 3218 2241 3273 (ιω
2267 3221 2492 3273 veritati
2519 3219 2660 3273 nihil
2687 3220 2899 3273 omnino
2935 3233 3269 3288 praeponam,
3314 3218 3457 3272 nihil
3484 3216 3639 3272 aliud
3676 3217 3862 3283 velim,

2157 3307 2298 3361 nihil
2335 3310 2579 3375 cogitem,
2611 3308 2750 3362 nihil
2778 3323 2968 3363 amem.
2999 3309 3108 3364 Nec
3139 3307 3325 3362 desino
3364 3306 3596 3375 credere,
3628 3321 3726 3361 nec
3766 3308 3866 3361 hoc

2158 3400 2367 3451 tantum
2397 3396 2610 3463 bonum,
2657 3396 2802 3466 quod
2847 3402 2895 3451 te
2918 3400 3254 3467 prcmerente
3296 3397 3722 3465 concupivimus,
3765 3411 3857 3450 ea-

2158 3484 2276 3539 dem
2304 3490 2351 3539 te
2366 3489 2577 3555 petente
2601 3484 2892 3555 adepturos
2926 3485 3110 3552 (Ibid.,
3148 3500 3211 3538 n.
3265 3487 3377 3552 52).
3415 3486 3726 3555 Postquam
3757 3501 3862 3538 au-

2158 3578 2273 3628 tem
2326 3573 2644 3644 baptizatus
2680 3573 2881 3629 fuisset
2924 3574 3282 3645 Augustinus
3327 3588 3459 3628 cum
3511 3572 3861 3644 quibusdam

2160 3661 2355 3717 amicis
2384 3668 2443 3717 et
2471 3662 2822 3730 necessariis,
2858 3662 2959 3734 qui
3005 3679 3120 3717 una
3152 3662 3275 3734 jam
3305 3662 3366 3716 in
3408 3663 3523 3717 Deo
3551 3663 3865 3717 consociati

2158 3751 2441 3822 vivebant,
2475 3751 2535 3805 in
2580 3752 2811 3806 illorum
2854 3751 3233 3806 contubernio
3291 3750 3476 3806 adhuc
3522 3750 3867 3823 aliquandiu

2159 3836 2294 3891 vixit
2321 3836 2615 3893 Monnica:
2650 3838 2857 3910 quibus
2891 3837 3158 3892 omnibus
3188 3840 3415 3893 tantum
3442 3853 3593 3893 cura;
3630 3838 3868 3894 adhibe-

2158 3924 2273 3987 bat,
2317 3929 2599 3996 qnantum
2639 3925 2686 3978 si
2727 3928 2909 3979 mater
2944 3925 3204 3980 omnium
3247 3923 3591 3990 exstitisset;
3635 3928 3867 3978 tantum

2158 4012 2553 4075 observantiae,
2586 4017 2869 4084 quantum
2902 4012 2950 4067 si
2978 4012 3240 4069 omnium
3276 4012 3398 4068 ﬁlia
3435 4013 3869 4083 (Confessionum

2158 4102 2254 4158 lib.
2287 4106 2339 4171 9,
2386 4118 2512 4173 cap.
2552 4105 2606 4169 9,
2633 4118 2689 4157 η.
2722 4102 2831 4171 22).
2873 4102 2969 4157 His
2996 4107 3189 4158 autem
3229 4102 3445 4174 pariter
3473 4101 3869 4157 remeantibus

2158 4190 2218 4245 in
2244 4190 2511 4258 Africam,
2541 4207 2672 4246 cum
2687 4191 2755 4246 ad
2782 4190 2937 4247 Ostia
2965 4191 3229 4247 Tiberina
3246 4190 3659 4264 pervenissent,
3683 4206 3867 4262 seque

2158 4279 2239 4335 ibi
2281 4279 2352 4335 ad
2386 4279 2774 4351 navigandum
2828 4285 3245 4352 compararent,
3304 4280 3564 4337 Monnica
3603 4284 3866 4334 extremo

2158 4373 2419 4442 correpta
2447 4370 2666 4438 morbo,
2697 4374 2919 4425 natura:
2950 4370 3206 4426 debitum
3236 4371 3403 4427 solvit
3432 4369 3614 4440 (Ibid.,
3646 4385 3773 4440 cap.
3803 4372 3865 4438 8,

2158 4475 2214 4515 n.
2251 4458 2352 4530 17).

2806 4548 3029 4604 CAPUT
3057 4548 3199 4604 XIII.

2166 4640 2211 4692 l.
2239 4638 2498 4693 Monnicz
2524 4652 2642 4692 cum
2666 4637 2972 4705 Augustino
2988 4638 3054 4692 de
3080 4642 3291 4693 aeterne
3314 4638 3438 4692 vitae
3463 4636 3728 4705 felicitate
3750 4638 3864 4692 col-

2231 4727 2441 4781 locutio.
2476 4730 2509 4781 2
2550 4726 2873 4782 Praeclarum
2911 4726 3117 4782 dictum
3154 4727 3510 4782 sanctissimas
3546 4727 3769 4793 femina
3797 4725 3868 4780 de

2229 4813 2539 4884 abjicienda
2576 4814 2811 4884 sepulcri
2853 4815 2943 4869 sui
2984 4828 3155 4869 cura:
3207 4815 3349 4882 felix
3386 4813 3627 4884 ejusdem
3657 4813 3862 4869 obitus.

2231 4906 2261 4959 3
2290 4905 2549 4959 Monnicae
2597 4905 2799 4970 funus:
2850 4904 3157 4973 Augustini
3206 4904 3360 4960 dolor
3407 4903 3474 4958 de
3511 4903 3663 4959 illius
3709 4904 3867 4959 obitu

2229 5008 2343 5047 acer
2353 4993 2625 5059 bissimus,
2652 4995 2807 5061 ﬂetus
2834 4992 3095 5048 modicus.

2231 5085 2278 5135 t.
2310 5080 2574 5153 Quinque
2603 5085 2703 5136 aut
2730 5081 2877 5136 forte
2901 5096 2999 5135 sex
3041 5082 3174 5135 ante
3213 5078 3434 5149 diebus,
3465 5095 3643 5153 quam
3687 5079 3867 5136 beata

2160 5169 2413 5225 Monnica
2442 5169 2501 5225 in
2530 5170 2796 5225 morbum
2824 5169 3115 5235 incideret,
3147 5184 3280 5225 cum
3298 5169 3424 5241 ipsa
3449 5174 3508 5225 et
3528 5169 3683 5225 illius
3708 5170 3866 5242 apud

2158 5258 2311 5314 Ostia
2338 5258 2605 5314 Tiberina
2632 5257 3031 5314 incumberent
3058 5258 3131 5314 ad
3158 5258 3492 5326 fenestram,
3523 5258 3681 5314 unde
3722 5275 3864 5329 pro-

2158 5350 2382 5418 spectus
2411 5352 2532 5403 erat
2556 5347 2616 5402 in
2644 5347 2877 5403 hortum
2905 5347 3129 5415 domus,
3160 5346 3223 5403 in
3251 5363 3367 5419 qua
3396 5347 3865 5417 diversabantur,

2160 5439 2215 5491 et
2241 5435 2446 5492 remoti
2465 5453 2499 5492 a
2522 5436 2704 5493 turbis
2731 5440 2859 5508 post
2885 5437 3048 5510 longi
3074 5436 3297 5493 itineris
3320 5437 3597 5505 laborem,
3630 5437 3867 5495 instau-

2158 5525 2365 5582 rabant
2397 5542 2456 5582 se
2505 5526 2875 5599 navigationi,
2922 5527 2993 5583 de
3040 5527 3156 5584 vita
3193 5530 3405 5583 eterna
3449 5542 3581 5583 cum
3629 5543 3865 5584 summa
