4048 6194
212 270 282 324 153
1563 265 1776 320 LIBER
1817 263 2203 321 SECUNDUS.

209 387 337 445 animi
383 385 654 455 voluptate
710 398 1037 440 sermonem
1092 384 1478 454 contulerunt,
1538 387 1826 458 praeterita

211 474 548 542 obliviscentes,
571 488 637 527 ac
666 472 727 527 in
756 488 824 528 ea
859 489 989 545 quae
1027 477 1159 529 ante
1200 479 1333 529 sunt
1369 475 1601 531 extenti.
1633 477 1827 531 Inhia-

213 569 362 632 bamus,
385 560 559 633 inquit
583 562 958 633 Augustinus,
983 579 1072 618 ore
1095 564 1274 619 cordis
1290 567 1346 618 in
1365 580 1600 634 superna
1627 568 1828 634 ﬂuenta

207 655 324 721 fontis
349 653 432 717 tui,
446 652 610 718 fontis
639 653 765 706 vitm
789 654 888 721 qui
917 657 994 707 est
1022 653 1173 723 apud
1202 656 1362 721 te;ut
1390 654 1517 708 inde
1533 669 1636 724 pro
1665 658 1829 724 captu

208 747 333 797 nostro
356 742 565 811 aspersi,
606 755 817 810 quoquo
844 742 999 797 modo
1032 758 1144 796 rem
1187 747 1396 797 tantam
1436 745 1816 812 cogitaremus.

207 835 378 899 Cumque
400 828 466 882 ad
490 844 617 894 eum
636 833 794 898 ﬁnem
815 844 985 885 sermo
1009 830 1413 900 perduceretur,
1435 835 1498 886 ut
1524 833 1825 886 carnalium

206 934 395 975 sensuum
420 917 691 973 delectatio
721 919 1058 987 quantalibet
1073 922 1132 973 in
1154 921 1490 989 quantalibet
1510 920 1623 975 luce
1651 935 1827 990 corpo-

206 1025 265 1062 rea
283 1022 377 1077 pra
406 1007 548 1061 illius
576 1008 701 1061 vita
732 1006 1098 1076 jucunditate,
1134 1023 1242 1062 non
1279 1010 1701 1078 comparatione,
1732 1008 1826 1063 sed

204 1097 709 1152 necommemoratione
756 1096 974 1165 quidem
1008 1096 1176 1164 digna
1205 1096 1517 1167 videretur;
1561 1099 1823 1167 erigentes

201 1201 264 1241 nos
282 1185 553 1239 ardentiore
588 1184 786 1254 affectu
813 1187 869 1240 in
897 1185 1158 1255 idipsum,
1201 1185 1331 1241 dum
1360 1187 1632 1257 loquimur
1658 1190 1710 1241 et
1736 1189 1823 1241 in—

204 1276 353 1327 hiamus
377 1274 468 1338 illi,
506 1275 793 1343 attigimus
831 1289 947 1328 eam
987 1274 1193 1329 modice
1229 1279 1337 1329 toto
1375 1277 1488 1329 ictu
1525 1275 1741 1343 cordis;
1773 1281 1822 1329 et

201 1363 538 1433 suspiraeimus,
563 1366 614 1416 et
638 1363 957 1431 reliquimus
981 1363 1062 1417 ibi
1082 1362 1343 1429 religatas
1357 1364 1635 1432 primitias
1653 1364 1820 1433 spiri-

201 1456 266 1518 tu,
290 1456 329 1504 et
352 1452 696 1505 remeavimus
724 1451 800 1505 ad
827 1440 1114 1521 strepitum
1134 1454 1243 1506 oris
1261 1454 1457 1519 nostri,
1481 1452 1577 1505 ubi
1602 1452 1822 1507 verbum

198 1546 228 1594 et
244 1541 462 1609 incipitur
486 1543 537 1593 et
566 1541 781 1608 ﬁnitur.
806 1539 858 1593 Is
878 1539 1049 1610 hujus
1077 1538 1348 1611 colloquii
1370 1543 1427 1594 et
1450 1539 1676 1595 ecstasis
1699 1540 1818 1595 fru-

195 1633 277 1681 ctus
308 1626 416 1694 fuit,
451 1631 514 1680 ut
561 1626 698 1697 ipsis
740 1627 933 1681 omnia
974 1627 1175 1682 mundi
1224 1628 1656 1696 oblectamenta,
1701 1645 1820 1700 pra:

195 1716 258 1769 illa
286 1715 514 1769 delibatae
561 1714 847 1770 felicitatis
885 1716 1183 1786 suavitate,
1225 1716 1579 1772 vilescerent.
1614 1718 1678 1772 Et
1721 1717 1821 1772 illa

193 1802 364 1874 quidem
401 1802 467 1856 ad
503 1803 894 1873 Augustinum
936 1819 951 1857 :
994 1805 1122 1873 Fili,
1168 1804 1266 1872 ait,
1313 1810 1574 1874 quantum
1624 1805 1698 1859 ad
1738 1822 1821 1860 me

190 1892 345 1952 attinet,
371 1890 513 1942 nulla
528 1888 655 1958 jam
679 1904 739 1943 re
767 1889 995 1944 delector
1021 1892 1080 1944 in
1113 1891 1213 1945 hac
1244 1891 1380 1945 vita.
1424 1891 1567 1957 Quid
1607 1892 1692 1946 hic
1720 1894 1819 1959 fa-

189 1980 282 2032 ciam
305 1977 478 2045 adhuc,
510 1982 568 2032 et
605 1994 701 2032 cur
730 1978 817 2032 hic
846 1980 1181 2056 sim.nescio,
1209 1980 1327 2050 jam
1368 1985 1684 2050 consumpta
1725 1995 1820 2050 spe

189 2068 302 2135 hujus
323 2068 509 2121 seculi.
558 2068 733 2122 Unum
761 2072 877 2121 erat
906 2072 1129 2138 propter
1171 2068 1316 2139 quod
1343 2071 1401 2124 in
1432 2069 1533 2124 hac
1574 2071 1692 2124 vita
1725 2070 1821 2124 ali-

186 2160 387 2224 quantum
411 2158 697 2210 immorari
723 2156 1021 2226 cupiebam,
1041 2161 1102 2212 ut
1134 2163 1183 2212 te
1210 2159 1565 2213 christianum
1592 2159 1818 2213 catholi-

184 2260 265 2297 cum
286 2244 498 2299 viderem
530 2248 867 2315 priusquam
898 2262 1150 2301 morerer.
1183 2248 1520 2305 Cumulatius
1559 2248 1654 2302 hoc
1681 2248 1821 2301 mihi

181 2334 278 2386 liciis
306 2348 435 2387 meus
472 2336 762 2403 przestitit,
805 2339 866 2389 ut
909 2340 957 2390 te
992 2337 1177 2402 etiam,
1220 2340 1522 2406 contempta
1556 2337 1821 2403 felicitate

181 2426 355 2488 terrena,
382 2437 593 2477 servum
616 2423 737 2491 ejus
771 2424 1003 2479 videam.
1040 2423 1188 2491 Quid
1224 2425 1309 2481 hic
1333 2427 1525 2493 facio?
1555 2424 1816 2496 (Confess.

182 2510 247 2564 lib.
272 2514 315 2576 9,
340 2526 450 2581 cap.
475 2515 526 2579 9,
560 2528 620 2566 n.
656 2513 873 2582 23-26.)

225 2601 266 2652 2.
288 2600 397 2654 Alio
425 2600 561 2655 item
588 2600 684 2655 die
715 2601 972 2656 Monnica
1000 2600 1171 2657 Ostiis
1199 2600 1480 2656 Tiberinis
1508 2618 1639 2657 cum
1670 2618 1818 2657 non-

180 2687 306 2740 nullis
334 2687 520 2743 amicis
545 2687 857 2760 Augustini
890 2689 1029 2760 (ipse
1060 2689 1216 2744 enim
1248 2689 1459 2761 aberat)
1494 2707 1819 2746 sermonem

177 2774 224 2827 de
243 2778 539 2847 contemptu
569 2776 708 2831 vitm
727 2775 898 2847 hujus
918 2780 975 2831 et
1003 2776 1073 2832 de
1099 2776 1251 2832 bono
1274 2777 1473 2833 mortis
1501 2778 1821 2834 familiaris-

177 2862 278 2917 sime
298 2865 608 2920 conferehat
630 2881 647 2920 :
670 2864 773 2937 qui
800 2865 1030 2921 feminas
1050 2866 1317 2922 virtutem
1350 2871 1665 2939 stupentes,
1678 2885 1819 2923 .cum

175 2949 222 3003 ab
243 2967 294 3006 ea
326 2954 691 3024 qumsiissent,
723 2954 1006 3026 numquid
1044 2954 1293 3023 timeret,
1326 2972 1399 3010 ne
1430 2961 1549 3011 tam
1587 2957 1757 3028 longe
1788 2974 1821 3012 a

178 3055 249 3093 sua
265 3039 461 3097 civitate
479 3059 693 3115 corpus
713 3043 1063 3116 relinqueret
1084 3061 1097 3100 :
1120 3046 1293 3115 Nihil,
1318 3044 1509 3117 inquit
1528 3045 1648 3116 illa,
1670 3047 1821 3116 longe

176 3132 229 3181 est
256 3131 369 3195 Deo;
396 3147 561 3202 neque
593 3132 895 3188 timendum
938 3137 1037 3201 est,
1080 3150 1147 3189 ne
1182 3136 1275 3189 ille
1311 3150 1417 3190 non
1460 3140 1717 3204 agnoscat
1764 3138 1821 3190 in

175 3218 248 3279 ﬁne
267 3221 444 3282 seculi,
474 3222 623 3276 unde
651 3238 734 3276 me
761 3225 1058 3279 resuscitet.
1090 3225 1268 3279 Porro
1297 3223 1511 3278 mirum
1539 3229 1818 3297 quantum

176 3302 315 3361 fuerat
338 3315 459 3364 ante
484 3311 553 3365 de
581 3311 849 3381 sepulcro
876 3311 1140 3380 sollicita,
1173 3313 1324 3385 quod
1351 3313 1479 3367 ideo
1501 3313 1671 3385 juxta
1699 3329 1818 3368 ma-

174 3392 246 3485 riti
259 3411 438 3468 corpus
463 3399 573 3455 sibi
605 3398 935 3471 providerat
959 3405 1015 3455 et
1039 3406 1483 3485 praeparaverat,
1517 3401 1654 3474 quia
1683 3418 1819 3474 per-

174 3483 274 3536 aclis
295 3502 409 3542 cum
440 3488 539 3543 illo
576 3504 810 3544 summa
834 3483 1209 3545 consensione
1245 3490 1601 3546 matrimonii
1629 3491 1817 3559 annis,

171 3572 383 3640 cupiebat
409 3576 550 3631 illud
580 3576 723 3631 huic
749 3577 1008 3634 felicitati
1039 3578 1225 3650 adjici,
1255 3595 1370 3652 quo
1403 3595 1819 3635 commemora-

173 3664 289 3714 retur
310 3663 372 3717 ab
399 3664 737 3721 hominibus
765 3682 1096 3723 concessum
1116 3667 1223 3723 sibi
1243 3685 1363 3724 esse
1393 3672 1519 3740 post
1543 3673 1822 3724 transma-

170 3746 309 3806 rinam
332 3754 881 3827 peregrinationem,
913 3760 978 3811 ut
1005 3756 1307 3828 conjuncta
1337 3761 1489 3813 terra
1519 3758 1821 3813 amborum

171 3839 421 3912 conjugum
450 3848 609 3900 terra
644 3848 932 3921 tegeretur
963 3861 976 3900 :
1008 3845 1104 3901 sed
1128 3846 1251 3917 jam
1279 3850 1402 3901 tum
1427 3846 1822 3902 inﬁrmitatem

168 3923 274 3982 hanc
295 3931 427 3987 Deus
455 3940 787 4002 sanaverat,
810 3937 868 3989 et
897 3934 1080 3990 cordis
1104 3936 1227 4007 ejus
1258 3936 1592 3992 inanitatem
1624 3937 1822 4008 gratim

170 4016 469 4082 plenitudine
498 4024 898 4096 compleverat
923 4024 1114 4096 (Ibid.,
1146 4041 1268 4095 cap.
1302 4028 1392 4093 10,
1425 4042 1483 4081 η.
1512 4028 1603 4097 28)
1661 4026 1823 4090 Quod

168 4117 266 4160 sane
285 4112 592 4182 Augustino
630 4113 766 4168 satis
794 4112 919 4185 ipsa
944 4113 1387 4186 significaverat,
1413 4131 1543 4170 cum
1569 4115 1627 4170 in
1650 4132 1821 4187 supra

170 4203 428 4253 memorato
449 4217 725 4256 sermone
756 4201 823 4257 ad
845 4201 1153 4257 fenestram
1174 4202 1367 4274 erupit
1392 4203 1447 4257 in
1468 4203 1590 4258 hmc
1608 4203 1779 4258 verba
1805 4219 1818 4258 :

169 4279 277 4344 Ουίιί
303 4286 381 4342 hic
405 4290 599 4355 facio?
634 4291 748 4346 Sed
778 4291 901 4362 ejus
933 4296 1188 4347 mentem
1216 4292 1312 4348 ille
1348 4292 1500 4347 haud
1530 4308 1820 4364 quaquam

168 4368 295 4437 plene
317 4381 390 4430 est
416 4384 734 4448 assecutus,
764 4379 945 4435 donec
975 4380 1036 4435 in
1068 4380 1337 4436 extremis
1363 4379 1545 4451 posita
1575 4397 1695 4435 sese
1726 4381 1822 4436 illa

167 4457 345 4525 planius
363 4468 607 4539 aperuit.
630 4469 775 4524 Nam
800 4468 1001 4541 quinto
1021 4469 1248 4525 circiter
1265 4474 1397 4541 post
1416 4469 1589 4524 istum
1610 4486 1822 4526 sermo-

168 4560 267 4602 nem
284 4550 362 4607 die
381 4554 438 4610 in
458 4556 675 4612 febrim
697 4557 931 4614 incidit:
955 4574 1069 4631 qua
1087 4558 1321 4632 quidem
1344 4575 1551 4614 novem
1578 4560 1699 4615 dies
1721 4562 1821 4615 du-

170 4642 307 4701 rante,
326 4643 612 4718 obsequiis
635 4646 858 4703 interea
879 4648 988 4704 sibi
1008 4648 1078 4704 ab
1099 4648 1420 4720 Augustino
1438 4649 1712 4722 impensis
1731 4650 1820 4705 in-

168 4726 516 4805 terhlandiens,
568 4736 738 4807 pium
787 4735 954 4792 illum
1004 4737 1347 4809 appellabat,
1397 4754 1461 4793 ac
1507 4739 1819 4795 tenerrimo

168 4815 308 4870 cordis
333 4821 532 4879 affectu
562 4826 1076 4893 commemorabat,
1110 4842 1406 4899 nunquam
1438 4843 1501 4882 ex
1535 4827 1691 4883 illius
1720 4844 1819 4883 ore

168 4906 372 4965 vocatam
399 4911 704 4982 excidisse,
743 4930 873 4986 quas
902 4915 1087 4986 ipsam
1115 4916 1202 4970 vel
1244 4915 1445 4971 leviter
1471 4917 1679 4971 laedere
1715 4934 1821 4989 po-

165 4990 321 5078 Ψίξεθὶ
345 4999 527 5068 (Ibid.,
562 5018 692 5073 cap.
731 5006 816 5071 l2,
862 5020 917 5059 n.
964 5004 1072 5074 30).
1120 5004 1378 5069 Quodam
1416 5010 1611 5060 autem
1649 5005 1816 5078 aagri-

165 5074 331 5136 ludinis
355 5084 441 5141 die
476 5087 768 5143 defectum
799 5088 1009 5144 animai
1050 5104 1217 5160 passa
1258 5094 1361 5157 est,
1408 5106 1473 5145 ac
1517 5074 1818 5161 paululum

165 5165 398 5227 subtracta
437 5176 827 5247 praesentibus
878 5193 892 5232 :
935 5179 1041 5235 Nos
1088 5181 1456 5234 concurrimus
1490 5178 1816 5252 (Augustini

167 5254 296 5312 verba
317 5258 430 5319 haec
460 5264 647 5336 sunt),
680 5266 774 5321 sed
801 5268 905 5322 cito
930 5266 1150 5322 reddita
1178 5272 1257 5323 est
1284 5269 1485 5338 sensui,
1514 5273 1565 5324 et
1602 5272 1819 5340 aspescit

165 5348 354 5404 astantes
376 5368 455 5407 me
470 5358 524 5409 et
538 5357 779 5421 fratrem
800 5372 994 5423 meum,
1016 5360 1065 5412 et
1085 5358 1168 5411 ait
1190 5356 1341 5412 nobis
1366 5360 1529 5428 quasi
1555 5362 1819 5429 quaerenti

338 5454 351 5493 :
375 5442 474 5497 Ubi
490 5459 652 5499 eram
665 5444 693 5500 ‘l
712 5445 912 5500 Deinde
930 5461 1024 5501 nos
1046 5448 1259 5503 intuens
1283 5462 1505 5502 maerore
1524 5451 1780 5505 attonitos
1801 5465 1813 5504 :

168 5519 331 5582 Pmetis
366 5531 470 5600 hic,
510 5534 727 5604 inquit,
764 5537 990 5591 matrem
1028 5540 1281 5592 vestram.
1326 5538 1440 5603 Ego
1479 5538 1723 5605 silebam,
1767 5544 1817 5593 et

3538 268 3637 322 154

1937 389 2118 455 ﬂetum
2159 385 2465 454 frenabam.
2509 390 2700 441 Frater
2729 392 2907 442 autem
2943 402 3088 442 meus
3127 388 3390 456 quiddam
3433 392 3637 446 locutus

1938 479 2033 540 est,
2066 491 2169 544 quo
2198 490 2313 529 eam
2343 491 2450 529 non
2488 491 2733 546 peregre,
2778 476 2872 531 sed
2910 478 2967 530 in
3000 480 3191 546 patria
3231 476 3479 546 defungi,
3513 483 3634 533 tan-

1937 580 2100 633 quam
2127 565 2361 634 felicius,
2389 569 2618 634 optaret.
2652 565 2763 631 Quo
2797 565 3003 633 audito,
3036 566 3137 619 illa
3164 566 3318 620 vultu
3345 569 3512 621 anxio
3540 582 3633 621 re—

1934 654 2221 707 t'erberans
2268 669 2387 706 eum
2432 654 2622 722 oculis,
2663 652 2808 722 quod
2852 654 2987 707 talia
3028 658 3258 723 saperet,
3304 658 3466 724 atque
3509 654 3635 710 inde

1934 756 2015 794 me
2044 743 2292 795 intuens:
2331 741 2485 810 Vide,
2508 742 2607 810 ait,
2630 741 2764 811 quid
2793 742 2946 796 dicit.
2976 744 3046 797 Et
3068 758 3195 796 mea:
3225 742 3515 798 ambobus:
3540 745 3635 798 Po-

1934 831 2063 896 nite,
2095 832 2295 899 inquit,
2328 831 2423 884 hoc
2452 844 2645 899 corpus
2676 831 3027 901 ubicumque;
3059 831 3203 885 nihil
3228 847 3321 886 vos
3350 833 3468 901 ejus
3500 847 3634 887 cura

1932 919 2207 973 conturbet
2263 934 2275 973 :
2337 923 2548 974 tantum
2604 919 2745 973 illud
2797 935 2888 974 vos
2941 935 3090 987 rogo,
3149 925 3211 974 ut
3274 920 3349 974 ad
3416 923 3634 976 Domini

1932 1007 2106 1062 altare
2133 1010 2483 1063 memineritis
2512 1010 2636 1075 mei,
2676 1008 2771 1062 ubi
2809 1008 2904 1062 ubi
2944 1010 3167 1075 fueritis
3212 1009 3394 1076 (Ibid.,
3445 1008 3540 1064 lib.
3576 1012 3630 1079 9,

1932 1112 2051 1166 cap.
2108 1100 2192 1164 11,
2236 1112 2293 1149 n.
2332 1096 2440 1165 27).
2482 1098 2628 1164 Ergo
2657 1097 2757 1151 illa
2801 1098 3109 1151 imminente
3155 1096 3243 1151 dic
3285 1098 3629 1153 resolutionis

1930 1200 2059 1251 suae,
2089 1184 2279 1255 pergit
2306 1184 2477 1256 paulo
2507 1189 2635 1255 post
2655 1184 3027 1255 Augustinus,
3049 1201 3156 1239 non
3184 1188 3444 1253 cogitavit
3472 1201 3629 1240 suum

1931 1289 2122 1343 corpus
2158 1278 2466 1342 sumptuose
2502 1274 2724 1337 contegi,
2756 1277 2852 1326 aut
2897 1272 3109 1327 condiri
3149 1275 3499 1343 aromatibus,
3532 1279 3629 1329 aut

1929 1364 2325 1415 monumentum
2353 1361 2576 1415 electum
2604 1362 2932 1430 concupiuit,
2966 1364 3061 1414 aut
3088 1364 3301 1417 curavit
3326 1364 3629 1432 sepulcrum

1926 1451 2201 1520 patrium;
2225 1464 2329 1503 non
2357 1451 2466 1504 ista
2490 1449 2775 1503 mandavit
2799 1448 2951 1503 nobis
2978 1465 2991 1504 :
3018 1449 3113 1505 sed
3134 1451 3499 1506 tantummodo
3527 1468 3634 1506 me-

1930 1538 2157 1591 moriam
2184 1538 2273 1590 sui
2299 1536 2373 1589 ad
2400 1537 2577 1591 altare
2607 1540 2755 1590 tuum
2781 1539 2903 1605 ﬁeri
2930 1536 3281 1605 desideravit,
3310 1540 3401 1593 cui
3423 1539 3630 1594 nullius

1929 1626 2042 1679 diei
2063 1626 2517 1695 praetermissione
2542 1627 2831 1689 servierat;
2855 1626 2997 1680 unde
3020 1628 3181 1681 sciret
3196 1627 3508 1697 dispensari
3541 1629 3632 1683 Vi-

1928 1715 2152 1769 ctimam
2178 1719 2441 1780 sanctam,
2471 1729 2581 1782 qua
2622 1714 2852 1768 deletum
2883 1718 2961 1769 est
2991 1715 3431 1785 chirographum,
3482 1716 3633 1787 quod

1928 1807 2047 1859 erat
2082 1805 2413 1858 contrarium
2458 1802 2613 1858 nobis
2654 1803 2835 1872 (Ibid.,
2878 1819 2999 1873 cap.
3045 1807 3130 1871 l3,
3170 1821 3227 1859 η.
3272 1804 3382 1876 36).
3433 1805 3629 1877 Itaque

1930 1909 2060 1948 cum
2090 1896 2344 1947 mentem
2373 1908 2556 1954 suam,
2584 1896 2757 1963 prout
2783 1891 2833 1946 ei
2860 1908 2964 1962 per
2991 1891 3373 1947 valetudinem
3398 1893 3629 1963 licebat,

1930 1980 2282 2052 explicasset,
2316 1979 2744 2051 ingravescente
2774 1979 2975 2033 morbo
3002 1979 3387 2035 exercebatur.
3423 1982 3486 2035 In
3517 1998 3632 2053 quo

1930 2069 2178 2124 cruciatu
2216 2069 2382 2125 beata
2409 2067 2509 2122 illa
2538 2067 2731 2122 anima
2759 2084 2966 2139 corpus
2995 2067 3249 2140 reliquit,
3291 2069 3359 2125 ad
3391 2086 3633 2141 superos

1930 2159 2239 2227 evolatura,
2283 2158 2374 2213 die
2428 2156 2786 2229 aegritudinis
2836 2173 2953 2211 sua:
3000 2173 3174 2224 nono,
3221 2157 3403 2212 aetatis
3451 2157 3633 2230 ipsius

1932 2264 2080 2302 anno
2119 2246 2597 2319 quinquagesimo
2636 2249 2817 2316 sexto,
2860 2244 3045 2300 tetatis
3092 2249 3284 2300 autem
3322 2246 3633 2318 Augustini

1932 2335 2222 2408 trigesimo
2247 2335 2438 2403 tertio,
2465 2334 2662 2407 paucis
2680 2333 2826 2389 forte
2856 2334 3055 2389 diebus
3083 2339 3215 2390 ante
3244 2334 3371 2390 idus
3400 2351 3634 2391 novem-

1930 2425 2060 2479 bres
2098 2424 2234 2479 anni
2273 2440 2445 2496 supra
2484 2423 2948 2479 trecentesimum
2988 2423 3324 2495 octogesimi
3366 2423 3625 2495 septimi.

1932 2515 2186 2569 Natalem
2218 2517 2410 2568 tamen
2440 2514 2562 2584 ejus
2601 2512 2841 2567 Ecclesia
2870 2516 3073 2585 quarto
3101 2525 3281 2567 nonas
3311 2512 3451 2568 maii
3479 2513 3627 2568 cele-

1932 2605 2058 2658 brat
2084 2619 2099 2658 :
2126 2602 2280 2675 quod
2311 2618 2413 2657 cur
2439 2601 2521 2656 ita
2549 2601 2668 2670 ﬁat,
2701 2601 2871 2657 nobis
2894 2602 3157 2674 ignotum
3189 2606 3299 2658 est.

2002 2696 2055 2751 3.
2091 2691 2278 2747 Matris
2309 2692 2500 2746 oculos
2527 2691 2735 2762 pressit
2763 2691 3135 2763 Augustinus,
3166 2708 3231 2746 ac
3256 2690 3446 2747 statim
3478 2708 3633 2747 acer-

1931 2780 2195 2836 bissimus
2223 2779 2388 2835 dolor
2415 2778 2685 2835 intimum
2708 2780 2831 2851 ejus
2860 2784 3056 2851 pectus
3084 2780 3335 2851 pervasit
3369 2797 3382 2836 :
3417 2784 3474 2836 et
3502 2797 3633 2836 cum
3664 2842 3671 2847 ,

1930 2886 2033 2941 per
2076 2870 2356 2941 lacrymas
2395 2868 2612 2923 exitum
2650 2872 2950 2940 quaereret,
2988 2868 3106 2924 suis
3148 2869 3243 2924 ille
3291 2870 3469 2924 oculis
3512 2870 3628 2925 vim

1930 2959 2163 3025 faciens,
2195 2974 2287 3013 eas
2316 2957 2469 3013 intus
2496 2957 2841 3013 retrudebat.
2873 2959 2983 3013 Nec
3007 2957 3145 3013 levis
3175 2960 3297 3012 erat
3324 2958 3632 3027 cruciatus,

1930 3063 2103 3120 quem
2131 3046 2192 3101 in
2222 3046 2318 3101 illa
2347 3047 2517 3118 longe
2547 3046 2880 3119 gravissima
2911 3046 2999 3102 sui
3031 3050 3227 3102 contra
3259 3063 3318 3102 se
3346 3047 3499 3102 lucta
3527 3064 3631 3118 pa-

1931 3136 2195 3191 tiebatur.
2221 3135 2561 3191 Indecorum
2582 3135 2842 3191 videlicet
2865 3136 3146 3204 censebat,
3167 3135 3368 3191 matris
3388 3139 3633 3190 mortem

1930 3224 2194 3295 lacrymis
2222 3223 2526 3296 prosequi;
2554 3240 2682 3279 cum
2704 3224 2765 3279 in
2790 3224 3028 3281 dubium
3051 3241 3251 3280 vocare
3274 3241 3389 3280 non
3419 3229 3632 3297 posset,

1930 3314 2069 3387 quin
2099 3313 2198 3368 illa
2228 3313 2466 3368 meliore
2492 3313 2580 3367 sui
2600 3317 2764 3385 parte
2790 3313 3003 3369 viveret
3032 3330 3045 3369 :
3072 3315 3182 3369 hoc
3204 3317 3259 3369 et
3275 3313 3633 3370 documentis

1929 3418 2156 3459 morum
2180 3403 2326 3474 ejus,
2350 3406 2407 3456 et
2437 3402 2549 3457 ﬁde
2572 3418 2691 3457 non
2714 3401 2866 3470 ﬁcta,
2893 3402 3326 3475 rationibusque
3352 3402 3518 3458 certis
3546 3406 3631 3458 te-

1930 3493 2103 3547 nebat
2132 3492 2316 3562 (Ibid.,
2344 3506 2464 3561 cap.
2502 3494 2588 3558 l2,
2614 3506 2671 3546 n.
2703 3490 2814 3562 29).
2841 3490 3032 3545 Nihilo
3061 3496 3256 3546 tamen
3286 3491 3478 3546 minus
3508 3507 3633 3547 sua-

1930 3581 2221 3636 vissimam
2254 3578 2409 3634 illius
2449 3578 2922 3634 consuetudinem
2954 3579 3060 3635 sibi
3085 3584 3273 3635 morte
3302 3581 3631 3652 ademptam

1930 3670 2180 3742 graviter
2191 3668 2441 3723 dolebat.
2458 3667 2628 3733 Quasi
2638 3666 3158 3735 dilaniabaturvita,
3177 3667 3511 3739 inquit,quw
3521 3684 3633 3723 una

1929 3761 2082 3827 facta
2109 3762 2226 3812 erat
2254 3772 2320 3811 ea:
2349 3771 2467 3810 mea
2494 3759 2545 3811 et
2568 3755 2718 3810 illius
2739 3754 2924 3825 (Ibid.,
2950 3772 3000 3810 η.
3041 3758 3146 3825 30).
3172 3757 3317 3811 Tum
3339 3773 3472 3811 vero
3498 3773 3627 3812 cum

1932 3844 2145 3900 efﬂavit
2173 3849 2490 3899 extremum
2520 3842 2807 3917 spiritum,
2836 3859 2982 3916 puer
3004 3844 3329 3900 Adeodatus
3358 3845 3633 3900 exclama-

1929 3932 2009 3988 vit
2038 3934 2098 3989 in
2126 3934 2451 4007 planctum;
2481 3938 2651 4006 atque
2680 3932 2750 3988 ab
2779 3933 3046 3988 omnibus
3073 3934 3450 4005 praesentibus
3478 3951 3634 3991 coer-

1929 4022 2073 4079 citus
2102 4022 2303 4079 tacuit.
2339 4022 2602 4078 Cohibito
2624 4038 2760 4093 ergo
2788 4037 2823 4075 a
2841 4022 2977 4077 fletu
2999 4022 3309 4090 Adeodato,
3331 4022 3630 4080 confestim

1933 4111 2174 4168 Evodius
2204 4111 2451 4183 arripuit
2478 4110 2841 4179 Psalterium,
2870 4127 2934 4165 ac
2971 4111 3257 4182 psalmum
3286 4128 3489 4168 canere
3516 4128 3629 4168 coe-

1928 4201 2015 4274 pit
2042 4201 2359 4275 Augustino
2393 4204 2451 4255 et
2478 4199 2604 4255 aliis
2646 4199 3038 4255 accinentibus
3071 4217 3085 4256 :
3119 4201 3550 4257 Misericordiam
3580 4205 3632 4256 et

1917 4290 2196 4360 judicium
2230 4289 2459 4345 cantabo
2503 4288 2624 4353 tibi,
2661 4291 2883 4345 Domine
2919 4288 3111 4360 (Ibid.,
3146 4305 3204 4344 η.
3246 4289 3352 4358 31).
3392 4289 3496 4344 Ubi
3526 4305 3631 4361 per

1930 4379 2133 4434 urbem
2178 4382 2386 4433 sanctae
2436 4377 2625 4433 viduae
2679 4378 2865 4433 obitus
2922 4377 3265 4448 percrebuit,
3326 4377 3629 4434 Christiani

1929 4468 2255 4540 complures
2286 4483 2349 4522 ac
2378 4466 2663 4538 religiosa;
2689 4467 2921 4522 feminea
2947 4466 3185 4522 domum
3214 4472 3626 4526 convenerunt.

1928 4557 2167 4613 Interim
2193 4557 2366 4613 funus
2381 4556 2712 4612 curantibus
2734 4556 2827 4625 iis,
2850 4572 3096 4628 quorum
3122 4556 3177 4611 id
3202 4556 3461 4612 muneris
3484 4561 3626 4627 erat,

1929 4647 2159 4703 secessit
2185 4646 2540 4719 Augustinus
2571 4646 2630 4700 in
2670 4646 2880 4712 locum,
2912 4645 3011 4700 ubi
3050 4646 3321 4702 decenter
3361 4663 3482 4701 esse
3522 4664 3629 4719 po-

1928 4740 2075 4792 terat
2100 4736 2161 4791 in
2184 4735 2418 4790 illorum
2444 4733 2733 4803 societate,
2760 4732 2860 4805 qui
2880 4749 3012 4788 eum
3042 4732 3104 4788 in
3126 4733 3232 4789 hac
3257 4735 3436 4790 animi
3457 4735 3629 4807 aegri-

1927 4825 2124 4881 tudine
2171 4822 2552 4879 deserendum
2591 4838 2712 4876 non
2758 4837 2879 4876 esse
2926 4822 3254 4879 censebant.
3289 4824 3446 4890 Quod
3487 4830 3626 4889 erat,

1927 4913 2135 4985 inquit,
2171 4914 2399 4983 tempori
2437 4925 2731 4978 congruum
2768 4908 3141 4981 disputabam,
3183 4927 3346 4983 eoque
3390 4914 3626 4980 fomento

1924 5004 2172 5059 veritatis
2200 5001 2521 5071 mitigabam
2545 5001 2841 5055 cruciatum
2871 4999 2973 5054 tibi
2997 5005 3205 5068 notum,
3229 5002 3342 5057 illis
3371 5003 3627 5070 ignoran-

1926 5092 2091 5159 tibus,
2121 5095 2173 5146 et
2198 5092 2399 5145 intente
2423 5088 2792 5152 audientibus,
2817 5093 2868 5144 et
2884 5091 2998 5145 sine
3016 5105 3174 5145 sensu
3194 5090 3395 5146 doloris
3415 5106 3497 5145 me
3514 5105 3627 5145 esse

1926 5178 2342 5235 arbitrantibus.
2375 5179 2454 5234 At
2479 5193 2573 5248 ego
2603 5180 2661 5232 in
2691 5179 2915 5234 auribus
2946 5181 3079 5246 tuis,
3106 5178 3204 5233 ubi
3232 5194 3412 5234 eorum
3441 5178 3623 5234 nullus

1924 5269 2201 5335 audiebat,
2228 5267 2576 5338 increpabam
2598 5269 2873 5323 mollitiem
2898 5268 3123 5337 affectus
3151 5269 3276 5335 mei,
3294 5271 3345 5321 et
3363 5270 3624 5321 constrin-

1923 5359 2114 5427 gebam
2140 5359 2350 5427 fluxum
2374 5358 2619 5413 mceroris
2644 5373 2657 5412 :
2680 5357 3002 5427 cedebatque
3019 5356 3159 5411 mihi
3172 5355 3480 5425 paululum,
3503 5371 3625 5411 rur-

1924 5463 2123 5519 susque
2153 5449 2359 5518 impetu
2391 5462 2486 5502 suo
2517 5447 2817 5516 ferebatur,
2848 5461 2953 5501 non
2994 5460 3162 5514 usque
3190 5443 3266 5498 ad
3291 5447 3624 5514 eruptionem

1925 5540 2314 5609 lucrymarum,
2346 5552 2439 5592 nec
2466 5551 2636 5607 usque
2672 5537 2747 5591 ad
2782 5536 2962 5590 vultus
2999 5534 3375 5612 mutationem;
3405 5535 3502 5591 sed
3528 5551 3622 5618 ego
