4048 6194
312 222 410 276 155

303 342 534 398 sciebam
563 341 701 412 quid
725 341 883 397 corde
904 355 1220 412 premerem.
1251 342 1321 396 Et
1349 342 1485 410 quia
1511 341 1651 395 mihi
1676 340 2007 395 vehementer

304 431 646 503 displicebat,
676 435 886 485 tantum
908 432 967 485 in
984 446 1068 484 me
1087 445 1245 499 posse
1264 431 1371 486 haec
1396 431 1654 496 humana,
1679 445 1798 499 quae
1817 429 2006 484 ordine

306 520 484 575 debito
503 524 552 575 et
572 524 712 574 sorte
732 519 1053 574 conditionis
1076 523 1272 575 nostra
1292 519 1532 574 accidere
1551 534 1755 573 necesse
1779 522 1874 581 est,
1898 519 2007 572 alio

306 608 486 663 dolore
515 608 758 663 dolebam
787 609 1018 663 dolorem
1048 624 1242 675 meum,
1275 611 1326 662 et
1368 608 1578 678 duplici
1626 609 1856 661 tristitia
1883 621 2008 660 ma-

307 698 530 751 cerabar
555 699 822 766 (Con/ess.
856 698 950 752 lib.
977 701 1028 762 9,
1057 712 1105 751 c.
1142 699 1228 764 l2,
1254 713 1313 750 n.
1337 697 1446 767 31).
1478 697 1632 751 Elato
1654 710 1918 766 corpore,
1944 710 2009 749 ac

308 802 486 858 prope
510 788 833 858 sepulcrum
854 786 1063 857 posito,
1084 790 1149 840 ut
1168 785 1249 839 ibi
1280 787 1455 839 moris
1475 788 1615 851 erat,
1648 782 2009 838 liberationis

309 880 517 930 nostra;
536 874 875 929 sacriﬁcium
896 890 1002 946 pro
1025 890 1091 928 ea
1111 874 1366 927 oblatum
1381 877 1480 927 est.
1498 871 2009 943 Atqueintereala-

308 980 530 1035 crymas
560 980 689 1018 suas
716 963 1044 1018 continebat
1072 961 1444 1033 Augustinus.
1487 964 1638 1030 Ecce,
1682 961 1781 1029 ait,
1817 975 2009 1031 corpus

307 1054 506 1106 elatum
534 1057 645 1119 est;
673 1053 833 1117 imus,
866 1051 1106 1105 redimus
1137 1053 1255 1106 sine
1284 1052 1561 1120 lacrymis.
1587 1051 1728 1107 Nam
1756 1064 1927 1118 neque
1950 1052 2009 1102 in

307 1143 383 1195 eis
406 1141 673 1210 precibus,
697 1155 833 1210 quas
858 1140 961 1194 tibi
985 1140 1234 1208 fudimus
1264 1155 1384 1194 cum
1402 1139 1689 1210 oﬁ‘erretur
1702 1154 1808 1209 pro
1836 1154 1899 1193 ca
1926 1153 2009 1193 sa-

308 1229 567 1296 criﬁcium
602 1230 773 1298 pretii
798 1230 993 1296 nostri,
1027 1229 1149 1298 jam
1181 1228 1353 1299 jumta
1389 1229 1691 1297 sepulcrum
1724 1229 1904 1298 posito
1933 1243 2012 1281 ca-

309 1315 523 1383 davere,
551 1319 876 1386 priusquam
905 1317 1277 1387 deponeretur,
1302 1316 1444 1372 sicut
1461 1318 1575 1372 illic
1598 1318 1718 1387 ﬁeri
1743 1317 1894 1380 solet,
1916 1332 2010 1370 nec

306 1407 365 1459 in
392 1407 469 1460 eis
488 1406 735 1475 precibus
766 1422 859 1475 ego
887 1408 1012 1475 flevi
1036 1422 1049 1461 :
1082 1406 1177 1461 sed
1203 1410 1310 1461 toto
1338 1406 1428 1462 die
1449 1408 1693 1476 graviter
1721 1408 1781 1461 in
1810 1406 2011 1460 occulto

309 1497 526 1549 moestus
555 1510 721 1561 eram,
753 1498 804 1549 et
827 1499 998 1549 mente
1026 1496 1251 1550 turbata
1279 1495 1541 1565 rogabam
1562 1499 1631 1563 te,
1657 1499 1718 1550 ut
1740 1498 2008 1566 poteram,

311 1598 415 1651 quo
452 1598 674 1638 sanares
714 1584 947 1639 dolorem
985 1600 1186 1649 meum;
1235 1600 1329 1639 nec
1361 1585 1625 1652 faciebas,
1667 1583 1823 1639 credo
1865 1599 2012 1638 com-

311 1673 571 1727 mendans
608 1675 872 1727 memoriae
900 1688 1026 1728 mea:
1066 1674 1149 1727 vel
1190 1675 1283 1729 hoc
1324 1688 1430 1727 uno
1472 1673 1807 1740 documento,
1839 1674 2012 1727 omnis

310 1762 711 1816 consuetudinis
733 1763 1006 1816 vinculum
1034 1764 1199 1817 etiam
1218 1762 1479 1817 adversus
1508 1767 1737 1817 mentem
1761 1777 1879 1831 quae
1892 1762 2012 1831 jam

308 1866 414 1904 non
434 1851 625 1918 fallaci
642 1852 798 1905 verbo
815 1852 1081 1920 pascitur.
1101 1850 1296 1905 Visum
1323 1855 1407 1906 est
1428 1850 1511 1905 illi
1533 1855 1726 1921 petere
1746 1851 2010 1909 balneas:

313 1938 469 2007 quod
497 1938 565 1992 iis
595 1923 940 1992 anxietatem
973 1955 1039 1993 ex
1077 1938 1271 1993 animo
1300 1939 1435 2011 pelli
1472 1939 1767 2008 audiisset,
1799 1954 1904 1993 nec
1932 1941 2015 1992 ta-

311 2042 446 2082 men
474 2027 628 2082 illius
673 2027 836 2082 dolor
866 2026 954 2081 his
984 2026 1148 2098 aquis
1177 2028 1462 2082 abstersus
1500 2031 1603 2082 est.
1642 2030 1852 2082 Verum
1882 2042 2012 2080 cum

312 2116 717 2185 obdormisset,
747 2115 925 2170 sensit
970 2120 1334 2187 experrectus
1377 2116 1634 2171 dolorem
1681 2131 1852 2170 suum
1892 2129 2012 2169 non

312 2204 675 2259 mediocriter
712 2219 913 2258 somno
957 2202 1285 2274 mitigatum
1317 2203 1499 2274 (Ibid.,
1532 2204 1626 2258 lib.
1669 2206 1721 2271 9,
1761 2218 1882 2273 cap.
1928 2206 2012 2270 t2,

314 2310 368 2347 η.
399 2292 507 2361 32).
539 2294 809 2346 Attamen
837 2307 969 2346 cum
1001 2291 1244 2362 jactura:
1273 2308 1389 2349 suae
1427 2296 1485 2347 et
1514 2291 1772 2346 orbitatis
1798 2307 2015 2347 memo~

312 2379 461 2434 riam
486 2379 765 2451 paulatim
795 2379 856 2434 in
886 2383 1140 2434 mentem
1169 2384 1479 2446 revocaret,
1511 2380 1582 2435 de
1614 2384 1793 2435 matre
1824 2385 1881 2436 et
1909 2398 2013 2452 pro

315 2473 518 2536 matre,
552 2468 622 2523 de
650 2485 708 2522 se
739 2472 796 2523 et
824 2484 927 2539 pro
956 2484 1017 2523 se
1045 2468 1149 2523 sub
1182 2468 1361 2523 oculis
1394 2469 1497 2524 Dei
1521 2469 1658 2524 ﬂere
1687 2470 1874 2524 libuit.
1909 2470 2010 2526 La-

312 2573 533 2628 crymas
571 2556 785 2630 itaque,
829 2573 972 2628 quas
1017 2556 1292 2612 hactenus
1334 2574 1688 2630 compressas
1728 2562 2011 2628 tenuerat,

313 2645 571 2719 disrupta
600 2646 775 2701 veluti
805 2648 1080 2719 repagulo
1114 2647 1336 2710 laxavit,
1369 2651 1425 2701 et
1454 2652 1515 2702 ut
1546 2647 1800 2702 dolorem
1831 2646 2016 2702 cordis

312 2751 417 2806 per
445 2753 539 2790 eas
569 2740 847 2807 egereret,
875 2735 1055 2791 libere
1083 2753 1319 2808 prorsus
1346 2736 1580 2792 efﬂuere
1609 2735 1892 2807 permisit.
1924 2735 2016 2791 Sic

312 2828 547 2882 demum
576 2825 895 2897 requievit;
926 2826 1198 2897 quoniam
1229 2826 1354 2880 illas
1387 2843 1579 2882 coram
1607 2828 1743 2894 Deo,
1776 2842 1891 2881 non
1921 2843 2017 2880 au-

312 2920 429 2970 tem
455 2915 516 2970 in
544 2914 723 2969 oculis
751 2914 1021 2982 hominis,
1054 2931 1149 2969 eas
1177 2915 1322 2970 forte
1357 2932 1461 2987 per
1498 2915 1828 2986 superbiam
1867 2916 2016 2970 male

316 3003 766 3075 interpretaturi,
799 3003 1096 3059 effuderat.
1131 3004 1289 3059 Illius
1330 3008 1523 3059 tamen
1553 3004 1719 3059 ﬂetus
1750 3004 2014 3075 exiguam

314 3094 473 3148 horae
501 3097 725 3164 partem
752 3108 864 3146 non
895 3092 1159 3148 excessit.
1198 3094 1385 3160 Legat,
1411 3093 1507 3158 ait,
1540 3095 1637 3161 qui
1660 3094 1817 3160 volet,
1848 3097 1899 3147 et
1926 3093 2016 3148 in-

319 3185 640 3252 terpretetur
665 3184 728 3234 ut
754 3181 893 3235 volet
924 3196 937 3234 :
980 3185 1031 3236 et
1071 3183 1121 3236 si
1158 3190 1437 3250 peccatum
1475 3184 1758 3249 invenerit,
1810 3183 2018 3251 flevisse

316 3286 397 3325 me
424 3274 651 3324 matrem
679 3270 880 3336 exigua
902 3273 1065 3338 parte
1088 3271 1251 3336 horae,
1274 3274 1501 3323 matrem
1528 3271 1694 3325 oculis
1718 3274 1851 3325 meis
1878 3274 2017 3326 inte-

315 3360 423 3413 rim
452 3361 741 3426 mortuam,
775 3371 894 3425 qua
920 3371 1002 3411 me
1043 3358 1239 3411 multos
1268 3372 1437 3413 annos
1475 3361 1717 3428 ﬂeverat,
1756 3363 1820 3413 ut
1853 3361 2020 3415 oculis

318 3448 427 3503 tuis
457 3447 719 3510 viverem;
751 3460 858 3500 non
887 3445 1137 3511 irrideat,
1160 3445 1254 3501 sed
1268 3448 1452 3515 potius
1481 3449 1532 3502 si
1558 3451 1637 3502 est
1663 3448 1867 3516 grandi
1888 3450 2019 3503 cha-

316 3539 495 3598 ritate,
521 3551 621 3606 pro
643 3537 883 3606 peccatis
908 3536 1039 3591 meis
1056 3538 1183 3605 ﬂeat
1212 3538 1327 3606 ipse
1356 3536 1431 3591 ad
1463 3541 1512 3593 te
1538 3538 1757 3593 Patrem
1785 3540 2021 3594 omnium

314 3627 559 3693 fratrum
588 3624 797 3682 Christi
825 3627 908 3681 tui
940 3624 1118 3692 (Ibid,
1148 3641 1206 3680 n.
1239 3624 1347 3695 33).

969 3714 1195 3769 CAPUT
1233 3714 1369 3769 XIV.

323 3805 343 3856 1
387 3803 563 3857 Dilato
590 3801 774 3856 reditu
796 3801 872 3856 ad
885 3804 1151 3872 patriam,
1170 3802 1512 3871 Augustinus
1532 3805 1711 3859 Romae
1737 3803 2026 3858 conscribit

389 3891 598 3958 aliquot
628 3890 813 3956 libros,
855 3892 1061 3945 scilicet
1091 3890 1156 3944 de
1186 3891 1426 3945 Moribus
1455 3893 1701 3947 Ecclesiae
1729 3892 2021 3946 catholicae.

388 3979 423 4032 2
465 3980 539 4032 De
566 3978 807 4032 Moribus
835 3980 1275 4033 Manichaeorum.
1311 3981 1341 4033 3
1372 3982 1444 4034 De
1470 3979 1784 4045 Quantitate
1808 3981 2023 4034 animae.

391 4066 425 4120 4
462 4066 687 4121 Inchoat
714 4081 848 4137 opus
878 4066 943 4121 de
982 4067 1173 4122 Libero
1214 4067 1488 4137 Arbitrio,
1528 4071 1579 4122 et
1615 4068 1880 4137 quasdam
1916 4070 2024 4125 Ro-

389 4170 562 4210 manae
589 4156 838 4211 Ecclesiae
861 4154 1270 4210 consuetudines
1302 4155 1483 4211 discit.

394 4247 442 4300 1.
474 4244 862 4317 Augustinum
902 4244 972 4299 ad
1014 4243 1169 4299 Ostia
1207 4243 1472 4299 Tiberina
1510 4244 1838 4315 pervenisse
1882 4244 2024 4301 vidi-

324 4349 471 4403 mus,
503 4338 566 4388 ut
591 4351 650 4388 se
680 4332 798 4389 illic
832 4333 1179 4388 instauraret
1229 4333 1606 4406 navigationi,
1645 4350 1933 4407 suumque
1967 4335 2030 4389 in

319 4421 565 4477 Africam
594 4422 845 4477 reditum
875 4422 1200 4478 adornaret.
1245 4424 1368 4478 Non
1414 4424 1638 4495 trajecit
1673 4428 1891 4494 tamen,
1919 4424 2030 4481 nisi

322 4514 453 4580 post
485 4508 711 4565 Maximi
747 4526 972 4580 necem,
1001 4510 1111 4566 hoc
1148 4515 1253 4578 est,
1298 4527 1493 4566 mense
1524 4516 1767 4584 augusto
1815 4514 1899 4567 vel
1942 4530 2029 4568 se—

333 4596 584 4669 ptembri
608 4596 741 4652 anni
763 4598 1146 4654 trecentesimi
1166 4600 1496 4671 octogesimi
1517 4600 1719 4656 octavi.
1740 4602 1861 4667 Qua
1880 4602 1948 4657 de
1972 4619 2031 4657 re

331 4685 465 4740 satis
493 4686 683 4758 ample
721 4686 969 4742 diximus
1016 4705 1187 4760 supra
1233 4690 1370 4760 (Lib.
1407 4692 1461 4757 2,
1508 4706 1630 4761 cap.
1676 4695 1748 4757 7).
1787 4693 2035 4763 Ipsemet

333 4776 598 4842 testatur,
631 4791 689 4830 se
732 4779 865 4846 post
893 4776 1272 4847 Baptismum,
1301 4776 1640 4851 priusquam
1681 4779 1743 4833 in
1786 4779 2034 4834 Africam

327 4868 638 4931 remearet,
669 4864 1002 4936 aliquandiu
1024 4866 1223 4921 Romae
1245 4867 1561 4922 constitisse
1580 4868 1834 4939 (Retract.
1859 4868 1952 4922 lib.
1985 4872 2033 4944 1,

343 4967 385 5007 c.
418 4956 476 5022 7,
504 4968 561 5008 n.
601 4956 657 5020 l;
690 4969 736 5008 c.
770 4956 822 5017 8,
847 4970 904 5009 η.
938 4956 1000 5020 1;
1032 4969 1079 5009 c.
1112 4958 1163 5021 9,
1191 4970 1246 5011 n.
1281 4957 1349 5025 1).
1378 4957 1486 5010 Per
1514 4956 1620 5011 hos
1648 4955 1770 5011 dies
1801 4955 1943 5010 duos
1975 4956 2038 5010 Ii-

328 5040 462 5096 bros
492 5041 848 5113 conscripsit,
879 5042 1123 5098 alterum
1156 5043 1225 5098 de
1258 5043 1508 5099 Moribus
1540 5043 1798 5099 Ecclesiae
1839 5045 2033 5100 catho-

330 5129 475 5197 liCtB,
519 5130 762 5185 alterum
801 5130 869 5185 de
900 5129 1153 5186 Moribus
1193 5130 1663 5187 Manichaeorum.
1701 5131 1939 5202 Scripsit
1979 5135 2037 5185 et

328 5218 620 5291 dialogum
644 5220 712 5275 de
738 5219 1063 5285 Quantitate
1086 5220 1316 5287 animus,
1331 5237 1395 5276 ac
1417 5225 1532 5276 tres
1554 5221 1725 5289 libros
1745 5220 1812 5275 de
1836 5220 2037 5275 Libero

326 5307 596 5363 Arbitrio.
632 5308 797 5364 Liber
821 5308 891 5363 de
923 5308 1175 5364 Moribus
1213 5308 1475 5364 Ecclesia:
1507 5309 1694 5364 editus
1722 5313 1806 5375 est
1833 5315 2036 5365 contra

340 5393 696 5454 Manichaaos.
732 5399 874 5454 Nam
903 5413 1033 5452 eum
1062 5398 1416 5470 Augustinus
1443 5414 1615 5469 quam
1646 5398 1891 5454 maxime
1917 5416 2040 5471 gra-

350 5480 443 5538 tia:
473 5484 681 5541 Christi
718 5486 1053 5543 obstrictum
1085 5504 1143 5542 se
1183 5491 1538 5559 agnosceret,
1572 5488 1735 5559 cujus
1767 5487 2039 5544 nimirum

1509 217 1681 273 VITA
1735 216 1790 272 S.
1833 216 2217 275 AUGUSTINI
2276 216 2612 273 EPISCOPI.

3712 222 3817 275 l56

2114 338 2326 394 auxilio
2357 355 2423 394 ex
2453 339 2607 395 illius
2637 339 2922 395 hiereseos
2951 338 3178 411 gurgite
3204 339 3439 395 tandem
3458 345 3770 396 emerserat
3800 355 3815 395 :

2113 429 2255 483 alios
2284 445 2515 501 quoque
2546 429 2825 501 periculo,
2856 429 3011 501 quod
3044 429 3165 500 ipse
3194 428 3433 496 adierat,
3465 428 3608 500 eripi
3638 429 3817 484 vehe-

2116 522 2338 572 menter
2368 518 2618 589 optabat.
2657 519 2723 573 Et
2754 517 2943 590 reipsa
2972 517 3030 572 id
3056 517 3245 573 solatii
3273 519 3548 589 percepit,
3580 522 3640 572 ut
3666 519 3821 573 Deus

2115 607 2238 678 ejus
2264 606 2581 661 ministerio
2606 606 2881 679 librisque
2902 623 3008 678 per
3028 623 3160 661 eum
3182 607 3370 662 divino
3395 606 3661 662 instinctu
3681 623 3821 662 con-

2115 695 2359 767 scriptis,
2387 712 2559 767 quam
2585 696 2866 768 plurimos
2885 713 2916 750 a
2945 696 3162 750 nefario
3188 696 3285 750 illo
3315 712 3505 750 errore
3533 695 3818 751 liberarii.

2118 786 2252 840 Duae
2274 784 2335 838 in
2357 785 2560 856 primis
2589 785 2872 840 illecebrae
2896 785 2967 840 ad
2987 784 3241 840 incautos
3260 789 3316 838 ct
3346 786 3511 873 rpdes
3531 784 3826 857 decipien-

2118 871 2221 925 dos
2263 872 2499 927 fuerunt
2539 872 2860 928 Manichaeis
2902 888 3087 938 :una,
3141 871 3551 950 scripturarum
3598 871 3823 927 Veteris

2117 960 2488 1027 Testamenti,
2508 977 2651 1032 quas
2678 961 3033 1033 ignorarent,
3053 961 3419 1033 reprehensio
3436 978 3449 1029 ;
3465 962 3661 1027 altera,
3684 962 3821 1017 vitae

2118 1052 2285 1104 casta
2320 1054 2375 1104 et
2405 1048 2711 1122 singularis
2740 1049 3109 1105 continentiae
3138 1050 3404 1105 simulata
3431 1050 3701 1121 professio
3722 1054 3822 1115 (De

2116 1139 2308 1193 Morib.
2328 1140 2472 1195 Eccl.
2497 1140 2664 1206 cath.,
2690 1156 2748 1195 n.
2780 1140 2853 1209 2).
2879 1140 2950 1194 Ut
2972 1139 3150 1210 igitur
3170 1139 3239 1193 ab
3267 1139 3378 1194 hoc
3405 1138 3717 1211 posteriore
3739 1139 3826 1193 la-

2118 1242 2267 1297 queo
2303 1226 2500 1283 ﬁdeles
2519 1232 2798 1284 averteret
2826 1228 3196 1300 Augustinus,
3222 1227 3542 1283 doctrinam
3570 1227 3826 1299 discipli—

2120 1332 2367 1389 namque
2407 1317 2701 1373 catholicae
2732 1317 2994 1372 Ecclesia.
3032 1316 3312 1388 explicare
3341 1315 3654 1381 constituit,
3685 1333 3825 1388 spe-

2119 1422 2250 1461 rans
2280 1406 2422 1474 fore,
2461 1411 2525 1462 ut
2564 1423 2631 1462 ex
2664 1407 2770 1462 hoc
2818 1407 2965 1462 libro
3005 1406 3361 1461 innotescere
3398 1409 3608 1477 posset,
3641 1421 3826 1477 quam

2116 1495 2269 1550 facili
2297 1495 2530 1568 negotio
2556 1496 2737 1550 virtus
2765 1495 3083 1560 simuletur,
3110 1499 3168 1549 et
3188 1511 3360 1566 quam
3382 1494 3600 1549 difficili
3630 1498 3830 1548 tenea-

2118 1589 2229 1639 tur.
2260 1586 2390 1655 Ipso
2412 1584 2581 1639 initio
2608 1588 2866 1652 testatur,
2894 1588 2978 1638 sat
2997 1583 3054 1638 in
3077 1583 3204 1638 aliis
3221 1584 3382 1638 libris
3403 1578 3713 1638 ostendisse
3737 1598 3826 1650 se,

2120 1674 2609 1745 quemadmodum
2640 1690 2802 1728 error
2831 1678 2889 1727 et
2915 1672 3198 1744 impietas,
3223 1688 3332 1744 qua
3353 1671 3414 1726 in
3434 1672 3606 1726 Vetus
3629 1673 3827 1726 Testa-

2120 1767 2381 1817 mentum
2403 1762 2753 1817 invehuntur
2771 1761 3087 1831 Manichazi,
3104 1761 3286 1833 possit
3304 1759 3650 1832 impugnari.
3677 1762 3826 1815 Eum

2120 1855 2313 1906 tamen
2338 1851 2445 1906 hac
2465 1851 2536 1906 de
2559 1867 2620 1904 re
2650 1850 3044 1921 superioribus
3077 1849 3365 1921 opusculis
3393 1849 3573 1921 egisse
3598 1866 3715 1903 non
3749 1849 3828 1902 le-

2122 1939 2329 2010 gimus.
2355 1940 2715 2012 Quapropter
2735 1956 2850 1993 non
2880 1940 3020 1994 alios
3041 1940 3347 2011 opinamur
3374 1943 3717 1993 memoratos
3742 1937 3826 1992 ibi

2121 2028 2191 2083 ab
2214 2044 2280 2082 eo
2301 2028 2495 2091 libros,
2522 2028 2634 2083 nisi
2656 2029 2915 2101 geminos
2935 2028 3083 2095 illos,
3110 2028 3318 2100 quibus
3338 2027 3566 2082 initium
3593 2026 3826 2082 Genesis

2122 2121 2318 2172 contra
2350 2116 2792 2172 Manichmorum
2818 2117 3132 2172 calumnias
3152 2121 3281 2188 post
3308 2115 3642 2172 reditumin
3672 2115 3825 2171 Afri-

2122 2222 2243 2260 cam
2279 2205 2563 2277 exposuit.
2599 2206 2760 2271 Quod
2790 2205 2837 2259 si
2865 2205 2947 2260 ita
2976 2210 3080 2272 est,
3104 2206 3237 2260 libri
3259 2206 3327 2261 de
3359 2205 3605 2261 Moribus
3634 2204 3826 2259 Eccle-

2122 2293 2221 2349 sia:
2255 2299 2311 2349 et
2330 2295 2399 2349 de
2422 2293 2670 2350 Moribus
2693 2294 3131 2349 Manichaeorum
3154 2293 3347 2367 scripti
3370 2294 3598 2367 quidem
3625 2295 3827 2349 Romae

2121 2382 2355 2450 fuerint,
2380 2383 2609 2455 quando
2634 2381 2755 2455 ipse
2776 2386 2973 2438 auctor
3000 2382 3058 2437 id
3080 2386 3322 2438 testatur
3348 2400 3362 2438 :
3388 2399 3505 2437 non
3526 2386 3718 2437 tamen
3743 2381 3826 2435 ibi

2122 2471 2395 2542 publicati
2447 2487 2638 2543 neque
2667 2471 2906 2543 perfecti
2946 2486 3200 2542 prorsus,
3242 2471 3356 2526 nisi
3400 2470 3721 2542 Augustino
3762 2469 3827 2524 in

2121 2559 2310 2614 Africa
2329 2559 2450 2631 jam
2480 2559 2810 2616 constituto.
2857 2559 3159 2614 Enimvero
3196 2559 3334 2615 locis
3371 2559 3661 2615 nonnullis
3689 2575 3824 2630 per-

2122 2649 2256 2704 inde
2294 2654 2379 2704 est
2408 2650 2649 2718 locutus,
2682 2665 2747 2704 ac
2773 2648 2821 2704 si
2863 2650 3048 2704 Roma
3082 2652 3207 2703 tum
3248 2649 3490 2715 abesset,
3531 2652 3598 2703 ut
3631 2647 3826 2702 videre

2123 2743 2210 2793 est
2237 2738 2368 2793 libri
2394 2738 2569 2810 primi
2597 2737 2780 2810 capite
2804 2737 3099 2810 trigesimo
3130 2737 3319 2797 tertio.
3339 2742 3395 2792 et
3422 2738 3555 2793 libri
3589 2736 3829 2792 secundi

2114 2827 2305 2899 capite
2335 2826 2629 2899 vigesimo.
2664 2826 2831 2894 Quid,
2864 2827 3023 2898 quod
3060 2826 3121 2881 in
3147 2826 3401 2897 ejusdem
3433 2826 3565 2881 libri
3588 2824 3828 2881 secundi

2123 2915 2308 2988 capite
2337 2914 2676 2971 duodecimo
2714 2918 2996 2970 memorat
3026 2914 3339 2986 quodpiam
3374 2930 3479 2985 pro
3518 2914 3832 2971 Manichaee.

2123 3003 2329 3059 hmresi
2362 3020 2573 3059 novum
2600 3020 2963 3075 responsum,
2996 3004 3150 3075 quod
3189 3019 3250 3058 se
3289 3019 3475 3075 nuper
3502 3004 3654 3076 apud
3686 3005 3827 3061 Car-

2125 3093 2276 3162 thagi
2287 3109 2415 3148 nem
2443 3093 2723 3149 audivisse
2743 3094 3021 3147 testatur?
3040 3092 3309 3158 Quaedam
3334 3092 3545 3148 scilicet
3560 3093 3648 3148 his
3663 3094 3829 3150 libris

2126 3184 2325 3239 Romae
2350 3181 2606 3254 primum
2634 3181 2857 3253 scriptis
2886 3182 3130 3237 accessio
3156 3185 3359 3253 postea
3387 3182 3514 3236 ﬁeri
3551 3182 3609 3237 in
3638 3182 3832 3238 Africa

2125 3270 2333 3342 potuit,
2368 3274 2676 3343 antequam
2696 3271 3088 3341 vulgarentur.
3116 3270 3469 3343 Augustinus
3489 3268 3667 3340 igitur
3694 3285 3830 3324 cum

2123 3359 2328 3414 tacitus
2355 3359 2503 3414 ferre
2530 3375 2648 3414 non
2681 3362 2874 3431 posset
2904 3357 3346 3413 Manichaeorum
3376 3359 3446 3413 de
3475 3358 3615 3412 falsa
3642 3358 3829 3413 conti-

2127 3448 2325 3503 nentia
2348 3453 2406 3503 et
2431 3448 2619 3503 fallaci
2645 3446 2993 3519 abstinentia
3018 3463 3120 3501 sua
3138 3446 3494 3518 jactantiam,
3516 3462 3628 3518 qua
3648 3446 3833 3518 impe-

2127 3537 2265 3592 ritos
2294 3537 2355 3592 in
2385 3552 2637 3591 errorem
2666 3534 3037 3603 inducebant,
3061 3552 3192 3590 cum
3212 3550 3270 3590 se
3290 3535 3438 3590 veris
3469 3534 3831 3602 Christianis,

2128 3626 2336 3697 quibus
2358 3624 2728 3698 comparandi
2746 3641 2860 3679 non
2884 3628 3065 3692 erant,
3079 3624 3391 3679 insolenter
3408 3627 3833 3697 praeponerent,

2131 3715 2421 3771 silentium
2456 3714 2641 3783 solvit,
2660 3717 2717 3769 et
2745 3713 2939 3769 stilum
2960 3713 3220 3785 arripuit.
3246 3715 3310 3767 In
3331 3730 3444 3785 quo
3473 3718 3667 3768 tamen
3696 3729 3835 3768 eum

2134 3804 2366 3859 modum
2399 3808 2595 3858 tenere
2632 3801 2828 3867 voluit,
2873 3806 2938 3857 ut
2973 3802 3032 3856 in
3062 3802 3319 3874 perditos
3356 3802 3587 3856 illorum
3621 3817 3834 3869 mores,

2132 3895 2241 3949 sibi
2263 3894 2615 3961 notissimos,
2639 3894 2755 3947 non
2775 3897 2892 3946 tam
2918 3892 3122 3946 acriter
3142 3892 3527 3959 inveheretur,
3551 3908 3726 3963 quam
3749 3890 3839 3946 illi

2133 3982 2388 4038 haeretici
2415 3982 2476 4036 in
2506 3998 2573 4036 ea
2600 3998 2729 4053 quas
2766 3981 3131 4052 ignorarent.
3153 3983 3259 4036 Eos
3296 3980 3451 4035 enim
3491 3996 3693 4035 sanare
3724 3996 3837 4051 po-

2134 4071 2267 4138 tius,
2301 4086 2474 4142 quam
2526 4085 2861 4140 oppugnare
2900 4072 2957 4122 et
2993 4068 3220 4124 vincere
3263 4068 3550 4141 cupiebat.
3594 4068 3706 4122 Nec
3755 4067 3840 4121 ibi

2135 4158 2427 4231 mysteria,
2476 4174 2605 4230 quae
2648 4156 2706 4211 in
2746 4157 3052 4228 Scripturis
3092 4158 3213 4229 ipse
3257 4157 3575 4229 detegebat,
3617 4156 3836 4228 aperit;

2137 4263 2268 4303 cum
2296 4263 2394 4301 eos
2423 4262 2536 4300 non
2569 4261 2769 4301 verum
2800 4246 3019 4310 docere,
3048 4247 3141 4301 sed
3175 4246 3383 4301 falsum
3420 4246 3721 4313 dedocere,
3750 4244 3837 4298 fa-

2137 4341 2305 4391 vente
2336 4337 2473 4399 Deo,
2526 4334 2726 4390 fuisset
2757 4335 3008 4390 adortus.
3040 4335 3155 4391 Sub
3205 4334 3335 4389 libri
3377 4333 3552 4406 primi
3597 4333 3778 4389 linem
3807 4349 3840 4386 a

2139 4440 2362 4480 morum
2394 4423 2649 4479 doctrina
2679 4424 2750 4479 ad
2778 4422 3005 4478 virtutis
3035 4425 3315 4495 exempla,
3345 4440 3473 4495 quae
3501 4423 3562 4477 in
3593 4421 3841 4476 Ecclesia

2139 4514 2456 4579 elucebant,
2505 4512 2791 4584 delapsus,
2831 4512 3057 4568 disserit
3084 4513 3154 4568 de
3205 4512 3469 4584 perfectis
3514 4510 3628 4566 illis
3657 4509 3843 4565 eremi

2139 4602 2472 4672 cultoribus,
2497 4602 2595 4675 qui
2625 4618 2683 4657 se
2709 4602 2780 4657 ab
2810 4601 2967 4656 omni
2986 4602 3288 4657 hominum
3308 4600 3650 4656 commercio
3673 4598 3840 4672 peni-

2140 4698 2231 4747 tus
2254 4692 2649 4763 disjunxerant
2678 4708 2691 4746 :
2725 4691 2795 4746 de
2824 4690 2970 4746 mira
3000 4690 3412 4746 coenobitarum
3442 4688 3839 4756 multitudine,

2082 4830 2095 4840 ,
2143 4781 2242 4853 qui
2267 4781 2370 4835 sub
2402 4780 2572 4835 unius
2596 4779 2777 4852 patris
2806 4780 3197 4835 moderamine
3228 4780 3288 4834 in
3306 4778 3544 4835 desertis
3574 4777 3709 4833 locis
3740 4777 3843 4833 de-

2144 4873 2364 4941 gentes,
2395 4885 2453 4924 se
2490 4885 2768 4924 manuum
2796 4885 3032 4924 suarum
3062 4869 3260 4924 labore
3290 4867 3689 4924 sustentabant
3721 4883 3736 4923 :
3770 4866 3846 4921 de

2145 4956 2695 5027 sanctimonialibus,
2717 4973 2846 5029 qua:
2868 4958 2938 5012 ab
2969 4956 3127 5012 omni
3153 4956 3409 5012 virorum
3440 4959 3746 5024 conspectu
3762 4971 3851 5010 se-

2137 5047 2373 5118 junctai,
2406 5047 2605 5102 eodem
2651 5046 2765 5102 ritu
2808 5045 3074 5101 vivebant
3104 5061 3117 5099 :
3150 5045 3219 5101 de
3250 5046 3446 5101 multis
3480 5043 3762 5116 episcopis
3792 5048 3852 5098 et

2145 5133 2362 5189 clericis
2388 5134 2777 5203 sanctissimis,
2804 5149 3049 5206 quorum
3072 5132 3249 5188 virtus
3270 5149 3337 5188 eo
3361 5131 3682 5188 mirabilior
3701 5135 3849 5197 erat,

2146 5238 2261 5294 quo
2287 5222 2574 5278 difﬁcilius
2604 5229 2688 5278 est
2714 5239 2841 5277 eam
2870 5222 3023 5277 inter
3050 5221 3341 5294 improbos
3372 5221 3520 5277 tueri
3545 5237 3558 5276 :
3593 5220 3849 5292 denique

2146 5312 2215 5368 de
2256 5312 2424 5366 variis
2460 5312 2760 5384 utriusque
2805 5328 2969 5366 sexus
3020 5311 3375 5379 Christianis,
3409 5310 3509 5382 qui
3546 5309 3755 5365 mediis
3786 5308 3851 5363 in

2146 5400 2384 5455 urbibus
2411 5399 2585 5468 idem,
2612 5400 2765 5471 quod
2786 5399 2883 5454 alii
2912 5401 2973 5454 in
3000 5399 3330 5467 solitudine,
3354 5399 3482 5469 vita:
3507 5414 3691 5470 genus
3711 5414 3849 5453 con-

2151 5488 2531 5545 sectabantur.
2581 5488 2812 5544 Viderat
2852 5487 3040 5544 simile
3082 5487 3467 5544 diversorium
3514 5493 3851 5543 sanctorum
