4048 6194
179 234 268 283 157

177 349 471 406 lediolani
504 365 518 404 :
551 350 752 404 Romae
782 350 954 406 etiam
984 351 1151 423 plura
1176 356 1541 424 cognoverat.

231 441 284 492 2.
338 440 409 492 In
452 454 520 493 eo
570 438 720 492 libro
770 439 1040 494 volumen
1087 439 1243 496 aliud
1290 440 1612 512 pollicetur,
1659 456 1772 512 quo
1802 440 1875 495 sit

175 531 523 594 ostensurus,
570 543 747 598 quam
795 545 939 583 vana
966 528 1059 596 sit,
1099 529 1217 584 imo
1259 529 1438 601 quam
1464 529 1655 595 noxia,
1698 545 1870 600 quam

174 616 441 686 sacrilega
461 615 666 681 virtus,
690 632 803 687 qua
824 616 1218 687 gloriabantur
1246 617 1542 673 Manichaai
1569 638 1584 682 ;
1615 622 1673 673 et
1696 618 1785 672 vix
1808 634 1871 672 ac

172 718 232 756 ne
255 702 350 755 vix
381 701 626 773 quidem
655 718 840 757 unum
871 719 939 756 ex
965 703 1080 757 illis
1105 704 1280 775 leges,
1322 721 1465 776 quas
1492 704 1870 760 irrationabili

170 790 577 862 superstitione
605 789 715 845 sibi
742 791 1198 862 praescriberent,
1229 794 1529 848 observare
1552 793 1646 864 (De
1672 793 1865 849 Morib.

168 880 306 936 Eccl.
355 881 538 945 cath.,
578 895 639 936 n.
680 881 793 949 75).
844 880 905 934 Id
943 885 1181 951 praestat
1228 881 1288 935 in
1331 881 1477 936 libro
1523 881 1592 936 de
1623 881 1870 936 Moribus

169 967 637 1034 Manichmorum,
668 966 728 1021 in
751 984 866 1039 quo
894 968 990 1023 ubi
1014 968 1331 1041 theologica
1357 985 1556 1023 eorum
1588 968 1872 1041 principia

166 1056 501 1122 confutavit,
535 1056 889 1112 demonstrat
928 1057 988 1111 in
1024 1073 1140 1128 quo
1188 1057 1419 1112 tandem
1463 1058 1700 1112 moralis
1739 1058 1865 1112 illo-

163 1162 282 1201 rum
306 1145 585 1200 doctrina
603 1145 956 1217 consisteret.
995 1147 1236 1201 Demum
1264 1146 1668 1201 animadvertit
1697 1162 1869 1218 quam

165 1238 420 1289 accurate
473 1234 637 1289 illam
688 1235 1077 1301 observarent,
1125 1251 1192 1290 ex
1239 1235 1309 1290 iis
1357 1252 1485 1306 quae
1517 1239 1615 1290 aut
1639 1235 1760 1307 ipse
1790 1236 1871 1289 vi-

164 1324 331 1388 derat,
371 1328 479 1378 aut
509 1323 581 1377 ab
612 1322 852 1378 oculatis
880 1323 1119 1378 testibus
1148 1328 1463 1394 acceperat.
1499 1324 1666 1378 Varia
1693 1341 1868 1395 supe-

164 1412 267 1465 rius
308 1411 591 1482 exempla
627 1410 970 1477 notavimus,
1002 1427 1131 1483 quas
1161 1412 1258 1467 ille
1289 1411 1462 1483 super
1488 1413 1595 1468 hac
1620 1429 1684 1467 re
1714 1428 1869 1467 com-

161 1504 445 1555 memorat
474 1499 704 1570 (Supra,
734 1500 832 1554 lib.
868 1503 919 1569 1,
949 1515 1067 1570 cap.
1104 1501 1175 1571 9).

219 1593 265 1645 3.
318 1589 537 1644 Romae
576 1588 749 1643 etiam
799 1604 914 1643 non
969 1590 1152 1644 multo
1199 1591 1326 1660 post
1367 1593 1646 1661 tempore,
1696 1605 1870 1661 quam

159 1677 479 1732 Mediolano
529 1676 894 1744 discessisset,
936 1677 1143 1732 librum
1190 1679 1260 1734 de
1308 1678 1633 1743 Quantitate
1662 1679 1870 1733 animae

155 1765 523 1837 conscripsit.
560 1764 831 1836 Dialogus
860 1769 962 1832 est,
997 1765 1097 1837 qui
1127 1766 1261 1821 satis
1291 1766 1517 1822 nativus
1545 1772 1601 1822 et
1630 1767 1700 1822 ad
1730 1767 1873 1822 veri-

157 1860 322 1909 tatem
358 1854 602 1910 videtur
630 1854 927 1920 adductus,
957 1859 1023 1909 ut
1051 1870 1167 1909 non
1214 1855 1448 1910 omnino
1479 1855 1712 1910 ﬁctitius
1751 1855 1869 1909 exi-

161 1944 449 1998 stimetur.
482 1942 755 1997 Habitum
782 1959 912 1999 cum
943 1943 1150 1998 Evodio
1169 1943 1497 2015 proditipse
1516 1944 1870 2016 Augustinus

154 2032 202 2087 in
230 2032 494 2104 epistola
522 2031 596 2087 ad
625 2032 892 2087 eumdem
921 2033 1049 2087 data
1077 2035 1271 2103 (Epist.
1302 2035 1421 2100 162,
1451 2049 1507 2088 n.
1554 2033 1630 2104 2).
1665 2034 1729 2088 In
1762 2034 1872 2088 hoc

156 2122 290 2176 libro
320 2122 523 2176 multa
551 2121 622 2176 de
653 2121 849 2176 anima
877 2121 1084 2193 quaerit
1104 2126 1162 2176 et
1187 2121 1457 2192 expendit
1488 2138 1503 2176 :
1534 2137 1742 2193 nempe
1771 2138 1873 2176 un-

150 2212 353 2265 denam
392 2211 573 2265 ducat
602 2209 910 2281 originem,
940 2210 1126 2282 qualis
1156 2210 1250 2278 sit,
1277 2214 1494 2282 quanta
1520 2210 1621 2279 sit;
1650 2226 1751 2265 cur
1778 2210 1867 2264 in-

151 2298 264 2354 fusa
291 2298 559 2370 corpori,
607 2298 795 2370 qualis
823 2300 1023 2355 evadat
1050 2299 1278 2370 corpori
1305 2299 1489 2364 unita,
1520 2297 1704 2370 qualis
1732 2312 1858 2352 cum

1631 229 1846 287 LIBER
1884 229 2212 287 TERTIUS.

3584 235 3683 288 158

1978 353 2133 407 illius
2162 354 2537 425 compagibus
2555 354 2739 408 soluta
2763 353 2954 408 luerit.
2987 355 3195 409 Verum
3218 356 3354 426 quia
3375 360 3433 410 et
3451 356 3684 411 uberius

1979 445 2037 496 et
2057 442 2376 497 accuratius
2397 441 2648 513 disputat
2668 445 2884 512 quanta
2905 441 2997 509 sit,
3031 445 3094 496 ut
3111 458 3238 496 eam
3265 447 3323 498 et
3349 444 3683 514 quantitatis

1979 534 2035 585 et
2068 530 2320 601 corporis
2351 534 2642 601 expertem
2674 545 2820 596 esse,
2849 534 2906 584 et
2936 533 3129 584 tamen
3160 546 3435 602 magnum
3459 532 3675 604 aliquid

1977 634 2099 672 esse
2129 619 2509 685 demonstret;
2561 635 2629 673 ex
2675 619 2781 673 hac
2828 617 3201 688 inquisitione
3240 619 3452 674 factum
3482 623 3585 681 est,
3619 622 3682 674 ut

1979 703 2122 758 liber
2149 705 2254 759 iste
2281 706 2351 760 de
2381 706 2704 770 Quantitate
2729 705 2935 760 animae
2969 710 3417 777 nuncuparetur.

2049 797 2098 849 4.
2138 793 2390 865 Denique
2421 800 2535 849 tres
2573 795 2751 849 libros
2782 795 2851 849 de
2886 795 3087 850 Libero
3131 795 3382 850 Arbitrio
3413 795 3588 851 etiam
3617 795 3679 850 in

1979 881 2124 936 Urbe
2166 880 2505 936 constitutus
2549 882 2836 937 inchoavit
2885 899 2898 936 :
2942 883 3084 938 duos
3113 883 3266 938 enim
3315 884 3678 956 posteriores,

1978 969 2199 1039 aliquot
2227 969 2394 1024 annis
2430 970 2761 1042 interjectis,
2790 971 2911 1042 jam
2941 971 3234 1042 presbyter
3263 972 3556 1027 ordinatus
3584 972 3676 1027 ab-

1980 1058 2164 1113 solvit.
2200 1060 2397 1114 Romas
2417 1075 2550 1114 cum
2571 1064 2785 1130 ageret,
2811 1059 3008 1114 didicit
3030 1060 3187 1114 haud
3210 1060 3382 1116 dubie
3400 1061 3678 1132 quasdam
3698 1077 3703 1082 ’

1979 1148 2418 1203 consuetudines
2468 1148 2729 1202 Ecclesiae
2762 1149 3033 1202 Romanas
3070 1148 3332 1220 proprias
3362 1150 3432 1203 ab
3461 1149 3585 1220 ipso
3618 1149 3678 1204 in

1980 1236 2097 1290 suis
2143 1237 2429 1307 opusculis
2476 1240 2838 1304 memoratas,
2888 1236 3074 1307 qualis
3117 1243 3204 1292 est
3246 1237 3344 1291 illa
3376 1237 3681 1309 jejunandi

1979 1324 2177 1379 crebro
2207 1325 2391 1379 tribus
2418 1324 2617 1379 diebus
2646 1324 3044 1395 hebdomadas,
3064 1341 3272 1397 nempe
3292 1326 3432 1380 feria
3453 1331 3675 1397 quarta,

1952 1398 2135 1466 °sexta
2156 1417 2213 1467 et
2237 1413 2497 1480 sabbato;
2530 1416 2595 1467 ut
2620 1412 2938 1483 plurimum
2967 1416 3158 1467 autem
3180 1413 3438 1481 sabbato,
3468 1419 3680 1485 praeter

1980 1500 2457 1555 consuetudinem
2506 1501 2767 1555 omnium
2807 1501 2989 1556 ferme
3021 1500 3400 1556 Orientalium
3438 1506 3493 1556 et
3530 1502 3681 1556 Occi-

1967 1589 2295 1645 dentalium
2315 1590 2794 1658 Christianorum,
2820 1591 2919 1662 qui
2934 1590 3166 1645 sabbato
3188 1606 3303 1645 non
3321 1590 3677 1662 jejunabant.

1979 1681 2187 1733 Verum
2217 1695 2289 1733 ne
2308 1680 2505 1735 Romae
2528 1679 2763 1751 quidem
2783 1696 2889 1751 per
2912 1684 3137 1751 tempus
3162 1680 3431 1734 Paschale
3450 1679 3681 1734 sabbato

1971 1766 2260 1838 jejunium
2292 1767 2638 1834 servabatur,
2668 1766 2765 1823 ubi
2798 1767 2969 1822 etiam
2999 1784 3115 1822 non
3140 1767 3453 1838 putabatur
3481 1766 3683 1838 quinta

1979 1856 2118 1911 feria
2160 1872 2280 1910 esse
2306 1856 2686 1927 jejunandum
2727 1856 2922 1929 (Epist.
2977 1860 3064 1923 36,
3106 1872 3200 1911 nn.
3252 1858 3304 1925 8,
3358 1855 3433 1928 9).
3485 1857 3681 1911 Romae

1979 1961 2209 2017 quoque
2271 1944 2564 1999 auditione
2605 1944 2823 2016 accepit
2863 1944 3206 1999 exsecranda
3255 1944 3496 2015 ﬂagitia,
3551 1959 3680 2015 quae

1981 2032 2273 2088 Manicbaai
2296 2033 2413 2087 suis
2443 2033 2503 2087 in
2535 2033 2824 2087 sacriﬁciis
2847 2037 3263 2105 perpetrarent,
3295 2037 3360 2088 ut
3386 2049 3457 2088 ex
3478 2047 3676 2087 eorum

1979 2120 2331 2177 confessione
2360 2120 2423 2175 in
2469 2121 2661 2177 Galliis
2690 2121 2920 2193 publico
2960 2122 3018 2176 in
3043 2121 3259 2194 judicio
3290 2122 3438 2177 facta
3464 2124 3682 2176 consta-

1978 2210 2076 2265 bat
2110 2209 2204 2281 (De
2228 2212 2360 2267 Nat.
2380 2211 2519 2265 Boni
2537 2215 2725 2265 contra
2750 2210 3015 2278 Manio/1.,
3046 2225 3168 2281 cap.
3203 2209 3274 2268 4).

1251 2543 1767 2667 LIBER
1880 2537 2640 2666 TERTIUS.

642 2755 719 2804 De
749 2754 1029 2819 Augustini
1058 2753 1227 2805 reditu
1258 2754 1310 2804 in
1338 2754 1574 2805 Africam
1606 2770 1669 2804 ac
1704 2754 1767 2803 de
1803 2754 1958 2803 rebus
1984 2752 2051 2829 ibi
2084 2752 2247 2816 gestis
2271 2751 2335 2800 ab
2365 2750 2479 2815 ipso
2508 2763 2670 2813 usque
2708 2746 2776 2797 ad
2796 2747 3196 2812 Episcopatum.

738 3031 963 3088 CAPUT
1000 3031 1299 3088 PRIMUM.

162 3160 177 3211 l
210 3158 485 3226 Africam
512 3157 736 3226 repetit,
767 3156 863 3210 ubi
893 3171 948 3210 se
989 3171 1109 3211 cum
1149 3155 1447 3211 Mediolani
1470 3157 1671 3223 ageret,
1705 3152 1870 3209 Eulo-

217 3250 307 3314 gio
342 3247 690 3312 Carthagine
722 3244 934 3299 docenti
971 3246 1291 3314 apparuisse
1318 3246 1376 3297 in
1404 3245 1624 3310 somnis,
1657 3257 1724 3296 ea:
1754 3244 1872 3310 ipso

218 3336 513 3405 comperit.
542 3336 577 3387 2
604 3336 832 3388 Interest
859 3334 1121 3388 miraculo
1152 3333 1445 3388 curationis
1473 3332 1786 3387 Innocentii.

222 3479 270 3530 1.
296 3474 615 3545 Maximus,
637 3473 739 3547 qui
760 3474 1025 3530 Gratiano
1050 3474 1356 3546 imperium
1382 3490 1487 3547 per
1504 3474 1871 3547 tyrannidem

154 3564 458 3619 ademerat
489 3579 645 3618 anno
667 3562 1067 3618 trecentesimo
1097 3563 1445 3635 octogesimo
1461 3563 1871 3636 tertio,quique

159 3652 636 3708 Valentinianum
661 3652 953 3724 juniorem
976 3652 1140 3707 Italia
1160 3654 1456 3725 expulerat
1483 3669 1637 3708 anno
1658 3658 1874 3708 trecen-

160 3743 361 3797 tesimo
398 3740 760 3813 octogesimo
781 3741 1046 3813 septimo,
1074 3742 1290 3797 occisus
1310 3747 1396 3798 est
1415 3758 1565 3797 anno
1586 3741 1869 3815 sequenti,

162 3831 361 3903 quinto
383 3830 425 3884 k
436 3830 671 3885 alendas
686 3831 927 3903 Augusti
938 3836 1038 3887 aut
1049 3834 1205 3886 sexto
1220 3830 1493 3886 kalendas
1513 3831 1869 3903 septembris.

156 3921 280 3975 Post
347 3921 487 3991 ejus
548 3935 753 3975 necem
806 3920 1160 3992 Augustinus
1217 3920 1278 3974 in
1342 3921 1591 3975 Africam
1644 3920 1871 3992 trajecit

162 4011 375 4077 Contra
404 4008 524 4064 litt.
557 4010 831 4075 Petiliani,
864 4009 959 4064 lib.
993 4012 1046 4076 3,
1075 4025 1134 4064 η.
1163 4009 1285 4080 30);
1319 4010 1416 4064 sed
1437 4013 1721 4081 quantum
1751 4025 1871 4063 mu-

160 4101 300 4151 tatus
344 4097 428 4152 ab
460 4097 564 4152 illo
591 4097 932 4169 Augustino,
967 4097 1067 4169 qui
1105 4114 1169 4152 ex
1201 4114 1266 4152 ea
1299 4099 1546 4153 solverat
1573 4114 1723 4153 anno
1753 4102 1870 4152 tre-

156 4187 475 4241 centesimo
502 4186 851 4258 octogesimo
879 4186 1074 4243 tertio!
1109 4187 1321 4257 Sciunt,
1354 4187 1451 4254 ait,
1487 4189 1618 4257 quia
1645 4192 1698 4243 et
1724 4188 1874 4241 naui-

157 4279 421 4344 gacimus
465 4276 790 4345 aliquando,
822 4278 1001 4331 sciunt
1046 4278 1176 4346 quia
1203 4281 1253 4331 et
1272 4279 1614 4346 peregrinati
1639 4291 1823 4331 sumus
1854 4295 1870 4331 :

154 4366 301 4420 stunt
355 4366 499 4434 quia
548 4365 650 4419 alii
693 4366 913 4426 inimus,
955 4369 1006 4419 et
1051 4365 1153 4418 alii
1197 4365 1492 4422 redivimus
1548 4366 1773 4434 (Enarr.
1815 4366 1874 4419 in

156 4437 299 4490 Psal.
352 4451 553 4501 xxxvi,
599 4450 759 4490 serm.
811 4439 865 4503 3,
911 4451 966 4489 n.
1013 4435 1120 4505 19).
1154 4435 1557 4507 Carthaginem
1586 4435 1874 4506 appulisse

159 4524 444 4590 creditur,
494 4527 554 4578 et
589 4523 710 4577 illic
733 4522 917 4595 prius,
952 4540 1125 4595 quam
1154 4540 1212 4578 se
1241 4525 1543 4597 Tagastam
1572 4526 1871 4592 conferret,

160 4612 529 4684 aliquamdiu
559 4611 896 4668 constitisse.
928 4612 1015 4668 Ibi
1046 4612 1341 4684 quippiam
1362 4613 1578 4668 audivit
1597 4613 1748 4668 dictu
1765 4613 1874 4668 mi-

161 4700 365 4768 rabile,
400 4701 562 4772 quod
606 4700 732 4772 ipso
778 4701 1083 4757 Mediolani
1130 4706 1331 4773 agente
1368 4702 1702 4775 contigerat.
1735 4704 1875 4760 Car-

162 4790 411 4859 thaginis
433 4791 623 4844 rhetor
644 4791 929 4859 Eulogius,
954 4790 1166 4862 inquit,
1194 4793 1291 4860 qui
1307 4806 1455 4846 meus
1475 4793 1536 4845 in
1558 4791 1743 4845 eadem
1759 4797 1876 4846 arte

160 4878 472 4949 discipulus
496 4880 634 4948 fuit,
666 4881 808 4935 sicut
833 4881 974 4935 mihi
998 4882 1133 4950 ipse,
1157 4884 1511 4951 posteaquam
1533 4882 1591 4935 in
1623 4881 1876 4947 Africam

156 4970 545 5036 remeavimus,
574 4968 783 5029 retulit.
809 4984 929 5024 cum
952 4970 1247 5024 rhetoricos
1276 4971 1551 5025 Ciceronis
1576 4968 1743 5023 libros
1781 4968 1875 5022 di-

158 5057 384 5125 scipulis
412 5057 533 5111 suis
562 5056 819 5125 traderet,
836 5072 1109 5112 recensens
1139 5056 1434 5123 lectionem,
1470 5072 1636 5125 quam
1670 5059 1871 5127 postri—

160 5144 247 5197 die
262 5147 456 5211 fuerat
469 5144 803 5214 traditurus,
821 5146 1108 5216 quemdam
1128 5147 1299 5201 locum
1319 5145 1547 5215 o/fmdit
1561 5147 1870 5216 obscurum,

161 5248 263 5299 quo
304 5250 412 5289 non
464 5235 759 5303 intellecto,
808 5237 908 5290 via:
934 5237 1112 5305 potuit
1153 5235 1388 5291 dormire
1418 5236 1684 5291 sollicitus
1719 5253 1732 5291 :
1767 5251 1876 5305 qua

165 5326 313 5377 nocte
340 5325 662 5389 somnianti,
692 5338 788 5392 ego
807 5325 894 5378 illi
921 5324 1067 5394 quod
1090 5340 1198 5379 non
1227 5325 1560 5392 intelligebat
1584 5327 1812 5394 emposui
1854 5342 1872 5379 :

162 5410 267 5465 imo
291 5426 401 5465 non
429 5427 549 5482 ego,
591 5411 690 5466 sed
725 5414 907 5482 imago
938 5428 1056 5467 mea
1081 5415 1343 5468 nesciente
1370 5428 1471 5472 me.
1500 5417 1549 5467 et
1583 5417 1693 5468 tam
1723 5414 1877 5481 longe

164 5501 319 5556 trans
344 5516 497 5557 mare
522 5500 747 5571 aliquid
774 5500 931 5557 aliud
958 5503 1070 5558 sive
1097 5507 1308 5573 agente,
1334 5504 1447 5558 sive
1475 5504 1794 5569 somniante,
1820 5506 1873 5556 et

1979 3027 2123 3082 nihil
2150 3024 2216 3080 de
2242 3025 2391 3080 illius
2419 3024 2566 3079 curis
2593 3023 2811 3079 omnino
2844 3023 3071 3076 curante
3097 3018 3196 3090 (De
3235 3019 3379 3076 Cura
3406 3032 3507 3089 pro
3537 3020 3684 3071 mort

1980 3115 2236 3186 gerenda,
2266 3129 2325 3169 n.
2362 3112 2463 3180 13).

2050 3207 2109 3261 2.
2153 3202 2356 3257 Verum
2398 3199 2557 3256 aliud
2595 3200 2763 3272 longe
2782 3196 3094 3271 jucundius
3115 3197 3544 3263 commemorat,
3577 3193 3685 3248 hoc
3742 3208 3747 3211 ‘

1979 3292 2103 3362 ipso
2126 3294 2348 3363 gestum
2380 3293 2659 3360 tempore,
2689 3287 3045 3342 curationem
3077 3285 3291 3340 scilicet
3312 3284 3549 3340 illustris
3577 3283 3686 3337 viri

1981 3377 2324 3448 Innocentii,
2385 3375 2710 3432 exadvocati
2757 3374 2983 3429 vicariae
3040 3373 3392 3446 praefecturae
3444 3387 3459 3426 :
3520 3371 3684 3443 cujus

1977 3467 2102 3539 ipse
2133 3465 2509 3538 Augustinus,
2540 3464 2588 3518 si
2618 3467 2815 3519 auctor
2835 3479 2953 3517 non
2972 3462 3161 3528 fuerit,
3184 3464 3333 3514 certe
3359 3460 3518 3514 testis
3547 3475 3683 3514 ocu-

1975 3556 2120 3610 latus
2156 3554 2409 3609 existitit.
2463 3554 2615 3607 Hanc
2656 3554 2915 3606 accurate
2964 3548 3234 3604 describit
3272 3548 3361 3603 his
3414 3547 3597 3602 verbis
3662 3564 3676 3603 :

1980 3642 2264 3696 Venientes
2310 3639 2452 3692 enim
2498 3637 2564 3691 de
2613 3637 3020 3701 transmarinis,
3052 3649 3135 3688 me
3172 3637 3222 3687 et
3249 3634 3480 3699 fratrem
3508 3646 3683 3686 meum

1976 3729 2261 3798 Alypium,
2296 3725 2535 3781 nondum
2561 3724 2779 3795 quidem
2808 3724 3044 3790 clericos,
3069 3721 3163 3776 sed
3179 3722 3303 3791 jam
3327 3723 3430 3775 Dco
3454 3721 3686 3775 servien-

1978 3819 2075 3881 tes,
2096 3819 2155 3869 ut
2173 3818 2291 3868 erat
2311 3810 2819 3882 (Innocentiusille)
2837 3826 2956 3865 cum
2970 3814 3081 3865 tota
3101 3809 3254 3865 domo
3273 3823 3374 3863 sua
3388 3808 3681 3875 religiosis-

1977 3905 2166 3971 simus,
2198 3905 2315 3973 ipse
2349 3905 2676 3971 susceperat,
2722 3905 2772 3955 et
2801 3899 2952 3970 apud
2978 3914 3097 3953 eum
3127 3902 3252 3953 tunc
3278 3896 3679 3951 habitabamus.

1979 3993 2288 4050 Curabatur
2324 4007 2360 4046 a
2397 3990 2622 4046 medicis
2666 4005 2679 4043 :
2723 3989 2961 4061 ﬁstulas,
3002 4002 3140 4059 quas
3187 4001 3498 4042 numerosas
3522 3990 3685 4054 atque

1972 4076 2266 4153 perplexas
2288 4081 2480 4135 habuit
2508 4082 2567 4134 in
2594 4080 2887 4149 posteriore
2915 4081 3077 4147 atque
3096 4079 3208 4131 ima
3239 4077 3477 4146 corporis
3501 4079 3682 4145 parte,

1967 4172 2091 4241 jam
2119 4173 2398 4225 secuerunt
2421 4170 2490 4236 ei,
2522 4172 2572 4223 et
2615 4169 2751 4222 artis
2771 4180 2882 4222 suae
2904 4171 3095 4221 caetera
3123 4165 3525 4221 medicamentis
3550 4178 3685 4232 age-

1981 4260 2129 4313 bant.
2154 4261 2354 4313 Passus
2379 4262 2554 4313 autem
2574 4259 2761 4325 fuerat
2780 4257 2837 4310 in
2866 4257 3093 4310 sectione
3116 4255 3220 4308 illa
3250 4258 3300 4307 et
3327 4254 3612 4307 diuturnos
3634 4256 3685 4306 et

1981 4348 2199 4403 acerbos
2241 4346 2470 4400 dolores.
2509 4345 2617 4402 Sed
2658 4360 2797 4400 unus
2828 4346 2971 4399 inter
3011 4344 3205 4397 multos
3234 4343 3385 4396 sinus
3413 4341 3687 4408 fefellerat

1979 4437 2232 4505 medicos,
2266 4426 2429 4506 atque
2448 4436 2531 4489 ita
2561 4435 2815 4495 latuerat,
2847 4435 2908 4487 ut
2936 4447 3055 4486 eum
3082 4445 3188 4484 non
3218 4432 3687 4498 tangerent,un

1978 4528 2128 4595 ferro
2151 4526 2364 4595 aperire
2394 4523 2708 4578 debuerant.
2739 4522 2978 4590 Denique
3016 4520 3227 4574 sanatis
3255 4518 3524 4587 omnibus,
3566 4533 3685 4587 quae

1980 4619 2171 4686 aperta
2200 4613 2487 4681 curabant,
2526 4613 2629 4667 iste
2653 4612 2987 4666 remanserat
3014 4608 3179 4674 solus,
3211 4609 3300 4662 cui
3335 4609 3551 4674 frustra
3579 4609 3686 4662 im—

1974 4703 2314 4775 pendebatur
2352 4701 2528 4756 labor.
2585 4701 2729 4767 Quas
2776 4712 2955 4753 moras
2998 4698 3091 4751 ille
3136 4700 3411 4766 suspectas
3459 4695 3680 4761 habens,

1978 4795 2311 4861 multumque
2327 4789 2634 4859 formidans
2664 4804 2729 4843 ne
2756 4790 2953 4842 iterum
2974 4791 3266 4853 secaretur,
3295 4784 3441 4854 quod
3467 4786 3518 4839 ei
3541 4799 3684 4853 pra:-

1982 4883 2201 4937 diaerat
2225 4882 2368 4936 alius
2387 4879 2624 4935 medicus
2654 4877 2972 4932 domesticus
3001 4875 3142 4946 ejus,
3175 4890 3331 4946 quem
3357 4889 3466 4929 non
3493 4874 3680 4928 admi-

1980 4975 2164 5026 serant
2192 4970 2300 5036 illi,
2350 4972 2412 5023 ut
2457 4967 2647 5021 saltem
2674 4964 2899 5031 videret,
2931 4981 3049 5020 cum
3077 4966 3318 5034 primum
3361 4967 3536 5018 sectus
3582 4963 3680 5026 est,

1983 5056 2244 5127 quomodo
2278 5056 2339 5110 id
2365 5057 2625 5123 facerent,
2672 5055 2955 5124 iratusque
2992 5054 3147 5108 illum
3190 5054 3344 5108 domo
3390 5052 3679 5122 abjecerat,

1980 5148 2182 5214 vimque
2207 5147 2508 5215 receperat;
2542 5144 2744 5213 erupit,
2775 5146 2939 5212 atque
2967 5144 3049 5197 ait
3083 5159 3096 5197 :
3135 5143 3337 5198 Iterum
3365 5156 3448 5196 me
3488 5140 3686 5194 sectari

1981 5237 2109 5290 estis
2126 5234 2154 5290 ‘2
2195 5233 2290 5288 Ad
2335 5232 2507 5299 illius,
2548 5247 2704 5302 quem
2730 5233 2984 5286 noluistis
3013 5244 3123 5287 esse
3144 5233 3484 5300 praesentem,
3510 5227 3679 5281 verba

1979 5327 2238 5380 venturus
2267 5321 2427 5376 sum?
2450 5320 2688 5376 lrridere
2713 5322 2802 5376 illi
2819 5321 3082 5399 medicum
3100 5319 3428 5389 imperitum,
3456 5320 3681 5371 metum-

1981 5428 2085 5484 que
2117 5411 2345 5467 hominis
2378 5409 2528 5465 bonis
2542 5410 2723 5466 verbis
2736 5408 3293 5480 promissionibusque
3318 5405 3502 5459 lenire.
3532 5406 3684 5459 Prae-

1983 5502 2240 5557 tcrierunt
2281 5503 2332 5555 et
2360 5501 2465 5555 alii
2498 5502 2614 5556 dies
2640 5500 2886 5570 plurimi,
2918 5497 3164 5565 nihilque
3188 5493 3506 5565 proﬁciebat
3533 5509 3684 5549 omne
