4048 6194
346 240 442 293 159
1518 231 1691 288 VITA
1744 232 1797 287 S.
1857 229 2244 289 AUGUSTINI
2303 230 2641 287 EPISCOPI.

339 360 484 431 quoi
528 358 708 429 fiebat.
755 356 953 413 Medici
1000 361 1175 412 tamen
1219 359 1277 412 in
1314 372 1416 413 sua
1444 357 1832 427 pollicitatione
1856 356 2031 426 persi-

336 449 566 516 stebant,
589 462 696 502 non
724 461 780 501 se
800 445 953 500 illum
978 446 1157 500 sinum
1184 446 1352 513 ferro,
1385 444 1478 499 sed
1497 443 1896 498 medicamentis
1924 456 2035 495 esse

335 536 629 590 clausuros.
662 533 1051 589 Adhibuerunt
1078 538 1130 588 et
1158 534 1328 588 alium
1352 532 1705 600 grandaevum
1720 534 1842 601 jam
1870 529 2035 585 medi-

335 639 477 693 cum,
499 625 739 693 satisque
758 625 817 676 in
845 623 944 676 illa
966 626 1083 676 arte
1109 622 1391 676 laudatum
1414 622 1608 690 (adhuc
1633 623 1772 674 enim
1797 619 2033 689 vivebat)

337 713 703 780 Ammonium,
736 714 833 782 qui
862 713 970 767 loco
998 713 1256 782 inspecto,
1302 711 1444 765 idem
1481 710 1626 781 quod
1651 710 1739 765 illi
1761 726 1828 764 ex
1852 724 2032 763 eorum

336 802 622 871 diligentia
645 802 953 871 peritiaque
979 803 1252 870 promisit.
1286 801 1452 870 Cujus
1476 801 1566 854 ille
1592 802 1773 868 factus
1802 799 2034 853 auctori-

335 895 446 946 tate
485 904 719 955 securus,
770 889 1054 944 domestico
1082 904 1178 944 suo
1205 888 1428 955 medico,
1462 890 1559 958 qui
1590 890 1838 956 futuram
1882 902 2029 957 prae-

337 979 555 1033 dixerat
575 979 742 1032 aliam
762 980 1060 1044 sectionem,
1088 980 1270 1045 faceta
1299 978 1597 1043 hilaritate,
1619 977 1763 1031 velut
1775 977 1895 1045 jam
1914 975 2032 1029 sal-

335 1081 449 1134 vus,
497 1067 691 1121 illusit.
736 1066 879 1132 Quid
910 1064 1118 1136 plura?
1158 1067 1347 1121 Postea
1391 1070 1465 1120 tot
1495 1065 1609 1119 dies
1638 1066 1875 1119 inaniter
1902 1079 2032 1119 con—

333 1158 538 1226 sumpti
565 1158 919 1222 transierunt,
951 1161 1011 1210 ut
1029 1157 1164 1223 fessi
1186 1159 1347 1224 atque
1366 1156 1580 1223 confusi
1593 1157 1896 1222 faterentur
1915 1168 2033 1208 eum

332 1246 444 1299 nisi
487 1247 636 1312 ferro
672 1246 821 1299 nullo
859 1245 1013 1300 modo
1038 1259 1194 1315 posse
1231 1246 1439 1299 sanari.
1474 1245 1733 1314 Expavit,
1764 1244 2032 1313 expalluit

334 1336 503 1390 nimio
532 1336 721 1389 timore
742 1333 990 1388 turbatus
1011 1349 1024 1388 :
1048 1338 1210 1403 atque
1228 1333 1323 1388 ubi
1353 1348 1408 1388 se
1428 1334 1657 1401 collegit,
1680 1333 1901 1401 farique
1930 1346 2031 1401 po-

334 1425 460 1491 tuit,
493 1423 643 1477 abire
670 1423 791 1477 illos
813 1424 1006 1493 jussit,
1055 1426 1105 1476 et
1149 1422 1225 1477 ad
1260 1437 1316 1477 se
1344 1423 1580 1492 amplius
1617 1437 1724 1477 non
1765 1421 2029 1476 accedere.

333 1513 440 1568 Nec
465 1510 619 1565 aliud
648 1512 878 1564 occurrit
906 1512 1146 1578 fatigato
1175 1511 1431 1581 lacrymis
1461 1514 1510 1564 et
1540 1511 1639 1564 illa
1661 1509 1782 1579 jam
1810 1509 2033 1563 necessi-

336 1603 445 1654 tate
456 1601 759 1666 constricto,
776 1600 957 1653 nisiut
978 1597 1257 1653 adhiberet
1271 1598 1713 1654 Alexandrinum
1726 1597 2028 1668 quemdam,

335 1686 432 1759 qui
461 1693 587 1743 tunc
614 1689 906 1755 chirurgus
933 1687 1205 1742 mirabilis
1250 1687 1569 1757 habebatur,
1599 1692 1663 1743 ut
1688 1689 1803 1757 ipse
1829 1689 2033 1754 faceret

335 1776 481 1845 quod
508 1776 575 1830 ab
604 1776 714 1830 illis
746 1778 864 1844 ﬁeri
888 1776 1099 1830 nolebat
1126 1778 1323 1831 iratus.
1358 1775 1464 1832 Sed
1496 1781 1849 1846 posteaquam
1886 1777 2033 1830 venit

333 1866 444 1931 ille,
479 1864 817 1934 laboremque
846 1866 1063 1919 illorum
1092 1866 1149 1918 in
1175 1865 1520 1919 cicatricibus
1550 1866 1688 1920 sicut
1718 1866 1929 1932 artifex
1956 1865 2033 1917 vi.

336 1953 442 2017 dit,
475 1953 601 2009 boni
635 1953 751 2009 viri
790 1956 1011 2021 functus
1050 1956 1252 2024 ofﬁcio,
1285 1956 1563 2025 persuasit
1605 1955 1827 2021 homini,
1858 1958 1920 2008 ut
1948 1953 2034 2008 illi

327 2044 511 2113 potius
542 2043 640 2111 qui
666 2044 725 2097 in
753 2058 809 2097 eo
837 2046 1045 2097 tantum
1077 2043 1475 2109 laboraverant,
1511 2048 1774 2114 quantum
1805 2045 1922 2113 ipse
1945 2045 2029 2097 in-

331 2132 563 2201 spiciens
583 2131 908 2197 mirabatur,
933 2133 1231 2185 curationis
1251 2146 1360 2187 suae
1383 2131 1492 2203 fine
1513 2134 1852 2199 fruerentur;
1877 2131 2030 2201 adji-

332 2222 478 2275 ciens
506 2220 651 2290 quod
681 2235 867 2274 revera
894 2221 1007 2275 nisi
1032 2225 1202 2275 sectus
1235 2226 1389 2288 esset,
1415 2222 1598 2276 salvus
1634 2236 1744 2276 esse
1772 2236 1878 2275 non
1898 2235 2033 2290 pos-

333 2313 443 2375 set;
485 2308 581 2363 sed
612 2308 770 2362 valde
813 2308 1102 2364 abhorrere
1132 2325 1167 2362 a
1190 2311 1305 2364 suis
1343 2310 1599 2377 moribus,
1631 2314 1690 2364 ut
1730 2310 2033 2365 hominibus

336 2412 565 2465 quorum
607 2398 1113 2465 artificiosissimam
1142 2413 1378 2467 operam,
1411 2398 1764 2465 industriam,
1797 2398 2033 2466 diligen-

340 2488 473 2541 tiam
502 2486 785 2541 admirans
816 2487 873 2539 in
899 2486 1243 2541 cicatricibus
1271 2487 1387 2555 ejus
1412 2488 1636 2555 videret,
1665 2492 1889 2557 propter
1922 2490 2034 2542 exi-

338 2591 505 2643 guum
560 2574 705 2644 quod
754 2577 1035 2639 remansit,
1076 2577 1318 2645 palmam
1367 2577 1509 2631 tanti
1538 2577 1740 2631 laboris
1769 2577 2032 2643 auferret.

337 2663 561 2719 Redditi
596 2668 723 2718 sunt
768 2666 949 2719 animo
991 2665 1130 2735 ejus,
1175 2670 1224 2720 et
1245 2666 1459 2736 placuit
1485 2669 1546 2720 ut
1574 2666 1752 2721 eodem
1782 2667 2034 2721 Alexan-

337 2752 496 2806 drino
516 2755 797 2807 assistente
817 2754 926 2823 ipsi
942 2756 1121 2808 sinum
1149 2755 1303 2809 illum
1330 2756 1497 2823 ferro,
1522 2757 1620 2824 qui
1634 2756 1754 2825 jam
1780 2770 2035 2810 consensu

336 2842 571 2895 omnium
601 2842 763 2896 aliter
778 2842 1101 2897 insanabilis
1120 2844 1442 2912 putabatur,
1471 2846 1762 2913 aperirent.
1796 2846 1921 2911 Quae
1949 2860 2034 2899 res

336 2929 514 2984 dilata
541 2934 618 2985 est
648 2931 705 2985 in
731 2936 1130 3000 consequentem
1154 2932 1316 2989 diem.
1347 2932 1458 2987 Sed
1496 2949 1614 2988 cum
1644 2934 1900 2988 abiissent
1927 2934 2032 3002 illi,

335 3034 402 3073 ex
429 3032 655 3076 maerore
684 3022 852 3074 nimio
882 3019 1090 3075 domini
1109 3026 1292 3076 tantus
1318 3025 1395 3076 est
1424 3023 1482 3075 in
1511 3021 1664 3076 domo
1693 3023 1791 3077 illa
1816 3024 2034 3077 exortus

336 3108 506 3177 dolor,
531 3111 590 3161 ut
622 3111 883 3177 tanquam
909 3110 1121 3175 funeris
1145 3111 1398 3179 planctus
1417 3113 1515 3165 vix
1538 3113 1973 3180 comprimeretur
2000 3127 2033 3164 α

338 3196 507 3251 nobis.
540 3196 854 3251 Visitabant
872 3213 988 3251 eum
1003 3198 1245 3268 quotidie
1262 3199 1440 3254 sancti
1457 3202 1587 3267 viri,
1609 3202 1887 3271 episcopus
1910 3204 2034 3255 tunc

342 3284 637 3351 Uzalensis,
668 3284 830 3340 beatx
858 3289 1125 3340 memoria:
1153 3286 1508 3355 Saturninus,
1541 3293 1592 3343 et
1627 3288 1907 3359 presbyter
1934 3289 2032 3345 Ge-

337 3373 502 3439 losus,
545 3388 608 3427 ac
646 3372 863 3428 diaconi
908 3374 1352 3443 Carthaginensis
1381 3377 1630 3432 Ecclesiae
1680 3392 1693 3432 :
1742 3378 1800 3430 in
1840 3378 2034 3446 quibus

339 3463 477 3528 erat,
508 3464 558 3515 et
579 3476 646 3516 ex
677 3461 872 3532 quibus
898 3463 1042 3517 solus
1072 3468 1148 3519 est
1176 3479 1317 3519 nunc
1347 3464 1592 3523 iri-rebus
1622 3466 1892 3533 humanis,
1911 3466 2035 3535 jam

337 3552 618 3621 episcopus
648 3567 765 3607 cum
792 3552 987 3608 honore
1014 3568 1048 3607 a
1073 3552 1224 3609 nobis
1262 3553 1437 3610 debito
1465 3553 1828 3610 nominandus
1856 3554 2031 3609 Aure-

336 3640 461 3707 lius,
490 3656 610 3695 cum
641 3655 745 3710 quo
773 3640 1114 3697 recordantes
1138 3643 1419 3698 mirabilia
1444 3658 1609 3715 opera
1630 3644 1729 3699 Dei
1756 3644 1822 3699 de
1850 3645 1949 3699 hac
1976 3659 2035 3699 re

336 3744 475 3798 saepe
502 3730 749 3785 collocuti
792 3745 997 3795 sumus,
1046 3747 1269 3802 eumque
1316 3732 1474 3787 valde
1520 3734 1839 3802 meminisse,
1890 3732 2035 3802 quod

336 3833 825 3887 commemoramus,
880 3822 1201 3875 invenimus.
1245 3822 1501 3888 Quicum
1542 3837 1681 3890 eum,
1721 3824 1863 3877 sicut
1898 3824 2033 3877 sole-

339 3906 488 3973 bant,
520 3922 734 3977 vespere
762 3910 1071 3979 visitarent,
1091 3912 1308 3979 rogavit
1331 3925 1415 3965 eos
1437 3911 1837 3966 miserabilibus
1862 3912 2035 3981 lacrg—

339 3996 461 4061 mis,
488 3999 549 4050 ut
577 4011 733 4050 mane
771 3996 1132 4066 dignarentur
1160 4012 1269 4052 esse
1292 4002 1583 4068 praesentes
1609 4012 1704 4053 suo
1731 4000 1918 4066 funeri
1933 4016 2034 4069 po-

337 4086 444 4140 tius
475 4100 638 4155 quam
668 4085 869 4143 dolori.
926 4088 1129 4141 Tantus
1157 4088 1299 4141 enim
1322 4102 1440 4141 eum
1463 4092 1633 4142 metus
1662 4103 1730 4142 ex
1753 4089 2033 4158 prioribus

334 4174 614 4230 invaserat
632 4176 824 4245 pomis,
857 4179 918 4230 ut
940 4190 995 4231 se
1021 4177 1164 4233 inter
1184 4176 1507 4232 medicorum
1530 4192 1723 4231 manus
1750 4192 1856 4232 non
1880 4176 2035 4232 dubi-

336 4266 474 4320 taret
492 4279 602 4320 esse
631 4267 971 4321 moriturum.
1001 4266 1274 4323 Consolati
1300 4269 1426 4321 sunt
1467 4281 1585 4320 eum
1616 4267 1719 4333 illi,
1755 4270 1805 4322 et
1830 4268 2036 4321 hortati

333 4356 394 4406 ut
417 4354 474 4407 in
504 4356 608 4409 Deo
635 4353 844 4424 fideret,
871 4354 1093 4424 ejusque
1120 4355 1447 4410 voluntatem
1471 4355 1705 4410 viriliter
1726 4356 1915 4423 ferret.
1949 4356 2034 4409 In-

334 4439 400 4494 de
431 4441 505 4495 ad
531 4445 825 4498 orationem
854 4445 1087 4513 ingressi
1113 4459 1334 4499 sumus:
1364 4443 1461 4498 ubi
1487 4443 1639 4498 nobis
1664 4459 1731 4497 ex
1767 4459 1911 4498 more
1936 4458 2036 4510 ge-

334 4544 445 4583 nua
481 4531 789 4599 ﬁgentibus,
845 4537 1009 4603 atque
1039 4532 1463 4588 incumbentibus
1512 4536 1687 4597 terrae,
1726 4532 1819 4586 ille
1862 4546 1918 4585 se
1954 4533 2033 4586 ita

329 4618 584 4689 projecit,
618 4623 878 4689 tanquam
906 4623 1103 4689 fuisset
1122 4622 1307 4692 aliquo
1325 4621 1625 4690 impellente
1642 4622 1885 4689 graviter
1903 4636 2032 4690 pro-

334 4711 563 4774 stratus,
595 4712 646 4763 et
665 4710 822 4778 coepit
849 4725 1005 4765 orare
1033 4730 1049 4767 :
1083 4711 1280 4782 quibus
1320 4709 1515 4779 modis,
1547 4724 1651 4779 quo
1680 4709 1897 4778 aﬁ‘ectu,
1931 4725 2034 4779 quo

333 4800 481 4851 motu
518 4797 709 4865 animi,
754 4812 857 4867 quo
907 4800 1071 4867 fluvio
1108 4800 1494 4872 lacrymarum,
1530 4797 1727 4861 quibus
1750 4798 2034 4867 gemitibus

337 4890 501 4957 atque
544 4885 876 4954 singultibus
905 4889 1324 4944 succutientibus
1358 4888 1539 4943 omnia
1576 4886 1814 4941 membra
1841 4887 1957 4957 ejus
1985 4890 2036 4941 et

331 4993 467 5049 pene
487 4977 713 5032 interclu
725 4977 973 5033 dentibus
992 4981 1269 5049 spiritum,
1287 4981 1409 5049 quis
1427 4977 1552 5033 ullis
1574 4978 1805 5047 explicet
1816 4977 1994 5032 verbis
2006 4976 2035 5032 ?

343 5070 533 5124 Utrum
561 5070 780 5121 orarent
804 5068 919 5129 alii,
949 5082 1043 5122 nec
1071 5070 1130 5123 in
1151 5069 1259 5123 haec
1291 5084 1469 5123 eorum
1500 5070 1830 5122 averteretur
1856 5068 2033 5121 int-n-

336 5159 431 5223 tio,
464 5155 761 5213 nesciebam
797 5175 815 5212 :
846 5170 940 5225 ego
980 5160 1156 5212 tamen
1176 5173 1403 5226 prorsus
1432 5146 1591 5212 orare
1616 5171 1719 5210 non
1744 5160 1985 5225 poteram
2018 5171 2032 5211 :

340 5246 436 5301 hoc
480 5245 848 5302 tantummodo
885 5245 1118 5300 breviter
1145 5248 1203 5300 in
1240 5246 1396 5301 corde
1432 5262 1543 5302 meo
1590 5246 1715 5300 dixi
1746 5261 1759 5299 :
1793 5246 2033 5313 Domine,

339 5350 475 5403 quas
502 5339 715 5392 tuorum
739 5350 921 5407 preces
949 5334 1197 5400 exaudis,
1227 5336 1278 5389 si
1316 5336 1413 5390 has
1442 5350 1547 5389 non
1574 5333 1846 5389 exaudis?
1884 5334 2039 5391 Nihil

336 5424 478 5477 enim
508 5426 646 5480 mihi
681 5426 971 5481 videbatur
999 5424 1137 5478 addi
1151 5424 1273 5493 jam
1297 5439 1473 5494 posse,
1500 5426 1611 5479 nisi
1636 5429 1696 5478 ut
1731 5424 2037 5493 exspiraret

339 5511 564 5569 orando.
600 5514 968 5581 Surreximus,
1002 5518 1052 5569 et
1080 5518 1299 5583 accepta
1326 5512 1395 5567 ab
1423 5515 1686 5585 Episcopo
1713 5512 2036 5567 benedictio-

3750 230 3861 284 160

2142 370 2208 408 ne
2236 354 2609 420 discessimus;
2642 356 2867 421 rogante
2902 352 2997 407 illo
3040 355 3100 405 ut
3138 362 3295 404 mane
3331 350 3599 417 adessent,
3638 351 3749 405 illis
3793 354 3862 405 ut

2142 457 2294 511 aequo
2320 445 2500 498 animo
2530 446 2663 497 esset
2692 440 3054 497 hortantibus.
3083 440 3275 495 Illuxit
3299 438 3416 494 dies
3445 440 3543 510 qui
3576 440 3858 494 metueba-

2146 536 2254 598 tur,
2286 532 2516 585 aderant
2544 533 2687 585 servi
2715 532 2829 599 Dei,
2858 531 2998 585 sicut
3033 544 3090 585 se
3126 529 3418 596 adfuturos
3459 543 3570 583 esse
3597 530 3863 597 promise-

2143 624 2271 675 rant
2303 637 2316 675 :
2348 622 2580 689 ingressi
2623 624 2748 675 sunt
2789 619 3015 686 medici;
3052 622 3327 689 parantur
3353 621 3536 673 omnia
3571 632 3690 687 qua
3714 618 3857 671 hora

2143 710 2241 763 illa
2260 709 2530 779 poscebat,
2560 708 2833 764 tremenda
2849 710 3184 776 ferramenta
3197 709 3578 778 proferuntur,
3596 708 3858 761 attonitis

2142 800 2528 868 suspensisque
2556 798 2822 852 omnibus.
2862 800 2960 852 Eis
3001 801 3201 866 autem,
3246 812 3473 865 quorum
3519 800 3635 850 erat
3671 795 3860 865 major

2143 889 2458 953 auctoritas,
2491 889 2759 954 defectum
2777 883 2963 940 'animi
2997 888 3111 956 ejus
3140 885 3462 941 consolando
3494 887 3851 954 erigentibus,

2143 979 2218 1033 ad
2254 994 2446 1034 manus
2472 966 2671 1034 secturi
2708 977 2947 1033 membra
2974 979 3031 1031 in
3060 978 3249 1032 lectulo
3277 983 3686 1047 componuntur,
3729 978 3853 1032 sol-

2141 1072 2344 1122 runtur
2357 1067 2488 1123 nodi
2508 1069 2940 1137 ligamentorum,
2967 1066 3212 1121 nudatur
3240 1066 3403 1133 locus,
3436 1067 3656 1136 inspicit
3681 1066 3854 1120 medi-

2143 1172 2256 1224 cus,
2289 1161 2338 1213 et
2367 1157 2656 1212 secandum
2676 1158 2832 1211 illum
2851 1158 3034 1211 sinum
3061 1159 3308 1210 armatus
3328 1159 3492 1224 atque
3510 1157 3748 1208 intentus
3769 1156 3857 1207 in-

2144 1248 2330 1317 quirit.
2364 1248 2655 1303 Scrutatur
2681 1247 2871 1315 oculis,
2899 1245 3198 1313 digitisque
3217 1247 3526 1310 contrectat,
3561 1247 3731 1298 tentat
3758 1243 3857 1296 de-

2142 1337 2306 1406 nique
2332 1336 2506 1390 modis
2535 1336 2779 1390 omnibus
2825 1352 2841 1388 :
2872 1336 3077 1389 invenit
3118 1335 3493 1403 ﬁrmissimam
3519 1334 3851 1387 cicatricem.

2141 1427 2262 1480 Jam
2292 1425 2389 1479 illa
2414 1425 2605 1480 laetitia
2628 1429 2679 1479 et
2706 1424 2825 1478 laus
2853 1428 3017 1494 atque
3044 1424 3354 1492 gratiarum
3381 1423 3520 1477 actio
3539 1423 3854 1475 misericor-

2141 1514 2203 1568 di
2227 1518 2276 1567 et
2313 1514 2667 1582 omnipotenti
2689 1515 2815 1578 Deo,
2846 1528 2965 1581 qua:
2991 1513 3122 1578 fusa
3152 1515 3230 1565 est
3257 1526 3347 1565 ore
3375 1512 3632 1575 omnium,
3664 1510 3853 1577 lacrg—

2142 1601 2415 1655 mantibus
2462 1600 2705 1670 gaudiis,
2754 1615 2861 1654 non
2901 1603 2979 1654 est
3021 1598 3401 1653 committenda
3446 1599 3577 1652 meis
3613 1596 3797 1651 verbis
3833 1613 3853 1648 :

2142 1690 2403 1756 cogitetur
2443 1690 2648 1759 potius,
2679 1704 2843 1759 quam
2890 1687 3111 1742 dicatur
3157 1688 3250 1757 (De
3292 1687 3407 1744 Civ.
3453 1688 3568 1753 Dei,
3612 1685 3704 1741 lib.
3750 1688 3849 1751 22,

2142 1792 2263 1847 cap.
2299 1782 2354 1842 8,
2384 1793 2442 1831 n.
2474 1776 2546 1847 3).
2816 1798 2821 1801 ι

2816 1864 3043 1919 CAPUT
3093 1865 3162 1919 ll.

2149 1960 2165 2011 1
2205 1956 2549 2023 Augustinus
2572 1956 2863 2023 facultates
2891 1970 3019 2010 suas
3043 1951 3376 2025 pauperibus
3401 1959 3602 2021 erogat.
3638 1955 3670 2006 2
3696 1956 3851 2009 Com-

2212 2048 2391 2101 munis
2413 2047 2541 2101 vita.u
2563 2046 2875 2099 institutum
2899 2048 3136 2099 sectatur
3151 2058 3269 2097 cum
3298 2044 3455 2098 sociis
3479 2046 3583 2099 Deo
3611 2045 3851 2097 servien-

2216 2134 2379 2201 tibus,
2412 2149 2640 2203 quorum
2680 2135 2794 2202 ipse
2841 2148 3028 2187 curam
3063 2133 3223 2199 gerit.
3257 2134 3287 2186 3
3317 2134 3419 2185 Per
3446 2132 3656 2209 litteras
3685 2131 3848 2185 collo-

2214 2225 2404 2292 quitur
2430 2238 2550 2278 cum
2575 2222 2852 2288 Nebridio,
2884 2225 2935 2276 et
2959 2222 3077 2291 ejus
3106 2222 3423 2291 quaestiones
3453 2220 3727 2291 expendit.

2219 2315 2266 2367 t.
2289 2312 2543 2367 Tandem
2572 2311 2883 2383 aliquando
2904 2314 3167 2365 votorum
3188 2324 3473 2363 summam
3497 2308 3739 2379 adeptus
3758 2307 3850 2362 est

2143 2400 2519 2472 Augustinus,
2552 2400 2689 2455 dum
2736 2400 2890 2471 quod
2937 2398 3130 2454 animo
3169 2398 3491 2453 intenderat
3518 2412 3551 2451 a
3581 2400 3846 2468 suscepto

2147 2487 2492 2561 Baptismate
2527 2490 2785 2561 (Confess.
2816 2489 2909 2544 lib.
2939 2492 2991 2551 9,
3016 2504 3135 2559 cap.
3169 2491 3219 2557 8,
3246 2504 3303 2545 n.
3341 2492 3426 2553 t7,
3458 2491 3508 2541 et
3535 2486 3841 2551 Possidius,

2144 2593 2190 2633 c.
2222 2579 2293 2649 3),
2324 2576 2440 2632 imo
2457 2578 2575 2649 jam
2608 2577 2740 2641 inde
2768 2595 2799 2633 a
2828 2582 3086 2648 tempore
3113 2576 3513 2642 conversionis,
3531 2592 3643 2648 quo
3670 2576 3847 2646 longe

2145 2673 2274 2721 ante
2327 2667 2681 2738 Baptismum
2712 2683 2879 2721 suum
2909 2666 3119 2720 servire
3168 2667 3279 2720 Deo
3326 2665 3614 2736 delegerat
3653 2664 3844 2735 (lbid.,

2145 2756 2238 2811 lib.
2272 2758 2325 2824 9,
2355 2772 2475 2826 cap.
2505 2759 2557 2822 5,
2589 2772 2641 2811 η.
2681 2758 2784 2825 13),
2814 2757 3115 2826 Tagastam
3152 2770 3427 2821 reversus,
3459 2753 3697 2808 feliciter
3718 2769 3849 2824 per-

2144 2845 2293 2899 fecit.
2326 2846 2403 2900 Ac
2434 2845 2689 2916 primum
2736 2844 2970 2917 quidem
3019 2860 3182 2915 agros
3211 2860 3242 2897 a
3273 2847 3433 2915 patre
3464 2841 3712 2911 relictos,
3742 2841 3849 2914 qui

2143 2933 2509 2989 haereditario
2546 2933 2653 2988 sibi
2672 2933 2802 3004 jure
2833 2933 3173 3005 obtigerant,
3207 2932 3494 2998 alienavit,
3526 2947 3850 3002 eorumque

2142 3020 2394 3091 pretium
2416 3020 2768 3092 pauperibus
2790 3019 3063 3075 continuo
3092 3019 3396 3080 distribuit,
3431 3018 3572 3073 nihil
3604 3018 3847 3072 omnino

2146 3109 2251 3165 sibi
2299 3125 2612 3176 reservans,
2662 3125 2777 3181 quo
2830 3107 3143 3179 expeditior
3187 3108 3366 3163 libera
3418 3107 3518 3162 Dei
3572 3106 3849 3162 servitute

2143 3198 2431 3254 frueretur
2452 3199 2647 3269 (Epist.
2678 3201 2794 3265 l26,
2822 3214 2877 3251 n.
2899 3196 2981 3269 '7).
3008 3199 3069 3251 ιη
3092 3196 3190 3251 illo
3215 3196 3426 3269 quippe
3446 3201 3503 3251 et
3528 3212 3595 3251 ex
3622 3194 3721 3249 illo
3742 3212 3851 3266 pu-

2144 3286 2270 3341 sillo
2302 3303 2476 3357 grege
2524 3303 2645 3340 esse
2693 3285 2977 3353 studebat,
3016 3301 3189 3357 quem
3230 3285 3505 3340 Dominus
3533 3284 3851 3355 alloquitur

2143 3375 2337 3431 dicens
2371 3392 2385 3431 :
2418 3375 2595 3433 Nolite
2630 3377 2835 3442 timere,
2872 3376 3109 3446 pusillus
3137 3390 3290 3443 grex,
3319 3376 3575 3443 quoniam
3603 3375 3846 3443 compla-

2144 3467 2256 3520 cuit
2296 3466 2453 3520 Patri
2470 3467 2645 3519 vestro
2674 3464 2807 3518 dare
2842 3463 2992 3518 vobis
3028 3477 3284 3531 regnum.
3324 3462 3547 3518 Vendite
3574 3477 3694 3533 quae
3723 3477 3849 3533 pos-

2143 3553 2353 3622 sidetis,
2405 3556 2456 3607 et
2501 3553 2628 3608 date
2683 3554 3069 3623 eleemosynam
3126 3553 3279 3621 (Luc.
3320 3568 3415 3614 xu,
3476 3554 3564 3618 32,
3614 3551 3727 3622 33).
3779 3553 3851 3607 Et.

2143 3658 2318 3715 super
2362 3641 2496 3697 ﬁdei
2539 3641 2978 3697 fundamentum
3012 3640 3291 3695 mditicare
3319 3638 3696 3705 desiderabat,
3726 3656 3846 3695 non

2143 3731 2319 3802 ligna,
2346 3731 2542 3786 fenum
2566 3734 2622 3785 et
2651 3730 2943 3802 stipulam,
2967 3729 3064 3785 sed
3096 3745 3321 3796 aurum,
3345 3733 3647 3800 argentum
3672 3732 3733 3782 et
3761 3729 3848 3783 la-

2143 3819 2303 3893 pides
2330 3820 2614 3892 pretiosos
2643 3820 2959 3890 (Possidius,
2993 3834 3037 3874 c.
3071 3822 3148 3888 2).
3180 3819 3340 3875 Unde
3369 3834 3499 3872 cum
3529 3816 3613 3872 illi
3644 3822 3849 3889 postea

2146 3909 2451 3964 necessitas
2478 3908 2837 3964 incumberet
2879 3907 3227 3981 reprimendi
3271 3906 3709 3978 Pelagianorum
3760 3924 3851 3960 ar-

2145 3998 2485 4070 rogantiam,
2533 3998 2633 4069 qui
2662 3997 2863 4053 divites
2893 4014 2994 4052 sua
3022 4013 3140 4051 non
3175 3996 3527 4052 dimittentes
3556 3995 3782 4051 excludi
3813 4013 3850 4050 a

2144 4103 2320 4154 regno
2362 4086 2462 4141 Dei
2489 4086 2753 4141 volebant
2802 4086 3002 4157 (Epist.
3061 4086 3203 4154 156),
3251 4091 3313 4140 ut
3343 4086 3765 4140 demonstraret
3787 4102 3850 4138 se

2146 4191 2263 4231 non
2293 4174 2529 4247 privatis
2545 4175 2615 4229 ad
2638 4191 2736 4229 eos
2755 4176 3095 4230 refellendos
3112 4175 3429 4230 rationibus
3452 4178 3503 4228 et
3527 4172 3850 4228 commodis

2146 4264 2350 4319 adduci
2379 4280 2392 4319 :
2425 4267 2561 4333 Ego,
2593 4264 2693 4331 ait,
2726 4266 2824 4334 qui
2852 4265 2959 4320 haec
2988 4264 3184 4331 scribo,
3230 4265 3610 4333 perfectionem
3639 4262 3706 4316 de
3734 4277 3852 4331 qua

2143 4356 2405 4409 Dominus
2453 4354 2660 4409 locutus
2709 4358 2807 4420 est,
2879 4353 3097 4423 quando
3159 4356 3239 4407 ait
3286 4354 3449 4407 diviti
3497 4351 3849 4419 adolescenti,

2148 4460 2176 4494 α
2210 4443 2386 4512 Vade,
2417 4442 2585 4496 vende
2627 4444 2809 4497 omnia
2842 4458 2962 4511 qua:
3008 4443 3190 4509 habes,
3232 4447 3282 4497 et
3310 4442 3384 4495 da
3406 4441 3764 4511 pauperibus,
3796 4446 3852 4495 et

2146 4532 2366 4587 habebis
2394 4533 2706 4586 thesaurum
2727 4533 2783 4585 in
2802 4532 2962 4598 creto;
2988 4535 3037 4585 et
3056 4534 3199 4597 veni,
3218 4546 3435 4601 sequere
3456 4545 3537 4584 me
3571 4551 3593 4578 ι
3622 4529 3846 4599 (Matth.

2146 4638 2260 4689 xix,
2291 4620 2404 4693 2t),
2434 4622 2766 4675 vehementer
2791 4621 3073 4686 adamavi,
3104 4624 3155 4675 et
3183 4636 3289 4675 non
3325 4621 3454 4674 meis
3481 4619 3713 4677 viribus.
3746 4619 3850 4673 sed

2145 4712 2325 4779 gratia
2347 4711 2524 4780 ipsius
2563 4708 2861 4778 adjuvante
2889 4711 2967 4763 sic
2992 4710 3117 4775 feci.
3150 4710 3333 4777 Neque
3364 4709 3504 4762 enim
3531 4708 3665 4777 quia
3694 4705 3849 4761 dives

2144 4816 2250 4855 non
2281 4801 2388 4867 fui,
2422 4799 2541 4853 ideo
2582 4800 2760 4853 minus
2786 4798 2925 4852 mihi
2965 4796 3348 4867 imputabitur.
3380 4797 3520 4853 Nam
3546 4810 3716 4864 neque
3739 4796 3857 4864 ipsi

2145 4889 2413 4959 Apostoli,
2446 4888 2544 4958 qui
2559 4890 2771 4957 priores
2812 4888 2905 4941 hoc
2943 4888 3206 4952 fecerunt,
3238 4885 3435 4939 divites
3460 4886 3703 4951 fuerunt.
3736 4883 3854 4937 Sed

2147 4982 2315 5034 totum
2342 4976 2603 5031 mundum
2634 4977 2881 5042 dimittit,
2909 4977 3008 5045 qui
3026 4979 3075 5028 et
3096 4974 3235 5029 illud
3264 4974 3409 5043 quod
3438 4974 3673 5039 habet,et
3702 4972 3855 5041 quod

2146 5069 2300 5137 optat
2348 5065 2543 5119 habere
2581 5064 2834 5119 dimittit.
2876 5065 3152 5130 Quantum
3198 5067 3375 5117 autem
3415 5063 3479 5115 in
3530 5062 3630 5115 hac
3665 5063 3854 5130 perfe-

2146 5156 2339 5210 ctionis
2377 5155 2469 5208 via
2508 5155 2851 5223 profecerim,
2898 5155 3074 5219 magis
3122 5152 3339 5221 quidem
3375 5152 3501 5205 novi
3542 5165 3636 5217 ego
3679 5165 3851 5220 quam

2147 5246 2437 5315 quisquam
2467 5244 2608 5298 alius
2640 5244 2819 5307 homo;
2842 5241 2936 5297 sed
2962 5242 3137 5309 magis
3175 5244 3314 5295 Deus
3352 5255 3514 5309 quam
3534 5254 3649 5307 ego.
3668 5241 3740 5294 Et
3766 5239 3850 5293 ad

2148 5335 2242 5388 hoc
2266 5333 2605 5402 propositum
2650 5332 2870 5400 quantis
2907 5346 3127 5401 possum
3160 5330 3369 5385 viribus
3408 5329 3544 5383 alios
3567 5328 3853 5383 exhortor.

2147 5420 2429 5492 Additque
2460 5441 2476 5476 :
2510 5425 2582 5477 Et
2611 5423 2667 5475 in
2697 5424 2909 5476 nomine
2941 5422 3151 5475 Domini
3196 5419 3362 5473 habeo
3391 5422 3679 5485 consortes,
3729 5420 3857 5487 qui-

2152 5512 2249 5565 bus
2297 5512 2391 5566 hoc
2424 5527 2524 5581 per
2569 5527 2741 5566 meum
2783 5511 3145 5566 ministerium
3170 5522 3495 5579 persuasum
3531 5510 3610 5562 est
3646 5507 3851 5576 (Epist.
