4048 6194
207 304 287 352 ttit
542 337 545 340 -
1691 308 1900 364 LIBER
1932 309 2258 367 TERTIVS.

210 425 317 485 157,
359 437 416 473 n.
452 423 566 492 39).
604 422 676 476 Ex
706 422 793 476 his
814 424 1169 480 consortibus
1199 425 1597 483 adhortatione
1625 428 1802 500 ipsius
1831 430 1901 485 ad

205 509 341 562 istud
377 511 745 581 propositum
775 513 1232 584 amplectendam
1263 515 1548 586 impulsis,
1575 517 1732 573 fuere
1753 519 1901 573 cives

201 603 249 652 et
273 599 448 652 amici
488 600 574 653 illi
617 601 760 672 ejus,
794 619 923 656 cum
967 603 1174 674 quibus
1209 606 1323 659 Deo
1354 606 1568 676 pariter
1607 608 1900 663 servienti-

200 689 292 741 bus
341 689 419 742 ad
472 689 722 744 Africam
773 696 829 746 et
874 693 1166 764 propriam
1214 695 1450 749 domum
1491 712 1774 769 agrosque
1811 714 1903 753 re-

197 776 404 830 meavit
439 777 762 847 (Possidius,
786 796 832 835 c.
867 785 940 846 3).

258 869 310 920 2.
345 867 414 920 In
461 867 586 921 istis
629 871 802 940 agris,
847 871 947 942 qui
992 887 1108 926 non
1140 874 1261 928 ruri
1292 877 1482 928 tamen
1524 878 1622 929 aut
1651 875 1721 930 ab
1761 875 1901 930 urbe

193 955 410 1027 procul,
455 958 557 1012 sed
585 959 839 1030 Tagastae
869 960 1232 1030 adiacebant;
1279 962 1325 1016 si
1349 963 1584 1034 quidem
1619 964 1751 1019 inde
1782 965 1901 1036 ipse

193 1045 256 1098 ad
297 1045 648 1101 Nebridium
695 1049 944 1102 scribens
975 1050 1070 1112 ait,
1124 1067 1181 1104 se
1226 1051 1308 1106 ibi
1340 1051 1528 1123 potius
1559 1069 1731 1124 quam
1768 1054 1902 1107 Car-

193 1135 432 1205 thagine
484 1136 570 1189 vel
624 1136 798 1191 etiam
846 1138 967 1192 ruri
1034 1155 1096 1193 ex
1145 1140 1424 1194 sententia
1482 1158 1649 1211 posse
1693 1142 1900 1212 degere

194 1225 388 1293 (Epist.
444 1227 530 1290 10,
572 1242 626 1278 n.
679 1226 726 1294 1)
777 1243 789 1280 :
837 1225 898 1280 in
945 1227 1086 1293 istis,
1125 1228 1379 1299 inquam,
1428 1230 1580 1299 agris
1619 1248 1650 1284 a
1697 1247 1754 1284 se
1782 1231 1900 1301 jam

196 1313 454 1367 alienatis
489 1313 586 1382 (sic
615 1314 768 1369 enim
815 1317 1053 1370 Possidii
1083 1322 1302 1372 veteres
1332 1317 1550 1372 codices
1579 1319 1810 1389 ferunt),
1842 1320 1899 1374 id

195 1407 284 1458 est.
318 1402 382 1456 in
414 1402 508 1456 his
540 1419 656 1456 non
687 1404 906 1475 proprii
954 1406 1220 1477 amplius,
1269 1407 1365 1461 sed
1410 1407 1582 1462 alieni
1605 1408 1754 1478 juris
1776 1409 1897 1478 jam

192 1488 368 1557 factis,
405 1491 778 1558 constitutus,
809 1508 922 1547 una
951 1509 1081 1548 cum
1113 1495 1224 1548 illis
1246 1494 1462 1550 civibus
1490 1501 1546 1550 et
1571 1496 1770 1552 amicis
1799 1497 1900 1568 qui

188 1578 371 1632 eidem
427 1583 493 1632 ut
539 1581 688 1651 patri
733 1582 1122 1649 adhaerebant,
1157 1585 1473 1638 triennium
1503 1585 1682 1640 ferme
1713 1591 1898 1641 trans-

184 1667 295 1736 egit
328 1684 343 1720 :
381 1668 489 1722 ubi
522 1671 696 1724 seculi
723 1671 872 1725 curis
899 1673 1116 1727 solutus
1147 1677 1205 1728 et
1251 1673 1397 1727 liber
1429 1675 1541 1729 Deo
1571 1675 1810 1741 vivebat,
1844 1681 1901 1730 et

179 1757 441 1827 jejuniis,
467 1759 844 1826 orationibus,
869 1761 1146 1832 bonisque
1170 1763 1439 1833 operibus
1452 1781 1676 1831 vacans,
1698 1765 1757 1819 in
1774 1767 1896 1836 lege

182 1846 420 1900 Domini
465 1847 565 1902 diu
600 1854 886 1919 noctuque
925 1851 1226 1917 meditans,
1260 1852 1656 1924 Egyptiorum
1692 1870 1896 1908 mona-

178 1934 450 2004 chorum,
489 1936 851 2008 aliorumque
879 1954 1022 2009 quos
1064 1938 1124 1992 in
1157 1939 1298 1993 libro
1328 1941 1398 1995 de
1429 1941 1676 1995 Moribus
1707 1943 1894 1996 Eccle-

178 2022 269 2075 siae
304 2027 435 2076 tam
467 2021 727 2093 impense
759 2025 1110 2094 laudaverat,
1139 2026 1314 2081 vitam
1354 2029 1541 2098 quoad
1571 2033 1794 2099 poterat
1820 2045 1894 2085 a3-

178 2110 522 2166 mulabatur
547 2113 865 2182 (Possidius,
895 2129 940 2168 c.
976 2117 1049 2184 3).
1089 2116 1215 2170 Non
1244 2132 1472 2170 omnem
1502 2117 1670 2171 modo
1703 2117 1896 2172 saeculi

176 2217 337 2271 spem
404 2201 725 2271 abjecerat;
777 2218 974 2258 verum
1031 2220 1162 2258 cum
1213 2204 1271 2258 in
1321 2207 1527 2260 smculo
1576 2207 1728 2277 quod
1775 2223 1895 2261 esse

173 2295 453 2360 potuerat
484 2307 607 2346 esse
645 2291 939 2360 noluisset,
971 2293 1041 2348 de
1073 2293 1191 2361 illa,
1225 2294 1292 2348 ad
1324 2311 1495 2366 quam
1527 2296 1895 2366 postmodum

173 2378 228 2432 in
261 2380 541 2433 Ecclesiae
573 2384 800 2434 evectus
831 2385 933 2448 est,
975 2383 1356 2437 consectauda
1400 2382 1676 2454 dignitate
1723 2383 1893 2438 mini-

171 2483 261 2521 me
310 2468 636 2539 cogitabat.
688 2471 946 2540 Elegerat
993 2470 1246 2541 abjectus
1295 2487 1413 2525 esse
1459 2472 1520 2526 in
1567 2473 1738 2527 domo
1794 2471 1893 2527 Dei

169 2557 392 2628 magis,
452 2573 628 2629 quam
674 2558 930 2613 habitare
977 2559 1038 2613 iu
1094 2560 1474 2614 tabernaculis
1530 2566 1892 2632 peccatorum

171 2649 344 2710 (Psal.
380 2663 615 2717 Lxxxm,
650 2648 756 2718 1-1).
782 2648 1121 2720 Segregatus
1151 2653 1272 2703 erat
1299 2650 1369 2703 ab
1401 2650 1469 2704 iis
1491 2650 1589 2720 qui
1621 2652 1891 2704 saeculum

167 2737 435 2807 diligunt
461 2753 474 2789 :
501 2738 601 2791 sed
615 2737 698 2790 eis
713 2738 812 2808 qui
828 2742 1082 2808 praesunt
1100 2739 1468 2809 p0pulis,nou
1486 2755 1544 2792 se
1562 2740 1894 2811 coaequabat

167 2827 375 2879 (Serm.
410 2828 541 2894 353,
570 2842 627 2880 n.
659 2829 732 2892 2).
765 2827 896 2881 Vitas
941 2843 1120 2898 genus
1149 2832 1205 2882 et
1234 2829 1492 2898 regulam
1524 2829 1629 2882 sub
1658 2831 1892 2899 Aposto-

167 2915 229 2967 lis
258 2914 650 2969 constitutam
684 2917 1005 2970 sectabatur
1032 2934 1045 2971 :
1082 2917 1327 2971 maxime
1349 2935 1482 2972 vero
1505 2921 1568 2972 ut
1595 2918 1656 2972 in
1686 2935 1787 2971 sua
1807 2935 1893 2972 so-

164 3002 382 3057 cietate
413 3019 590 3057 nemo
621 3004 918 3076 quidpiam
947 3021 1112 3060 suum
1144 3023 1263 3060 esse
1297 3006 1529 3073 diceret,
1571 3006 1667 3061 sed
1698 3006 1891 3061 omnia

165 3099 370 3148 essent
430 3094 705 3147 omnibus
769 3095 1118 3166 communia,
1158 3101 1214 3150 et
1257 3097 1609 3151 divideretur
1651 3097 1889 3167 singulis

161 3188 350 3254 prout
376 3183 591 3254 cuique
623 3199 768 3254 opus
797 3189 932 3238 erat.
968 3185 1028 3239 Id
1059 3185 1296 3239 omnino
1315 3187 1437 3256 jam
1467 3185 1586 3256 ipse
1617 3186 1778 3257 prior
1805 3187 1887 3241 fe-

159 3273 255 3341 cit,
296 3272 388 3326 ait
418 3271 733 3338 Possidius,
757 3273 894 3326 dum
925 3273 993 3328 de
1023 3275 1418 3329 transmarinis
1443 3275 1510 3330 ad
1543 3275 1775 3346 propria
1805 3292 1890 3330 re-

161 3367 424 3418 measset
480 3363 800 3433 (Possidius,
854 3380 900 3419 c.
963 3365 1036 3434 5).
1089 3365 1224 3429 Quae
1275 3366 1594 3436 Augustino
1655 3371 1886 3423 auctore

159 3452 492 3508 constituta
522 3453 711 3506 fuerat
754 3453 1020 3508 dominici
1053 3455 1242 3508 schola
1269 3455 1485 3509 servitii
1506 3456 1888 3525 (Benedictinw

159 3544 293 3610 Reg.
355 3541 602 3612 prologo)
644 3541 828 3610 (liceat
872 3543 934 3597 .
995 3543 1280 3598 Benedicti
1324 3544 1394 3598 de
1445 3543 1757 3599 monastico
1797 3545 1884 3599 in

157 3633 372 3685 stituto
413 3631 708 3702 loquentis
745 3631 915 3685 verba
964 3634 1291 3702 usurpare),
1334 3650 1398 3687 ea
1445 3649 1580 3688 sane
1615 3633 1885 3704 magistro

158 3722 378 3774 eodem
412 3720 537 3790 ipso
564 3719 831 3773 utebatur
863 3737 875 3774 :
910 3737 973 3774 ac
1001 3720 1116 3774 suis
1149 3721 1266 3793 ipse
1292 3722 1477 3789 sociis,
1509 3722 1577 3776 iis
1606 3723 1884 3777 nimirum

158 3811 258 3880 qui
291 3809 478 3863 simul
511 3824 645 3862 cum
696 3825 762 3862 eo
792 3809 1086 3864 servitium
1118 3816 1378 3865 sanctum
1426 3811 1666 3882 professi
1723 3816 1884 3866 erant

159 3899 389 3968 (Ejusd.
427 3900 562 3964 Reg.
596 3903 717 3966 cap.
761 3898 832 3966 5),
883 3915 986 3953 ceu
1016 3897 1150 3952 liis
1200 3915 1233 3953 a
1270 3916 1328 3953 se
1375 3899 1436 3953 in
1483 3899 1706 3954 Christo
1752 3902 1883 3955 Jesu

156 3988 399 4057 genitis,
433 3987 559 4040 vice
588 3987 768 4058 patris
798 3991 940 4043 erat.
972 3989 1114 4043 Cum
1160 3988 1273 4042 illis
1303 3988 1564 4043 assiduus
1596 3990 1884 4044 excolebat

157 4091 366 4130 eorum
402 4075 651 4141 animos,
693 4079 748 4130 et
779 4075 1074 4131 imbuebat
1106 4076 1314 4132 sanctis
1345 4077 1549 4132 litteris
1580 4095 1644 4132 ac
1671 4077 1880 4132 doctri-

153 4166 278 4230 nis;
312 4164 516 4218 alebat
547 4164 616 4218 ad
646 4163 934 4235 pietatem,
961 4167 1399 4238 roborabatque,
1427 4183 1540 4238 quo
1573 4167 1882 4237 aliquando

155 4253 413 4308 suismet
452 4253 541 4306 illi
588 4252 807 4307 viribus
847 4253 990 4308 citra
1030 4254 1208 4325 ipsius
1253 4270 1421 4325 opem
1469 4258 1682 4309 starent
1708 4255 1768 4309 in
1798 4271 1884 4309 se-

152 4359 344 4396 cessu.
395 4342 544 4396 Nam
593 4341 873 4413 flagitanti
921 4342 1187 4397 Nebridio
1236 4347 1298 4398 ut
1325 4343 1488 4398 adse
1519 4343 1737 4398 veniret
1765 4361 1881 4398 una

154 4448 361 4486 secum
409 4430 689 4500 victurus,
734 4431 824 4485 his
872 4435 995 4486 tum
1048 4432 1234 4486 verbis
1281 4432 1661 4503 respondebat
1718 4449 1730 4487 :
1782 4435 1881 4487 llic

151 4527 307 4588 sunt,
336 4522 441 4588 qui
467 4536 563 4573 nec
587 4522 768 4575 venire
793 4535 998 4576 mecum
1027 4526 1248 4590 queant,
1281 4525 1331 4576 et
1361 4537 1492 4591 quos
1521 4521 1759 4575 deserere
1785 4537 1878 4575 ne-

149 4612 246 4676 fas
273 4614 495 4680 putem.
524 4611 603 4663 Tu
622 4611 763 4664 enim
787 4615 936 4678 potes
957 4615 1008 4664 et
1036 4612 1188 4680 apud
1215 4615 1361 4665 tuam
1381 4615 1612 4666 mentem
1639 4613 1881 4665 suaviter

152 4698 451 4764 habitare;
477 4699 525 4750 ii
545 4713 670 4750 vero
697 4701 758 4751 ut
799 4698 941 4752 idem
973 4701 1190 4768 possint
1216 4701 1495 4767 satagitur
1531 4700 1736 4772 (Epist.
1791 4701 1876 4765 10,

150 4804 209 4841 n.
241 4790 318 4858 1).
339 4786 520 4841 Addit
539 4791 598 4841 et
619 4786 758 4841 illud
772 4787 931 4855 alibi,
957 4804 1016 4842 se
1040 4789 1109 4843 ab
1130 4789 1254 4858 ipso
1276 4789 1466 4860 primo
1491 4787 1879 4843 conversionis

154 4893 279 4931 suae
311 4881 606 4947 tempore,
628 4880 1004 4949 posteaquam
1030 4877 1089 4932 in
1106 4877 1350 4932 Africam
1375 4878 1690 4944 venit,cum
1711 4877 1880 4932 inter-

155 4971 481 5038 rogaretur
496 4981 528 5019 a
549 4965 838 5033 fratribus,
861 4967 1089 5038 quando
1109 4983 1241 5021 eum
1264 4971 1557 5022 vacantem
1586 4967 1872 5033 videbant,

147 5071 436 5126 responsa
463 5055 565 5109 illa
595 5055 852 5123 dictasse,
879 5072 946 5110 ex
976 5056 1184 5127 quibus
1205 5056 1496 5127 octoginta
1522 5055 1698 5110 trium
1717 5056 1877 5120 Quae-

144 5145 414 5198 stionum
449 5144 666 5198 librum
711 5145 826 5215 jam
869 5144 1168 5216 episcopus
1197 5145 1530 5200 conaverit
1570 5148 1874 5208 (Retracto-

148 5237 373 5288 tionum
403 5235 507 5288 lib.
545 5237 598 5301 1,
627 5249 755 5303 cap.
793 5234 906 5304 26).
941 5235 1132 5290 Rebus
1170 5249 1402 5305 quoque
1441 5232 1673 5287 illorum
1721 5249 1876 5288 com-

147 5323 466 5394 modisque
495 5323 837 5377 consulebat
861 5339 876 5377 :
907 5322 1150 5390 tametsi,
1193 5321 1479 5391 ejusmodi
1507 5338 1647 5376 cura
1675 5326 1733 5376 et
1763 5323 1873 5376 sol-

150 5412 465 5467 licitudine
482 5416 817 5483 exoptatum
843 5410 950 5465 sibi
978 5411 1161 5466 otium
1179 5411 1546 5466 adimeretur.
1568 5410 1709 5465 Hinc
1729 5411 1872 5466 forte

148 5501 469 5556 Nebridius
519 5518 654 5557 cum
703 5500 1012 5572 aliquando
1054 5499 1364 5572 accepisset
1408 5499 1658 5554 amicum
1703 5515 1872 5554 suum

147 5591 410 5660 negotiis
475 5590 691 5646 civium
739 5589 1030 5661 impediri,
1081 5587 1394 5662 quominus
1437 5592 1632 5662 optata
1677 5587 1870 5660 quieto

3614 331 3717 382 {6'2

2017 432 2322 502 frueretur,
2345 436 2672 506 epistolium
2704 439 2852 492 istud
2887 441 2956 494 ad
2990 458 3121 496 eum
3145 443 3337 498 misit:
3371 447 3524 500 Itane
3543 453 3721 514 est,mi

2013 523 2336 591 Augustine,
2367 526 2748 592 fortitudinem
2788 545 2850 582 ac
2883 531 3227 586 tolerantiam
3256 536 3483 602 negoti-is
3522 537 3715 590 civium

2006 619 2260 682 prastas,
2306 616 2530 670 necdum
2578 617 2681 671 tibi
2717 618 2969 674 redditur
3019 622 3114 674 illa.
3158 628 3416 692 exoptata
3453 626 3721 681 cessatio?

2014 703 2223 768 Qataeso,
2257 705 2353 771 qui
2383 708 2431 757 te
2461 709 2570 759 tam
2610 706 2803 761 bonum
2836 710 3074 763 homines
3106 713 3491 781 interpellant?
3522 715 3708 781 Credo,

2012 794 2110 860 qui
2131 794 2375 848 nesciunt
2403 795 2539 864 quid
2559 812 2720 859 ames,
2757 798 2893 865 quid
2929 803 3294 869 concupiscas.
3321 804 3583 858 Nullusne
3611 805 3718 858 tibi

2011 885 2091 935 est
2128 883 2441 947 amicorum,
2485 887 2582 952 qui
2620 886 2694 939 eis
2733 901 2939 940 amores
2978 891 3182 954 referat
3213 890 3370 945 tuos?
3401 907 3491 944 nec
3520 895 3715 947 Itoma-

2010 970 2229 1036 nianus,
2253 987 2344 1025 nec
2370 973 2703 1029 Lucinianus
2719 974 2746 1030 )
2768 977 2853 1028 Me
2873 981 3008 1031 certe
3038 978 3267 1032 audiant
3300 995 3312 1032 :
3336 995 3428 1045 ego
3453 981 3714 1044 clamabo,

2011 1074 2104 1126 ego
2131 1060 2384 1127 testabor,
2419 1065 2467 1115 te
2495 1065 2661 1116 Deum
2691 1049 2892 1132 inue,
2931 1067 3016 1119 illi
3043 1069 3244 1120 servire
3269 1072 3430 1136 atque
3457 1071 3716 1124 inhaerere

2010 1163 2220 1216 cupere.
2262 1151 2460 1205 Vellem
2502 1167 2594 1218 ego
2635 1157 2684 1206 te
2717 1155 2773 1206 in
2809 1169 2902 1208 rus
2950 1171 3122 1208 meum
3163 1171 3371 1224 vocare,
3411 1158 3593 1226 ibique
3621 1176 3710 1214 ac-

2012 1238 2294 1306 quiescere.
2346 1240 2464 1294 Non
2493 1242 2633 1294 enim
2682 1242 2872 1296 timebo
2913 1259 2993 1297 me
3023 1244 3349 1298 seductorem
3523 1247 3636 1301 dici
3677 1265 3711 1302 a

2010 1325 2216 1379 civibus
2257 1328 2387 1393 tuis,
2438 1344 2570 1396 quos
2619 1331 2847 1384 nimium
2885 1346 3058 1399 amas,
3101 1337 3150 1385 et
3193 1349 3227 1384 a
3266 1333 3458 1400 quibus
3487 1337 3712 1390 nimium

2011 1416 2216 1468 amaris
2246 1415 2444 1485 (Epist.
2481 1421 2547 1477 5).
2582 1417 2802 1489 Quippe
2833 1436 2946 1473 non
2977 1435 3472 1492 quorumcumque
3504 1423 3712 1478 civium

2010 1497 2239 1568 negotia
2289 1501 2631 1570 procurabat
2665 1501 2756 1554 Vir
2787 1503 2898 1556 Deo
2933 1503 3178 1565 deditus,
3207 1503 3307 1558 sed
3337 1521 3536 1560 eorum
3585 1511 3713 1562 tan-

2010 1588 2306 1642 tummodo
2362 1589 2460 1660 qui
2519 1607 2576 1643 se
2631 1589 2689 1644 in
2747 1591 2868 1661 ejus
2926 1591 3286 1663 disciplinam
3334 1594 3713 1658 tradidissent,

2010 1691 2260 1746 quorum
2306 1677 2734 1732 necessitatibus
2771 1680 3035 1751 occupari
3065 1685 3123 1735 et
3152 1681 3362 1737 servire
3391 1684 3713 1740 tenebatur.

2009 1763 2350 1836 Quanquam
2395 1767 2546 1821 credi
2577 1767 2774 1838 possit,
2805 1767 2992 1838 ipsum
3025 1785 3129 1823 suo
3170 1770 3342 1824 etiam
3373 1770 3432 1824 in
3463 1787 3710 1838 secessu,

2009 1868 2140 1908 cum
2178 1853 2421 1910 nimium
2471 1855 2566 1910 ille
2615 1859 2670 1910 et
2713 1873 2746 1910 a
2787 1856 3002 1912 civibus
3047 1858 3164 1912 suis
3207 1864 3518 1928 amaretur,
3550 1865 3608 1915 et
3641 1877 3708 1915 ex

2007 1958 2173 2013 aequo
2205 1943 2352 1998 cives
2383 1961 2514 1998 suos
2563 1945 2902 2012 redamaret,
2945 1947 3257 2018 suscepisse
3287 1947 3576 2002 interdum
3605 1965 3706 2003 cu-

2005 2047 2128 2085 ram
2159 2032 2484 2102 graviorum
2515 2034 2894 2104 negotiorum,
2922 2051 3051 2107 quae
3077 2036 3146 2090 ab
3178 2035 3246 2090 iis
3270 2037 3340 2092 ad
3361 2037 3548 2108 ipsum
3574 2054 3706 2108 per-

2002 2121 2350 2177 ferebantur.
2376 2123 2659 2176 Caaterum
2690 2123 2747 2177 in
2775 2139 2875 2177 sua
2901 2124 3164 2178 societate
3194 2124 3344 2178 cives
3375 2124 3526 2179 inter
3563 2125 3703 2179 alios

2005 2209 2207 2264 habuit
2228 2209 2299 2263 ab
2325 2209 2488 2264 initio
2517 2210 2788 2281 Alypium
2819 2215 2877 2266 et
2903 2212 3200 2279 Evodium,
3228 2215 3419 2283 atque,
3454 2216 3516 2267 ut
3545 2212 3705 2266 vide-

2005 2303 2120 2364 tur,
2156 2300 2424 2353 Severum
2455 2299 2787 2370 episcopum
2817 2305 3012 2370 postea
3041 2300 3704 2372 Milevitanum,quocum

2006 2387 2106 2442 diu
2137 2388 2475 2444 meditatum
2502 2404 2559 2442 se
2593 2388 2765 2443 fuisse
2788 2389 3024 2444 verbum
3057 2389 3176 2458 Dei,
3205 2391 3540 2445 recordatur
3568 2389 3704 2445 scri-

2005 2475 2144 2530 bens
2169 2477 2241 2530 ad
2281 2478 2559 2531 Novatum
2601 2475 2798 2547 (Epist.
2833 2478 2922 2542 84,
2953 2493 3010 2531 n.
3047 2477 3114 2548 1).

2077 2568 2127 2620 3.
2179 2565 2480 2620 Nebridius
2517 2565 2832 2620 Mediolano
2857 2565 2978 2636 jam
3017 2581 3296 2632 reversus,
3327 2569 3390 2620 ut
3420 2581 3488 2620 ex
3531 2582 3702 2636 supe-

2003 2653 2143 2708 riori
2162 2653 2425 2724 epistolio
2449 2653 2806 2726 intelligitur,
2825 2659 2947 2709 erat
2962 2659 3096 2709 tunc
3117 2655 3391 2728 temporis
3417 2654 3476 2709 in
3497 2655 3702 2708 Africa.

2002 2742 2088 2796 Ibi
2140 2742 2481 2813 Carthagine
2528 2743 2616 2796 vel
2648 2742 2708 2796 in
2737 2743 2952 2813 praedio
3005 2743 3131 2797 urbi
3173 2743 3434 2815 proximo
3465 2744 3704 2815 degebat

2001 2847 2131 2886 cum
2156 2835 2336 2886 matre
2361 2835 2595 2901 totaque
2624 2831 2800 2885 domo
2833 2833 3035 2902 (Epist.
3066 2835 3146 2900 10,
3175 2849 3230 2887 n.
3262 2833 3333 2902 t),
3357 2849 3528 2904 quam
3556 2835 3703 2888 Deus

2001 2920 2156 2974 illitis
2195 2919 2513 2974 ministerio
2545 2920 2615 2974 ad
2637 2919 2808 2974 dem
2826 2920 3342 2991 adduxit(Con/ess.
3379 2922 3473 2976 lib.
3503 2925 3557 2989 9,
3578 2937 3700 2991 cap.

2002 3010 2056 3076 3,
2084 3023 2142 3060 n.
2174 3007 2243 3076 6).
2280 3010 2356 3061 Ac
2376 3006 2498 3077 ipse
2529 3006 2761 3077 quidem
2792 3007 2942 3078 apud
2977 3023 3106 3061 suos
3139 3024 3205 3062 ex
3230 3025 3344 3080 quo
3380 3008 3701 3079 baptizatus

2001 3100 2102 3160 est,
2148 3095 2207 3150 in
2249 3095 2504 3149 castitate
2553 3095 2803 3165 perfecta
2845 3100 3014 3168 atque
3057 3096 3409 3151 continentia
3442 3099 3553 3151 Deo
3585 3113 3699 3152 ser-

2003 3183 2155 3239 vivit.
2190 3185 2332 3240 Cum
2363 3184 2539 3255 igitur
2566 3185 2676 3239 hoc
2705 3190 2870 3255 pacto
2903 3187 3097 3256 procul
3134 3185 3202 3240 ab
3234 3186 3417 3240 amico
3458 3186 3698 3253 abesset,

2000 3291 2174 3347 seque
2201 3275 2532 3346 frequenter
2558 3275 2799 3330 invisere
2832 3292 2946 3330 non
2978 3279 3231 3347 possent,
3257 3281 3456 3331 mutuo
3489 3276 3705 3348 episto-

2001 3366 2185 3420 larum
2215 3365 2554 3420 commercio
2587 3381 2779 3420 secum
2808 3365 3050 3420 invicem
3081 3365 3567 3436 colloquebautur.
3599 3366 3702 3419 Ne-

1998 3453 2215 3509 bridius
2258 3453 2494 3526 quidem
2540 3470 2750 3525 magna
2779 3458 2834 3508 et
2864 3453 3120 3508 difcilia
3148 3469 3476 3525 proponens
3504 3456 3699 3524 Augu-

1997 3543 2173 3610 stino,
2196 3542 2302 3597 iste
2320 3547 2511 3597 autem
2533 3543 2687 3596 illius
2708 3542 2892 3597 nodos
2916 3559 3020 3612 per
3049 3542 3315 3612 epistolas
3346 3542 3658 3596 dissolvens
3683 3559 3696 3596 :

1997 3646 2154 3700 quas,
2179 3631 2258 3684 ait
2277 3630 2602 3700 Nebridius,
2617 3632 2891 3700 perplacet
2905 3633 2985 3684 ita
3005 3646 3238 3697 servare,
3263 3635 3322 3684 ut
3341 3632 3516 3686 oculos
3536 3645 3697 3685 meos.

1997 3722 2135 3775 Sunt
2164 3721 2304 3774 enim
2328 3736 2556 3786 magnae,
2588 3736 2692 3775 non
2718 3723 3040 3789 quantitate,
3068 3721 3162 3775 sed
3186 3721 3364 3787 rebus,
3398 3725 3449 3775 et
3476 3737 3698 3789 magna-

1993 3825 2116 3862 rum
2171 3824 2352 3863 rerum
2395 3824 2622 3875 magnas
2669 3811 2940 3864 continent
2983 3809 3346 3877 probationes.
3401 3811 3512 3864 Illae
3561 3812 3701 3865 mihi

1995 3899 2288 3963 Christum,
2315 3899 2422 3952 illas
2450 3899 2742 3966 Platonem,
2769 3899 2877 3952 illae
2906 3898 3176 3952 Plotinum
3203 3900 3490 3954 sonabunt.
3522 3903 3699 3954 Erunt

1992 3988 2164 4052 igitur
2191 3986 2348 4053 mihi,
2367 3991 2418 4041 et
2437 3986 2512 4040 ad
2529 3987 2862 4040 audiendum
2880 3993 3104 4058 propter
3117 3989 3477 4056 eloquentiam
3494 3989 3694 4056 dulces,

1993 4080 2044 4129 et
2071 4075 2144 4129 ad
2186 4075 2465 4142 legendum
2490 4080 2717 4145 propter
2759 4076 3073 4130 brevitatem
3115 4078 3328 4143 faciles,
3362 4081 3412 4131 et
3442 4076 3516 4130 ad
3543 4076 3695 4130 intel-

1994 4163 2269 4231 ligendum
2295 4169 2518 4232 propter
2547 4165 2873 4232 sapientiam
2911 4165 3153 4219 salubres
3203 4167 3400 4235 (Epist.
3449 4167 3501 4229 6,
3529 4180 3583 4219 n.
3618 4163 3690 4233 l).

1993 4253 2059 4306 In
2105 4252 2355 4323 quadam
2397 4252 2468 4306 ad
2515 4268 2648 4307 eum
2679 4252 2917 4323 epistola
2946 4253 3246 4308 observare
3291 4257 3398 4318 est,
3445 4251 3693 4307 Platonis

1992 4340 2474 4394 reminiscentiam
2505 4339 2922 4395 nobilissimum
2949 4340 3245 4394 inventum
3269 4341 3339 4394 ab
3369 4338 3691 4410 Augustino

1977 4417 2332 4500 nuncupari,
2366 4445 2614 4500 eumque
2653 4429 2831 4484 videri
2860 4446 3110 4484 asserere
3147 4430 3302 4483 velut
3341 4445 3408 4484 ex
3434 4445 3537 4483 sua
3563 4445 3690 4482 scn-

1991 4517 2190 4584 tentia,
2232 4518 2382 4574 olim.
2409 4518 2664 4572 animam
2705 4534 2904 4572 verum
2950 4516 3282 4588 inspexisse,
3310 4534 3343 4571 a
3371 4534 3485 4588 quo
3531 4518 3692 4573 unita

1990 4606 2215 4677 corpori
2265 4623 2386 4661 sese
2435 4606 2774 4677 disjunxerit
2821 4607 3017 4677 (Epist.
3065 4609 3120 4672 7,
3162 4621 3218 4659 .
3267 4608 3333 4674 2).
3383 4605 3688 4678 Quidpiam

1991 4696 2176 4750 simile
2224 4695 2476 4767 reperire
2517 4700 2600 4750 est
2646 4695 2704 4748 in
2745 4681 2971 4765 dialogo
3010 4694 3080 4748 de
3126 4693 3450 4758 Quantitate
3480 4695 3688 4750 anima:

1992 4787 2085 4854 (De
2111 4789 2300 4854 quant.
2333 4787 2549 4850 anima,
2597 4801 2655 4838 .
2685 4785 2791 4853 3t),
2826 4783 2956 4838 licet
2984 4782 3125 4837 illud
3161 4782 3218 4836 in
3249 4783 3366 4838 suis
3396 4784 3686 4840 Retracta-

1989 4873 2217 4929 tionum
2259 4873 2419 4928 libris
2456 4872 2648 4926 sanius
2677 4871 3102 4942 interpretetur.
3137 4872 3244 4927 Sed
3273 4872 3487 4927 mirum
3507 4871 3687 4928 videri

1988 4979 2107 5018 non
2137 4963 2327 5030 debet,
2359 4961 2406 5016 si
2435 4959 2790 5032 Augustinus
2817 4977 2956 5033 quas
2985 4977 3016 5016 e
3054 4960 3529 5033 philosophorum
3559 4961 3686 5016 fon-

1987 5052 2140 5107 tibus
2195 5051 2497 5124 opiuiones
2559 5050 2847 5118 hauserat,
2897 5066 3012 5105 non
3067 5051 3340 5106 continuo
3392 5050 3682 5121 abjecerit.

1989 5143 2236 5212 lpsemet
2283 5139 2501 5203 asserit,
2551 5155 2683 5193 eum
2738 5139 2837 5210 qui
2882 5155 3056 5210 opera
3095 5139 3276 5212 ipsius
3323 5139 3524 5194 ordine
3570 5153 3684 5209 quo

1987 5230 2195 5302 scripta
2226 5233 2358 5284 sunt
2384 5228 2608 5299 legerit,
2642 5227 2804 5283 facile
2835 5229 3365 5283 animadversurum
3395 5225 3682 5297 quomodo

1986 5319 2282 5373 scribendo
2312 5317 2614 5389 profecerit
2645 5319 2897 5390 (Retract.
2942 5319 3182 5388 prologo,
3223 5333 3280 5372 .
3325 5316 3398 5385 3).
3432 5314 3684 5369 Plurima

1985 5423 2216 5479 quoque
2246 5407 2403 5462 nullo
2442 5407 2676 5478 negotio
2707 5407 3098 5479 deprehendes
3127 5407 3185 5460 in
3215 5403 3501 5475 prioribus
3530 5403 3682 5459 illius

1985 5496 2276 5568 operibus,
2321 5513 2449 5569 quae
2489 5497 2610 5569 ipse
2641 5497 2700 5553 in
2733 5496 3143 5569 posterioribus
3168 5493 3575 5550 emendaverit.
3618 5495 3683 5549 In

1987 5587 2135 5642 hanc
2171 5603 2292 5643 rem
2338 5587 2612 5643 adnotare
2643 5587 2794 5654 licet,
2826 5603 2957 5642 eum
2994 5584 3054 5640 in
3097 5581 3548 5639 Milleuariorum
3577 5583 3680 5638 ali-
