4008 6184
384 310 485 364 163

381 430 612 502 quando
660 427 834 484 fuisse
879 425 1194 495 sententia;
1233 442 1299 482 eo
1341 431 1537 483 tamen
1575 430 1769 493 modo,
1800 445 1916 501 quo
1968 427 2081 482 ista

382 518 579 591 opinio
620 522 931 589 utcumque
960 515 1189 572 tolerari
1231 521 1439 588 posset,
1481 517 1587 572 hoc
1625 523 1730 585 est,
1774 518 1820 572 si
1850 516 2080 571 nonnisi

383 607 708 680 spirituales
758 605 975 662 deliciae
1004 605 1064 660 in
1094 606 1201 660 hoc
1232 604 1388 661 mille
1427 622 1711 661 annorum
1742 621 1919 677 regno
1950 621 2079 659 san-

386 696 490 751 ctis
520 695 799 751 adfutura:
828 696 1194 750 crederentur
1212 695 1406 763 (Serm.
1434 698 1558 764 259,
1587 712 1643 749 η.
1675 699 1741 763 2;
1761 695 1827 749 de
1850 696 2081 751 Civitate

386 788 504 854 Dei,
537 786 633 841 lib.
662 788 755 855 20,
778 800 898 854 cap.
923 789 998 849 7).
1025 784 1182 848 Quod
1216 784 1285 838 ad
1312 784 1563 838 Nebridii
1580 784 1819 855 quaesita
1842 787 2076 854 spectat,

385 875 522 948 quia
538 891 655 929 non
685 872 880 928 omnia
899 872 967 927 de
993 873 1162 926 rebus
1188 871 1392 925 divinis
1415 876 1597 940 erant,
1620 871 1816 927 scribit
1843 872 1917 927 ad
1946 888 2078 926 eum

384 963 758 1034 Augustinus,
803 960 903 1015 illa
945 975 1073 1031 quae
1105 960 1172 1015 de
1201 960 1318 1034 hop
1339 960 1553 1016 mundo
1585 965 1944 1033 quaeruntur,
1976 976 2080 1014 nec

383 1052 515 1107 satis
533 1051 600 1106 ad
619 1052 846 1106 beatam
859 1050 1029 1103 vitam
1045 1018 1411 1104 obtinendam
1428 1048 1534 1104 sibi
1560 1050 1737 1105 videri
1756 1049 2045 1121 pertinere
2064 1065 2078 1118 ;

381 1156 445 1194 ac
493 1139 540 1193 si
593 1138 811 1209 aliquid
856 1137 1103 1192 afferunt
1146 1138 1452 1209 voluptatis
1481 1155 1610 1193 cum
1642 1138 2077 1210 investigantur,

382 1229 758 1284 metuendum
806 1243 927 1281 esse
975 1232 1189 1293 tamen,
1222 1243 1293 1281 ne
1333 1232 1613 1299 occupent
1640 1232 1869 1298 tempus
1911 1228 2079 1281 rebus

379 1318 835 1390 impendendum
865 1315 1216 1371 melioribus.
1251 1316 1463 1371 Idcirco
1493 1322 1723 1371 caeteras
1751 1317 1903 1371 inter
1922 1332 2079 1387 quae-

381 1408 613 1474 stiones,
646 1422 775 1478 quae
805 1405 1178 1459 dissolvendm
1200 1410 1556 1475 supererant,
1587 1422 1713 1460 eam
1740 1421 1869 1477 quae
1893 1405 1963 1459 de
1994 1406 2081 1458 ln-

381 1496 726 1551 carnationis
747 1494 1016 1565 mysterio
1049 1493 1341 1565 proposita
1360 1483 1500 1560 erat,
1529 1492 1738 1564 seligit,
1762 1497 1826 1547 ut
1845 1498 2082 1547 conetur

381 1601 661 1657 exponere
677 1601 791 1655 quo
806 1587 989 1654 pacto,
1009 1600 1138 1637 cum
1166 1582 1338 1637 trium
1359 1582 1682 1637 divinarum
1704 1598 2075 1653 personarum

380 1673 633 1727 actiones
653 1670 909 1726 indivisa;
928 1670 1062 1737 sint,
1084 1674 1280 1725 nostra
1302 1674 1491 1725 tamen
1508 1669 1779 1741 mysteria
1801 1675 1859 1724 et
1876 1669 2078 1740 religio

381 1778 495 1833 qua
521 1760 727 1815 imbuti
756 1776 973 1821 sumus,
1002 1759 1269 1813 humanm
1291 1762 1511 1813 naturae
1531 1759 1946 1829 susceptionem
1977 1757 2075 1811 uni

381 1849 521 1905 Filio
552 1848 867 1903 attribuant
896 1849 1090 1919 (Epist.
1120 1848 1225 1917 11).
1265 1848 1336 1901 Ex
1368 1864 1478 1918 quo
1502 1847 1817 1918 quaestione
1846 1846 2074 1902 videtur

377 1942 527 1992 certo
554 1935 746 2007 colligi
775 1952 963 2006 posse,
987 1935 1109 2003 jam
1139 1933 1491 2005 baptizatum
1520 1934 1691 1989 fuisse
1718 1933 2073 1990 Nebridium.

378 2027 538 2081 Hunc
567 2025 862 2096 aliquanto
893 2027 1022 2079 ante
1053 2024 1507 2096 presbyteratum
1532 2023 1855 2094 Augustini,
1890 2039 2075 2095 neque

375 2113 437 2168 in
465 2113 636 2184 hujus
656 2111 1021 2179 monasterio,
1045 2112 1144 2166 sed
1169 2111 1325 2167 domi
1342 2128 1459 2166 suae
1477 2112 1631 2167 diem
1649 2112 2074 2183 obiisse,aperte

376 2201 661 2272 signiﬁcat
690 2201 844 2255 idem
874 2200 995 2272 ipse
1024 2201 1393 2271 Augustinus,
1426 2201 1486 2255 in
1516 2202 1623 2255 hoc
1653 2200 1819 2255 amici
1848 2200 2072 2255 demor-

380 2289 469 2345 tui
505 2289 789 2360 pernobili
829 2289 1015 2360 elogio
1055 2305 1069 2343 :
1118 2291 1302 2358 Quem,
1348 2289 1446 2356 ait,
1480 2305 1587 2344 non
1624 2290 1789 2343 multo
1811 2292 1933 2358 post
1956 2304 2076 2344 con-

372 2381 671 2433 versionem
714 2381 955 2433 nostram
992 2382 1044 2433 et
1088 2380 1540 2446 regenerationem
1580 2393 1682 2447 per
1734 2379 2073 2447 Baptismum

374 2473 546 2535 tuum,
578 2469 759 2536 ipsum
780 2468 944 2521 etiam
971 2465 1181 2535 ﬁdelem
1202 2466 1541 2533 catholicum,
1565 2468 1814 2521 castitate
1831 2468 2073 2536 perfecta

374 2561 537 2625 atque
565 2557 895 2611 continentia
925 2554 1027 2610 tibi
1052 2557 1367 2609 servientem
1394 2558 1454 2608 in
1482 2555 1683 2621 Africa
1728 2554 1880 2625 apud
1924 2570 2068 2622 suos,

372 2661 492 2699 cum
514 2649 627 2699 tota
653 2645 840 2699 domus
855 2644 971 2713 ejus
993 2659 1095 2713 per
1113 2659 1230 2697 eum
1244 2643 1550 2697 christiana
1571 2645 1726 2709 facta
1751 2648 2071 2710 esset,carne

370 2736 615 2799 solvisti;
659 2738 710 2788 et
737 2749 877 2787 nunc
906 2734 996 2787 ille
1023 2735 1162 2787 vivit
1205 2734 1263 2787 in
1292 2734 1416 2787 sinu
1441 2732 1744 2787 Abraham.
1791 2733 2071 2801 Quidquid

369 2823 512 2878 illud
540 2826 637 2889 est,
670 2821 816 2892 quod
840 2822 936 2875 illo
960 2822 1305 2889 signiﬁcatur
1333 2820 1476 2887 sinu,
1500 2821 1581 2875 ibi
1601 2821 1893 2878 Nebridius
1921 2836 2069 2876 meus

370 2914 522 2976 vivit,
558 2911 734 2965 dulcis
763 2912 969 2964 amicus
998 2924 1165 2975 meus,
1198 2913 1320 2963 tuus
1349 2913 1547 2976 autem,
1580 2912 1819 2977 Domine,
1849 2909 2067 2979 adopti-

369 3014 468 3052 vus
498 3014 566 3053 ea:
590 2998 780 3053 liberto
798 2998 967 3067 ﬁlius,
989 2997 1070 3052 ibi
1088 2999 1245 3052 vivit.
1268 2999 1408 3053 Nam
1429 2999 1553 3067 quis
1582 2998 1723 3052 alius
1751 2999 1853 3053 tali
1877 3000 2069 3054 animae

369 3085 555 3142 locus?
587 3087 667 3141 lbi
702 3088 859 3153 vivit,
888 3086 1032 3140 unde
1060 3101 1140 3140 me
1161 3087 1333 3140 multa
1359 3087 1733 3154 interrogabat
1757 3088 2065 3142 homuncio-

367 3190 487 3229 nem
515 3176 874 3243 inexpertum.
906 3176 1027 3228 Iam
1054 3188 1161 3227 non
1185 3176 1342 3242 ponit
1370 3189 1557 3228 aurem
1579 3174 1654 3228 ad
1680 3189 1737 3229 os
1764 3175 2068 3244 meum,sed

367 3263 656 3332 spirituale
685 3277 742 3316 os
768 3261 842 3315 ad
876 3264 1080 3329 fontem
1099 3265 1280 3327 tuum;
1311 3266 1361 3316 et
1391 3262 1547 3331 bibit,
1576 3269 1839 3332 quantum
1864 3268 2062 3333 potest,

366 3352 694 3421 sapientiam
722 3365 821 3419 pro
852 3349 1116 3403 aviditate
1141 3364 1243 3404 sua
1268 3351 1384 3403 sine
1400 3354 1504 3419 ﬁne
1525 3352 1683 3417 felix.
1716 3354 1823 3409 Nec
1846 3355 1923 3406 sic
1944 3368 2064 3407 eum

365 3440 607 3494 arbitror
650 3439 916 3493 inebriari
938 3454 1005 3492 ea:
1033 3453 1115 3505 ea,
1147 3442 1208 3492 ut
1244 3438 1596 3493 obliviscatur
1634 3442 1770 3505 mei;
1816 3455 1934 3494 cum
1981 3446 2059 3508 tu,

365 3530 606 3596 Domine,
652 3544 808 3597 quem
851 3531 1004 3597 potat
1047 3527 1158 3595 ille,
1206 3529 1382 3582 nostri
1426 3529 1504 3583 sis
1546 3543 1746 3584 memor
1795 3527 2058 3599 (Confess.

365 3616 454 3672 lib.
481 3620 531 3685 9,
567 3632 687 3689 cap.
719 3620 771 3685 3,
801 3633 858 3672 n.
891 3619 959 3678 6).

1028 3703 1391 3761 CAPUTJII.

366 3796 386 3848 1
424 3794 614 3849 Libros
644 3792 710 3846 de
744 3792 933 3849 Genesi
967 3797 1154 3848 contra
1191 3795 1515 3849 Manichaaos
1543 3792 1851 3849 conscribit.
1880 3796 1914 3847 2
1945 3792 2060 3848 Ab-

433 3882 594 3936 solvit
620 3896 715 3935 sea:
745 3881 908 3935 libros
950 3880 1016 3934 de
1043 3883 1271 3936 Musica.
1312 3884 1342 3936 3
1374 3883 1656 3949 Dialogum
1695 3880 1760 3935 de
1800 3883 2060 3949 Magistro

430 3969 565 4023 edit.
596 3970 630 4022 4
672 3967 874 4022 Deinde
915 3969 1113 4023 librum
1147 3968 1213 4023 de
1257 3970 1398 4025 Vera
1439 3967 1732 4037 Religione.
1785 3972 1815 4023 5
1857 3969 2062 4025 Scribit

431 4058 507 4113 ad
533 4061 837 4114 Maximum
872 4059 1306 4114 Madaurensem.
1337 4062 1368 4114 6
1392 4058 1488 4114 Ad
1516 4058 1875 4115 Caelestinum.
1904 4060 1935 4111 7
1967 4056 2061 4112 Ad

431 4148 647 4205 Gaium.
679 4150 711 4202 8
741 4150 812 4202 Et
849 4147 924 4201 ad
959 4148 1314 4202 Antoninum.

431 4241 488 4295 1.
528 4239 655 4293 Non
684 4253 751 4292 eo
773 4236 889 4292 ﬁne
922 4253 980 4291 se
1007 4235 1373 4291 saecularibus
1402 4234 1552 4290 curis
1581 4238 1638 4289 et
1665 4233 2055 4306 occupationi-

358 4328 464 4382 bus
514 4327 857 4382 subduxerat
892 4324 1267 4397 Augustinus,
1328 4328 1391 4378 ut
1433 4323 1494 4377 in
1540 4339 1762 4378 secessu
1791 4319 2057 4394 deinceps

357 4413 518 4469 inani
547 4431 611 4469 ac
650 4414 831 4470 sterili
861 4413 977 4469 otio
1016 4413 1323 4468 frueretur.
1357 4411 1630 4477 Quocirca
1657 4428 1773 4466 non
1802 4426 2055 4481 praesen-

354 4503 508 4557 tibus
533 4504 728 4571 modo,
760 4502 926 4557 sociis
955 4501 1221 4557 videlicet
1257 4500 1392 4568 suis,
1426 4500 1521 4554 sed
1552 4500 1880 4554 absentibus
1909 4515 2054 4570 quo-

355 4608 467 4663 que
497 4609 561 4647 ac
601 4592 828 4658 exteris,
872 4592 1137 4664 prodesse
1184 4589 1421 4657 studuit,
1466 4588 1715 4653 tradens,
1745 4591 1887 4642 teste
1920 4588 2054 4642 Pos-

353 4679 519 4747 sidio,
551 4697 666 4752 qua
692 4680 873 4749 libris,
906 4699 1019 4753 qua
1043 4679 1428 4746 sermonibus,
1460 4694 1590 4750 quae
1615 4676 1725 4749 ipsi
1755 4675 2055 4732 meditanti

352 4773 407 4823 et
450 4768 637 4823 oranti
689 4775 877 4824 essent
921 4787 955 4824 a
1004 4771 1117 4825 Deo
1160 4770 1408 4824 revelata
1450 4766 1784 4837 (Possidius,
1830 4767 1890 4820 in
1926 4768 2054 4822 Vita

351 4858 613 4925 August,
644 4874 690 4914 c.
728 4857 798 4927 3).
834 4858 1067 4912 Exstant
1096 4857 1411 4912 etiamnum
1455 4854 1790 4909 eorumdem
1833 4870 2054 4909 sermo-

352 4963 510 5013 num,
544 4962 689 5018 quos
714 4962 845 5001 cum
868 4945 986 5000 suis
1003 4946 1223 5012 habuit,
1252 4944 1517 5017 quaedam
1536 4941 1776 5015 vestigia
1798 4943 1858 4997 in
1879 4960 2053 5014 supra

351 5039 669 5092 memorato
725 5033 1017 5088 volumine
1067 5034 1358 5104 octoginta
1409 5032 1589 5088 trium
1637 5030 2047 5097 Quaestionum.

349 5125 513 5192 Quod
544 5124 614 5180 ad
643 5123 817 5179 libros
845 5128 983 5177 tunc
1012 5121 1081 5176 ab
1102 5122 1225 5193 ipso
1253 5122 1577 5177 lucubratos
1607 5120 1829 5184 attinet,
1859 5136 2056 5175 recen-

350 5220 436 5270 set
477 5214 539 5270 in
589 5213 707 5268 suis
762 5210 1277 5268 Retractationibus
1332 5211 1475 5265 duos
1528 5210 1704 5264 libros
1744 5208 1815 5264 de
1845 5209 2051 5264 Genesi

349 5308 543 5359 contra
593 5300 950 5367 Manichaaos,
984 5315 1080 5353 sex
1117 5298 1293 5353 libros
1321 5299 1391 5353 de
1431 5297 1659 5365 Musica,
1693 5298 1906 5353 librum
1950 5297 2050 5369 qui

347 5392 654 5464 inscriptus
685 5395 771 5447 est
811 5389 880 5445 de
921 5387 1208 5459 Magistro,
1251 5389 1308 5441 et
1354 5385 1566 5440 librum
1615 5386 1685 5441 de
1723 5387 1867 5442 Vera
1896 5386 2049 5442 Reli-

348 5480 537 5552 gione.
588 5480 769 5552 Libris
799 5495 943 5551 quos
992 5477 1064 5533 de
1114 5474 1318 5532 Genesi
1359 5474 1605 5547 scripsit,
1639 5477 1806 5532 Vetus
1852 5477 2048 5531 Testa-

349 5571 610 5624 mentum
630 5568 699 5623 ab
720 5567 938 5624 insanis
965 5565 1412 5623 Manichaeorum
1435 5563 1738 5618 calumniis
1760 5562 2047 5620 vindicare

1586 308 1747 364 VITA
1802 307 1865 364 S.
1916 303 2291 363 AUGUSTINI
2348 304 2679 361 EPISCOPI.

3785 310 3897 363 164

2187 443 2447 495 exorsos,
2476 425 2669 497 priore
2693 424 2930 498 quidem
2980 424 3211 481 initium
3253 413 3533 481 Geneseos
3558 428 3789 499 exponit
3817 428 3897 483 ad

2187 532 2321 572 eum
2343 532 2522 588 usque
2543 516 2752 581 locum,
2774 515 2837 570 in
2862 530 2977 587 quo
2999 517 3150 570 Deus
3168 515 3261 570 die
3276 516 3521 587 septimo
3543 516 3901 588 requievisse

2186 604 2410 660 dicitur.
2440 605 2505 659 In
2532 604 2849 676 posteriore
2868 620 3004 659 vero
3034 604 3297 660 eamdem
3325 605 3698 677 prosequitur
3718 622 3905 678 expo-

2187 693 2456 749 sitionem
2484 709 2667 765 usque
2688 694 2759 748 ad
2782 693 2993 757 locum,
3020 692 3081 748 in
3101 710 3216 764 quo
3244 692 3428 749 Adam
3457 698 3516 748 et
3534 694 3742 748 mulier
3766 695 3901 765 ejus

2188 782 2258 838 de
2307 783 2571 854 paradiso
2609 781 2828 838 dimissi
2860 799 2980 837 esse
3019 786 3345 837 narrantur.
3392 781 3605 837 Deinde
3648 782 3710 838 in
3760 783 3904 838 libri

2187 867 2302 922 ﬁne
2331 867 2621 922 erroribus
2651 867 3093 922 Manichaeorum
3119 866 3414 921 catholicae
3442 865 3695 922 veritatis
3718 867 3899 923 ﬁdem

2188 957 2433 1012 dilucide
2476 962 2533 1013 et
2569 956 2970 1028 compendiose
3010 957 3272 1028 opponit.
3305 958 3368 1011 In
3397 957 3506 1012 hac
3534 957 3898 1029 expositione

2187 1046 2558 1118 allegoricum
2599 1046 2997 1102 tantummodo
3035 1062 3265 1101 sensum
3313 1050 3539 1101 secutus
3577 1051 3662 1101 est
3700 1062 3715 1100 :
3766 1048 3895 1103 Non

2187 1151 2372 1203 ausus,
2406 1135 2613 1207 inquit,
2655 1136 2994 1190 naturalium
3037 1152 3217 1190 rerum
3257 1139 3415 1190 tanta
3441 1140 3643 1190 secreta
3670 1135 3744 1189 ad
3792 1136 3893 1189 lit-

2187 1229 2357 1278 teram
2396 1239 2687 1293 emponere;
2720 1225 2815 1279 hoc
2844 1228 2941 1286 est,
2981 1224 3429 1292 quemadmodum
3457 1229 3669 1293 possent
3696 1239 3892 1278 secun-

2188 1312 2316 1367 dum
2346 1313 2658 1367 historicam
2682 1314 3092 1382 proprietatem,
3116 1326 3236 1381 quae
3262 1311 3343 1365 ibi
3358 1311 3508 1366 dicta
3534 1317 3678 1378 sunt,
3703 1314 3895 1381 accipi

2187 1400 2446 1472 (Retract.
2498 1402 2591 1456 lib.
2641 1405 2691 1464 1.
2741 1417 2863 1470 cap.
2920 1401 3029 1471 l8).
3072 1401 3151 1455 De
3196 1399 3286 1454 his
3326 1400 3488 1455 libris
3528 1400 3891 1470 Augustinus

2187 1495 2388 1561 postea
2434 1490 2734 1558 disserens,
2782 1492 2950 1556 Duos,
3000 1488 3100 1557 ait,
3139 1491 3437 1559 conscripsi
3476 1490 3639 1545 libros
3684 1493 3893 1545 recenti

2188 1584 2420 1648 tempore
2463 1580 2821 1634 conversionis
2891 1594 3038 1645 meae,
3102 1579 3206 1632 cito
3265 1578 3445 1633 volens
3515 1578 3891 1649 (Manichaeo-

2188 1667 2338 1738 rum)
2380 1670 2661 1733 confutare
2715 1668 3092 1735 deliramenta,
3140 1668 3223 1722 vel
3277 1668 3481 1734 erigere
3535 1669 3889 1722 intentionem

2185 1756 2260 1810 ad
2289 1756 2634 1824 quaerendam
2656 1758 2715 1811 in
2743 1757 2961 1822 litteris,
2993 1770 3129 1826 quas
3166 1754 3415 1820 oderunt,
3448 1756 3807 1810 christin
3836 1761 3889 1811 et

2185 1845 2544 1911 evangelicum
2572 1845 2752 1913 ﬁdem.
2795 1847 2866 1900 Et
2895 1846 3028 1914 quia
3057 1860 3163 1899 non
3192 1845 3330 1899 mihi
3373 1848 3498 1898 tunc
3535 1845 3891 1899 occurrebant

2183 1934 2386 1999 omnia,
2421 1933 2871 2003 quemadmodum
2898 1935 3118 2003 proprie
3143 1936 3358 2003 possent
3376 1934 3575 2003 accipi,
3603 1936 3891 2001 magisque

2184 2037 2289 2076 non
2311 2036 2470 2092 posse
2496 2023 2675 2091 accipi
2700 2021 3048 2091 videbantur,
3075 2025 3173 2076 aut
3196 2023 3293 2076 via:
3317 2036 3473 2091 posse
3500 2026 3595 2075 aut
3622 2020 3888 2089 difﬁcile;

2182 2127 2248 2165 ne
2269 2111 2605 2177 retardarer,
2638 2110 2773 2181 quid
2797 2114 3030 2181 ﬁgurate
3048 2112 3419 2180 signiﬁcarent
3438 2125 3521 2176 ea,
3549 2125 3669 2178 qua
3686 2110 3764 2164 ad
3782 2111 3884 2166 ια-

2184 2204 2353 2254 teram
2380 2216 2486 2255 non
2514 2202 2668 2270 potui
2693 2202 2952 2267 invenire,
2984 2204 3193 2270 quanta
3216 2200 3369 2254 valui
3394 2199 3654 2254 brevitate
3680 2204 3731 2253 et
3753 2215 3883 2269 per-

2179 2292 2467 2360 spicuitate
2495 2291 2792 2360 explicavi;
2824 2306 2890 2345 ne
2932 2291 3016 2345 vel
3051 2290 3223 2345 multa
3251 2290 3471 2344 lectione
3505 2289 3589 2342 vel
3620 2288 3881 2358 disputa-

2181 2381 2344 2435 tionis
2382 2379 2709 2435 obscuritate
2747 2379 3018 2449 deleniti,
3071 2381 3131 2433 in
3170 2393 3363 2433 manus
3401 2393 3466 2432 ea
3510 2392 3717 2433 sumere
3773 2392 3882 2431 non

2180 2473 2449 2523 curarent.
2508 2470 2711 2523 Memor
2758 2471 2935 2523 tamen
2970 2468 3107 2537 quid
3158 2470 3397 2522 maxime
3451 2468 3731 2533 voluerim,
3786 2482 3882 2520 nec

2174 2561 2477 2628 potuerim;
2510 2563 2571 2613 ut
2597 2574 2705 2613 non
2739 2561 2991 2628 ﬁgurate,
3022 2558 3119 2613 sed
3141 2558 3366 2627 proprie
3390 2558 3653 2626 primitus
3684 2561 3881 2610 cuncta

2177 2648 2624 2714 intelligerentur,
2681 2662 2774 2701 nec
2822 2649 3046 2702 omnino
3083 2646 3376 2717 desperans
3419 2647 3582 2700 etiam
3619 2648 3697 2699 sic
3721 2660 3883 2715 posse

2175 2738 2432 2806 intelligi,
2461 2736 2704 2806 idipsum
2732 2739 2789 2791 in
2817 2739 3001 2806 prima
3019 2742 3176 2807 parte
3193 2735 3414 2791 secundi
3437 2735 3568 2789 libri
3586 2736 3665 2789 ita
3681 2738 3846 2804 posui
3862 2751 3876 2789 :

2176 2827 2336 2893 Sane,
2368 2829 2614 2895 inquam,
2642 2827 2888 2894 quisquis
2917 2827 3162 2890 voluerit,
3189 2826 3369 2879 omnia
3398 2840 3515 2892 quae
3544 2824 3693 2879 dicta
3727 2830 3878 2890 sunt,

2176 2916 2466 2971 secundum
2487 2916 2725 2969 litteram
2756 2916 3015 2984 accipere,
3047 2914 3109 2968 id
3134 2917 3235 2983 est,
3258 2928 3362 2967 non
3392 2914 3555 2967 aliter
3576 2914 3880 2981 intelligere

2176 3020 2340 3074 quam
2394 3006 2579 3059 littera
2632 3008 2808 3069 sonat,
2862 3008 2913 3057 et
2945 3006 3121 3073 potest
3152 3005 3355 3056 evitare
3402 3000 3787 3071 blasphemias,
3828 3007 3879 3056 et

2175 3095 2355 3147 omnia
2382 3095 2731 3159 congruentia
2744 3092 2883 3161 ﬁdei
2910 3091 3182 3146 catholica
3205 3090 3540 3162 praedicare;
3571 3106 3677 3145 non
3703 3091 3878 3145 solum

2174 3182 2225 3234 ei
2248 3196 2354 3235 non
2385 3184 2464 3235 est
2481 3179 2850 3246 invidendum,
2870 3179 2964 3234 sed
2988 3180 3296 3248 praecipuus
3321 3178 3655 3247 multumque
3674 3179 3878 3232 lauda-

2176 3269 2300 3324 bilis
2331 3269 2626 3323 intellector
2655 3268 2930 3323 habendus
2960 3273 3037 3322 est
3066 3270 3159 3336 (De
3183 3267 3374 3323 Genesi
3402 3266 3477 3321 ad
3502 3268 3661 3332 Litt.,
3693 3266 3794 3321 lib.
3819 3269 3875 3332 8,

2172 3373 2228 3411 η.
2288 3358 2364 3427 5).
2408 3356 2551 3411 Suos
2596 3356 2801 3410 deinde
2854 3355 3157 3411 duodecim
3200 3355 3382 3410 libros
3428 3354 3497 3410 de
3546 3355 3751 3410 Genesi
3803 3356 3875 3410 ad

2174 3445 2443 3500 Litteram
2493 3444 2665 3515 (quod
2720 3461 2836 3499 non
2887 3445 3076 3500 fuerat
3106 3461 3275 3500 ausus
3307 3442 3573 3516 primitus
3611 3444 3874 3515 aggredi)

2178 3535 2288 3589 Deo
2318 3533 2494 3588 fretus
2523 3532 2722 3600 edidit,
2752 3538 3125 3605 posteaquam
3154 3550 3312 3588 sacra
3343 3533 3497 3588 illius
3521 3533 3693 3588 verba
3743 3533 3874 3588 dili-

2172 3616 2395 3688 gentius
2429 3618 2630 3674 fuisset
2658 3618 2917 3674 intuitus.
2946 3620 3155 3674 Verum
3186 3618 3255 3673 ab
3285 3617 3411 3690 ipso
3442 3617 3642 3671 limine
3680 3616 3875 3689 operis

2168 3703 2322 3760 illius
2350 3705 2410 3760 in
2455 3706 2719 3762 Genesim
2746 3706 2938 3779 primi,
2972 3708 3126 3779 quod
3156 3712 3243 3762 est
3270 3711 3470 3762 contra
3510 3706 3871 3771 Manichmos,

2170 3793 2382 3850 mirum
2403 3796 2569 3851 nobis
2596 3796 2955 3852 demissionis
2983 3796 3270 3869 specimen
3297 3795 3358 3850 in
3379 3812 3438 3851 se
3467 3795 3591 3866 ipso
3622 3794 3871 3850 exhibet.

2168 3882 2375 3939 Scribit
2403 3884 2558 3940 enim
2608 3886 2934 3953 nonnullos,
2984 3885 3086 3957 qui
3139 3884 3468 3940 liberalibus
3499 3882 3706 3939 litteris
3740 3900 3871 3937 cum

2168 3977 2359 4027 essent
2383 3973 2617 4042 eruditi,
2665 3974 2760 4029 sed
2809 3990 2940 4028 vere
2980 3971 3292 4039 christiani,
3328 3972 3659 4043 primasque
3689 3970 3874 4041 ipsius

2167 4064 2368 4114 contra
2404 4061 2633 4116 eosdem
2670 4062 2971 4117 haereticos
2995 4062 3422 4117 lucubrationes
3448 4060 3744 4132 legissent,
3774 4060 3874 4114 ob-

2167 4164 2419 4204 servasse
2465 4150 2590 4204 illas
2638 4150 2709 4205 ab
2754 4149 3207 4221 imperitioribus
3252 4154 3352 4205 aut
3390 4149 3481 4204 vix
3509 4153 3609 4204 aut
3638 4148 3870 4203 difﬁcile

2166 4235 2437 4309 intelligi.
2492 4241 2563 4293 Et
2595 4254 2696 4305 me,
2745 4237 2956 4310 inquit,
2988 4240 3471 4294 benevolentissime
3524 4242 3867 4304 monuerunt,

2164 4328 2225 4378 ut
2278 4341 2605 4381 communem
2662 4326 2917 4396 loquendi
2954 4327 3387 4383 consuetudinem
3414 4342 3521 4381 non
3549 4326 3865 4393 desererem,

2163 4416 2214 4468 si
2242 4430 2445 4470 errores
2482 4417 2600 4470 illos
2626 4420 2737 4470 tam
2761 4418 3091 4486 perniciosos
3130 4416 3198 4472 ab
3228 4418 3424 4471 animis
3450 4418 3613 4471 etiam
3642 4417 3867 4486 imperi-

2167 4506 2341 4558 torum
2367 4506 2626 4573 expellere
2654 4507 2965 4571 cogitarem.
2996 4507 3151 4561 Hunc
3189 4507 3329 4559 enim
3366 4519 3663 4560 sermonem
3693 4506 3870 4559 usita-

2163 4595 2277 4646 tum
2297 4596 2347 4646 et
2366 4592 2659 4662 simplicem
2680 4594 2845 4648 etiam
2874 4594 3021 4649 docti
3041 4595 3371 4661 intelligunt,
3405 4594 3560 4648 illum
3579 4597 3764 4648 autem
3785 4596 3869 4648 in-

2162 4677 2309 4733 docti
2343 4695 2449 4734 non
2488 4680 2796 4750 intelligunt
2839 4683 2937 4752 (De
2979 4683 3107 4739 Gen.
3163 4687 3352 4737 contra
3391 4683 3736 4752 Manichwos,
3767 4683 3866 4738 lib.

2167 4770 2216 4833 1,
2248 4783 2306 4822 n.
2343 4767 2411 4838 1).
2444 4770 2624 4840 Equo
2657 4787 2715 4825 se
2747 4770 2940 4826 animo
2971 4770 3192 4827 moneri
3220 4788 3423 4843 passus
3469 4776 3554 4826 est
3591 4772 3688 4826 Vir
3740 4788 3869 4826 san-

2158 4860 2300 4925 ctus,
2325 4860 2382 4912 et
2406 4855 2465 4911 id
2492 4858 2713 4913 consilii
2743 4859 2972 4916 reduxit
2999 4860 3069 4914 ad
3100 4859 3320 4932 praxim
3339 4860 3462 4931 jam
3486 4858 3623 4914 inde
3652 4858 3724 4913 ab
3754 4859 3868 4914 hoc

2159 4961 2352 5017 opere,
2389 4945 2449 5000 in
2474 4961 2588 5017 quo
2618 4964 2678 5002 se
2701 4948 3143 5004 Manichaeorum
3172 4947 3481 5003 vanitatem
3510 4964 3629 5003 non
3658 4950 3866 5002 ornato

2156 5034 2453 5107 politoque
2481 5051 2766 5106 sermone,
2797 5038 2892 5093 sed
2924 5037 3095 5093 rebus
3122 5036 3441 5092 manifestis
3465 5035 3866 5093 convicturum

2159 5138 2279 5178 esse
2308 5122 2633 5194 profitetur.

2227 5215 2280 5266 2.
2314 5213 2422 5266 Per
2450 5212 2508 5267 id
2547 5212 2717 5268 breve
2770 5213 3043 5285 temporis
3071 5214 3343 5285 spatium,
3390 5230 3505 5288 quo
3534 5215 3863 5284 Mediolani,

2157 5304 2540 5356 commoratus
2571 5305 2655 5356 est
2704 5302 3058 5373 Baptismum
3102 5307 3500 5375 percepturus,
3543 5304 3866 5360 scribendis

2156 5387 2586 5459 disciplinarum
2613 5390 2793 5461 libris,
2823 5397 2889 5447 ut
2909 5391 3176 5460 vidimus,
3205 5408 3442 5464 operam
3471 5391 3711 5454 dederat
3752 5395 3868 5448 Au-

2158 5476 2439 5547 gustinus.
2474 5478 2630 5534 Inter
2680 5479 2817 5534 alias
2846 5479 3269 5535 lucubrationes
3298 5479 3519 5553 aliquid
3547 5480 3620 5536 de
3649 5481 3864 5537 Musica

2157 5564 2347 5623 fuerat
2375 5582 2611 5623 exorsus
2655 5583 2669 5624 :
2704 5584 2903 5626 verum
2945 5585 3238 5641 regressus
3277 5569 3339 5626 in
3382 5570 3633 5627 Africam
3663 5587 3761 5627 sex
3790 5570 3860 5627 de
