4008 6184
169 309 264 361 165
1647 306 1858 362 LIBER
1896 306 2224 365 TERTIUS.

166 428 262 482 hoc
311 430 660 499 argumento
717 426 914 498 libros,
970 428 1068 500 qui
1117 433 1337 485 exstant
1388 428 1698 501 hodieque,
1743 431 1878 500 post

165 518 507 588 opusculum
530 518 601 572 de
624 517 827 572 Genesi
849 518 1175 588 composuit
1196 519 1449 589 (Retract.
1474 519 1610 573 libro
1641 522 1688 585 1,
1714 532 1871 587 capp.

160 610 206 674 6,
234 607 343 674 11).
384 607 518 661 Illos
549 611 744 660 autem
777 606 952 660 libros
989 607 1152 678 quasi
1181 608 1494 679 proludens
1526 606 1750 679 scripsit
1778 622 1879 678 per

159 695 361 762 otium,
396 711 512 766 quo
547 695 670 766 jam
700 694 954 766 primum
983 696 1283 751 fruebatur
1301 698 1496 767 (Epist.
1522 699 1640 760 101,
1681 713 1736 750 n.
1771 696 1874 764 3.),

156 789 204 838 et
230 783 290 838 in
319 801 527 838 eorum
557 783 826 854 gratiam,
858 784 958 854 qui
989 801 1118 840 cum
1147 786 1298 840 bono
1330 785 1562 856 ingenio
1598 785 1873 840 divinitus

155 873 352 927 donati
403 873 541 940 sint,
592 873 1069 946 politioribusque
1100 875 1302 929 litteris
1356 875 1554 942 dediti,
1589 874 1879 929 erroribus

154 962 347 1016 saeculi
381 961 810 1033 praestigiisque
840 962 1226 1034 implicantur,
1263 967 1320 1018 et
1347 965 1621 1034 praeclara
1650 961 1883 1034 ingenia

155 1050 205 1104 in
231 1050 416 1121 nugis
447 1055 774 1119 conterunt,
807 1053 1066 1123 quamvis
1098 1053 1243 1125 quid
1270 1053 1330 1107 in
1362 1053 1435 1107 iis
1458 1053 1698 1108 delectet
1726 1052 1882 1123 igno-

154 1144 304 1193 rent:
345 1155 486 1193 cnm
516 1145 731 1202 tamen.
771 1141 817 1194 si
861 1142 1014 1212 quod
1061 1141 1120 1196 in
1149 1147 1543 1197 creaturarum
1573 1141 1880 1196 harmonia

154 1227 252 1280 sibi
273 1228 500 1298 placet,
529 1235 932 1299 agnoscerent;
960 1229 1218 1285 viderent
1244 1248 1359 1302 qua
1381 1236 1438 1286 et
1456 1231 1556 1284 illa
1577 1229 1878 1296 lenocinia,

157 1316 367 1387 quibus
385 1316 752 1384 irretiuntur,
785 1318 1126 1389 effugerent,
1153 1324 1209 1374 et
1233 1319 1335 1374 ubi
1358 1321 1540 1374 beata:
1565 1318 1882 1374 securitatis

155 1411 200 1458 et
226 1405 526 1459 libertatis
574 1410 808 1476 portum
837 1412 1073 1477 possent
1105 1408 1356 1480 reperire
1391 1411 1488 1476 (De
1521 1410 1751 1475 Musica,
1786 1407 1878 1461 lib.

156 1496 200 1558 6,
241 1511 300 1547 η.
347 1496 426 1564 1).
466 1495 531 1548 In
561 1494 668 1549 hoc
711 1494 987 1550 nimirum
1026 1513 1198 1567 opere
1246 1497 1496 1552 intendit
1547 1497 1878 1552 ostendere,

159 1597 419 1652 quonam
459 1586 628 1653 pacto
657 1599 688 1636 a
717 1583 1086 1638 mutabilibus
1131 1586 1406 1653 numeris,
1440 1585 1555 1640 sive
1588 1585 1881 1656 corporeis

156 1671 268 1724 sive
315 1671 742 1741 spiritualibus,
786 1673 853 1726 ad
904 1673 1289 1729 immutabiles
1337 1690 1610 1729 numeros
1653 1674 1712 1727 in
1758 1675 1880 1728 sola

154 1759 516 1815 immutabili
546 1760 784 1815 veritate
825 1761 1147 1830 existentes,
1176 1763 1522 1834 quibusdam
1545 1763 1718 1818 veluti
1745 1780 1876 1834 gra-
1929 1773 1942 1783 '

151 1847 319 1902 dibus
354 1848 752 1919 perveniatur,
785 1853 841 1903 et
879 1849 957 1903 sic
1002 1849 1314 1905 invisibilia
1345 1851 1468 1919 Dei,
1499 1867 1604 1922 per
1652 1867 1717 1905 ea
1746 1867 1876 1922 quae

149 1935 300 1990 facta
337 1940 499 2005 sunt,
546 1936 835 1992 intellecta
863 1938 1306 2009 conspiciantur.
1339 1939 1450 1994 Sed
1487 1939 1548 1994 id
1578 1956 1694 1994 non
1724 1956 1874 2010 pra:-

151 2031 262 2080 stat
296 2026 412 2080 nisi
445 2026 508 2080 in
530 2031 688 2080 sexto
719 2026 886 2094 libro,
918 2027 978 2081 in
1000 2044 1114 2098 quo
1134 2032 1219 2082 est
1247 2028 1431 2083 omnis
1461 2029 1678 2082 fructus
1703 2034 1872 2083 caete-

147 2133 357 2171 rorum
396 2117 618 2189 quique
648 2117 896 2171 maxime
925 2118 1241 2172 celebratus
1274 2118 1401 2185 fuit,
1435 2119 1587 2190 quod
1615 2135 1705 2172 res
1731 2119 1876 2174 scitu

145 2205 532 2276 dignissimas
568 2205 980 2276 complectatur
1012 2207 1155 2276 ((Ep.
1190 2208 1311 2274 101,
1339 2223 1393 2260 n.
1421 2205 1499 2277 4).
1526 2207 1589 2260 In
1619 2206 1874 2278 quinque

145 2294 456 2366 prioribus
478 2294 626 2349 circa
643 2311 912 2349 numeros
934 2295 1004 2349 ad
1025 2311 1216 2349 moras
1239 2299 1562 2365 temporum
1584 2295 1874 2366 pertinen-

142 2390 257 2450 tes,
291 2401 444 2455 quos
475 2384 774 2454 rhythmos
802 2384 1069 2455 appellat,
1093 2383 1451 2439 immoratur.
1480 2385 1544 2438 Et
1558 2383 1620 2438 hi
1640 2383 1874 2455 quidem

142 2473 285 2527 libri
320 2473 669 2527 difﬁcillime
697 2472 1118 2543 intelliguntur.
1143 2472 1495 2544 Augustinus
1519 2473 1641 2542 ipse
1667 2473 1876 2527 fatetur

144 2561 446 2632 plurimos
475 2561 620 2626 fore,
642 2561 740 2633 qui
772 2578 866 2616 eos
888 2565 950 2615 ut
969 2561 1220 2632 pueriles
1239 2578 1420 2632 nugas
1439 2561 1694 2616 habituri
1719 2561 1834 2616 sint
1856 2578 1868 2616 :

145 2656 355 2721 sperat
381 2655 582 2704 tamen
609 2651 752 2705 alios
781 2651 1024 2705 arduum
1053 2651 1205 2706 hunc
1234 2651 1488 2704 laborem
1521 2651 1672 2722 aequi
1704 2651 1872 2704 boni-

143 2757 268 2811 que
300 2739 595 2795 facturos:
633 2740 800 2806 Quem
825 2755 930 2794 non
955 2741 1018 2794 ob
1049 2741 1205 2794 aliud
1224 2740 1630 2809 suscipiendum
1655 2741 1876 2809 putavi-

138 2844 290 2895 mus,
327 2829 525 2900 inquit
552 2828 891 2899 praefatione
921 2828 981 2882 in
1013 2833 1233 2884 sextum
1262 2829 1498 2897 librum,
1527 2831 1713 2882 nisiut
1742 2829 1875 2883 ado-

139 2921 427 2983 lescentes,
463 2919 548 2972 vel
563 2918 850 2986 cujuslibet
868 2920 1046 2974 atatis
1075 2919 1333 2982 homines,
1357 2934 1488 2987 quos
1505 2919 1636 2973 bono
1660 2921 1872 2985 ingenio

138 3007 376 3062 donarit
409 3009 573 3074 Deus,
605 3024 711 3061 non
735 3023 1095 3077 prazpropere,
1123 3006 1217 3061 sed
1254 3007 1582 3076 quibusdam
1606 3006 1872 3073 gradibus

137 3115 174 3150 ιι
201 3096 462 3152 sensibus
488 3098 671 3150 carnis
688 3101 850 3166 atque
868 3096 1179 3150 carnalibus
1197 3097 1418 3162 litteris,
1447 3095 1643 3163 quibus
1669 3110 1752 3150 eos
1769 3111 1875 3149 non

137 3187 350 3240 han-ere
376 3186 613 3253 difﬁcile
639 3189 737 3251 est,
770 3185 902 3239 duce
933 3186 1142 3239 ratione
1171 3185 1555 3251 avellerentur;
1586 3189 1749 3254 atque
1778 3186 1876 3238 uni

138 3278 243 3330 Deo
276 3280 332 3328 et
369 3277 598 3329 Domino
645 3290 827 3328 rerum
873 3276 1129 3340 omnium,
1175 3276 1273 3342 qui
1310 3274 1560 3328 humanis
1608 3274 1874 3329 mentibus

137 3365 298 3418 nulla
323 3367 535 3417 natura
555 3365 878 3432 interposita
895 3362 1174 3432 prmsidet,
1191 3363 1647 3417 incommutabilis
1670 3364 1873 3417 verita-

142 3456 213 3507 tis
241 3469 439 3506 amore
467 3453 906 3506 adliwrescerent.
937 3453 1060 3507 Illos
1088 3454 1263 3518 igitur
1292 3452 1458 3506 libros
1489 3453 1586 3521 qui
1611 3453 1765 3519 leget,
1787 3454 1874 3506 in-

139 3545 326 3595 veniet
357 3556 456 3595 nos
487 3557 607 3595 cum
629 3542 1000 3609 grammaticis
1025 3545 1076 3595 et
1096 3542 1316 3610 poeticis
1345 3543 1564 3607 animis,
1591 3555 1695 3595 non
1717 3541 1873 3595 habi-

143 3631 313 3683 tandi
341 3631 620 3696 electione,
672 3629 766 3684 sed
806 3629 1107 3683 itincrandi
1143 3630 1456 3684 necessitate
1490 3634 1750 3684 versatos.
1784 3630 1878 3684 Ad

144 3719 292 3772 hunc.
313 3724 500 3772 autem
529 3719 729 3772 librum
755 3734 873 3772 cum
905 3721 1130 3784 venerit,
1171 3720 1240 3785 si,
1274 3723 1332 3773 ut
1374 3733 1528 3788 spero
1565 3723 1616 3773 et
1645 3721 1877 3788 supplex

143 3807 434 3877 deprecor,
466 3810 606 3861 Deus
638 3812 687 3860 et
717 3809 972 3861 Dominus
1005 3812 1185 3862 noster
1217 3810 1558 3877 propositum
1588 3823 1760 3862 meum
1784 3823 1875 3862 vo-

142 3897 237 3950 Iun
249 3901 533 3964 latamque
551 3895 952 3963 gubernaverit,
983 3901 1032 3949 et
1061 3912 1117 3950 eo
1139 3912 1242 3966 quo
1273 3901 1350 3950 est
1372 3899 1580 3951 intenta
1598 3896 1876 3966 perduxe-

140 3989 239 4049 rit,
278 3985 554 4050 intelliget
591 4001 696 4038 non
726 3987 853 4039 vilis
885 3987 1242 4054 possessionis
1271 4000 1381 4040 esse
1408 3986 1568 4040 vilem
1606 3986 1752 4039 viam
1779 4001 1877 4055 per

141 4090 312 4142 quam
342 4090 492 4127 nunc
527 4088 646 4127 cum
676 4074 1136 4140 imbecillioribus,
1168 4090 1262 4129 nec
1290 4090 1387 4128 nos
1433 4076 1548 4143 ipsi
1585 4074 1877 4128 admodum

139 4166 348 4228 fortes,
399 4161 686 4215 ambulare
726 4163 1038 4230 maluimus,
1074 4178 1238 4230 quam
1279 4164 1456 4216 minus
1483 4167 1745 4231 pennatos
1778 4178 1878 4232 per

143 4253 432 4304 liberiores
459 4265 632 4304 auras
659 4252 1025 4319 praecipitare.
1059 4255 1144 4306 Ita
1169 4266 1285 4317 nos,
1321 4255 1585 4320 quantum
1613 4251 1874 4318 arbitror,

141 4347 242 4394 aut
273 4341 442 4405 nihil,
476 4345 575 4393 aut
597 4355 701 4393 non
721 4341 949 4393 multum
973 4355 1221 4409 peccasse
1239 4339 1519 4409 judicabit
1537 4340 1626 4409 (De
1645 4342 1874 4406 Musica,

143 4431 182 4483 ι.
203 4434 327 4493 6,11.
353 4433 431 4499 1).
455 4429 696 4494 Asserit,
721 4445 815 4482 eos
829 4428 928 4499 qui
951 4429 1021 4482 ad
1046 4429 1360 4483 tenendum
1375 4427 1504 4496 iter,
1523 4428 1674 4499 quod
1688 4428 1748 4482 in
1771 4429 1877 4483 hoc

144 4535 322 4589 opere
355 4517 651 4589 patefacit,
675 4533 792 4571 non
816 4521 950 4572 sunt
970 4517 1106 4572 satis
1128 4517 1359 4583 eruditi,
1384 4516 1432 4570 si
1457 4520 1651 4572 tamen
1671 4533 1739 4571 ex
1763 4517 1873 4571 ﬁde

139 4606 273 4659 Jesu
296 4605 516 4659 Christi
534 4605 745 4671 vivant,
767 4605 914 4659 hanc
932 4605 1080 4660 viam
1099 4623 1215 4660 non
1236 4605 1500 4676 pedibus,
1519 4605 1616 4660 sed
1633 4605 1877 4659 charita-

141 4694 218 4747 tis
240 4694 453 4766 pennis
476 4693 770 4757 subnixos,
791 4695 1040 4765 quodam
1062 4694 1233 4749 modo
1253 4695 1498 4750 volando
1515 4694 1678 4749 facile
1695 4695 1874 4748 confi-

142 4799 294 4849 cere,
329 4799 400 4836 ac
420 4781 658 4836 tandem
689 4785 818 4852 post
846 4784 1016 4853 hujus
1034 4783 1164 4838 vitae
1180 4783 1546 4848 curriculum,
1582 4783 1652 4837 ad
1682 4784 1872 4837 locum

143 4887 262 4942 quo
293 4872 400 4926 illa
417 4870 604 4940 ducit,
627 4871 847 4925 cateris
870 4872 1080 4926 certius
1103 4877 1274 4943 atque
1295 4871 1516 4927 felicius
1537 4873 1872 4943 pervenire;

138 4977 273 5015 cum
321 4961 366 5016 ii
409 4959 515 5032 qui
543 4959 666 5014 haec
698 4959 1020 5032 intelligere
1061 4964 1322 5032 possunt,
1357 4960 1404 5015 si
1434 4961 1580 5016 desit
1620 4961 1702 5015 eis
1731 4961 1874 5016 ﬁdes

137 5050 501 5117 Hediatoris,
539 5066 671 5107 cum
704 5053 822 5104 tota
857 5050 1093 5104 scientia
1123 5067 1225 5105 sua
1257 5049 1578 5104 miserrime
1608 5054 1867 5120 pereant.

141 5141 256 5194 Hos
287 5141 361 5194 de
405 5138 622 5193 Musica
662 5139 840 5193 libros
886 5139 1193 5194 Memorius
1224 5139 1526 5211 episcopus
1556 5138 1625 5192 ab
1671 5140 1868 5208 Augu-

139 5229 296 5283 stino
330 5227 653 5300 flagitavit:
690 5227 790 5300 qui
835 5228 888 5282 ei
930 5245 1032 5300 per
1061 5228 1394 5284 Possidium
1436 5227 1775 5294 rescribens,
1809 5241 1871 5280 se

138 5317 215 5370 ad
258 5335 357 5373 eos
407 5316 807 5372 emendandos
849 5318 1104 5372 nondum
1155 5334 1383 5372 vacasse
1431 5315 1757 5388 respondit;
1808 5332 1872 5370 ac

137 5412 362 5461 sextum
394 5407 589 5461 solum
621 5405 800 5473 misit,
831 5423 1003 5478 quem
1032 5406 1395 5479 recognitum
1434 5409 1491 5459 et
1527 5404 1868 5475 castigatum

138 5497 372 5566 rapuit,
405 5510 660 5568 quemve
689 5511 871 5549 unum
903 5495 1171 5551 censebat
1201 5495 1445 5567 dignum
1477 5494 1577 5566 qui
1607 5493 1866 5548 mittere-

131 5600 228 5638 nr.
277 5586 451 5640 Addit
491 5583 604 5638 sibi
643 5583 819 5638 fuisse
866 5583 927 5639 in
957 5583 1176 5658 animo,
1221 5587 1435 5656 praeter
1482 5599 1580 5638 sex
1617 5581 1748 5638 illos
1777 5582 1847 5637 de

3591 320 3689 372 166

1987 430 2276 501 Rhythmo
2317 431 2513 502 libros,
2555 448 2648 486 sex
2676 432 2817 487 alios
2849 433 2918 488 de
2949 435 3112 503 Melo,
3145 451 3276 491 cum
3318 441 3518 494 nactus
3548 445 3699 495 esset

1987 518 2192 587 otium,
2237 521 2630 575 conscribere:
2681 538 2882 576 verum
2932 539 2998 576 ex
3039 540 3150 595 quo
3190 525 3262 580 ad
3307 528 3688 582 sacerdotium

1993 613 2296 678 provectus
2325 610 2835 665 ecclesiasticarum
2870 628 3139 667 curarum
3169 630 3314 668 onus
3349 616 3689 683 sustinebat,

1989 713 2189 752 omnes
2220 699 2345 753 illas
2393 699 2623 754 delicias
2658 716 2688 754 e
2720 701 2985 755 manibus
3016 702 3226 773 fugisse
3275 704 3472 774 (Epist.
3527 706 3678 776 101).

2059 787 2109 840 3.
2146 787 2296 841 Libri
2327 788 2397 843 de
2427 789 2693 860 Magistro
2723 807 2896 860 supra
2929 791 3314 860 meminimus,
3346 793 3407 848 in
3437 810 3552 864 quo
3583 797 3692 848 Au-

1989 875 2250 944 gustinus
2279 893 2409 930 cum
2449 877 2567 932 [ilio
2605 879 2892 933 Adeodato
2925 880 3196 950 loquitur,
3232 887 3584 955 testaturque
3627 884 3690 937 il-

1988 963 2098 1017 lius
2131 979 2250 1018 esse
2273 981 2437 1020 sensa
2468 967 2679 1034 omnia,
2714 984 2842 1039 quas
2880 969 3216 1024 inseruntur
3240 970 3319 1024 ibi
3351 987 3412 1025 ex
3447 988 3691 1041 persona

1989 1052 2114 1122 filii,
2143 1055 2402 1123 quamvis
2430 1059 2565 1109 tunc
2597 1072 2777 1109 annos
2809 1057 3092 1110 sexdecim
3126 1059 3486 1113 solummodo
3519 1065 3687 1114 natus

1989 1145 2133 1194 esset
2165 1140 2423 1212 (Con/“ess.
2453 1145 2547 1198 lib.
2579 1148 2631 1210 9,
2664 1161 2782 1214 cap.
2817 1147 2869 1215 6,
2896 1162 2951 1199 η.
2992 1148 3094 1215 14).
3135 1147 3288 1201 Unde
3318 1148 3583 1218 colligere
3615 1148 3690 1202 li—

1989 1234 2098 1299 cet,
2130 1229 2340 1285 librum
2370 1233 2521 1286 hunc
2558 1234 2832 1303 scriptum
2872 1233 3044 1289 fuisse
3073 1251 3266 1289 versus
3317 1236 3566 1291 medium
3595 1253 3692 1291 an-

1990 1335 2130 1373 num
2173 1321 2635 1376 trecentesimum
2667 1322 3082 1393 octogesimum
3130 1341 3384 1392 nonum;
3431 1326 3689 1396 quando-

1991 1407 2223 1478 quidem
2261 1410 2590 1465 Adeodatus
2633 1424 2916 1465 annorum
2955 1417 3075 1466 erat
3116 1413 3297 1467 ferme
3339 1414 3688 1484 quindecim,

1989 1513 2120 1550 cum
2145 1499 2498 1569 Baptismum
2521 1515 2670 1553 anno
2696 1500 2904 1555 Christi
2930 1503 3322 1556 trecentesimo
3344 1503 3691 1574 octogesimo

1989 1585 2254 1656 septimo,
2288 1591 2484 1642 octavo
2514 1588 2791 1643 kalendas
2821 1591 2958 1644 maii
2987 1591 3242 1662 percepit
3270 1593 3482 1663 (Ibid).
3522 1593 3584 1647 In
3623 1609 3690 1647 eo

1987 1673 2133 1728 libro
2163 1691 2223 1728 re
2260 1676 2511 1731 discussa
2549 1678 2855 1749 diligenter
2895 1684 2951 1733 et
2993 1681 3232 1750 quaesita
3270 1681 3569 1752 comperit,
3603 1698 3692 1735 ve-

1987 1779 2116 1817 rum
2163 1765 2323 1819 nobis
2369 1766 2704 1837 magistrum
2735 1783 2853 1820 non
2903 1784 3024 1822 esse
3064 1769 3163 1839 qui
3206 1769 3365 1823 docet
3397 1771 3689 1824 hominem

1988 1850 2305 1921 scientiam,
2339 1853 2449 1907 nisi
2481 1855 2662 1907 Deum
2693 1855 2946 1924 (Retract.
2972 1857 3065 1910 lib.
3104 1860 3150 1924 1,
3185 1873 3304 1925 cap.
3335 1858 3437 1927 12).

2057 1942 2108 1995 4.
2143 1943 2300 1996 Tunc
2320 1941 2490 1996 etiam
2515 1943 2724 1997 librum
2751 1944 2819 1997 de
2842 1945 2985 1997 Vera
3008 1944 3306 2015 Religione
3329 1945 3686 2018 conscripsit,

1984 2030 2047 2083 in
2073 2047 2185 2102 quo
2216 2031 2410 2085 multis
2439 2031 2755 2086 rationibus
2772 2032 2894 2086 fuse
2911 2033 3265 2087 demonstrat
3283 2049 3464 2088 unum
3493 2051 3689 2089 verum

1986 2122 2187 2185 Deum,
2221 2119 2278 2174 id
2309 2124 2413 2187 est,
2455 2119 2814 2187 Trinitatem,
2846 2123 3072 2175 Patrem
3103 2125 3156 2176 et
3190 2122 3395 2176 Filium
3425 2127 3482 2177 et
3512 2123 3690 2194 Spiri-

1985 2215 2108 2265 tum
2137 2213 2396 2262 sanctum
2427 2208 2707 2279 religione
2736 2225 2870 2264 vera
2899 2211 3238 2278 colendum;
3270 2227 3373 2264 nec
3404 2227 3521 2265 non
3560 2211 3689 2266 inti-

1986 2300 2107 2354 nita
2133 2297 2234 2353 Dei
2262 2297 2655 2352 misericordia
2686 2315 2897 2366 veram,
2926 2300 3033 2354 hoc
3063 2305 3168 2368 est,
3205 2300 3576 2355 christianam
3603 2318 3692 2354 re-

1984 2388 2282 2459 ligionem,
2305 2402 2407 2457 per
2432 2387 2806 2457 temporalem
2836 2387 3322 2458 dispensationem
3345 2393 3400 2442 et
3427 2388 3690 2443 incarna-

1985 2477 2202 2532 tionem
2270 2477 2400 2530 Jesu
2473 2475 2701 2541 Christi,
2761 2475 3092 2531 hominibus
3154 2493 3277 2532 esse
3342 2493 3686 2532 concessam.

1984 2565 2243 2620 Ostendit
2284 2564 2499 2635 pariter
2536 2565 3023 2635 quemadmodum
3051 2566 3225 2620 homo
3251 2566 3424 2636 hujus
3457 2566 3687 2636 religio-

1980 2654 2068 2710 nis
2119 2653 2406 2708 sanctitati
2442 2653 2617 2708 vitam
2666 2671 2827 2709 suam
2874 2661 3069 2726 aptare
3109 2660 3386 2710 teneatur.
3439 2655 3679 2712 Maxime

1985 2759 2115 2798 vero
2156 2744 2296 2798 duas
2325 2741 2768 2798 Manichaeorum
2799 2748 3051 2812 naturas,
3075 2744 3190 2798 sive
3217 2744 3449 2798 illorum
3470 2745 3539 2798 de
3569 2744 3678 2798 ori-

1983 2831 2116 2900 gine
2144 2849 2206 2886 ac
2225 2836 2429 2886 natura
2456 2832 2594 2885 mali
2617 2848 2870 2886 errorem
2898 2832 2990 2885 hic
3007 2832 3149 2886 liber
3172 2831 3479 2902 impugnat
3497 2833 3683 2902 (Ibid.

1982 2937 2102 2990 cap.
2134 2924 2219 2987 l3,
2261 2937 2323 2975 η.
2364 2921 2438 2989 1).
2471 2921 2575 2974 Vix
2606 2920 2719 2974 ulla
2748 2925 2834 2974 est
2861 2919 3326 2974 lucubrationum
3357 2921 3686 2990 Augustini,

1982 3025 2111 3080 quae
2143 3009 2214 3063 ad
2253 3008 2405 3063 illius
2432 3008 2785 3063 incredibilis
2830 3008 3051 3079 ingenii
3089 3009 3549 3078 magnitudinem
3584 3008 3681 3062 de-

1983 3098 2416 3153 monstrandam
2440 3098 2572 3168 plus
2601 3100 2804 3152 valeat.
2838 3097 2992 3152 Nihil
3018 3097 3173 3151 enim
3203 3097 3580 3152 admiratione
3611 3096 3689 3151 di-

1983 3203 2163 3257 gnum
2194 3188 2279 3241 vel
2309 3187 2659 3257 stupendum
2689 3186 2892 3257 magis,
2926 3202 3100 3258 quam
3129 3184 3423 3241 hominem
3457 3185 3688 3256 religio-

1992 3274 2082 3329 nis
2119 3274 2445 3329 christiana:
2481 3275 2765 3345 mysteriis
2793 3291 2990 3329 recens
3024 3275 3332 3340 imbutum,
3366 3289 3468 3329 nec
3507 3273 3690 3328 adhuc

1985 3364 2098 3418 alio
2131 3380 2305 3436 quam
2345 3363 2552 3418 Fidelis
2582 3363 2817 3418 nomine
2858 3363 2917 3417 iu
2957 3363 3201 3418 Ecclesia
3239 3363 3587 3428 decoratum,
3619 3363 3688 3417 de

1989 3453 2181 3508 divina
2229 3453 2327 3507 illa
2381 3452 2662 3523 religione
2706 3457 2824 3506 tam
2872 3451 3076 3506 eximie
3119 3451 3415 3517 disserere,
3450 3456 3506 3504 et
3546 3451 3687 3505 adeo

1987 3541 2278 3613 egregiam
2305 3541 2457 3595 illius
2483 3541 2776 3612 dignitatis
2808 3557 2871 3594 ac
2888 3539 3235 3594 excellentia:
3255 3539 3569 3608 imaginem
3586 3539 3688 3592 de-

1986 3631 2227 3702 pingere
2266 3629 2541 3700 potuisse.
2588 3631 2654 3683 In
2696 3629 2802 3683 hoc
2845 3629 2990 3682 libro
3021 3632 3252 3682 cunctos
3278 3627 3540 3682 homines
3579 3627 3683 3680 ali-

1986 3719 2216 3792 quando
2236 3718 2559 3789 compellat,
2589 3717 2650 3770 iu
2679 3715 2881 3788 primis
2906 3721 3099 3771 tamen
3120 3715 3536 3771 Romanianum
3557 3716 3692 3769 allo-

1987 3808 2201 3880 quitur,
2234 3807 2326 3861 cui
2346 3812 2477 3861 ante
2505 3807 2724 3878 aliquot
2746 3821 2946 3871 annos,
2970 3822 3122 3859 anno
3165 3805 3443 3859 nimirum
3471 3809 3691 3858 trecen-

1987 3897 2188 3951 tesimo
2216 3894 2560 3966 octogesimo
2601 3897 2778 3960 sexto,
2812 3893 3068 3964 aliquam
3098 3894 3204 3947 hac
3231 3893 3300 3948 de
3341 3910 3400 3947 re
3432 3893 3689 3964 disputa-

1984 3986 2202 4040 tionem
2223 4002 2280 4039 se
2313 3985 2622 4038 missurum
2651 3983 2989 4054 promiserat
3010 3985 3101 4052 (De
3124 3985 3260 4039 Vera
3281 3984 3450 4050 Relig.
3465 4024 3479 4049 ,
3500 3999 3555 4037 n.
3576 3983 3683 4053 12).

1988 4074 2263 4129 Evodium
2295 4073 2490 4127 multis
2522 4076 2654 4144 post
2681 4071 2847 4126 annis
2885 4071 3124 4125 remittit
3154 4072 3222 4125 ad
3261 4071 3412 4125 hunc
3448 4071 3682 4129 librum.

1988 4167 2047 4218 ut
2086 4165 2155 4218 de
2203 4161 2518 4233 quaestione
2563 4163 2712 4215 circa
2769 4160 2869 4214 Dei
2919 4160 3280 4214 existentiam
3329 4159 3549 4214 ratione
3593 4160 3690 4213 ad-

1985 4253 2316 4308 struendam
2360 4253 2538 4324 probe
2574 4251 2792 4323 judicet
2827 4253 3008 4320 Epist.
3060 4253 3179 4316 l62,
3211 4265 3268 4304 n.
3324 4250 3397 4319 2).
3434 4249 3588 4303 Idem
3621 4248 3689 4304 li-

1984 4343 2086 4397 ber
2114 4343 2265 4396 inter
2298 4342 2403 4395 hos
2432 4341 2687 4412 quinque
2715 4339 3106 4394 numerandus
3145 4342 3246 4402 est,
3280 4353 3423 4408 quos
3453 4337 3690 4409 Alypius

1985 4431 2055 4485 ad
2103 4430 2408 4485 Paulinum
2450 4430 2607 4484 misit
2660 4445 2811 4483 anno
2864 4426 3262 4482 trecentesimo
3317 4427 3690 4496 nonagesimo

1984 4521 2186 4588 quarto
2219 4519 2415 4589 (Epist.
2451 4521 2542 4585 25,
2580 4533 2638 4571 n.
2695 4517 2768 4587 l.)
2818 4514 3245 4570 Romanianum
3275 4531 3507 4585 quoque
3556 4515 3690 4569 libri

1983 4607 2154 4679 hujus
2184 4623 2215 4660 a
2243 4623 2301 4660 se
2327 4605 2462 4660 editi
2504 4604 2803 4660 certiorem
2841 4603 2975 4658 facit
3002 4602 3365 4673 'Augustinus
3408 4618 3511 4673 per
3540 4604 3689 4658 litte-

1984 4711 2074 4749 ras
2103 4695 2176 4749 ad
2199 4709 2332 4747 eum
2359 4709 2426 4748 ex
2455 4692 2656 4748 itinere
2688 4691 2944 4761 scriptas,
2979 4706 3108 4744 cum
3137 4692 3460 4762 Tagastam,
3507 4709 3541 4746 a
3575 4707 3687 4762 qua

1983 4783 2124 4838 urbe
2155 4783 2446 4838 absentem
2478 4798 2535 4836 se
2566 4797 2685 4834 esse
2715 4780 3015 4851 significat,
3049 4785 3197 4834 esset
3225 4780 3566 4851 propediem
3599 4797 3686 4833 re-

1983 4871 2226 4926 diturus.
2279 4872 2421 4925 Eum
2475 4869 2864 4925 Romanianus
2903 4868 3170 4939 prosperi
3215 4884 3408 4924 rerum
3451 4885 3686 4923 suarum

1982 4959 2166 5013 exitus
2195 4958 2533 5030 participem
2554 4958 2805 5012 fecerat:
2837 4973 2950 5028 quo
2981 4957 3184 5011 nuntio
3218 4957 3442 5011 etiamsi
3465 4958 3691 5010 laetatur

1981 5049 2352 5119 Augustinus,
2400 5063 2534 5102 eum
2565 5051 2757 5101 tamen
2785 5047 3078 5114 admonet,
3122 5051 3186 5101 ut
3230 5047 3398 5101 fluxas
3428 5043 3686 5100 felicitati

1981 5137 2218 5192 minime
2249 5135 2514 5202 conﬁdat,
2540 5139 2595 5190 et
2623 5137 2805 5190 multo
2829 5135 3022 5190 minus
3045 5135 3355 5202 inhaereat;
3384 5135 3479 5188 sed
3503 5132 3682 5187 otium

1981 5225 2089 5280 sibi
2113 5224 2387 5280 divinitus
2415 5224 2611 5279 datum
2647 5225 2719 5279 ad
2756 5229 2969 5279 aeterna
3008 5225 3162 5280 bona
3191 5223 3374 5294 magis
3403 5237 3466 5276 ac
3497 5220 3684 5291 magis

1979 5314 2288 5387 quaerenda
2316 5313 2572 5367 conferat
2605 5313 2816 5384 (Epist.
2859 5315 2963 5382 15).

2050 5407 2100 5458 5.
2133 5403 2220 5458 Ad
2271 5403 2572 5474 Tagastam
2624 5403 2920 5457 habitabat
2957 5401 3110 5455 haud
3157 5398 3328 5454 dubie
3382 5414 3450 5452 eo
3496 5397 3685 5452 adhuc

1973 5497 2254 5564 tempore,
2307 5508 2420 5564 quo
2477 5492 2548 5546 ad
2613 5492 2919 5546 Maximum
2967 5489 3399 5545 Madaurensem
3450 5487 3684 5559 scripsit

1979 5581 2175 5652 (Epist.
2213 5581 2314 5652 l7).
2348 5581 2488 5635 Nam
2513 5581 2612 5636 illa
2639 5597 2768 5652 quae
2807 5579 2915 5651 ipsi
2954 5593 3085 5633 cum
3112 5577 3218 5632 hoc
3247 5576 3473 5632 ethnico
3509 5576 3679 5634 fuisse
