4008 6184
360 275 458 328 t6?

349 396 602 452 cernitur
629 394 1001 461 consuetudo,
1027 409 1143 448 non
1165 392 1275 448 alia
1289 391 1402 448 nisi
1424 390 1728 446 vicinitatis
1754 390 2051 446 occasione

348 487 551 541 oborta
590 502 709 541 esse
758 485 1001 540 videtur.
1058 483 1325 539 Madaura
1370 482 1584 553 quippe
1634 485 1757 535 erat
1797 481 2049 550 Tagaslm

351 574 597 629 tinitima
628 575 884 644 (Confess.
916 573 1008 629 lib.
1031 574 1084 640 2,
1110 587 1229 641 cap.
1255 574 1307 637 3,
1337 587 1392 625 n.
1422 574 1492 639 5).
1533 568 1744 623 Deinde
1772 584 1901 622 cum
1929 570 2053 621 nul-

348 663 471 719 lum
502 668 602 718 aut
639 663 997 734 episcopatus
1029 665 1127 716 aut
1168 660 1594 732 presbyteratus
1619 658 1741 728 ejus
1771 661 1952 711 exstet
1992 656 2050 710 in

350 769 416 808 ea
451 752 757 824 vestigium
785 769 798 817 ;
841 757 1013 823 atque
1043 751 1215 805 etiam
1253 748 1540 803 idolorum
1573 747 1779 811 cultus,
1816 744 1916 817 qui
1946 746 2050 799 sub

350 841 578 897 initium
605 841 742 896 anni
765 839 1148 896 trecentesimi
1171 835 1529 908 nonagesimi
1551 834 1722 904 primi
1742 836 2052 905 Imperato-

351 946 480 986 rum
510 930 635 1001 lege
666 929 873 984 vetitus
899 927 1024 994 fuit,
1057 927 1242 981 adhuc
1270 925 1535 996 publicus
1565 924 1732 993 foret,
1758 928 1818 979 ut
1837 923 2048 995 passim

351 1019 432 1074 ibi
457 1018 840 1090 significatur;
873 1016 1007 1071 inde
1030 1016 1159 1070 licet
1194 1014 1401 1070 inferre
1432 1014 1701 1085 scriptam
1729 1013 1901 1068 fuisse
1927 1012 2049 1083 epi-

352 1108 553 1162 stolam
583 1123 731 1160 anno
763 1104 1165 1161 trecentesimo
1196 1103 1591 1174 nonagesimo.
1623 1101 1921 1171 Maximus,
1949 1100 2050 1173 qui

350 1195 757 1266 grammaticus
800 1198 1185 1265 nuncupatur,
1225 1194 1415 1263 palam
1446 1191 1823 1263 profitebatur
1851 1207 2048 1261 super-

349 1284 640 1339 stitionem
707 1283 1013 1349 ethnicam,
1071 1282 1163 1336 cui
1215 1281 1609 1337 Madaurenses
1663 1279 1870 1345 adhue,
1930 1279 2048 1333 imo

349 1372 522 1427 etiam
569 1372 762 1427 multis
809 1375 940 1442 post
978 1371 1162 1437 annis,
1222 1374 1387 1423 erant
1449 1384 1798 1440 magnopere
1852 1367 2046 1432 dediti,

348 1461 609 1533 quamvis
647 1459 1074 1516 Catholicorum
1120 1457 1355 1514 'ccclesia
1379 1457 1498 1528 jam
1529 1461 1651 1512 tum
1679 1461 1825 1511 esset
1857 1456 1958 1511 illo
1988 1456 2048 1510 in

348 1550 560 1621 oppido
589 1549 917 1604 constituta.
968 1548 1338 1602 Ethnicorum
1368 1547 1465 1602 ille
1495 1563 1686 1601 errore
1716 1550 2047 1617 occupatus,

349 1638 409 1693 in
439 1655 540 1693 sua
563 1639 634 1693 ad
663 1637 1047 1709 Augustinum
1075 1636 1316 1708 epistola
1346 1652 1524 1690 unum
1552 1637 1731 1689 Deum
1758 1651 2047 1689 summum

348 1728 470 1782 sine
518 1727 704 1794 initio,
737 1727 899 1798 cujus
943 1725 1183 1781 diversa:
1222 1725 1458 1780 virtutes
1487 1729 1545 1780 et
1580 1724 1845 1795 quaedam
1875 1724 2050 1779 veluti

350 1815 607 1870 membra
643 1815 831 1869 caeteri
886 1814 967 1869 dii
1005 1813 1141 1875 sint,
1191 1813 1464 1885 agnoscit.
1499 1814 1621 1868 Mox
1646 1813 1791 1883 locis
1820 1812 2049 1867 insulsis

348 1909 405 1960 et
431 1904 656 1975 frigidis
685 1904 1068 1976 quorumdam
1101 1908 1417 1975 martyrum
1450 1902 1909 1958 Madaurensium
1948 1919 2050 1957 no-

347 1992 505 2048 mina
551 1993 890 2048 insectatur:
938 1992 1147 2064 quibus
1177 1996 1368 2046 tamen
1409 1993 1605 2046 Jovem
1644 2008 1808 2046 suum
1854 1991 2047 2047 fulmi-

348 2086 603 2148 nantem,
656 2081 1019 2152 aliorumque
1078 2081 1315 2136 deorum
1363 2080 1776 2135 immortalium
1818 2081 2047 2135 turbam

344 2172 643 2242 postponi,
674 2171 763 2225 vel
810 2170 1020 2225 invitus
1058 2170 1285 2225 fatetur.
1318 2170 1433 2225 Sub
1474 2171 1597 2224 hmo
1628 2170 1780 2224 velut
1808 2169 2047 2225 deorum

349 2276 584 2315 suorum
609 2259 907 2314 veritatem
935 2262 1254 2313 asserturus
1278 2258 1456 2327 addit,
1488 2275 1586 2313 eos
1613 2262 1671 2313 et
1694 2258 1885 2331 palam
1914 2258 2043 2325 coli,

347 2353 406 2404 et
435 2347 690 2403 victimas
735 2347 798 2402 in
852 2347 1032 2402 oculis
1085 2346 1345 2402 omnium
1382 2347 1496 2401 illis
1543 2347 1873 2416 immolari;
1915 2363 2047 2402 cum

348 2437 652 2493 Christiani
673 2438 854 2492 Deum
883 2453 1051 2491 suum
1074 2436 1134 2491 in
1169 2436 1307 2491 locis
1335 2436 1543 2491 abditis
1571 2441 1912 2508 praesentem
1934 2454 1968 2491 a
1987 2454 2046 2492 se

347 2526 503 2581 cerni
523 2530 863 2581 asseverent.
901 2527 1168 2581 Hortatur
1196 2525 1389 2597 itaque
1410 2526 1811 2597 Augustinum,
1836 2530 1898 2581 ut
1916 2531 2048 2596 post

345 2614 839 2685 positapaululum
852 2612 1117 2668 facundia
1129 2629 1429 2684 sua,quam
1442 2612 1702 2668 omnium
1716 2612 2045 2667 mortalium

244 2774 247 2775 ν
345 2704 497 2760 fama
526 2703 848 2759 celebrabat
872 2724 887 2771 ;
911 2702 1135 2757 omissis
1162 2702 1355 2771 etiam,
1388 2702 1594 2774 quibus
1624 2718 1880 2774 pugnare
1909 2717 2044 2756 cou-

345 2796 622 2858 sueverat,
658 2791 836 2847 acutis
874 2796 930 2846 et
966 2790 1176 2863 pressis
1208 2790 1511 2862 Chrysippi
1542 2791 1931 2861 argumentis;
1964 2806 2048 2844 re-

344 2887 500 2937 mota
542 2881 791 2953 denique
823 2880 1135 2949 dialectica,
1167 2896 1298 2951 quas
1329 2880 1521 2934 omnia
1546 2880 1718 2934 efﬁcit
1746 2879 2047 2952 trqualiter

341 2968 682 3037 probabilia,
752 2968 1019 3040 quisnam
1080 2968 1154 3023 sit
1204 2967 1657 3025 Christianorum
1711 2970 1878 3039 Deus,
1936 2968 2040 3022 sibi

340 3071 537 3126 reapse
569 3055 920 3111 demonstret
951 3055 1151 3127 (Epist.
1200 3057 1303 3126 t6).
1352 3056 1442 3111 Sic
1480 3056 1565 3111 illi
1599 3057 1908 3127 respondet
1942 3059 2047 3112 Au-

340 3141 626 3212 gustinus,
656 3145 836 3197 totam
865 3146 932 3196 ut
958 3142 1080 3212 ejus
1111 3142 1434 3213 epistolam,
1464 3144 1621 3198 velut
1644 3143 2043 3213 joculatoriam

338 3230 616 3300 accipiat;
649 3230 813 3300 quasi
843 3230 1306 3301 superstitionem
1334 3231 1619 3286 ethnicam
1649 3232 1894 3286 voluerit
1923 3232 2042 3303 ipse

339 3316 611 3373 cavillari.
658 3320 865 3373 Verum
896 3318 1317 3389 amplissimum
1350 3320 1548 3374 saltem
1590 3320 1943 3374 demonstrat
1971 3320 2041 3375 ab

338 3422 405 3461 eo
435 3406 541 3461 sibi
574 3407 762 3462 locum
796 3406 1073 3479 patefieri,
1105 3412 1171 3461 ut
1201 3408 1467 3463 ostendat
1494 3413 1710 3479 quanta
1741 3408 1800 3462 in
1843 3408 2040 3463 Ethni-

338 3512 540 3551 corum
571 3495 851 3568 religione
906 3497 1142 3552 ridenda
1184 3497 1319 3563 sint,
1369 3502 1565 3552 caveat
1606 3501 1798 3552 tamen
1846 3514 1918 3553 ne
1971 3498 2040 3553 de

336 3586 450 3640 Deo
470 3586 669 3656 jocose
710 3587 1021 3658 loquendo,
1055 3586 1115 3641 in
1145 3587 1509 3659 blasphemas
1537 3604 1702 3642 voces
1733 3592 1998 3658 erumpat
2023 3604 2036 3643 :

336 3679 615 3730 caeterum
644 3691 769 3731 rem
798 3692 917 3731 esse
948 3676 1097 3730 seria
1136 3675 1485 3731 discussione
1517 3676 1784 3747 dignam;
1818 3692 1877 3731 se
1909 3693 2039 3730 cum

339 3780 466 3818 eam
497 3764 591 3819 ille
618 3765 767 3819 serio
788 3765 991 3836 egerit,
1023 3781 1295 3836 responso
1326 3782 1439 3820 non
1468 3765 1796 3821 defuturum
1822 3782 1835 3821 :
1861 3765 2041 3837 jocari

342 3851 453 3906 sibi
496 3852 670 3906 modo
699 3869 804 3923 per
833 3853 1015 3907 otium
1061 3869 1176 3907 non
1209 3854 1377 3908 licere
1405 3871 1420 3921 ;
1458 3853 1614 3909 aliud
1644 3854 1798 3908 enim
1827 3855 2040 3909 amicos

334 3954 505 4011 posse
532 3940 665 4010 jure
695 3939 921 4010 exigere
950 3940 1015 3995 de
1040 3942 1360 4011 nostro,ait,
1388 3944 1685 4011 proposito.
1715 3941 1913 4015 (Epist.
1952 3947 2035 4011 l7,

334 4044 391 4084 n.
422 4029 496 4098 5).
529 4027 745 4093 Quibus
774 4027 962 4083 verbis
991 4029 1299 4084 monastica
1324 4028 1603 4100 professio
1635 4029 1724 4086 his
1756 4032 2029 4102 tempori-

339 4116 445 4172 bus
470 4115 766 4187 designari
792 4116 1029 4171 solebat.

405 4210 457 4262 6.
505 4205 807 4262 Caelestino
844 4205 1027 4260 amico
1073 4221 1175 4261 suo
1214 4206 1338 4278 jam
1381 4222 1511 4261 suas
1547 4206 1814 4262 adversus
1863 4208 2037 4264 Mani-

332 4296 519 4351 chasos
548 4295 974 4353 lucubrationes
1001 4294 1275 4366 legendas
1303 4295 1555 4352 miserat.
1589 4297 1745 4351 Hunc
1774 4297 2039 4368 perbrevi

332 4385 576 4455 epistola.
609 4385 681 4440 ab
711 4384 836 4456 ipso
867 4384 1014 4439 forte
1045 4389 1178 4439 ante
1207 4385 1690 4456 presbyteratum,
1717 4386 1879 4457 cujus
1907 4387 2036 4441 nul-

333 4473 454 4527 lum
491 4472 551 4527 in
577 4489 644 4527 ea
672 4472 969 4541 indicium,
998 4473 1152 4541 data,
1182 4476 1350 4543 rogat
1377 4473 1749 4544 Augustinus,
1780 4491 1853 4528 ne
1882 4474 2039 4529 diffe-

333 4565 422 4615 rat
458 4576 553 4615 eas
595 4562 919 4631 remittere;
967 4561 1356 4633 rescribatque
1398 4561 1536 4633 quid
1566 4562 1635 4618 de
1664 4561 1778 4617 illis
1806 4564 2034 4627 sentiat,

331 4649 540 4722 quidve
570 4649 630 4705 in
671 4650 743 4705 iis
767 4652 838 4707 ad
864 4652 1169 4708 haereticos
1201 4652 1338 4707 istos
1366 4650 1599 4722 penitus
1626 4653 2036 4723 expugnandos

331 4738 643 4795 desiderari
691 4741 1023 4811 comperiat.
1076 4742 1284 4814 Optare
1336 4757 1395 4795 se
1437 4739 1595 4812 dicit,
1649 4740 1773 4812 ejus
1800 4741 2036 4797 auribus

332 4827 632 4900 quidpiam
660 4826 885 4884 assidue
905 4828 1186 4899 ingerere,
1221 4835 1286 4886 ut
1310 4845 1369 4885 se
1402 4828 1679 4885 nimirum
1703 4847 2035 4902 supervaca-

331 4916 453 4971 neis
473 4915 625 4971 curis
644 4921 900 4985 exueret,
931 4934 997 4973 ac
1025 4919 1262 4974 utilibus
1292 4923 1351 4974 et
1377 4918 1713 4974 necessariis
1731 4919 2023 4979 indueret.

330 5006 537 5062 Omnia
573 5005 868 5061 christiani
897 5006 1149 5062 hominis
1183 5008 1369 5064 oflicia
1401 5024 1513 5064 uno
1551 5008 1633 5064 ibi
1666 5009 1835 5065 verbo
1874 5026 2034 5066 com-

329 5093 626 5165 plectitur:
651 5092 919 5148 infimum
940 5094 1151 5150 scilicet
1168 5095 1384 5152 bonum
1406 5113 1524 5153 non
1552 5097 1810 5169 diligere,
1834 5098 1893 5152 in
1919 5115 2034 5154 me-

334 5184 429 5240 dio
467 5200 564 5239 seu
597 5182 659 5238 in
694 5198 798 5238 suo
835 5183 990 5238 bono
1021 5200 1139 5238 non
1166 5182 1529 5257 insolescere,
1558 5203 1623 5241 ac
1649 5186 1729 5241 sic
1752 5187 1821 5242 ad
1852 5186 2034 5243 inhae-

338 5273 581 5329 rendum
599 5287 824 5328 summo
843 5271 995 5327 bono
1029 5271 1304 5329 idoneum
1328 5290 1386 5328 se
1410 5275 1667 5346 praebere
1700 5276 1897 5347 (Epist.
1925 5275 2031 5346 18.)

398 5367 452 5417 7.
491 5364 616 5419 Non
652 5362 879 5419 videtur
917 5362 978 5416 in
1014 5360 1173 5417 aliud
1212 5367 1440 5433 tempus
1476 5364 1779 5420 referenda
1805 5365 1929 5437 ejus
1960 5366 2033 5421 ad

329 5449 532 5506 Caium
566 5451 828 5525 epistola.
868 5451 969 5508 Hic
1005 5450 1244 5506 fortasse
1272 5451 1615 5508 Manichacus
1643 5457 1766 5509 erat
1794 5458 1893 5510 aut
1921 5456 2030 5511 Do-

331 5539 575 5596 natista:
624 5547 776 5599 certe
804 5559 840 5598 a
866 5541 1143 5599 catholico
1183 5540 1389 5597 Christi
1427 5557 1600 5613 grege
1635 5543 1900 5613 alienus;
1932 5543 2031 5599 sed

1570 266 1742 323 VITA
1782 264 1835 321 S.
1890 264 2275 323 AUGUSTINI
2330 266 2666 323 EPISCOPI.

3772 273 3880 326 168

2158 390 2205 445 is
2235 394 2451 461 tamen,
2483 390 2577 446 cui
2609 390 3040 447 misericordem
3073 391 3175 446 Dei
3205 390 3629 463 providentiam
3675 396 3877 463 Augu-

2160 479 2341 534 stinus
2359 485 2615 551 speraret
2636 479 2986 534 adfuturam.
3006 481 3067 534 ln
3084 479 3242 534 brevi
3263 480 3546 551 siquidem
3563 480 3877 553 colloquio,

2159 568 2312 640 quod
2338 585 2469 623 cum
2493 586 2561 623 eo
2590 569 2889 637 habuerat,
2923 569 3237 624 maximum
3270 568 3425 624 illius
3454 568 3517 623 in
3538 569 3878 641 vestiganda

2159 658 2399 713 veritate
2436 658 2699 713 ardorem
2738 658 3251 725 animadverterat;
3284 658 3603 729 plurimum
3641 676 3879 731 quoque

2160 747 2387 803 roboris
2425 765 2489 803 ac
2530 747 2827 819 sapientiae
2853 748 2911 803 in
2950 748 3210 815 veritate,
3254 764 3425 820 quam
3466 748 3642 802 semel
3685 764 3881 820 agno-

2158 836 2351 903 visset,
2384 853 2680 909 nunquam
2714 837 3044 892 deserenda.
3073 838 3390 904 Recolimus,
3433 835 3646 908 inquit,
3672 838 3876 892 ardore

2158 927 2529 995 inquisitionis
2562 930 2685 992 tuae,
2712 942 2833 982 cum
2879 932 3013 982 esset
3059 926 3352 995 mirabilis,
3396 941 3501 981 non
3529 928 3704 993 fuisse
3742 942 3868 996 per-

2158 1014 2435 1070 turbatam
2463 1015 2778 1070 modestiam
2802 1014 3127 1085 disputandi
3152 1031 3165 1070 :
3194 1030 3322 1069 nam
3350 1029 3519 1083 neque
3536 1017 3868 1082 ﬂagrantius

2154 1108 2573 1173 percontantem,
2604 1119 2774 1173 neque
2806 1104 3161 1174 tranquillius
3193 1103 3501 1157 audientem
3539 1118 3869 1172 quemquam

2154 1194 2320 1260 facile
2336 1196 2647 1249 invenerim.
2675 1194 2796 1248 Non
2817 1197 3043 1264 poterat
3062 1192 3412 1263 Augustinus
3434 1195 3569 1246 tunc
3589 1195 3699 1246 tem
3707 1190 3871 1263 poris

2156 1298 2287 1337 cum
2317 1298 2385 1337 eo
2416 1283 2747 1354 frequenter
2784 1282 3069 1353 colloqui:
3105 1281 3259 1354 quod
3291 1286 3352 1335 ut
3384 1282 3692 1352 suppleret,
3733 1279 3870 1352 cpi-

2158 1371 2385 1439 stolam,
2414 1387 2524 1442 qua
2556 1371 2626 1425 de
2653 1369 2897 1442 agimus,
2921 1370 2990 1425 ad
3018 1386 3152 1425 eum
3173 1369 3348 1436 misit,
3381 1368 3668 1439 simulque
3697 1368 3871 1422 fratri

2157 1459 2412 1530 epistolae
2444 1459 2611 1513 latori
2639 1459 2973 1513 mandatum
3006 1458 3180 1517 dedit,
3223 1473 3338 1529 quo
3368 1456 3421 1511 ei
3454 1456 3696 1528 legenda
3721 1473 3872 1527 prm-

2158 1549 2318 1602 lteret
2350 1547 2565 1614 omnia,
2589 1563 2719 1618 qum
2749 1551 2949 1601 contra
2976 1545 3266 1612 hreresim,
3291 1560 3464 1611 quam
3491 1543 3588 1598 ille
3609 1544 3871 1598 sectaba-

2158 1643 2274 1705 tur,
2307 1636 2736 1707 conscripserat.
2775 1639 2836 1691 ln
2870 1652 3043 1706 quam
3075 1651 3197 1689 rem
3234 1634 3315 1688 ita
3345 1633 3577 1688 scribit:
3604 1634 3725 1690 Non
3750 1635 3870 1687 ali—

2158 1725 2293 1793 quid
2313 1740 2486 1780 meum
2503 1724 2797 1779 inculcabit
2824 1726 3025 1790 trivito;
3051 1725 3178 1778 novi
3190 1724 3329 1777 enim
3350 1722 3487 1791 quid
3508 1722 3871 1788 benignitatis

2157 1816 2216 1867 in
2245 1830 2341 1869 nos
2387 1798 2568 1869 animo
2598 1829 2790 1882 geras:
2840 1829 2958 1882 qum
2988 1816 3166 1868 tamen
3210 1813 3260 1866 si
3287 1812 3422 1866 lecta
3441 1810 3784 1881 probaveris,
3816 1815 3871 1864 et

2156 1920 2285 1958 vera
2317 1903 2645 1973 pervideris,
2676 1907 2864 1957 nostra
2904 1916 3015 1957 esse
3059 1916 3166 1955 non
3191 1904 3369 1970 putes,
3411 1901 3523 1954 nisi
3561 1902 3693 1969 quia
3728 1900 3870 1954 data

2156 1998 2304 2060 sunt,
2335 2008 2496 2062 eoque
2530 1996 2579 2046 te
2601 1996 2878 2047 convertas
2904 1992 3043 2058 licet,
3098 1990 3239 2044 unde
3279 1990 3383 2043 tibi
3418 2004 3628 2057 quoque
3667 1993 3770 2058 est,
3802 1993 3869 2043 ut

2155 2096 2219 2134 ea
2255 2080 2537 2151 probares,
2583 2080 2792 2135 datum.
2832 2081 2991 2136 Nemo
3017 2081 3158 2133 enim
3198 2076 3342 2147 quod
3387 2078 3536 2146 legit.
3588 2079 3648 2131 iu
3683 2077 3870 2132 codice

2155 2172 2272 2239 ipso
2301 2171 2471 2224 cernit
2498 2185 2683 2224 verum
2701 2184 2833 2237 esse,
2868 2173 2964 2222 aut
2983 2170 3043 2221 in
3068 2184 3129 2222 eo
3157 2169 3253 2236 qui
3279 2168 3592 2235 scripserit;
3617 2166 3712 2220 sed
3732 2169 3791 2220 in
3808 2182 3868 2221 se

2153 2260 2353 2329 potius,
2385 2261 2436 2312 si
2464 2259 2581 2327 ejus
2611 2259 2777 2313 menti
2795 2256 3070 2328 quoddam
3088 2271 3194 2311 non
3222 2255 3524 2323 uulgariter
3543 2255 3863 2321 candidum,

2154 2346 2249 2402 sed
2277 2363 2312 2400 a
2354 2348 2485 2413 faece
2533 2348 2768 2417 corporis
2796 2347 3210 2401 remotissimum
3252 2345 3428 2398 lumen
3467 2347 3718 2398 veritatis
3758 2346 3868 2398 im-

2149 2450 2397 2506 pressum
2442 2440 2537 2491 est.
2586 2435 2741 2502 Quod
2781 2437 2831 2490 si
2856 2436 3007 2503 falsa
3049 2435 3241 2503 aliqua
3290 2438 3453 2502 atque
3499 2433 3866 2503 improbanda

2154 2526 2492 2593 compereris,
2527 2524 2593 2579 de
2631 2525 2864 2579 humano
2892 2523 3078 2578 nubilo
3105 2525 3345 2577 irrorata
3374 2524 3535 2589 scias,
3569 2528 3619 2577 et
3653 2538 3718 2577 ea
3742 2538 3867 2576 vere

2154 2617 2341 2667 nostra
2370 2627 2481 2667 esse
2509 2612 2730 2682 deputes
2758 2612 2957 2684 (Epist.
2990 2610 3098 2682 19).

2225 2704 2277 2756 8.
2304 2702 2443 2757 Cum
2468 2702 2539 2756 ab
2559 2702 2849 2757 Antonino
2882 2701 2986 2756 sub
3011 2702 3162 2757 idem
3194 2701 3334 2756 illud
3358 2704 3605 2772 tempus,
3625 2716 3689 2754 ac
3712 2699 3865 2755 forte

2154 2790 2412 2845 nondum
2450 2792 2747 2862 presbyter
2776 2790 3092 2858 ordinatus,
3142 2791 3361 2846 litteras
3393 2789 3702 2861 accepisset
3740 2790 3865 2844 oﬂi-

2154 2878 2226 2933 cii
2252 2884 2311 2934 et
2355 2879 2622 2934 amicitiae
2660 2881 2880 2952 plenas,
2910 2879 3199 2950 rescripsit
3239 2879 3326 2933 illi
3365 2878 3578 2950 gratias
3608 2883 3865 2947 acturus,

2155 2968 2311 3039 quod
2359 2968 2428 3023 ab
2459 2984 2527 3023 eo
2559 2968 2741 3024 fidelis
2785 2968 2885 3023 Dei
2927 2985 3121 3023 servus
3167 2967 3493 3030 haberetur,
3527 2983 3713 3038 eoque
3761 2984 3860 3021 no-

2154 3057 2310 3112 mine
2330 3057 2649 3128 plurimum
2672 3056 3024 3128 diligeretur.
3059 3058 3122 3111 In
3154 3072 3326 3128 quam
3352 3071 3476 3111 rem
3500 3054 3637 3110 dicit
3676 3057 3863 3111 multa

2153 3145 2322 3217 longe
2352 3146 2757 3218 pulcherrima.
2793 3146 2971 3217 Hujus
2994 3145 3269 3201 Antonini
3298 3146 3501 3216 conjux
3528 3145 3862 3200 Donatista—

2154 3251 2283 3290 rum
2317 3235 2609 3290 schismati
2637 3234 2993 3291 adhaerebat:
3024 3235 3178 3290 illius
3216 3234 3411 3307 itaque
3443 3234 3629 3289 virum
3660 3239 3865 3289 monet

2151 3324 2527 3395 Augustinus,
2562 3324 2662 3379 Dei
2691 3326 2960 3380 timorem
2983 3325 3071 3381 vel
3104 3324 3295 3379 uxoris
3324 3341 3445 3379 sum
3476 3324 3659 3379 menti
3700 3324 3860 3378 inse-

2152 3416 2260 3475 rat,
2291 3413 2379 3468 vel
2408 3429 2540 3468 eum
2570 3413 2749 3469 divini
2778 3414 2936 3469 verbi
2964 3413 3231 3481 lectione,
3265 3412 3536 3485 gravique
3566 3412 3863 3484 colloquio

2150 3501 2386 3556 nutriat.
2422 3502 2722 3557 Neminem
2745 3502 2923 3570 enim,
2945 3500 3045 3574 qui
3068 3502 3137 3557 de
3168 3505 3319 3557 statu
3339 3501 3546 3556 animae
3566 3517 3684 3555 sua:
3707 3501 3866 3556 solli-

2150 3591 2315 3658 citus,
2363 3595 2537 3663 atque
2569 3591 2642 3646 ob
2684 3592 2794 3647 hoc
2824 3590 3041 3647 sincere
3070 3607 3134 3647 ac
3163 3591 3284 3646 sine
3313 3590 3633 3663 pertinacia
3660 3589 3865 3662 inqui-

2149 3681 2346 3735 rendas
2375 3680 2658 3736 voluntati
2685 3680 2893 3735 divinae
2924 3680 3180 3735 intentus
3211 3679 3304 3747 sit,
3351 3696 3469 3734 non
3494 3678 3859 3749 dignoscere,

2150 3768 2197 3823 si
2228 3770 2398 3825 modo
2430 3770 2582 3825 bono
2612 3770 3064 3826 demonstratore
3093 3774 3309 3832 utatur,
3340 3768 3480 3839 quid
3508 3767 3618 3822 sibi
3653 3767 3744 3822 vel
3776 3767 3866 3822 fu-

2152 3857 2428 3929 giendum
2460 3858 2552 3926 sit,
2582 3860 2669 3914 vel
2700 3859 3054 3931 sequendum
3085 3861 3283 3929 (Epist.
3321 3857 3431 3929 20).

2825 3949 3049 4004 CAPUT
3082 3948 3173 4002 IV.

2152 4038 2171 4089 t
2208 4036 2495 4106 Presbyter
2537 4037 2895 4106 Hipponensis
2933 4052 3075 4091 anno
3112 4036 3316 4093 Christi
3345 4036 3708 4089 trecentesimo
3750 4049 3853 4088 no-

2214 4126 2489 4191 nagesimo
2544 4126 2724 4193 primo
2780 4123 3089 4180 ordinatur.
3149 4125 3184 4177 2
3242 4125 3313 4178 De
3375 4123 3856 4194 Hippone-Regio.

2218 4214 2248 4267 3
2278 4215 2348 4267 De
2384 4213 2605 4269 Valerio
2651 4214 2801 4267 illius
2838 4213 2992 4267 urbis
3031 4214 3296 4283 episcopo.
3330 4212 3365 4266 4
3404 4211 3491 4266 Ab
3522 4225 3579 4265 eo
3606 4211 3859 4280 postulat

2217 4302 2561 4369 Augustinus
2599 4301 2825 4371 aliquod
2862 4307 3089 4372 tempus,
3145 4316 3249 4370 quo
3291 4314 3401 4355 sese
3444 4300 3503 4354 in
3532 4313 3743 4354 secessu
3775 4299 3859 4352 ad

2221 4390 2552 4459 presbyterii
2584 4392 2772 4445 munia
2787 4390 3038 4461 precibus
3067 4393 3117 4444 et
3134 4404 3418 4445 sacrarum
3435 4388 3858 4457 Scripturarum

2216 4477 2398 4533 studio
2441 4484 2729 4548 comparet.
2764 4482 2794 4533 5
2844 4479 3001 4546 Quod
3027 4493 3328 4534 concessum
3371 4476 3589 4532 videtur
3615 4491 3650 4529 a
3686 4477 3859 4532 Vale—

2216 4569 2317 4621 rio.
2366 4570 2398 4622 6
2442 4568 2579 4636 Ejus
2596 4568 2760 4638 jussu
2801 4568 3146 4637 Augustinus
3182 4566 3469 4637 presbyter
3505 4565 3731 4620 verbum
3757 4566 3861 4619 Dei

2214 4658 2416 4710 tractat
2438 4655 2512 4710 ad
2535 4656 2764 4726 plebem,
2794 4659 2957 4712 etiam
2982 4660 3245 4727 praesente
3276 4657 3396 4725 ipso
3425 4656 3695 4725 episcopo.

2216 4748 2265 4799 ί.
2297 4742 2631 4799 Triennium
2664 4744 2844 4800 ferme
2883 4745 3008 4817 jam
3048 4744 3366 4814 efﬂuxerat,
3396 4759 3462 4798 ex
3501 4759 3617 4815 quo
3648 4744 3849 4813 Augu-

2141 4831 2325 4888 stinus
2353 4849 2511 4888 more
2554 4849 2619 4888 ac
2655 4833 2916 4889 instituto
2964 4834 3377 4889 monachorum
3407 4848 3539 4888 cum
3577 4831 3747 4886 sociis
3776 4831 3841 4885 in

2139 4920 2470 4993 Tagastensi
2507 4938 2731 4977 secessu
2781 4922 3025 4991 vivebat,
3074 4938 3206 4978 cum
3245 4922 3566 4994 Hipponem
3611 4919 3855 4992 proﬁci-

2142 5010 2337 5066 scendi
2366 5010 2633 5083 quaedam
2653 5010 2707 5067 ei
2735 5011 2809 5067 ad
2829 5012 3073 5067 salutem
3101 5010 3273 5066 amici
3296 5009 3719 5083 procurandam
3749 5025 3855 5063 ne-

2139 5099 2367 5155 cessitas
2396 5100 2668 5171 imposita
2714 5104 2799 5155 est
2851 5100 3039 5170 (Serm.
3072 5103 3199 5170 355,
3236 5117 3292 5156 η.
3342 5098 3421 5171 2).
3469 5100 3660 5171 Usque
3708 5097 3853 5152 adeo

2139 5190 2432 5246 metuebat
2461 5190 2533 5246 ad
2561 5190 2959 5262 episcopatum
3005 5190 3266 5263 provehi,
3323 5194 3387 5245 ut
3424 5205 3557 5245 cum
3594 5188 3854 5244 nominis

2138 5275 2319 5348 ipsius
2347 5278 2500 5333 fama
2526 5278 2677 5334 inter
2706 5278 2806 5333 Dei
2835 5294 3030 5334 servos
3051 5279 3174 5350 jam
3204 5277 3451 5333 diffundi
3481 5281 3540 5331 et
3566 5274 3851 5331 celebrari

2136 5365 2418 5438 coepisset,
2449 5367 2521 5423 ad
2542 5383 2610 5423 ea
2628 5368 2752 5423 loca
2779 5368 2989 5440 quibus
3019 5368 3242 5424 deesset
3269 5366 3595 5438 episcopus,
3617 5368 3851 5419 caveret

2137 5455 2425 5513 accedere.
2458 5459 2568 5513 Pro
2605 5455 2759 5512 virili
2784 5461 2947 5529 parte
3002 5456 3229 5527 agebat.
3260 5459 3323 5509 ut
3369 5454 3432 5510 in
3467 5453 3683 5510 humili
3722 5453 3848 5508 loco

2142 5544 2476 5616 salvaretur,
2503 5548 2564 5601 et
2590 5544 2895 5601 eminentis
2923 5544 3134 5616 gradus
3160 5541 3416 5615 pericula
3453 5542 3718 5599 evitaret.
3752 5541 3846 5597 Ni-
