4008 6184
145 255 237 306 169

140 373 214 428 hil
242 388 375 427 esse
406 371 470 427 in
494 373 604 428 hac
628 373 763 444 vita,
786 379 841 430 et
862 374 1109 431 maxime
1129 375 1228 431 illo
1249 381 1527 449 tempore,
1550 379 1772 437 facilius
1792 386 1851 437 et

141 461 318 516 latius
351 466 415 516 et
442 462 779 517 hominibus
817 463 1223 533 acceptabilius
1250 466 1539 533 cernebat,
1574 468 1844 540 episcopi,

140 552 225 604 aut
248 550 608 620 presbyteri,
638 556 738 605 aut
765 551 990 606 diaconi
1025 552 1231 619 ofﬁcio,
1264 553 1313 607 si
1343 556 1727 625 perfunctorie
1756 563 1845 612 at-

140 655 240 711 que
271 639 606 694 adulatorie
635 656 726 695 res
751 645 985 711 agatur;
1017 641 1114 695 sed
1155 641 1297 696 nihil
1331 644 1481 714 apud
1522 645 1702 699 Deum
1740 646 1849 701 mi-

137 728 313 783 serius
345 732 411 783 et
438 714 663 784 tristius
691 735 748 784 et
791 729 1192 786 damnabilius.
1235 732 1379 786 Item
1413 732 1557 788 nihil
1589 750 1711 789 esse
1741 737 1846 791 du-

135 817 291 872 cebat
322 816 391 871 in
422 818 534 873 hac
562 817 696 885 vita,
728 823 786 873 et
814 817 1061 873 maxime
1091 819 1192 874 illo
1231 823 1510 892 tempore,
1542 822 1849 891 difﬁcilius,

136 907 510 974 laboriosius,
541 907 912 979 periculosius
951 908 1226 980 episcopi,
1259 914 1360 965 aut
1385 911 1722 982 presbyteri,
1754 918 1853 968 aut

135 996 366 1051 diaconi
406 996 630 1063 officio;
675 997 772 1052 sed
809 996 962 1067 apud
1006 998 1188 1052 Deum
1225 998 1372 1053 nihil
1411 999 1655 1064 beatius,
1696 1001 1744 1055 si
1782 1018 1849 1056 eo

136 1086 299 1141 modo
331 1084 647 1155 militetur,
680 1101 795 1156 quo
826 1090 1018 1140 noster
1046 1086 1364 1156 Imperator
1387 1088 1570 1158 jubet.
1595 1089 1732 1154 Quis
1754 1106 1854 1144 au-

135 1182 241 1231 tem
271 1174 357 1230 sit
387 1175 501 1230 iste
532 1175 760 1241 modus,
805 1174 894 1229 vix
929 1175 1145 1230 discere
1176 1175 1487 1247 incipiebat
1529 1176 1728 1248 (Epist.
1760 1181 1848 1247 21,

138 1280 184 1317 n.
226 1262 309 1334 1).
346 1262 447 1319 Sic
489 1269 612 1318 erat
649 1264 844 1318 animo
882 1268 1265 1335 comparatus,
1311 1281 1443 1320 cum
1483 1265 1555 1320 ad
1592 1266 1851 1321 ministe-

142 1352 302 1419 rium,
339 1352 509 1423 quod
547 1357 844 1423 tantopere
872 1352 1236 1420 formidabat,
1270 1352 1544 1409 divinitus
1585 1360 1670 1410 est
1697 1372 1854 1409 voca-

140 1446 249 1506 tus;
285 1440 371 1495 ad
402 1441 560 1513 quod
592 1458 706 1495 non
744 1441 1017 1504 ascendit,
1050 1441 1163 1495 nisi
1201 1442 1338 1513 quia
1378 1442 1626 1497 Domino
1660 1460 1853 1499 servus

140 1529 538 1584 contradicere
579 1545 689 1584 non
731 1530 917 1585 debet.
960 1533 1114 1597 Veni,
1143 1530 1223 1585 ait
1250 1530 1392 1603 ipse,
1424 1532 1500 1586 ad
1528 1534 1693 1587 istam
1720 1536 1853 1588 civi-

140 1625 299 1675 tatem
326 1623 565 1689 propter
591 1619 886 1673 videndum
910 1621 1167 1689 amicum,
1202 1636 1358 1689 quem
1382 1622 1649 1690 putabam
1672 1638 1754 1676 me
1782 1624 1857 1677 lu-

140 1710 283 1763 crari
307 1723 479 1778 posse
503 1711 630 1775 Deo,
663 1711 725 1763 ut
751 1708 1025 1763 nobiscum
1049 1713 1184 1764 esset
1212 1710 1271 1764 in
1299 1712 1622 1765 monasterio
1648 1727 1661 1777 ;
1695 1712 1857 1780 quasi

139 1812 384 1863 securus,
426 1799 564 1866 quia
612 1798 758 1852 locus
800 1797 1030 1852 habebat
1067 1800 1393 1868 episcopum.
1443 1800 1852 1870 Apprehensus,

136 1886 423 1955 presbyter
464 1889 649 1952 factus
685 1901 825 1952 sum,
863 1891 915 1941 et
934 1903 1037 1956 per
1077 1888 1217 1943 hunc
1254 1888 1492 1955 gradum
1525 1891 1754 1959 perveni
1782 1888 1856 1942 ad

139 1976 517 2044 episcopatum
550 1976 741 2043 (Serm.
771 1978 894 2042 355,
924 1990 981 2029 η.
1012 1975 1084 2045 2).
1118 1977 1263 2030 Rem
1295 1978 1469 2047 paulo
1510 1976 1692 2032 fusius
1724 1993 1853 2031 uar-

139 2069 228 2118 rat
250 2062 558 2118 Possidius
589 2079 603 2117 :
640 2066 889 2133 Conligit
930 2067 1073 2132 forte
1116 2065 1297 2120 eodem
1347 2070 1599 2135 tempore,
1650 2066 1748 2133 ait,
1796 2072 1856 2121 ut

140 2153 372 2222 quidam
401 2168 474 2207 ea:
493 2154 584 2217 iis,
621 2167 756 2221 quos
788 2152 976 2207 dicunt
993 2153 1231 2221 Agentes
1258 2155 1317 2208 in
1345 2154 1524 2225 rebus,
1551 2155 1702 2225 apud
1725 2157 1857 2225 mp-

138 2242 597 2313 panem-Regium
643 2243 987 2310 constitutus,
1036 2242 1163 2296 bene
1208 2242 1540 2298 christianus
1583 2246 1857 2312 Deumque

143 2334 364 2395 timens,
387 2335 664 2400 comperta
692 2330 810 2399 ejus
838 2330 974 2385 bona
1003 2332 1160 2396 fama
1179 2337 1341 2401 atque
1361 2332 1629 2400 doctrina,
1651 2332 1857 2388 deside-

144 2424 293 2472 raret
313 2423 485 2488 atque
511 2423 726 2488 optaret
753 2435 873 2474 eum
898 2420 1101 2487 videre,
1115 2422 1437 2490 promittens
1456 2437 1512 2477 se
1526 2437 1685 2492 posse
1702 2438 1858 2477 mun-

146 2507 211 2561 di
236 2508 404 2577 hujus
434 2522 617 2562 omnes
647 2512 975 2563 contemnere
1003 2508 1330 2577 cupiditates
1368 2514 1532 2578 atque
1560 2510 1857 2572 illecebras,

149 2600 202 2652 si
225 2596 533 2666 aliquando
565 2612 632 2650 ea:
653 2597 771 2666 ejus
813 2613 902 2652 ore
938 2599 1038 2651 Dei
1075 2597 1295 2651 verbum
1338 2598 1533 2652 audire
1559 2601 1857 2653 meruisset.

136 2686 308 2752 Quod
335 2702 463 2740 cum
491 2686 569 2740 ad
593 2700 650 2740 se
666 2685 819 2755 ﬁdeli
841 2688 1038 2753 fuisset
1065 2686 1328 2741 relatione
1351 2685 1610 2753 delatum,
1635 2686 1863 2741 liberare

154 2777 397 2829 animam
416 2775 642 2844 cupiens
662 2774 730 2827 ab
752 2773 916 2843 hujus
935 2776 1062 2829 vitae
1076 2774 1332 2843 periculis
1351 2778 1623 2842 morteque
1640 2778 1860 2841 aeterna,

154 2863 229 2917 ad
252 2867 613 2917 inmoratam
642 2863 786 2916 ultro
821 2865 984 2931 atque
1012 2863 1293 2929 confestim
1319 2863 1466 2917 venit
1492 2863 1781 2929 civitatem,
1814 2868 1865 2916 et

156 2955 422 3007 hominem
449 2953 632 3005 visum
675 2951 938 3005 allocutus
975 2952 1315 3020 frequentius
1353 2954 1517 3018 atque
1548 2951 1863 3005 exhortatus

154 3046 250 3109 est,
280 3046 556 3111 quantum
588 3043 724 3095 Deus
754 3039 1012 3108 donabat,
1041 3038 1272 3109 utquod
1297 3041 1414 3093 Deo.
1434 3044 1653 3093 voverat
1674 3039 1864 3093 redde-

155 3136 250 3185 ret.
280 3134 365 3185 Ac
394 3144 457 3185 se
484 3130 577 3184 ille
605 3129 671 3183 de
695 3128 782 3183 die
809 3130 868 3182 in
897 3128 1038 3183 diem
1065 3130 1343 3195 facturum
1366 3127 1744 3197 pollicebatur,
1772 3143 1866 3183 nec

162 3222 335 3272 tamen
366 3220 429 3271 in
454 3217 573 3287 ejus
614 3222 740 3272 tunc
782 3217 878 3271 hoc
909 3217 1154 3287 implevit
1177 3217 1471 3286 praesentia
1503 3231 1516 3269 :
1547 3216 1642 3271 sed
1672 3232 1867 3272 vacare

160 3310 341 3375 utique
369 3310 426 3360 et
455 3308 619 3360 inane
643 3320 754 3360 esse
782 3321 888 3360 non
910 3307 1112 3376 potuit,
1146 3305 1291 3374 quod
1317 3321 1415 3375 per
1445 3306 1551 3360 tale
1577 3321 1673 3360 vas
1701 3321 1863 3360 mun-

160 3396 285 3449 dum
312 3400 366 3449 et
396 3397 457 3449 in
488 3395 706 3462 honore,
737 3396 869 3451 utile
896 3396 1136 3461 Domino,
1162 3398 1213 3448 et
1241 3395 1316 3448 ad
1341 3410 1491 3449 omne
1515 3409 1648 3463 Opus
1675 3394 1866 3449 bonum

161 3488 446 3554 paratum,
469 3485 531 3538 in
551 3485 699 3538 omni
717 3484 825 3538 loco
852 3483 1045 3538 divina
1070 3482 1288 3552 gerebat
1301 3482 1654 3553 providentia
1675 3483 1867 3552 (Poss.,

164 3574 219 3627 in
252 3575 383 3629 Vita
421 3572 688 3640 August,
716 3587 762 3627 c.
797 3571 872 3643 3).
918 3571 1078 3626 llaud
1120 3570 1332 3625 scimus
1360 3586 1433 3625 an
1466 3570 1750 3625 Possidius
1780 3569 1869 3624 his

165 3659 343 3715 verbis
366 3663 575 3714 notare
596 3658 897 3726 studuerit,
917 3660 1197 3730 Agentem
1217 3656 1391 3712 istum
1412 3656 1719 3728 Augustini
1740 3672 1871 3711 con-

168 3748 283 3803 silio
310 3748 494 3820 paulo
523 3752 651 3818 post
681 3747 1134 3818 obtemperasse;
1166 3762 1241 3800 an
1280 3746 1581 3817 designare
1614 3761 1871 3800 commo-

169 3838 295 3891 dum
325 3836 493 3903 velit,
518 3834 672 3906 quod
705 3850 772 3889 ex
802 3835 909 3890 hoc
931 3834 1135 3889 itinere
1154 3833 1460 3906 Augustini
1483 3834 1551 3889 ad
1573 3834 1868 3906 presbyte-

167 3925 308 3980 rium
338 3930 549 3996 postea
578 3922 829 3995 promoti
857 3922 1115 3995 percepit
1155 3922 1425 3979 Ecclesia.
1463 3922 1705 3978 Securus
1733 3938 1869 3993 ergo

168 4014 491 4086 Hipponem
518 4016 774 4078 venerat,
805 4012 959 4083 quod
991 4013 1127 4066 urbs
1150 4011 1247 4065 illa
1273 4012 1626 4083 episcopum,
1661 4011 1871 4065 scihcet

165 4109 418 4158 sanctum
470 4117 671 4156 senem
716 4100 1026 4169 Valerium,
1076 4100 1335 4155 haberet.
1385 4100 1496 4155 Sed
1544 4105 1682 4154 tunc
1724 4100 1870 4154 forte

164 4190 552 4264 Hipponensis
578 4189 822 4244 Ecclesia
850 4189 1182 4261 presbytero
1213 4187 1526 4259 indigebat,
1550 4188 1707 4260 quod
1735 4189 1871 4243 late-

161 4281 252 4335 bat
276 4278 699 4350 Augustinum.
727 4280 1078 4349 Congregato
1106 4277 1304 4349 itaque
1333 4277 1572 4348 populo,
1601 4276 1747 4331 nihil
1774 4276 1871 4330 ille

161 4370 347 4425 simile
380 4368 706 4440 suspicatus
736 4367 797 4421 in
836 4368 1118 4437 templum
1158 4365 1337 4436 venit,
1368 4370 1425 4420 et
1468 4365 1624 4436 plebi
1663 4381 1721 4419 se
1760 4364 1869 4418 im-

160 4457 412 4524 miscuit,
435 4473 569 4528 quaa
590 4455 862 4510 virtutem
889 4455 1012 4526 ejus
1035 4454 1469 4524 doctrinamque
1492 4452 1740 4508 habebat
1752 4468 1876 4523 per-

161 4550 453 4615 spectam;
485 4560 737 4615 eumque
768 4544 923 4615 quod
964 4543 1160 4598 relicto
1199 4541 1550 4615 patrimonio
1589 4545 1775 4596 totum
1814 4557 1874 4595 se

159 4635 273 4688 Deo
299 4632 638 4699 addixisset,
670 4633 983 4688 admodum
1013 4631 1289 4703 diligebat
1312 4632 1521 4702 (Epist.
1556 4633 1678 4697 l26,
1711 4646 1765 4685 n.
1797 4628 1872 4700 7).

160 4724 303 4778 Cum
333 4728 539 4778 autem
559 4722 819 4778 Valerius
848 4721 1022 4777 verba
1050 4720 1262 4775 faceret
1277 4721 1345 4776 ad
1365 4720 1668 4791 populum,
1691 4719 1876 4789 deque

162 4810 478 4866 ordinandi
534 4810 854 4883 presbyteri
909 4809 1248 4865 necessitate
1305 4809 1632 4877 dissereret,
1687 4807 1874 4862 subito

160 4899 356 4968 rapuit
383 4899 780 4970 Augustinum
806 4899 1053 4971 populus
1085 4898 1338 4970 (Possid.,
1363 4899 1420 4953 in
1457 4900 1585 4954 Vita
1612 4898 1875 4966 August.,

159 5003 204 5042 c.
248 4989 302 5058 4)
351 5005 365 5042 :
411 4988 518 5056 qui
564 4987 843 5043 nimirum
892 4988 952 5043 id
990 4987 1121 5059 jure
1162 4990 1405 5057 poterat,
1457 5001 1588 5040 cum
1636 4984 1879 5058 Ecclesia

161 5077 533 5149 Tagastensis
560 5076 953 5148 Augustinum
981 5074 1231 5130 clericali
1262 5074 1487 5130 militiae
1515 5091 1633 5130 non
1662 5074 1878 5130 adscri-

157 5167 365 5237 psisset
387 5169 602 5237 (Epist.
635 5168 757 5235 l26,
784 5182 839 5220 n.
872 5164 947 5229 7).
982 5165 1124 5219 Eum
1151 5164 1346 5235 itaque
1378 5163 1587 5219 laicum
1614 5164 1879 5236 episcopo

159 5256 228 5311 de
257 5272 427 5311 more
459 5254 797 5310 obtulerunt
812 5254 1220 5320 ordinandum,
1245 5253 1512 5308 omnibus
1533 5253 1591 5308 id
1613 5269 1729 5308 uno
1750 5269 1882 5309 con-

160 5358 332 5399 sensu
361 5347 423 5399 et
449 5341 744 5398 desiderio
773 5340 896 5395 ﬁeri
926 5340 1240 5413 perﬁcique
1270 5339 1620 5410 petentibus,
1644 5355 1879 5411 magno-

163 5448 273 5504 que
302 5431 502 5487 studio
536 5434 594 5484 et
623 5430 875 5484 clamore
894 5427 1301 5499 ﬂagitantibus.
1329 5428 1429 5482 Ille
1457 5443 1591 5482 vero
1621 5432 1880 5483 sanctum

158 5519 308 5575 istud
346 5516 752 5574 ministerium
774 5514 1322 5588 periculosissimum
1343 5514 1628 5586 judicans,
1646 5515 1883 5586 jamque

476 5618 764 5683 Paraon.
821 5614 1069 5682 XXXII.

1638 259 1846 315 LIBER
1884 261 2196 316 TERTIUS.

3562 278 3663 330 170

1956 382 2153 437 animo
2181 383 2533 455 prospiciens
2557 391 2698 458 quot
2724 389 2989 445 ﬂuctibus
3019 394 3076 445 et
3101 394 3365 462 procellis
3391 394 3455 450 in
3479 398 3666 456 Eccle-
3768 390 3773 393 μ

1958 470 2057 525 sies
2088 471 2367 543 regimine
2395 472 2544 535 foret
2572 491 2705 530 mox
2738 476 3114 548 objiciendus,
3144 479 3261 535 vim
3282 481 3665 554 lacrymarum

1957 560 2253 630 profundit
2283 561 2481 631 (Epist.
2525 565 2615 632 21,
2647 580 2703 618 n.
2737 565 2815 636 2).
2848 565 3398 625 Animadvertuntur
3426 570 3549 642 ejus
3577 574 3665 627 la-

1958 663 2189 718 crymze,
2222 664 2327 701 nec
2355 648 2680 722 desuntqui
2711 668 2841 707 cum
2866 653 3080 708 doloris
3102 654 3257 711 illius
3284 672 3484 712 causas
3506 658 3669 731 igno-

1957 739 2104 803 rent,
2127 737 2412 791 medelam
2435 738 2614 809 ipsius
2638 741 2859 796 vulneri
2879 743 3205 799 nullatenus
3226 751 3667 803 consentaneum

1958 824 2230 878 adhibere
2262 825 2544 881 studeant.
2579 829 2725 883 Nam
2753 846 2883 885 cum
2915 831 3037 903 ejus
3067 834 3349 905 lacrymas
3379 852 3445 890 ex
3475 836 3667 891 inanis

1960 913 2159 986 gloriae
2187 915 2497 986 cupiditate
2526 934 2870 987 promanare
2897 922 3279 993 suspicentur,
3313 926 3465 996 quod
3489 926 3665 981 nimi-

1959 1018 2089 1056 rum
2119 1003 2190 1057 ad
2221 1003 2613 1075 episcopatum
2648 1022 2765 1061 non
2806 1009 3079 1064 continuo
3118 1013 3489 1082 provehatur,
3532 1031 3665 1087 sug-

1961 1095 2169 1160 gerunt
2187 1091 2606 1163 presbyterium
2623 1095 2856 1164 quidem
2879 1096 3028 1151 infra
3049 1098 3202 1154 illius
3226 1101 3495 1156 meritum
3520 1119 3663 1171 esse,

1959 1178 2221 1248 proxime
2246 1183 2438 1234 tamen
2469 1181 2540 1235 ad
2570 1181 2967 1253 episcopatum
2998 1187 3284 1242 accedere.
3707 1234 3710 1238 λ

2031 1267 2085 1318 2.
2117 1264 2435 1336 Augustino
2465 1267 2656 1338 itaque
2685 1268 2893 1324 frustra
2922 1279 3279 1344 repugnante
3305 1276 3505 1347 populi
3532 1281 3662 1333 voto

1961 1352 2171 1407 factum
2206 1358 2291 1407 est
2315 1353 2450 1408 satis
2474 1356 2724 1418 (Possid.,
2748 1360 2807 1412 in
2845 1361 2974 1414 Vita
2992 1361 3248 1430 August,
3277 1379 3323 1418 ο.
3351 1366 3426 1433 4).
3462 1364 3669 1436 Hippo.

1962 1439 2153 1494 neusis
2180 1440 2444 1495 Ecclesiae
2475 1443 2774 1513 presbyter
2804 1450 3049 1515 creatus,
3073 1448 3219 1503 hanc
3239 1466 3355 1505 non
3381 1468 3520 1506 auro
3540 1453 3666 1523 qui-

1962 1528 2092 1583 dem
2132 1533 2188 1583 et
2222 1534 2459 1600 argento
2490 1531 2881 1603 locupletavit,
2913 1552 3042 1591 cum
3073 1542 3282 1607 printer
3308 1539 3667 1607 vestimenta,

1963 1617 2171 1688 quibus
2196 1616 2562 1687 induebatur,
2588 1620 2744 1676 aliud
2774 1622 2917 1677 nihil
2948 1624 3017 1679 ad
3049 1641 3175 1679 eam
3203 1627 3666 1700 attulerit(Serm.

1964 1709 2087 1773 335,
2116 1722 2170 1760 n.
2204 1706 2291 1778 2);
2322 1724 2523 1762 verum
2557 1714 2675 1764 tam
2706 1710 2918 1766 illustri
2957 1712 3216 1769 doctrina
3252 1720 3307 1770 et
3344 1715 3575 1786 pietate,
3607 1722 3672 1772 ut

1964 1796 2416 1868 Hippo-Regius,
2449 1816 2655 1869 parum
2688 1800 2917 1856 aliunde
2960 1803 3220 1873 celebris,
3246 1805 3399 1861 inter
3424 1806 3665 1862 nobilis-

1964 1883 2138 1937 simas
2180 1884 2334 1939 orbis
2373 1886 2668 1941 christiani
2711 1887 2968 1943 civitates
2996 1890 3068 1945 ob
3114 1891 3417 1963 Augustini
3454 1894 3668 1949 famam

1964 1977 2319 2029 numeretur.
2357 1974 2497 2028 Urbs
2535 1974 2656 2043 illa,
2689 1977 3004 2032 secundum
3034 1980 3414 2051 geographos,
3448 1981 3512 2036 in
3541 1998 3667 2037 ma-

1965 2059 2158 2115 ritima
2202 2060 2485 2117 Numidia:
2530 2078 2629 2117 ora
2678 2063 2787 2118 sita
2827 2068 2965 2128 erat,
3010 2071 3218 2123 natura
3259 2084 3395 2124 sane
3444 2086 3507 2124 ac
3543 2071 3666 2126 loco

1967 2149 2211 2217 munita,
2242 2166 2375 2205 cum
2408 2151 2793 2208 Vandalorum
2836 2154 3196 2211 obsidionem
3235 2159 3669 2229 quatuordecim

1968 2237 2261 2293 mensibus
2292 2239 2631 2294 sustinuerit
2658 2240 2907 2312 (Possid.,
2940 2245 2999 2298 in
3034 2245 3165 2301 Vita
3191 2246 3451 2315 August.,
3483 2264 3529 2303 c.
3557 2250 3668 2318 28).

1967 2328 2015 2379 Α
2043 2326 2384 2399 Carthagine
2415 2332 2664 2400 quatuor
2684 2334 2740 2385 et
2763 2331 3053 2403 octoginta
3070 2332 3293 2388 circiter
3322 2335 3518 2402 leucis,
3543 2341 3669 2392 octo

1970 2417 2027 2468 et
2053 2413 2291 2485 triginta
2310 2433 2343 2471 a
2373 2417 2526 2472 Cirta
2550 2417 2833 2474 Numidiae
2856 2421 3161 2493 metropoli
3182 2422 3447 2479 distabat.
3467 2424 3669 2480 Obser-

1970 2506 2104 2556 vant
2132 2504 2447 2575 geographi
2474 2503 2621 2559 hanc
2647 2506 2872 2575 urbem,
2896 2524 3027 2579 quae
3057 2509 3230 2564 hodie
3262 2512 3418 2567 Bona
3445 2511 3671 2576 dicitur,

1973 2590 2077 2643 sub
2094 2591 2468 2647 Constantina
2487 2594 2547 2648 iu
2568 2609 2746 2666 regno
2767 2596 3109 2667 Algeriensi,
3131 2599 3444 2655 etiamnum
3474 2601 3671 2672 magni

1974 2694 2095 2733 esse
2129 2680 2400 2735 nominis.
2437 2681 2671 2737 Colonia
2715 2689 2857 2750 erat,
2910 2690 2967 2739 et
3008 2686 3279 2757 regionis,
3327 2687 3419 2742 cui
3458 2705 3672 2744 nomen

1973 2766 2161 2835 dabat,
2195 2768 2418 2823 videtur
2442 2769 2616 2825 fuisse
2646 2772 3013 2843 metropolis;
3047 2789 3178 2828 cum
3216 2775 3278 2828 in
3318 2776 3671 2846 Hipponensi

1975 2855 2207 2927 regione
2232 2858 2555 2928 complures
2597 2859 2849 2931 episcopi
2878 2866 3275 2917 numerentur.
3311 2865 3387 2918 Ea
3414 2865 3611 2920 civitas
3643 2883 3675 2920 a

1974 2944 2109 2999 Sillo
2140 2944 2336 3000 Italico
2360 2945 2433 3000 iis
2460 2947 2648 3002 verbis
2672 2949 2992 3005 celebratur
3014 2965 3029 3004 :
3048 2952 3313 3020 Antiquis
3342 2952 3568 3009 dilectus
3594 2970 3673 3009 re-

1974 3029 2131 3096 gibus
2157 3030 2339 3101 Hippo
2361 3032 2571 3102 (Punic.
2601 3034 2697 3090 lib.
2725 3038 2780 3105 3,
2808 3052 2949 3091 vers.
2983 3037 3127 3106 259).
3149 3040 3196 3092 A
3218 3037 3429 3093 Latinis
3460 3038 3673 3111 Hippo-

1978 3117 2187 3190 Regius
2215 3120 2387 3190 vulgo
2414 3127 2800 3195 nuncupatur,
2822 3125 2893 3179 ad
2922 3125 3201 3196 Hipponis
3219 3126 3452 3183 alterius
3483 3128 3677 3183 discri-

1976 3222 2131 3275 men,
2155 3206 2254 3278 qui
2274 3208 2521 3263 Zarritus
2541 3209 2658 3264 sive
2679 3211 3000 3267 Diarrhitus
3022 3213 3246 3280 dicitur,
3272 3214 3337 3269 in
3355 3216 3557 3271 eadem
3576 3233 3675 3272 ora

1977 3295 2401 3351 Proconsularis
2447 3298 2776 3368 provinciae.
2824 3302 2890 3355 In
2936 3302 3188 3358 Concilio
3220 3304 3674 3377 Carthaginensi,

1978 3383 2131 3455 quod
2163 3385 2267 3439 sub
2290 3384 2557 3456 episcopo
2581 3388 2862 3459 Cypriane
2880 3391 3228 3447 celebratum
3247 3397 3350 3460 est,
3374 3394 3592 3449 mentio
3613 3395 3680 3450 ﬁt

1979 3472 2625 3546 cujusdamTheogeuis
2656 3476 3056 3548 Hipponensis,
3082 3480 3182 3551 qui
3210 3482 3484 3553 martyrio
3512 3499 3673 3537 coro-

1977 3566 2144 3615 natus
2189 3561 2363 3617 fuisse
2412 3562 2643 3620 dicitur.
2683 3566 2762 3619 De
2803 3566 3073 3621 Memoria
3114 3568 3292 3623 sancti
3336 3569 3674 3640 Theogenis,

1979 3655 2256 3721 tanquam
2285 3651 2355 3706 de
2383 3651 2509 3706 loco
2535 3652 2638 3708 ubi
2664 3652 3005 3709 sacriﬁcium
3045 3655 3239 3710 offerri
3285 3663 3673 3725 consueverat,

1979 3738 2233 3809 loquitur
2263 3739 2616 3810 Augustinus
2645 3741 2835 3813 (Serm.
2867 3745 2992 3809 273,
3023 3759 3079 3797 n.
3107 3744 3201 3815 7):
3225 3744 3421 3799 scribit
3449 3762 3679 3817 quoque

1981 3827 2051 3882 de
2082 3827 2363 3881 memoria
2392 3828 2595 3899 viginti
2634 3834 2953 3901 martyrum
2982 3831 3136 3901 apud
3171 3832 3509 3909 llipponem,
3529 3834 3679 3888 cele-

1980 3919 2233 3975 berrima
2263 3924 2359 3990 (De
2389 3922 2550 3977 Civil.
2576 3923 2689 3987 Dei,
2713 3922 2807 3977 lib.
2834 3924 2923 3989 22,
2947 3937 3070 3992 cap.
3094 3926 3147 3990 8,
3168 3939 3224 3978 n.
3249 3927 3321 3988 9).
3342 3925 3680 3997 Quanquam

1983 4022 2115 4061 vero
2144 4007 2501 4063 celeberrimi
2527 4012 2691 4064 erant
2718 4009 3079 4082 episcopatus
3118 4011 3179 4066 in
3215 4012 3424 4081 Africa,
3463 4014 3677 4086 Hippo-

1980 4095 2176 4151 nensis
2205 4100 2397 4151 tamen
2437 4097 2550 4152 late
2579 4099 2847 4168 patebat;
2880 4115 3011 4153 cum
3040 4099 3230 4170 ipsum
3264 4101 3436 4156 etiam
3477 4103 3683 4156 Fussa-

1981 4184 2134 4238 lense
2165 4184 2539 4253 territorium,
2570 4186 2858 4242 sexdecim
2886 4187 3062 4243 leucis
3090 4190 3432 4261 sejunctum,
3455 4190 3525 4245 ad
3558 4189 3684 4261 Hip-

1980 4288 2294 4343 poneusem
2326 4275 2637 4330 Ecclesiam
2670 4276 2986 4346 pertineret
3016 4279 3209 4347 (Epist.
3240 4281 3366 4345 209,
3398 4294 3453 4334 η.
3483 4279 3558 4348 2).

2054 4364 2107 4417 3.
2156 4361 2411 4416 Valerius
2458 4362 2592 4418 huic
2638 4367 2777 4419 tunc
2834 4363 3095 4420 Ecclesiae
3147 4370 3414 4436 praeerat,
3451 4365 3685 4421 natione

1982 4450 2229 4517 Graecus,
2260 4449 2393 4521 pius
2419 4467 2484 4505 ac
2508 4451 2716 4507 timens
2746 4453 2927 4508 Deum
2954 4469 2967 4507 :
2990 4453 3090 4508 sed
3111 4468 3242 4509 cum
3270 4453 3439 4509 latini
3466 4444 3684 4511 sermo-

1981 4536 2071 4591 nis
2104 4554 2239 4592 usus
2268 4539 2565 4609 expeditus
2592 4540 2678 4595 illi
2703 4557 2819 4596 non
2848 4547 3016 4608 esset,
3040 4546 3209 4613 atque
3232 4541 3304 4597 ob
3334 4542 3395 4598 id
3413 4543 3604 4599 minus
3626 4561 3685 4600 se

1985 4624 2187 4679 utilem
2228 4625 2487 4681 Ecclesia:
2526 4626 2902 4698 intelligeret;
2939 4629 3152 4684 crebris
3192 4647 3225 4685 a
3265 4632 3378 4687 Deo
3422 4634 3688 4704 precibus

1985 4714 2438 4795 exposcebat,_ut
2464 4715 2760 4771 hominem
2805 4717 3123 4773 commissas
3162 4718 3273 4775 sibi
3317 4721 3473 4793 plebi
3500 4724 3688 4795 provi-

1986 4804 2149 4859 deret
2176 4787 2470 4873 idoneum,
2506 4805 2606 4876 qui
2641 4821 2766 4861 eam
2795 4806 2968 4861 verbo
3000 4813 3055 4863 et
3085 4787 3342 4865 doctrina
3369 4787 3563 4883 posset
3591 4813 3686 4868 in-

1986 4893 2236 4950 formare
2268 4892 2588 4965 (Possidius,
2622 4895 2681 4950 in
2718 4896 2847 4951 Vita
2884 4897 3205 4966 Augustini,
3237 4915 3283 4954 c.
3318 4900 3393 4971 5).
3429 4901 3535 4957 Ubi
3564 4904 3687 4957 Au-

1987 4982 2283 5054 gustinum
2313 4982 2577 5038 ordinare
2607 4982 2717 5038 sibi
2744 4984 2943 5039 datum
2973 4990 3075 5050 est,
3100 5003 3297 5058 preces
3325 5005 3458 5045 suas
3488 4990 3689 5045 divini-

1987 5076 2080 5126 tus
2135 5071 2427 5126 exauditas
2482 5071 2743 5142 credidit,
2797 5089 2862 5128 ac
2916 5075 3030 5129 voti
3083 5092 3318 5147 compos
3360 5078 3687 5150 gaudioque

1988 5156 2353 5229 triumphans
2374 5158 2584 5229 gratias
2604 5159 2721 5214 Deo
2741 5161 3020 5231 plurimas
3045 5163 3165 5234 egit
3186 5166 3380 5235 (Epist.
3403 5167 3492 5228 29,
3522 5181 3577 5220 η.
3609 5168 3688 5235 7).

1991 5247 2322 5302 Tenerrimo
2353 5247 2537 5303 cordis
2557 5249 2763 5305 affectu
2784 5252 3266 5323 complectebatur
3283 5252 3689 5324 Augustinum,

1991 5338 2047 5390 et
2072 5334 2333 5407 quamvis
2360 5335 2604 5392 minime
2647 5355 2781 5395 eum
2817 5340 3045 5412 lateret,
3075 5358 3251 5413 quam
3285 5357 3554 5413 magnam
3582 5342 3693 5399 sibi

1992 5430 2222 5481 sanctus
2248 5426 2548 5498 presbyter
2570 5430 2813 5500 gloriam
2842 5435 3219 5503 compararet,
3250 5432 3407 5486 nulla
3434 5448 3692 5505 unquam

1992 5505 2217 5568 liventis
2245 5513 2473 5577 invidiae
2505 5516 2761 5573 labecula
2777 5518 3145 5589 purissimam
3173 5518 3327 5574 beati
3356 5521 3508 5576 senis
3536 5538 3694 5578 meu-

3217 5615 3416 5703 (δέω.)
