4008 6184
383 281 470 330 t7t
1598 269 1757 322 VlTA
1795 267 1848 322 S.
1894 267 2271 321 AUGUSTINI
2313 264 2641 320 EPlSCOPl.
3785 271 3895 320 17;)

375 406 494 456 tem
523 397 882 472 inquinavit:
906 412 1037 450 cum
1070 395 1346 466 gauderet
1364 393 1576 464 potius,
1595 383 2075 461 vehementerque

376 491 682 555 laetaretur,
707 487 934 557 plebem
965 501 1124 538 suam
1149 482 1462 538 ministerio
1485 481 1638 535 illius
1662 479 1897 534 erudiri.
1926 479 2074 543 Quin

375 579 549 633 etiam
575 577 959 647 Augustinum
991 573 1099 628 sibi
1128 588 1510 627 successorem
1534 570 1930 625 ardentissimo
1962 573 2076 622 stn-

375 668 468 721 dio
511 665 862 738 perOptavit;
895 681 957 717 ac
1003 664 1148 716 Deus
1194 662 1265 716 ad
1295 665 1560 713 votorum
1605 659 1725 729 ejus
1754 658 2068 723 cumulum,

372 757 537 810 illum
567 754 674 826 ipsi
695 754 879 808 adhuc
905 752 963 805 in
991 750 1132 804 vivis
1163 749 1376 820 agenti,
1400 753 1465 802 ut
1493 748 1640 800 infra
1662 746 1934 813 dicemus,
1955 746 2071 799 col-

374 847 558 916 legam
590 842 864 898 concessit
894 841 1089 911 (Epist.
1120 842 1208 906 3‘2,
1238 855 1292 891 η.
1333 839 1413 906 2).
1456 835 1744 889 Valerium
1781 850 1953 904 porro
1984 834 2069 887 vi-

374 932 563 986 cissim
592 947 776 1001 usque
807 929 946 982 adeo
978 927 1198 980 colebat
1237 931 1294 979 et
1332 923 1667 978 observabat
1694 923 2067 993 Augustinus,

372 1020 515 1074 nihil
546 1024 611 1072 ut
640 1018 794 1088 quod
833 1016 885 1069 ei
916 1014 1242 1084 displiceret
1277 1012 1574 1082 tantisper,
1607 1027 1774 1082 agere
1813 1011 2066 1076 auderet,

371 1123 442 1160 ne
474 1106 614 1160 illud
643 1104 879 1175 quidem
910 1102 1060 1172 quod
1091 1101 1151 1155 in
1181 1102 1388 1155 animm
1418 1117 1535 1153 sua:
1575 1100 1815 1153 salutem
1847 1115 1910 1152 ac
1938 1115 2067 1168 pro-

371 1195 581 1248 fectum
621 1193 790 1246 sciret
827 1189 1145 1244 redundare
1188 1190 1384 1259 (Epist.
1427 1191 1514 1254 21,
1546 1204 1599 1242 η.
1645 1187 1716 1258 6).
1754 1189 1806 1241 Is
1846 1187 1913 1241 ad
1952 1190 2067 1240 Au-

367 1282 575 1335 relium
607 1279 1115 1350 Carthaginensem
1146 1279 1398 1332 scribens
1429 1277 1498 1330 de
1537 1276 1806 1330 tollendis
1835 1291 2067 1345 compo-

367 1369 677 1425 tationibus
706 1369 777 1422 ad
807 1368 1068 1438 sepulcra
1093 1371 1410 1435 martyrum
1447 1363 1569 1417 fieri
1612 1364 1812 1426 solitis,
1847 1364 1969 1416 haec
1998 1363 2066 1416 de

368 1458 590 1512 Valerio
618 1457 788 1511 habet
815 1473 827 1510 :
852 1459 922 1510 Et
951 1471 1046 1508 nos
1076 1454 1291 1524 quidem
1322 1455 1542 1507 illarum
1569 1454 1812 1522 partium
1837 1452 1911 1520 (in
1943 1451 2068 1521 qui-

368 1545 475 1598 bus
504 1545 626 1599 haec
665 1541 1109 1612 intemperantia
1140 1557 1252 1594 non
1292 1540 1485 1610 viget),
1519 1541 1784 1592 hominem
1813 1539 2066 1592 habemus

367 1638 694 1703 episcopum,
735 1632 876 1685 unde
912 1645 1139 1698 magnas
1177 1632 1390 1696 agimus
1435 1631 1647 1697 gratias
1685 1632 1787 1682 Deo
1831 1647 1848 1681 :
1890 1644 2064 1697 quan-

369 1739 530 1790 quam
557 1722 673 1790 ejus
693 1720 962 1773 modestia:
979 1724 1142 1786 atque
1163 1718 1400 1770 lenitatis
1417 1722 1514 1783 est,
1539 1717 1656 1784 ejus
1677 1716 1906 1784 denique
1921 1732 2064 1784 pru-

367 1810 560 1864 dentia:
581 1814 629 1864 et
652 1808 1033 1863 sollicitudinis
1063 1809 1120 1860 in
1148 1808 1392 1872 Domino,
1415 1810 1476 1858 ut
1504 1807 1718 1859 etiamsi
1741 1805 1880 1870 Afer
1908 1809 2060 1863 esset,

365 1901 469 1952 cito
497 1898 584 1951 illi
603 1897 668 1949 de
696 1897 994 1964 Scripturis
1021 1893 1440 1962 persuaderetur
1468 1892 1788 1956 curandum,
1821 1891 1965 1959 quod
1995 1892 2060 1945 li-

365 1988 599 2040 centiosa
627 1989 678 2039 et
707 1985 843 2037 male
864 1983 1034 2036 libera
1063 1981 1384 2035 consuetudo
1412 1981 1608 2034 vulnus
1636 1980 1846 2047 iri/limit
1865 1979 2058 2048 (Epist.

365 2078 452 2140 22,
486 2092 541 2128 η.
574 2074 646 2141 4).
693 2072 834 2126 Cum
874 2067 978 2140 per
1007 2070 1064 2124 id
1116 2073 1342 2138 tempus
1388 2067 1768 2138 Hipponensis
1819 2066 2062 2119 Ecclesia

367 2161 791 2217 Donatistarum
843 2157 1148 2212 schismate
1205 2157 1632 2217 dilaceraretur,
1684 2154 2057 2224 Augustinus,

364 2250 465 2322 qui
493 2249 544 2302 ei
573 2249 642 2302 ad
680 2247 982 2318 pristinam
1012 2244 1374 2300 concordiam
1415 2243 1744 2297 revocanda:
1777 2242 2056 2309 studebat,

364 2337 732 2392 Proculeiano
763 2335 1029 2406 episcopo
1059 2333 1366 2387 Donatistae
1406 2331 1724 2402 pollicetur,
1771 2331 2058 2384 Valerium

361 2433 496 2482 tunc
535 2426 846 2484 absentem,
879 2422 1070 2476 animo
1111 2419 1526 2485 lubentissime,
1569 2417 1846 2488 quidquid
1888 2417 2058 2471 simul

363 2515 634 2585 egissent,
655 2511 1053 2582 probaturum.
1073 2512 1146 2562 De
1167 2511 1366 2574 animo,
1393 2507 1490 2569 ait,
1521 2507 1819 2560 beatissimi
1837 2511 1885 2560 et
1905 2521 2056 2560 vene-

359 2601 552 2654 rabilis
581 2599 716 2652 mihi
740 2599 920 2667 patris
957 2597 1166 2651 Valerii
1192 2611 1333 2648 nunc
1367 2595 1603 2648 absentis
1635 2599 1746 2647 tota
1773 2593 2060 2648 securitate

355 2690 630 2758 polliceor,
663 2687 757 2741 hoc
787 2702 905 2740 eum
934 2700 1054 2738 cum
1082 2700 1281 2751 magna
1303 2685 1492 2738 laetitia
1522 2685 1860 2750 cognitu-rum
1890 2699 1902 2736 :
1933 2685 2059 2736 novi

360 2779 500 2831 enim
527 2780 789 2845 quantum
818 2775 1020 2841 diligat
1041 2788 1249 2841 pacem,
1275 2777 1324 2825 et
1344 2772 1496 2825 nulla
1523 2773 1654 2824 eam"
1671 2772 1851 2837 fastus
1882 2773 2060 2824 inani-

362 2871 472 2920 tate
518 2866 762 2934 jactetur
808 2862 1009 2931 (Epist.
1069 2863 1156 2926 33,
1205 2876 1261 2914 π.
1314 2860 1390 2930 4).
1448 2860 1652 2913 Narrat
1707 2858 2058 2928 Augustinus

364 2954 646 3024 (Epistolae
691 2952 765 3006 ad
804 2953 1070 3006 Romanos
1100 2952 1304 3018 Expos.
1338 2949 1612 3014 inchoata,
1655 2964 1712 3001 τι.
1759 2949 1860 3017 13).
1897 2948 2055 3000 Vale-

359 3042 534 3108 rium,
567 3057 698 3095 cum
737 3040 880 3094 duos
921 3038 1229 3109 aliquando
1269 3036 1588 3091 rusticanos
1634 3036 1840 3107 punice
1881 3036 2058 3090 collo-

359 3135 614 3201 quentes,
631 3134 687 3182 et
707 3144 918 3182 nomen
945 3128 1108 3182 Salus
1127 3130 1325 3180 mutuo
1347 3129 1691 3195 usurpantes
1708 3124 2053 3187 otl‘endisset,

357 3217 649 3288 qumsiisse
675 3216 745 3269 ab
777 3231 842 3268 eo
874 3213 974 3285 qui
1013 3213 1188 3268 latine
1218 3213 1388 3267 sciret
1424 3229 1488 3266 ac
1517 3213 1747 3282 punice,
1782 3213 1916 3284 quid
1950 3213 2057 3267 sibi

361 3307 531 3361 vellet
577 3305 632 3358 id
671 3302 947 3369 nominis;
983 3302 1371 3371 rusticumque
1417 3300 1797 3370 respondisse,
1831 3301 1940 3354 tria
1982 3301 2059 3354 si-

360 3393 633 3466 gnificare
669 3408 682 3446 :
712 3395 833 3444 tum
865 3388 1148 3443 Valerium
1176 3405 1305 3442 cum
1330 3388 1538 3460 gaudio
1567 3388 1918 3457 cognovisse,
1940 3405 2058 3442 non

358 3480 594 3534 fortuita
619 3479 1036 3550 significatione
1067 3477 1339 3543 nominis,
1373 3476 1468 3530 sed
1501 3476 1880 3530 occultissima
1909 3477 2055 3530 divi-

360 3585 447 3622 nae
475 3567 848 3639 providentia:
889 3565 1311 3638 dispensatione
1348 3566 1580 3628 factum,
1614 3568 1679 3619 ut
1717 3565 1916 3619 eodem
1956 3580 2054 3617 vo-

359 3659 579 3723 cabulo,
595 3674 708 3728 quo
732 3658 882 3711 salus
898 3656 1074 3710 latine
1096 3654 1465 3726 significatur,
1486 3653 1732 3707 Trinitas
1753 3669 1883 3706 vera
1906 3654 2056 3706 salus

359 3751 550 3800 nostra
593 3745 800 3815 punice
839 3745 1230 3798 denotaretur.
1281 3744 1415 3796 Eam
1463 3741 1914 3796 observationem
1967 3741 2054 3794 di-

357 3854 529 3908 gnam
555 3836 777 3890 censuit
800 3834 1176 3904 Augustinus,
1207 3849 1383 3904 quam
1415 3832 1484 3886 ad
1515 3833 1794 3886 lectorum
1825 3831 2053 3885 animos

357 3924 720 3980 oblectandos
750 3922 808 3976 in
837 3939 964 3976 suas
989 3921 1412 3976 lucubrationes
1442 3921 1695 3974 referret.

426 4015 481 4068 4.
535 4011 866 4066 Existimare
927 4009 1057 4064 licet
1098 4026 1166 4064 eo
1220 4010 1333 4062 fine
1388 4008 1676 4062 Valerium
1734 4009 2052 4079 Augustino

354 4099 694 4173 presbyterii
733 4098 972 4171 gradum
1015 4097 1342 4163 contulisse,
1376 4101 1440 4150 ut
1478 4096 1530 4150 ei
1568 4099 1752 4150 totum
1795 4097 2054 4150 Ecclesim

354 4208 472 4247 sure
499 4189 760 4260 regimen
790 4186 1172 4241 committeret
1206 4203 1219 4240 :
1255 4202 1369 4256 quo
1409 4185 1491 4247 tit,
1522 4188 1587 4238 ut
1616 4185 1964 4256 Augustinus
1995 4185 2052 4238 in

353 4279 591 4351 epistola
629 4275 1096 4332 ad'Maximinum
1132 4274 1480 4328 Donatistam
1507 4272 1842 4345 episcopum
1872 4290 1936 4327 ea
1968 4273 2052 4327 di-

353 4369 516 4424 cendi
546 4367 820 4438 gravitate
859 4366 1146 4436 loquatur,
1178 4379 1308 4434 quae
1338 4362 1528 4432 potius
1559 4361 1843 4433 episcopo,
1879 4379 2052 4433 quam

353 4455 680 4527 presbytero
736 4452 1036 4508 conveniat
1083 4452 1277 4520 (Epist.
1328 4453 1434 4519 23).
1499 4451 1768 4521 Baptismi
1824 4467 2051 4522 quoque

350 4541 680 4596 conferendi
711 4557 902 4595 curam
954 4540 1231 4611 gerebat:
1268 4539 1419 4593 unde
1468 4556 1501 4592 a
1547 4539 1794 4592 Licentio
1843 4539 2051 4592 dicitur

349 4629 602 4684 fontibus
630 4628 913 4682 infantum
946 4627 1243 4698 prmfectus
1264 4629 1342 4697 (In
1363 4629 1538 4696 Epist.
1573 4629 1659 4690 26,
1687 4642 1741 4679 n.
1775 4631 1826 4692 3,
1853 4642 1905 4680 υ.
1934 4627 2045 4694 ‘27).

349 4719 415 4772 In
445 4716 761 4771 ordinando
793 4720 982 4770 tamen
1014 4717 1332 4787 Augustino
1356 4715 1414 4769 id
1437 4715 1802 4787 potissimum
1825 4715 2050 4768 videtur

349 4810 630 4876 spectasse
660 4804 934 4870 Valerius,
969 4809 1028 4858 ut
1060 4804 1216 4859 verbi
1248 4803 1599 4876 praedicandi
1629 4785 1842 4856 inunus
1874 4803 1927 4856 ei
1957 4805 2049 4858 de-

348 4894 660 4948 mandaret.
699 4893 837 4946 llinc
867 4892 1061 4946 scribit
1098 4892 1449 4962 Augustinus
1480 4908 1560 4958 se,
1593 4908 1723 4945 cum
1754 4891 1810 4945 id
1845 4908 2044 4946 mune-

345 4983 426 5037 ris
449 4981 605 5036 obire
636 4981 823 5050 erepit,
853 4981 1031 5033 multo
1053 4981 1298 5051 amplius
1319 4985 1621 5050 expertum
1651 4980 1844 5046 fuisse,
1873 4997 2044 5051 quam

348 5076 511 5127 antea
528 5074 730 5131 nosset,
758 5074 900 5140 quot
919 5073 974 5122 et
993 5075 1219 5139 quanta:
1243 5069 1696 5140 presbyteratum
1720 5068 2047 5124 circumcin-

345 5166 481 5232 gaut
501 5158 860 5215 difﬁcultates
882 5162 937 5211 et
963 5156 1237 5226 pericula.
1265 5158 1384 5212 Sibi
1407 5163 1493 5211 sat
1514 5163 1877 5228 perspectum
1900 5163 2039 5221 erat,

346 5249 485 5320 quid
517 5250 585 5303 ad
618 5247 859 5302 salutem
891 5245 1200 5316 pertineret
1223 5262 1234 5298 :
1256 5246 1350 5300 sed
1381 5262 1494 5316 quo
1526 5251 1691 5315 pacto
1718 5247 1824 5300 hoc
1853 5246 2043 5316 ipsum

344 5336 412 5388 ad
445 5335 686 5388 aliorum
720 5334 963 5386 salutem
991 5329 1304 5383 ministrari
1330 5329 1584 5397 deberet,
1617 5330 1860 5384 necdum
1890 5330 2040 5384 didi-

343 5428 516 5477 cerat.
537 5425 644 5477 Tot
662 5422 1026 5476 difﬁcultates
1046 5417 1310 5484 intuitus,
1330 5434 1510 5487 usque
1527 5420 1670 5472 adeo
1688 5420 1756 5474 de
1781 5437 1838 5472 se
1857 5418 2042 5472 humi-

343 5509 470 5564 liter
496 5512 691 5580 sensit,
724 5514 786 5565 ut
814 5510 927 5564 vim
960 5508 1026 5563 ad
1060 5506 1519 5578 presbyteratum
1551 5507 1754 5561 factam
1785 5507 1891 5561 sibi
1923 5524 2036 5562 crc-

2183 388 2413 455 diderit,
2467 389 2580 442 Deo
2629 387 2684 442 id
2722 386 3092 458 permittente
3139 387 3200 442 in
3242 403 3466 458 poenam
3514 393 3890 458 peccatorum

2183 494 2440 543 suorum,
2474 482 2530 530 et
2567 476 3028 530 emendationem
3071 476 3327 546 pristinae
3365 477 3700 530 temeritatis
3737 494 3889 543 sum,

2183 565 2321 619 dum
2348 564 2811 635 presbyterorum
2834 568 2888 617 et
2910 563 3304 633 episcoporum
3332 565 3527 634 culpas
3547 564 3782 618 liberius
3804 581 3896 617 re-

2181 652 2581 722 prehenderet.
2611 654 2766 707 Vires
2792 668 2960 720 meas,
2993 652 3200 723 inquit,
3230 655 3440 707 omnino
3472 669 3578 707 non
3606 669 3891 720 noveram,

2179 749 2228 796 et
2259 743 2493 811 alicujus
2521 743 2774 796 momenti
2815 742 3131 795 arbitrabar
3163 757 3176 794 :
3210 741 3466 796 Dom-inus
3495 750 3672 795 autem
3702 745 3892 796 irrisit

2177 845 2278 896 me,
2311 835 2359 883 et
2383 831 2540 884 rebus
2560 831 2694 900 ipsis
2711 831 2984 884 ostendere
3006 831 3175 884 voluit
3193 833 3454 900 meipsum
3475 833 3629 885 mihi.
3663 832 3888 885 Nihilo—

2178 918 2369 972 minus
2401 919 2499 972 Dei
2538 917 2931 972 misericordia
2961 920 3159 984 fretus,
3193 919 3264 972 ab
3296 936 3363 971 eo
3396 936 3454 972 se
3487 936 3597 972 non
3635 921 3883 974 damna-

2177 1006 2247 1071 ri,
2277 1007 2375 1060 sed
2413 1007 2706 1061 emendari
2737 1007 3018 1062 credebat.
3053 1007 3289 1076 Cognita
3329 1007 3504 1077 igitur
3535 1009 3885 1078 mgritudine

2177 1111 2299 1157 sua,
2333 1094 2532 1150 statuit
2564 1095 2622 1148 in
2665 1095 2834 1148 sacris
2877 1095 3098 1148 Litteris
3135 1096 3554 1150 medicamenta
3596 1113 3881 1167 quaerere,

2175 1199 2239 1235 ac
2268 1182 2534 1236 idoneam
2565 1183 2636 1237 ad
2677 1188 2793 1236 tam
2824 1183 3212 1253 periculosum
3253 1183 3637 1238 ministerium
3668 1185 3884 1238 animae

2175 1270 2560 1325 valetudinem
2592 1271 2719 1339 sibi,
2753 1288 2864 1342 qua
2896 1272 3180 1342 precibus,
3227 1289 3341 1342 qua
3372 1273 3612 1326 lectione
3643 1290 3883 1343 compa-

2177 1375 2329 1426 rare;
2363 1376 2492 1413 cum
2524 1360 2850 1413 nullatenus
2882 1359 3169 1413 dubitaret
3199 1361 3337 1429 quin
3371 1360 3545 1413 sacris
3576 1361 3631 1414 in
3662 1361 3882 1414 codici-

2175 1448 2279 1502 bus
2307 1453 2364 1502 et
2398 1448 2633 1502 consilia
2679 1451 2734 1501 et
2762 1453 3046 1519 praecepta
3077 1452 3223 1502 esset
3263 1453 3629 1518 reperturus;
3663 1450 3881 1519 quibus

2174 1536 2416 1607 cognitis
2447 1542 2502 1590 et
2527 1536 2902 1606 apprehensis
2933 1537 3114 1606 possit
3155 1536 3327 1591 homo
3370 1536 3467 1590 Dei
3500 1537 3668 1591 rebus
3698 1539 3882 1590 eccle-

2173 1624 2412 1678 siasticis
2443 1624 2761 1678 ordinatius
2792 1623 3136 1691 ministrare,
3166 1631 3264 1678 aut
3293 1630 3446 1679 certe
3487 1624 3637 1678 inter
3665 1641 3879 1678 manus

2171 1713 2502 1784 iniquorum
2542 1714 2629 1766 vel
2674 1712 2859 1766 vivere
2903 1713 3252 1767 conscientia
3291 1713 3535 1778 saniore,
3571 1714 3658 1767 vel
3701 1713 3874 1778 mori,

2174 1806 2234 1855 ut
2263 1801 2361 1856 illa
2381 1801 2496 1855 vita
2527 1818 2642 1855 non
2663 1800 2979 1868 amittatur,
3000 1802 3092 1856 cui
3117 1801 3215 1854 uni
3237 1801 3546 1856 christiana
3570 1803 3743 1856 corda
3766 1803 3875 1856 hu-

2170 1889 2329 1943 milia
2379 1894 2434 1942 et
2481 1895 2781 1944 mansueta
2821 1890 3130 1960 suspirant.
3178 1891 3472 1954 Quomodo
3525 1895 3716 1944 autem
3762 1891 3878 1944 hoc

2170 1978 2292 2031 ﬁeri
2327 1983 2533 2048 potest,
2568 1978 2676 2032 nisi
2706 1979 2970 2050 petendo,
2995 1980 3323 2050 quaarendo,
3350 1979 3650 2049 pulsando,
3674 1979 3731 2032 id
3760 1986 3874 2047 est,

2169 2066 2404 2130 orando,
2441 2066 2703 2136 legendo,
2751 2067 3121 2138 plangendo?
3161 2069 3230 2121 Ut
3276 2067 3364 2120 his
3415 2067 3592 2138 igitur
3645 2075 3875 2122 vacaret

2169 2153 2470 2220 exercitiis,
2519 2153 2776 2208 inducias
2830 2155 3031 2208 saltem
3079 2155 3138 2208 in
3187 2171 3430 2226 sequens
3477 2156 3692 2209 Pascha
3743 2173 3875 2226 per-

2168 2242 2401 2312 optabat
2433 2259 2445 2296 :
2478 2258 2652 2312 quam
2698 2243 3024 2296 facultatem
3054 2260 3088 2297 a
3112 2244 3332 2296 Valerio
3363 2243 3600 2297 fratrum
3632 2261 3872 2298 suorum

2168 2336 2224 2384 et
2253 2329 2569 2384 amicorum
2589 2330 2855 2400 precibus
2885 2330 3182 2401 ﬂagitavit.
3207 2334 3280 2386 At
3299 2348 3428 2385 cum
3453 2349 3584 2385 eum
3613 2332 3872 2387 Valerius

2168 2419 2433 2473 omnibus
2463 2418 2744 2488 praesidiis
2774 2419 2846 2472 ad
2874 2427 3076 2473 cuncta
3103 2420 3422 2490 presbyteri
3449 2420 3634 2474 oﬂicia
3661 2425 3718 2474 et
3747 2438 3874 2476 mu-

2167 2507 2260 2560 nia
2288 2507 2632 2561 instructum
2662 2523 2780 2560 esse
2810 2513 2963 2561 certo
2985 2513 3372 2578 cognosceret,
3402 2525 3520 2562 non
3552 2510 3714 2562 aliter
3745 2511 3873 2580 ejus

2164 2595 2430 2666 petitioni
2459 2595 2772 2665 respondit,
2809 2612 2984 2666 quam
3023 2597 3309 2650 sincerum
3349 2613 3516 2651 suum
3557 2614 3692 2668 erga
3733 2615 3870 2652 eum

2164 2700 2416 2738 amorem
2468 2688 2836 2759 contestatus,
2880 2685 3040 2755 cujus
3088 2687 3270 2739 Deum
3325 2685 3514 2755 ipsum
3572 2692 3626 2740 et
3672 2688 3869 2740 Jcsum

2167 2772 2453 2827 Christum
2494 2776 2696 2826 testem
2748 2773 3066 2826 adhibebat.
3113 2774 3475 2844 Quapropter
3510 2776 3872 2846 Augustinus

2164 2861 2502 2931 supplicem,
2536 2861 2715 2913 instar
2761 2861 3039 2930 epistolis,
3071 2861 3350 2928 libellum,
3386 2879 3500 2932 quo
3539 2863 3867 2918 facultatem

2163 2947 2463 3002 secedendi
2481 2949 2817 3018 aliquandiu
2839 2951 2910 3003 ad
2931 2966 3219 3003 sacrarum
3250 2951 3589 3005 Litterarum
3611 2953 3868 3007 studium

2165 3037 2508 3106 postulabat,
2559 3036 2643 3090 illi
2687 3037 2890 3091 offerre
2939 3043 3164 3091 coactus
3195 3043 3297 3092 est.
3351 3040 3507 3092 Extat
3545 3039 3865 3094 etiamnum

2164 3123 2404 3196 insignis
2432 3125 2630 3180 isthzec
2668 3125 2910 3195 epistola
2940 3129 3135 3195 (Epist.
3182 3130 3298 3194 21),
3331 3143 3460 3197 qua:
3499 3143 3631 3182 cum
3670 3129 3869 3199 singu-

2163 3213 2341 3266 larem
2377 3213 2437 3267 in
2466 3214 2782 3284 Augustino
2813 3214 2992 3268 animi
3029 3215 3430 3269 demissionem
3474 3215 3708 3281 indicet,
3743 3234 3868 3272 mo-

2166 3307 2263 3355 net
2282 3319 2454 3372 porro
2477 3318 2572 3356 eos
2592 3303 2692 3374 qui
2722 3318 2935 3357 munus
2957 3304 3296 3374 evangelicae
3323 3304 3751 3374 prmdicationis
3779 3323 3872 3360 co-

2164 3389 2347 3459 gitant
2379 3392 2526 3461 (qua:
2558 3396 2644 3444 est
2668 3390 2777 3443 viri
2811 3408 2925 3444 non
2954 3391 3232 3462 dignitate
3260 3392 3448 3455 modo,
3479 3393 3575 3447 sed
3605 3393 3871 3448 doctrina

2164 3495 2393 3549 quoque
2427 3495 2488 3532 ac
2520 3479 2728 3548 pietate
2753 3478 3120 3533 illustrissimi
3151 3479 3743 3550 observatio[Antonii
3772 3485 3872 3539 Go-

2164 3567 2322 3633 deau,
2375 3569 2683 3623 Grassensis
2721 3570 2977 3640 episc0pi,
3027 3571 3086 3622 in
3139 3571 3269 3623 Vita
3314 3573 3490 3624 sancti
3542 3572 3868 3639 Augustini,

2164 3655 2257 3708 lib.
2297 3659 2346 3723 t,
2379 3672 2500 3724 cap.
2535 3656 2666 3726 28]),
2700 3662 2765 3710 ut
2793 3657 2863 3710 ad
2900 3657 3006 3711 hoc
3044 3656 3428 3711 ministerium
3468 3659 3748 3725 oratione,
3783 3677 3869 3713 se-

2163 3759 2344 3810 cessu,
2369 3749 2424 3797 et
2447 3744 2624 3797 divini
2644 3745 2802 3798 verbi
2823 3744 3190 3800 meditatione
3218 3762 3277 3800 se
3307 3753 3658 3816 comparent.
3679 3752 3871 3818 Atque

2166 3836 2226 3885 ut
2253 3848 2318 3886 ex
2350 3832 2548 3886 eadem
2577 3837 2756 3903 patet,
2788 3839 3068 3905 quantum
3097 3835 3450 3904 Augustinus
3476 3835 3629 3889 illius
3655 3853 3868 3891 mune-

2163 3919 2260 3985 ris,
2295 3936 2408 3990 quo
2441 3924 2557 3974 tam
2590 3921 2756 3975 multi
2786 3926 2981 3976 nostra
3019 3927 3184 3977 aetate
3215 3923 3355 3978 citra
3395 3925 3776 3979 reverentiam
3812 3931 3870 3979 ct

2161 4008 2514 4062 vocationem
2546 4009 2798 4063 divinam
2831 4027 2889 4064 se
2915 4015 3127 4064 temere
3157 4011 3472 4082 implicant,
3503 4013 3866 4068 sanctitatem

2163 4112 2224 4149 ac
2255 4096 2646 4151 difficultatem
2680 4097 2918 4152 haberet
2945 4099 3232 4168 cognitam
3260 4116 3272 4153 :
3297 4099 3376 4154 ita
3407 4101 3665 4155 studium
3697 4107 3755 4156 et
3780 4119 3869 4155 ar-

2163 4183 2268 4237 dor
2295 4184 2413 4252 ille,
2446 4202 2560 4255 quo
2601 4186 2868 4256 exiguam
2899 4187 3174 4257 temporis
3213 4204 3456 4256 moram,
3489 4205 3594 4259 pro
3640 4190 3866 4261 ingenti

2161 4271 2457 4338 beneficio,
2481 4274 2718 4344 supplex
2740 4275 3036 4344 efﬂagitat,
3062 4276 3414 4347 praecipitem
3441 4277 3688 4332 aliorum
3712 4279 3866 4334 festi-

2160 4361 2449 4415 nationem
2490 4363 2841 4418 severissime
2882 4365 3244 4420 condemnat.
3278 4367 3559 4420 Ctetcrum
3599 4368 3730 4438 pius
3767 4369 3865 4423 ille

2159 4454 2274 4503 tam
2319 4451 2547 4520 augusti
2593 4468 2656 4505 ac
2694 4453 2999 4522 periculosi
3050 4453 3355 4508 ministerii
3401 4460 3610 4521 metus,
3663 4473 3866 4512 eorum

2158 4538 2424 4608 proprius
2449 4545 2550 4604 est,
2582 4540 2681 4610 qui
2711 4546 2987 4594 vocantur
3015 4557 3048 4595 a
3080 4543 3192 4596 Deo
3222 4559 3234 4596 :
3259 4547 3458 4596 contra
3487 4559 3618 4596 vero
3646 4545 3867 4614 pleros-

2158 4643 2268 4696 que
2299 4643 2518 4695 omnes,
2551 4627 2649 4698 qui
2681 4645 2792 4682 non
2824 4629 3068 4700 Spiritus
3099 4631 3300 4700 sancti,
3338 4631 3436 4685 sed
3467 4649 3569 4684 suo
3603 4633 3863 4701 ipsorum

2154 4714 2409 4784 impulsu
2440 4721 2674 4770 sumunt
2705 4716 2812 4770 sibi
2834 4718 3136 4785 honorem,
3163 4719 3519 4774 illosimitari
3552 4720 3766 4786 videas,
3790 4723 3864 4776 de

2155 4803 2363 4873 quibus
2390 4805 2685 4870 Dominus,
2716 4807 2830 4860 Non
2858 4807 3133 4861 mittebam
3160 4809 3476 4877 prophetas,
3510 4815 3560 4862 et
3589 4811 3702 4878 ipsi
3732 4826 3859 4865 cur-

2151 4891 2340 4945 rebant
2373 4895 2577 4962 (Jcrem.
2612 4910 2764 4959 χχιιι,
2797 4893 2909 4964 21).

2224 4983 2275 5033 5.
2310 4979 2590 5035 Credibile
2613 4987 2699 5035 est
2731 4982 3017 5037 Valerium
3043 4988 3159 5038 tam
3188 4985 3445 5040 sollicitis
3475 4987 3715 5057 etjustis
3736 4991 3857 5042 Au-

2153 5066 2368 5145 gustini
2429 5068 2698 5138 precibus
2753 5071 3042 5136 annuisse,
3091 5072 3258 5143 eique
3301 5075 3612 5146 presbyteri
3654 5079 3858 5131 munia

2151 5155 2297 5209 forte
2328 5155 2397 5210 ad
2415 5160 2639 5227 tempus
2661 5158 2981 5212 traditionis
3003 5161 3277 5230 Symboli,
3305 5164 3459 5233 quod
3489 5165 3858 5220 Paschalibus

2150 5243 2305 5297 feriis
2335 5244 2583 5299 vicinum
2614 5253 2755 5312 erat,
2789 5247 3088 5302 differendi
3112 5254 3451 5318 potestatem
3477 5252 3675 5309 fecisse
3701 5274 3713 5308 :
3742 5273 3858 5326 quo

2147 5336 2405 5404 tempore
2428 5336 2782 5404 Augustinus
2807 5336 2973 5392 illum
2998 5338 3066 5392 de
3099 5338 3366 5409 Symbolo
3399 5355 3725 5396 sermonem
3759 5343 3858 5397 ha-

2149 5421 2291 5487 buit,
2323 5422 2485 5492 cuius
2515 5425 2813 5479 exordium
2844 5431 2928 5480 est
2955 5442 2967 5479 :
2993 5429 3096 5482 Pro
3126 5428 3338 5482 modulo
3367 5433 3545 5485 attatis
3574 5431 3856 5486 rudimen-

2152 5514 2428 5579 torumque
2446 5517 2769 5581 nostrorum,
2786 5530 2890 5583 pro
2912 5517 3158 5570 tirocinio
3178 5520 3412 5587 suscepti
3427 5523 3664 5574 muneris
3685 5526 3853 5590 atque
