4008 6184
70 286 79 291 ’
144 286 224 336 l‘i3
1068 326 1075 331 ι
1602 285 1807 340 LIBER
1844 288 1850 306 ‘

2029 289 2153 343 IUS.

140 405 189 456 in
205 418 301 456 cos
322 403 635 460 dilectionis
657 406 871 473 affectu,
902 408 1001 475 qui
1006 407 1128 476 jam
1152 408 1524 463 ministrantes
1543 409 1732 475 altari,
1754 410 1853 478 qui

138 494 404 545 necessari
444 495 597 560 estis,
637 496 967 559 assistimus,
1006 510 1100 549 nec
1141 497 1442 551 ministerio
1471 500 1729 552 sermonis
1758 513 1850 552 vos

137 580 402 645 fraudare
457 580 710 635 debemus
760 583 946 650 (Serm.
981 585 1107 649 2ζ4,
1150 600 1207 639 n.
1265 584 1330 654 1).
1386 586 1586 639 Paucis
1620 602 1850 657 quoque

134 668 249 721 inde
278 668 508 740 elapsis
538 669 743 723 diebus
772 671 1169 741 Competentes
1198 678 1328 743 post
1352 674 1735 728 exorcismum
1763 675 1850 728 in-

134 756 290 809 stitue
302 756 381 810 n's
407 757 495 811 sic
523 757 876 828 alloquitur:
901 760 1227 815 Rudimenta
1256 764 1550 817 ministerii
1578 765 1768 828 nostri,
1804 767 1853 817 ct

133 847 285 898 τρέετί
309 851 610 915 conceptus
643 847 840 914 (Serm.
877 850 1002 913 216,
1051 865 1108 902 n.
1142 849 1215 919 t).
1250 850 1534 914 Quoniam
1566 868 1698 905 vero
1725 856 1856 921 post

131 938 468 1003 susceptum
535 934 995 1005 presbyteratum
1052 937 1286 1009 aliquod
1345 955 1413 993 eo
1477 939 1540 993 in
1586 955 1853 1005 munere,

144 1021 395 1075 maxime
427 1026 626 1075 autem
652 1022 714 1076 in
745 1023 925 1077 divini
947 1025 1103 1078 verbi
1125 1026 1553 1095 praedicatione,
1569 1027 1691 1097 jam
1714 1028 1855 1099 peri'

130 1111 311 1165 culum
347 1111 577 1166 fecerat
606 1128 845 1166 suarum
883 1112 1112 1178 virium,
1145 1115 1378 1186 quando
1406 1132 1499 1169 eas
1529 1121 1687 1171 tanto
1723 1133 1853 1171 mu-

134 1199 242 1252 neri
294 1199 566 1270 impares
606 1206 893 1271 expertus,
936 1202 1263 1257 facultatem
1296 1204 1366 1257 ad
1405 1204 1573 1258 breve
1602 1210 1848 1276 tempus,

134 1289 324 1341 saltem
363 1288 437 1342 ad
490 1289 705 1343 Pascha
735 1306 937 1360 usque,
978 1291 1278 1346 secedendi
1307 1294 1586 1363 poposcit,
1623 1310 1735 1364 quo
1765 1311 1853 1348 sa-

138 1376 227 1429 cris
259 1375 510 1431 Litteris
542 1394 778 1448 operam
817 1384 1083 1444 navaret;
1128 1379 1293 1434 facile
1326 1380 1686 1452 intelligitur,
1718 1398 1848 1437 eum

136 1482 230 1521 nou
261 1466 471 1519 solum
503 1466 574 1520 ab
605 1466 841 1521 ineunte
876 1467 1342 1538 Quadragesima,
1388 1474 1452 1523 ut
1481 1472 1601 1523 vult
1631 1470 1849 1537 Rivius,

133 1553 217 1608 sed
247 1553 442 1608 etiam
495 1553 792 1625 aliquanto
839 1559 970 1609 ante
1006 1560 1263 1625 tempore
1294 1556 1467 1611 fuisse
1498 1558 1846 1614 ordinatum.

130 1644 499 1713 Quapropter
519 1642 640 1695 hanc
670 1642 824 1696 illius
855 1643 1155 1697 ministerii
1178 1643 1494 1713 primordia
1521 1646 1750 1700 nonnisi
1779 1649 1849 1703 ad

130 1730 265 1784 illud
305 1737 573 1801 tempus,
607 1747 722 1802 quo
751 1747 817 1785 ex
856 1730 1135 1802 permisso
1164 1732 1272 1787 sibi
1312 1749 1535 1788 secessu
1564 1750 1846 1805 egressus,

129 1820 260 1874 huic
286 1819 530 1874 muneri
560 1836 620 1875 se
650 1824 834 1875 totum
875 1819 1111 1888 addixit,
1142 1827 1384 1892 possunt
1412 1823 1711 1877 commode
1758 1840 1847 1878 re-

127 1908 348 1974 vocari;
384 1908 469 1963 sic
498 1925 709 1979 nempe
740 1912 802 1963 ut
830 1908 1186 1980 intelligatur
1215 1910 1336 1981 ipse
1367 1910 1536 1965 missa
1565 1912 1750 1966 facere
1781 1929 1847 1966 ea

127 1997 350 2063 munia,
394 2013 530 2069 qua:
579 2002 711 2051 ante
761 1998 918 2052 hunc
941 2013 1224 2052 secessum
1249 1998 1484 2054 obierat.
1515 2000 1637 2065 Quo
1665 2017 1848 2055 seces-

124 2087 287 2151 serit,
322 2085 662 2157 ignoratur;
702 2091 854 2139 certe
884 2085 1121 2158 quidem
1159 2102 1275 2140 non
1305 2088 1505 2156 procul
1539 2088 1798 2159 Hippone
1832 2105 1846 2144 :

122 2191 260 2230 nam
314 2174 717 2245 Hipponenses
760 2175 868 2228 hoc
919 2175 1109 2245 primo
1141 2191 1245 2230 seu
1272 2176 1533 2246 proxime
1587 2178 1850 2249 sequenti

123 2270 396 2335 tempore
412 2262 798 2334 longinquam
816 2263 1125 2333 Augustini
1145 2263 1461 2318 absentiam
1486 2264 1850 2320 vehementer

122 2352 424 2423 nimisque
458 2351 812 2413 metuebant,
840 2356 895 2404 et
921 2351 1005 2405 illi
1035 2352 1140 2407 hac
1168 2352 1227 2406 in
1257 2368 1318 2406 re
1347 2368 1716 2424 nequaquam
1742 2370 1846 2407 vo-

122 2442 326 2495 lebant
355 2439 596 2493 credere
624 2441 829 2509 (Epist.
852 2442 942 2507 2'2,
972 2456 1037 2493 n.
1078 2442 1158 2509 9).
1200 2442 1275 2494 Ex
1308 2440 1396 2496 his
1426 2458 1555 2512 qua!
1581 2442 1846 2509 diximus,

123 2529 568 2583 ordinationem
590 2526 898 2598 Augustini
927 2528 1129 2581 saltem
1155 2527 1214 2581 in
1245 2528 1371 2599 ipso
1401 2530 1537 2584 anni
1570 2529 1849 2601 principio

126 2633 493 2687 reponamus
521 2632 753 2670 necesse
775 2619 876 2670 est.
902 2616 989 2670 Ad
1016 2632 1235 2670 annum
1266 2618 1726 2673 trecentesimum
1748 2636 1851 2673 no-

123 2705 503 2775 nagesimum
534 2704 791 2774 primum
813 2704 982 2775 vulgo
1003 2706 1268 2771 refertur,
1294 2706 1462 2775 juxta
1483 2723 1549 2761 ea
1570 2724 1699 2778 qua:
1720 2708 1851 2762 Pos-

122 2794 312 2847 sidius
343 2792 569 2858 scribit,
594 2792 760 2846 illum
802 2792 1065 2847 videlicet
1093 2810 1160 2847 ex
1195 2793 1355 2848 Italia
1385 2793 1445 2848 in
1483 2796 1731 2850 Africam
1760 2813 1848 2851 re-

121 2898 395 2953 gressum
428 2880 617 2935 tribus
647 2880 811 2934 annis
839 2882 1093 2953 Tagastae.
1127 2881 1348 2949 vixisse,
1384 2883 1441 2937 in
1462 2884 1728 2938 clericatu
1755 2902 1850 2939 au-

124 2976 249 3025 tem
283 2970 365 3037 (id
396 2973 508 3033 est,
543 2970 963 3041 presbyteratu)
994 2970 1083 3024 vel
1112 2970 1642 3042 cpiscopatu,annis
1671 2972 1850 3027 ferme

126 3058 531 3131 quadraginta
568 3073 747 3128 usque
795 3057 863 3112 ad
893 3057 1161 3129 quintum
1210 3058 1480 3113 kalendas
1509 3060 1852 3129 septembris

124 3147 264 3202 anni
299 3145 866 3218 quadringentesimi
890 3145 1174 3217 trigesimi
1205 3146 1412 3217 (Possid
1445 3188 1458 3215 ,
1488 3150 1547 3202 in
1584 3150 1849 3204 VitaAu-

123 3240 303 3305 θυσίη
335 3251 384 3289 c.
426 3238 458 3290 3
490 3239 612 3289 etc.
650 3234 763 3301 3t).
799 3235 975 3289 Porro
1002 3250 1153 3288 anno
1182 3236 1582 3290 trecentesimo
1605 3253 1847 3307 nonageo

123 3327 274 3379 simo
307 3323 507 3395 primo
549 3322 761 3377 Pascha
789 3322 850 3376 in
880 3328 1107 3378 sextum
1139 3323 1337 3394 aprilis
1365 3324 1672 3380 incidebat.
1705 3327 1849 3381 Tum

124 3431 259 3469 vero
292 3412 513 3484 agebat
538 3412 893 3481 Augustinus
921 3428 1137 3466 annum
1167 3412 1352 3467 aetatis
1381 3430 1499 3467 sua:
1531 3414 1847 3486 quadrage-

128 3503 376 3557 simum.

191 3596 248 3647 6.
289 3592 429 3645 Erat
456 3593 593 3644 tunc
621 3588 683 3643 in
712 3606 872 3644 more
902 3589 1279 3662 institutoque
1306 3590 1562 3661 positum
1592 3593 1850 3648 Ecclesia:

126 3681 444 3743 Africanae,
494 3682 560 3732 ut
604 3677 922 3749 presbyteri
970 3678 1206 3732 verbum
1254 3679 1353 3733 Dei
1401 3683 1501 3734 aut
1549 3696 1849 3751 nunquam

128 3767 546 3837 praedicarent,
581 3771 644 3820 ut
674 3766 968 3821 nonnullis
996 3783 1063 3821 ex
1095 3768 1300 3838 Optato
1328 3768 1396 3823 de
1427 3769 1850 3839 praedicationis

127 3871 372 3909 munere
415 3855 573 3908 velut
616 3854 685 3908 de
731 3854 920 3909 ofﬁcio
969 3855 1278 3926 episcopali
1318 3857 1587 3928 loquente
1620 3858 1846 3928 (Optat.,

127 3946 222 3998 lib.
259 3946 337 4011 3),
391 3942 592 4013 colligi
621 3959 789 4012 posse
833 3943 1087 4009 videtur;
1126 3949 1225 3998 aut
1265 3946 1466 3999 saltem
1497 3962 1688 3999 coram
1720 3946 1846 4016 epi-

126 4031 315 4101 scopis
364 4031 517 4085 illud
544 4030 605 4084 in
636 4031 871 4085 ecclesia
898 4048 1018 4086 non
1058 4037 1386 4087 tractarent.
1431 4034 1687 4088 Meminit
1717 4035 1846 4088 llic-

126 4137 419 4192 ronymus
448 4120 883 4174 consuetudinis
912 4121 1100 4192 hujus,
1137 4138 1265 4193 qua:
1291 4122 1351 4175 in
1383 4122 1723 4193 quibusdam
1753 4124 1848 4177 Ec-

127 4209 318 4263 clesiis
352 4208 611 4280 vigebat,
645 4213 710 4263 ut
735 4209 1051 4280 presbyteri
1078 4213 1351 4273 tacerent,
1385 4227 1447 4263 ac
1472 4211 1849 4280 praesentibus

130 4296 427 4368 episcopis
454 4312 575 4350 non
614 4296 986 4367 loquerentur
1014 4313 1026 4351 :
1061 4314 1233 4369 qnam
1264 4298 1386 4369 ipse
1414 4299 1723 4368 pessimam
1754 4315 1848 4352 vo-

128 4390 244 4452 cat,
277 4392 337 4439 et
366 4401 504 4455 quae
533 4384 888 4439 occasionem
916 4386 1169 4455 praebeat
1197 4385 1527 4456 snspicandi
1555 4386 1851 4458 episcopos

132 4479 235 4527 aut
276 4472 757 4544 presbyterorum
795 4489 1031 4527 suorum
1078 4474 1274 4545 gloriae
1306 4474 1583 4541 invidere,
1616 4480 1715 4529 aut
1752 4492 1848 4529 eo-

132 4577 268 4616 rum
312 4576 618 4616 sermones
665 4560 920 4616 fastidire
971 4562 1326 4633 (Hieronym.,
1359 4566 1539 4633 Epist.
1571 4562 1608 4616 2
1645 4564 1719 4617 ad
1743 4566 1851 4618 Ne-

130 4650 398 4720 potian.).
434 4649 691 4703 Valerius
720 4649 789 4703 ab
820 4649 973 4704 hisce
1009 4650 1199 4720 pravis
1224 4650 1620 4706 affectionibus
1639 4652 1851 4706 immu-

132 4738 249 4806 nis,
275 4754 415 4793 cum
465 4737 527 4791 in
561 4728 947 4792 Orientalibus
977 4738 1238 4793 Ecclesiis
1264 4740 1625 4811 presbyteros
1656 4756 1850 4793 coram

132 4826 426 4898 episcOpis
454 4842 524 4880 ex
557 4842 666 4880 usu
685 4830 914 4898 recepto
943 4827 1225 4897 populum
1254 4827 1454 4883 docere
1484 4843 1604 4882 non
1632 4830 1853 4899 ignora-

133 4920 248 4983 ret,
276 4915 619 4970 Africanum
649 4914 814 4969 illum
843 4931 1064 4969 morem
1095 4915 1313 4969 solvere
1353 4932 1470 4970 non
1500 4921 1587 4970 est
1616 4916 1848 4971 veritus.

136 5004 282 5058 Nam
312 5004 454 5077 quia
485 5003 595 5057 sibi
623 5002 850 5057 facilem
896 5003 1061 5058 latini
1102 5003 1385 5058 sermonis
1429 5021 1597 5059 usum
1624 5004 1691 5059 ad
1732 5005 1854 5075 ple-

133 5092 271 5146 bem
296 5092 717 5147 instituendam
749 5108 865 5146 non
889 5097 1193 5163 suppetere
1224 5092 1511 5159 cernebat,
1545 5092 1694 5147 vices
1724 5109 1854 5147 suas

132 5181 465 5253 Augustino
505 5180 818 5249 commisit,
868 5197 1113 5252 eumque
1164 5197 1357 5235 coram
1407 5197 1466 5235 se
1513 5179 1573 5235 in
1621 5180 1857 5236 ecclesia

138 5270 519 5341 Evangelium
558 5269 732 5339 jussit
768 5269 1228 5340 frequentissime
1259 5273 1503 5324 tractare
1536 5270 1851 5339 (Possidius,

136 5359 201 5411 in
234 5359 365 5413 Vita
394 5360 662 5425 August,
694 5374 741 5412 c.
775 5358 857 5428 5).
892 5357 952 5412 Id
983 5357 1249 5412 nonnulli
1273 5362 1610 5428 carpserunt
1635 5358 1853 5428 episco-

136 5446 203 5515 pi
247 5463 261 5500 :
314 5447 413 5501 sed
443 5445 792 5501 venerabilis
827 5446 923 5500 ille
970 5462 1033 5501 ac
1061 5446 1331 5517 providus
1368 5461 1537 5501 senex
1571 5445 1855 5500 minorem

142 5534 364 5606 putavit
390 5534 725 5592 habendam
767 5549 891 5589 esse
933 5533 1377 5591 obtrectantium
1404 5534 1734 5605 linguarum
1764 5549 1853 5588 ra-

3542 296 3640 349 174

1958 410 2203 479 tionem,
2234 427 2405 482 quam
2431 410 2610 482 ipsius
2641 410 2899 466 utilitatis
2927 416 2984 466 et
3009 412 3244 481 fructus,
3273 431 3446 485 quem
3477 418 3657 470 Eccle-

1961 499 2060 554 sia:
2088 516 2208 554 suae
2245 516 2349 570 per
2398 497 2776 555 ministerium
2828 501 3143 571 presbyteri
3183 518 3310 556 eam
3349 504 3661 559 erudientis

1962 588 2196 659 (quippe
2234 605 2363 642 cum
2391 605 2495 659 per
2525 605 2585 644 se
2618 588 2808 643 minus
2840 591 2897 644 id
2923 589 3132 660 posset)
3158 592 3524 660 procurabat.
3572 591 3662 647 Sic

1959 677 2335 747 Augustinus.
2366 682 2427 732 ut
2466 678 2701 732 lucerna
2729 678 2935 732 ardens
2965 683 3023 733 et
3049 679 3246 734 lucens
3273 695 3445 751 super
3474 681 3659 734 Eccle-

1961 767 2059 819 siae
2098 766 2503 821 candelabrum
2546 766 2752 837 posita,
2787 766 3053 821 omnibus
3098 767 3199 838 qui
3242 767 3304 822 in
3358 768 3530 823 domo
3561 768 3663 824 Dei

1962 858 2145 923 erant,
2172 854 2445 908 doctrinm
2475 872 2592 909 suae
2619 854 2792 909 radiis
2815 855 3106 912 illucebat.
3136 856 3278 912 Cum
3295 860 3486 911 autem
3507 858 3661 912 fama

1962 958 2251 997 sacrarum
2297 943 2660 1009 concionum,
2688 960 2832 1013 quas
2863 944 2934 998 ad
2967 944 3364 1014 Hipponenses
3391 946 3658 1012 habebat,

1959 1030 2130 1101 longe
2175 1032 2401 1102 lateque
2443 1031 2882 1097 diffunderetur,
2929 1033 3221 1087 nonnullas
3265 1034 3525 1088 Ecclesiae
3555 1035 3659 1088 bo-

1959 1136 2105 1174 num
2125 1122 2452 1190 exemplum
2470 1126 2678 1173 secutae
2708 1124 2859 1181 sunt,
2894 1124 2956 1173 ut
2980 1120 3040 1173 in
3064 1120 3134 1173 iis
3159 1122 3495 1192 presbyteri,
3517 1122 3662 1177 facta

1959 1207 2066 1261 sibi
2098 1209 2168 1261 ab
2200 1208 2469 1278 episcopo
2510 1224 2612 1261 suo
2651 1213 2952 1278 potestate,
2982 1224 3175 1262 coram
3203 1226 3270 1263 eo
3303 1210 3537 1264 verbum
3570 1198 3662 1264 sai-

1958 1295 2095 1349 lutis
2125 1300 2370 1350 tractare
2391 1296 2727 1366 inciperent.
2754 1297 2944 1350 Exstat
2962 1297 3249 1367 hodieque
3277 1298 3582 1368 Augustini
3604 1304 3664 1353 et

1958 1383 2284 1454 Alypiijam
2314 1384 2713 1455 episcoporum
2745 1383 2985 1454 epistola
3011 1384 3081 1437 ad
3113 1385 3410 1438 Aurelium
3437 1386 3663 1440 Cartha-

1958 1471 2278 1541 ginensem,
2310 1472 2403 1526 cui
2431 1472 2503 1526 ob
2528 1472 2674 1526 hanc
2695 1472 2985 1542 praecipue
3014 1488 3247 1526 causam
3275 1475 3659 1543 gratulantur,

1959 1560 2111 1629 quod
2142 1559 2488 1630 presbyteris
2517 1576 2575 1613 se
2605 1563 2885 1629 praesente
2919 1575 3244 1613 sermonem
3276 1560 3347 1614 ad
3377 1562 3658 1631 populum

1957 1647 2168 1701 habere
2193 1648 2315 1718 jam
2346 1648 2595 1718 primum
2629 1648 2985 1717 permitteret
3015 1648 3206 1717 (Epist.
3234 1649 3324 1714 41,
3346 1663 3401 1702 n.
3440 1648 3507 1718 1).
3537 1650 3664 1704 Haec

1958 1734 2215 1806 epistola,
2250 1740 2310 1789 ut
2345 1735 2588 1802 videtur,
2634 1735 2922 1805 prioribus
2953 1734 3118 1789 annis
3149 1735 3509 1806 episcopatus
3537 1739 3656 1791 Au—

1958 1823 2173 1892 gustini
2194 1823 2517 1895 conscripta
2548 1829 2650 1877 est.
2674 1824 3026 1894 Augustinus
3050 1823 3175 1894 ipse
3204 1829 3332 1894 post
3359 1825 3535 1880 finem
3574 1827 3662 1882 sui

1957 1911 2263 1982 aliquando
2297 1911 2593 1979 sermonis,
2628 1912 2910 1983 papulum
2941 1912 3274 1966 cohortatus
3302 1918 3411 1981 est,
3449 1917 3508 1967 ut
3532 1929 3653 1983 pre-

1957 1999 2214 2070 sbyteros
2244 2005 2371 2070 post
2414 2016 2472 2054 se
2520 2000 2690 2054 verba
2732 2000 2832 2054 Dei
2863 1998 3285 2054 ministratur-os
3313 2001 3511 2055 audire
3541 2018 3658 2056 non

1957 2087 2184 2158 pigeret
2214 2089 2403 2158 (Serm.
2436 2090 2526 2155 20,
2558 2104 2614 2142 n.
2650 2087 2732 2159 5).

2648 2176 2874 2231 CAPUT
2915 2177 2979 2231 V.

1961 2270 1981 2321 1
2017 2267 2405 2320 Monasterium
2433 2268 2679 2336 Hippone
2710 2267 3008 2319 constituit.
3041 2268 3074 2319 2
3103 2269 3178 2320 De
3205 2267 3320 2335 ejus
3339 2266 3652 2335 discipulis.

2029 2358 2060 2408 3
2090 2357 2178 2409 Ea:
2206 2356 2272 2408 iis
2319 2356 2501 2424 plures
2551 2353 2625 2407 ad
2669 2355 3035 2423 episcopatum
3083 2354 3368 2421 assumpti.
3403 2356 3433 2405 4
3466 2354 3660 2407 Mona-

2028 2445 2167 2496 stica
2202 2443 2319 2496 vita
2356 2443 2657 2508 Augustini
2691 2441 2872 2495 studio
2906 2457 3007 2509 per
3038 2442 3295 2506 Africam
3325 2445 3653 2510 propagata.

2030 2535 2060 2585 5
2091 2531 2470 2586 Monachorum
2498 2531 2855 2600 quorumdam
2886 2545 2953 2584 ea:
2984 2545 3202 2584 suorum
3233 2545 3450 2584 numero
3475 2530 3660 2599 lapsus

2030 2636 2191 2687 quam
2219 2622 2463 2687 graviter
2490 2621 2633 2673 tulit.
2660 2622 2691 2672 6
2722 2622 3065 2674 Demonstrat
3084 2620 3232 2687 efﬁci
3270 2634 3375 2673 non
3399 2634 3555 2687 posse
3601 2623 3661 2672 ut

2029 2710 2328 2761 monastica
2354 2709 2619 2775 professio
2639 2708 2815 2761 nullos
2843 2707 2993 2760 bonis
3016 2707 3183 2760 malos
3208 2708 3408 2761 miwtos
3439 2707 3656 2762 habeat.

2027 2799 2058 2849 7
2088 2797 2291 2864 Inﬁma?
2317 2798 2479 2849 sortis
2511 2796 2747 2849 homines
2776 2795 2851 2848 ad
2878 2810 2996 2847 eam
3024 2793 3248 2847 admitti
3267 2794 3442 2862 jubet,
3483 2810 3653 2862 neque

2030 2884 2291 2938 divitibus
2321 2883 2541 2937 admitti
2567 2883 2904 2951 cupientibus
2946 2881 3141 2935 haberi
3164 2883 3397 2935 minores
3427 2885 3660 2949 gratias,

2029 2988 2148 3027 cum
2177 2971 2398 3025 ubilibet
2427 2972 2626 3038 egenis,
2657 2985 2822 3040 quam
2851 2984 2971 3024 cum
2998 2971 3324 3023 monasterio
3354 2983 3482 3023 suas
3509 2968 3668 3023 dede-

2030 3064 2145 3116 rint
2166 3061 2474 3128 facultates.
2511 3062 2541 3112 8
2572 3061 2646 3114 De
2675 3057 3178 3112 sanctimonialibus
3219 3057 3666 3128 Hipponensibus

2030 3150 2319 3204 communis
2348 3150 2473 3202 vitae
2496 3148 2810 3202 institutam
2830 3148 2888 3200 in
2916 3148 3242 3201 monasterio
3270 3162 3376 3217 per
3403 3163 3522 3202 eum
3550 3162 3665 3201 ere-

2030 3241 2113 3290 cto
2139 3238 2430 3306 professis.

2035 3328 2082 3379 l.
2118 3325 2231 3379 Etsi
2254 3325 2471 3379 faustus
2486 3323 2578 3379 ille
2611 3323 3128 3379 diesordinationis
3157 3324 3280 3395 ejus
3303 3323 3478 3377 vitam
3496 3323 3665 3378 aliain

1960 3414 2184 3479 atl'erre,
2207 3419 2379 3484 atque
2409 3412 2551 3468 alios
2573 3429 2761 3467 mores
2781 3412 3101 3484 presbyteri
3130 3411 3348 3483 gradus
3378 3412 3668 3482 postulare

1960 3500 2219 3555 videatur
2252 3502 2419 3573 (quod
2450 3502 2759 3557 Martianus
2790 3502 2977 3556 amico
3010 3518 3111 3555 suo
3142 3518 3209 3555 ea
3233 3500 3471 3554 forsitan
3500 3516 3660 3553 occa-

1959 3587 2139 3653 sione,
2168 3587 2225 3641 id
2254 3593 2357 3654 est,
2400 3590 2701 3658 Tagastam
2728 3587 2875 3641 forte
2912 3603 3139 3640 reverso
3184 3590 3313 3655 post
3355 3585 3665 3639 ordinatio-

1961 3692 2106 3737 nem,
2156 3680 2326 3747 atque
2383 3676 2514 3731 inde
2564 3676 2883 3748 Hipponem
2940 3676 3266 3746 profecturo
3317 3674 3667 3744 suggerebat

1964 3767 2170 3836 [Epist.
2203 3769 2328 3832 258,
2361 3783 2418 3820 n.
2452 3767 2554 3837 5]);
2600 3767 2669 3821 de
2710 3765 3059 3821 monasterio
3086 3764 3460 3818 nihilominus
3491 3781 3663 3835 quam

1957 3855 2209 3927 primum
2240 3855 2640 3910 constituendo
2665 3854 2880 3927 cogitat
2902 3854 2997 3908 Vir
3018 3859 3263 3919 sanctus,
3279 3852 3380 3908 ubi
3398 3868 3528 3907 cum
3562 3853 3660 3906 Dei

1957 3943 2135 3998 servis
2158 3948 2486 3999 constanter
2523 3944 2743 3998 humile
2789 3947 2843 3998 et
2872 3943 3156 4015 abjectum
3201 3941 3428 3995 vivendi
3484 3956 3667 4012 genus

1957 4036 2153 4087 tenere
2175 4037 2397 4104 pergat.
2426 4033 2547 4097 Quo
2578 4032 2812 4103 quidem
2843 4036 3140 4103 comperto
3169 4029 3426 4084 Valerius
3455 4029 3670 4100 episco-

1957 4138 2064 4191 pus
2090 4122 2236 4175 votis
2256 4120 2409 4175 illius
2440 4121 2856 4187 obsecundans,
2889 4121 3118 4174 hortum
3140 4118 3252 4189 ipsi
3285 4119 3433 4172 hanc
3455 4116 3515 4170 in
3544 4133 3666 4170 rem

1957 4209 2255 4265 concessit.
2300 4210 2362 4264 ld
2394 4210 2453 4264 in
2482 4209 2713 4280 publica
2736 4209 3009 4263 concione
3038 4207 3190 4278 plebi
3213 4224 3329 4260 sua:
3358 4209 3554 4259 narrat
3583 4205 3667 4259 di-

1959 4296 2123 4351 cendi
2148 4296 2322 4350 modo
2355 4312 2633 4368 perquam
2664 4295 2956 4364 familiari,
2982 4311 3048 4348 ac
3077 4293 3278 4348 ordine
3311 4307 3505 4346 rerum
3535 4295 3661 4345 tan-

1958 4386 2136 4455 tisper
2160 4386 2450 4457 neglecto;
2477 4385 2628 4439 unde
2651 4383 2944 4439 nonnullis
2966 4383 3097 4437 data
3111 4381 3328 4436 occasio
3350 4380 3661 4447 asserendi,

1959 4490 2092 4527 eum
2132 4479 2436 4545 postquam
2466 4473 2609 4527 illud
2638 4473 2769 4527 vita:
2796 4488 2976 4543 genus
2996 4470 3152 4541 apud
3172 4471 3471 4539 Tagastam
3503 4485 3661 4522 exco-

1959 4563 2165 4628 lucrat,
2189 4578 2309 4616 sese
2337 4561 2669 4616 monasterii
2690 4559 2947 4631 erigendi
2974 4558 3158 4630 gratia
3187 4557 3509 4628 Hipponem
3530 4574 3665 4613 cen-

1960 4650 2178 4716 tulisse,
2210 4649 2346 4721 quia
2369 4650 2625 4704 nondum
2650 4648 2883 4719 aliquod
2901 4647 2971 4701 ab
2993 4663 3060 4700 eo
3094 4646 3435 4701 instructum
3460 4646 3661 4702 fuisset

1960 4737 2371 4791 monasterium
2420 4739 2725 4806 (Baronius,
2759 4736 2833 4790 ad
2879 4751 3008 4789 ann.
3044 4738 3168 4801 391,
3208 4751 3265 4789 n.
3305 4736 3419 4803 24).
3451 4736 3524 4789 At
3548 4733 3670 4789 veri

1960 4841 2078 4879 non
2107 4825 2331 4880 videtur
2377 4825 2581 4891 simile,
2613 4829 2669 4879 et
2706 4840 2838 4878 eum
2877 4822 3103 4877 circiter
3130 4826 3245 4877 tres
3275 4838 3455 4876 annos
3485 4821 3542 4875 in
3576 4839 3663 4875 se-

1960 4932 2122 4970 cessu
2150 4915 2481 4970 monasticae
2503 4915 2634 4969 vitae
2665 4912 2947 4967 exercitiis
2976 4929 3108 4966 cum
3140 4911 3315 4966 servis
3344 4910 3447 4966 Dei
3469 4927 3672 4965 vacan-

1959 5009 2073 5059 tem
2098 5004 2345 5058 caruisse
2375 5002 2741 5067 monasterio,
2773 5005 2830 5056 et
2858 5000 3003 5055 illud
3018 5002 3361 5071 Tagastense
3384 5004 3668 5053 monaste-

1963 5093 2134 5156 rium,
2194 5092 2354 5161 cujus
2402 5089 2603 5146 incolis
2652 5106 2804 5145 anno
2854 5088 3253 5144 trecentesimo
3284 5085 3657 5157 nonagesimo

1963 5185 2166 5252 quarto
2194 5183 2436 5235 salutem
2467 5185 2726 5250 precatus
2755 5183 2840 5234 est
2870 5178 3143 5233 Paulinus
3171 5175 3351 5247 (apud
3395 5176 3655 5240 August.,

1962 5271 2138 5339 Epist.
2190 5271 2278 5337 24,
2309 5284 2366 5322 n.
2395 5268 2470 5340 6),
2521 5267 2720 5340 quovis
2766 5267 2877 5322 alio
2908 5267 3099 5339 potius
3139 5280 3311 5336 quam
3341 5262 3663 5332 Augustino

1964 5357 2266 5412 laudatore
2292 5360 2573 5412 erectum.
2613 5355 2701 5411 Sic
2728 5372 2866 5427 ergo
2892 5354 3171 5426 legendus
3201 5348 3573 5419 Augustinus,
3607 5354 3670 5404 ut

1964 5446 2119 5517 quod
2149 5445 2228 5500 ait
2260 5460 2272 5500 :
2298 5447 2411 5513 Ego
2438 5461 2593 5514 quem
2618 5446 2720 5499 Deo
2748 5445 2988 5515 propitio
3016 5440 3211 5495 videtis
3240 5437 3545 5506 episcOpum
3573 5452 3669 5492 ve-

1963 5540 2160 5597 strum,
2188 5535 2405 5603 juvenis
2434 5532 2646 5589 veniad
2665 5535 2827 5586 istam
2855 5531 3145 5593 civitatem,
3169 5529 3230 5580 ut
3248 5523 3407 5578 multi
3435 5529 3670 5581 vestrum
