4008 6184
366 298 462 350 175

359 425 641 477 noverunt.
696 420 1010 486 Qmebam
1054 417 1150 473 ubi
1176 419 1551 472 constituerem
1575 412 1980 482 monasterium,
2009 416 2059 468 et

358 514 589 565 viverem
610 524 730 563 cum
748 508 1019 575 fratribus
1035 508 1196 576 meis;
1223 510 1355 578 post
1374 504 1710 577 praedictum
1730 504 1889 568 illud,
1913 503 2061 569 Quee-

359 598 563 665 rebam,
594 597 785 651 animo
821 597 1105 667 suppleas,
1134 610 1253 650 cum
1281 596 1420 649 mihi
1440 594 1561 663 jam
1583 594 1895 664 presbytero
1914 593 2060 661 Hip-

356 688 584 758 ponensi
619 689 679 741 in
720 686 821 740 hac
868 687 1089 739 civitate
1127 683 1454 738 manendum
1483 686 1618 737 esset
1649 697 1663 736 :
1694 696 1943 751 moxque
1971 678 2060 733 his

360 792 489 847 quae
514 774 775 846 proxime
805 776 1126 845 sequuntur
1148 788 1255 844 per
1279 769 1672 843 parenthesim
1693 765 2060 839 sejunctis,ad

361 864 656 935 superiora
677 866 945 917 annectas
977 877 992 915 :
1016 864 1088 916 Et
1116 863 1251 930 quia
1278 862 1373 915 hoc
1394 859 1762 928 disponebam,
1788 860 1845 911 in
1873 871 2063 911 mona-

359 955 524 1006 sterio
552 967 661 1007 esse
689 966 808 1006 cum
844 948 1136 1017 fratribus,
1187 950 1398 1017 cognito
1433 949 1683 1003 instituto
1711 951 1762 1001 et
1788 947 2062 1001 voluntate

357 1056 495 1107 mea,
529 1040 694 1094 beatae
720 1039 988 1092 memorie
1017 1051 1179 1092 senes:
1215 1038 1468 1093 Valerius
1505 1037 1657 1091 dedit
1687 1036 1825 1091 mihi
1848 1036 2063 1090 hortum

357 1129 531 1195 illum,
559 1129 618 1180 in
645 1141 748 1195 quo
779 1142 920 1180 nunc
938 1130 1015 1180 est
1036 1128 1439 1181 monasterium.
1470 1126 1616 1195 ϐίηρί
1645 1126 1770 1179 boni
1792 1123 2065 1195 propositi

354 1217 565 1283 fratres
594 1216 862 1282 colligere,
902 1228 1178 1283 compares
1211 1228 1371 1277 meos,
1414 1214 1556 1267 nihil
1593 1213 1863 1280 habentes,
1922 1213 2061 1266 sicut

246 1354 249 1355 ν
356 1304 499 1358 nihil
529 1304 808 1372 habebam,
834 1308 885 1358 et
907 1305 1181 1358 imitantes
1202 1318 1285 1356 me
1311 1318 1324 1356 :
1353 1307 1414 1356 ut
1441 1301 1702 1372 quomodo
1730 1317 1824 1369 ego
1854 1305 2061 1355 tenuem

352 1394 801 1463 paupertatulam
828 1407 1002 1446 meam
1020 1390 1267 1457 vendidi,
1285 1394 1334 1444 et
1349 1389 1688 1461 pauperibus
1717 1390 1953 1456 erogavi,
1982 1390 2060 1443 sic

357 1483 600 1548 facerent
629 1484 680 1534 et
702 1481 790 1534 illi
811 1481 908 1549 qui
920 1494 1123 1533 mecum
1150 1493 1261 1534 esse
1286 1479 1599 1546 voluissent,
1630 1482 1691 1532 ut
1711 1478 1777 1531 de
1795 1479 2063 1533 communi

357 1572 686 1636 viveremus;
719 1582 991 1622 commune
1008 1571 1187 1621 autem
1204 1566 1359 1621 nobis
1381 1570 1516 1621 esset
1540 1581 1798 1634 magnum
1824 1570 1873 1618 et
1901 1565 2059 1619 uber-

356 1660 558 1712 rimum
598 1657 871 1727 przdium
899 1658 1013 1726 ipse
1040 1658 1179 1710 Deus
1232 1656 1420 1726 (Serm.
1464 1658 1588 1723 355,
1620 1671 1681 1710 η.
1720 1654 1793 1725 2).
1826 1654 1916 1709 Sic
1946 1670 2060 1708 una

359 1763 489 1801 cum
515 1745 689 1801 servis
720 1744 841 1808 Dei,
872 1760 1014 1815 quos
1042 1748 1505 1815 congregaverat,
1540 1743 1693 1798 idem
1718 1743 1850 1797 vitae
1878 1758 2060 1813 genus

358 1835 721 1906 sequebatur,
756 1833 910 1904 quod
959 1832 1325 1904 Jerosolymis
1353 1832 1756 1903 Apostolorum
1783 1830 2057 1902 tempori-

356 1924 465 1978 bus
492 1922 666 1994 primi
713 1921 1187 1976 consectabantur
1212 1919 1553 1987 Christiani;
1587 1920 1758 1991 quale
1789 1919 1954 1974 nobis
1997 1918 2059 1973 in

356 2011 509 2065 Actis
535 2010 941 2083 Apostolorum
970 2009 1290 2076 exhibetur,
1323 2012 1380 2064 et
1407 2008 1562 2080 quod
1595 2008 1717 2079 ipse
1741 2007 1925 2063 adhuc
1954 2006 2058 2062 lai-

357 2116 457 2154 cus
485 2100 671 2155 colere
696 2100 817 2170 jam
843 2102 1110 2170 coeperat.
1136 2097 1520 2169 Hipponensis
1544 2096 1701 2152 illius
1724 2094 2059 2151 monasterii

359 2188 705 2243 evectionem
743 2191 902 2242 notat
954 2185 1240 2242 Possidius
1282 2184 1372 2240 his
1421 2185 1609 2240 verbis
1659 2201 1674 2240 :
1712 2187 1906 2240 Factus
1934 2199 2057 2250 ergo

356 2276 641 2346 presbyter
668 2278 1053 2330 monasterium
1077 2277 1228 2330 intra
1255 2275 1527 2329 ecclesiam
1552 2288 1680 2329 mox
1707 2275 1977 2343 instituit;
2008 2277 2059 2327 et

361 2381 482 2420 cum
510 2367 607 2420 Dei
633 2367 801 2420 servis
829 2366 1010 2420 vivere
1023 2365 1182 2433 coepit
1196 2363 1487 2419 secundum
1514 2364 1730 2418 modum
1749 2368 1800 2418 et
1816 2364 2059 2430 regulam

360 2455 459 2509 sub
484 2456 684 2509 sanctis
706 2453 983 2523 Apostolis
998 2454 1345 2508 constitutam
1366 2455 1633 2507 :mamime
1655 2456 1717 2507 ut
1727 2467 1876 2507 nemo
1896 2452 2058 2520 quid-

357 2558 520 2613 quam
549 2542 834 2612 proprium
876 2544 935 2595 in
971 2542 1073 2596 illa
1099 2543 1348 2596 societate
1375 2540 1611 2608 haberet,
1649 2541 1745 2595 sed
1780 2542 1857 2595 eis
1889 2545 2058 2595 essent

357 2630 887 2697 omnimeommunia,
921 2634 972 2684 et
997 2628 1417 2683 distribueretur
1441 2630 1732 2698 unicuique
1759 2629 1896 2683 sicut
1924 2643 2057 2698 opus

358 2723 505 2787 erat;
554 2718 699 2789 quod
719 2718 840 2789 jam
870 2720 987 2788 ipse
1013 2719 1168 2787 prior
1187 2719 1409 2785 fecerat,
1432 2717 1561 2771 dum
1580 2716 1646 2772 de
1671 2718 2057 2772 transmarinis

356 2808 433 2862 ad
475 2823 577 2862 sua
614 2810 898 2862 remeasset
929 2806 1248 2876 (Possidius,
1281 2807 1341 2860 in
1382 2807 1513 2862 Vita
1538 2805 1860 2875 Augustini,
1903 2820 1948 2859 c.
1978 2805 2051 2875 5).

356 2896 693 2953 Coenobium
737 2895 890 2951 istud
915 2894 1090 2950 «intra
1127 2894 1420 2950 ecclesiam
1451 2893 1625 2950 fuisse
1655 2893 1850 2949 scribit
1882 2893 2054 2948 Possi-

356 2984 505 3051 dius,
540 2983 612 3039 ob
643 3000 771 3039 eam
800 2983 1053 3039 fortassis
1083 3000 1336 3055 causam,
1365 2983 1518 3056 quod
1547 2982 1750 3038 hortus
1778 2985 1812 3036 ὸ.
1834 2981 2054 3036 Valerio

354 3072 441 3127 illi
469 3086 770 3128 concessus
800 3073 871 3127 ad
915 3072 1215 3127 ecclesiam
1246 3072 1676 3144 Hipponensem
1718 3070 2054 3142 pertineret,

355 3164 414 3214 et
439 3159 573 3213 huic
592 3158 765 3213 etiam
793 3158 940 3213 foret
965 3159 1282 3229 proximus.
1318 3161 1461 3216 Nam
1491 3160 1641 3230 quod
1663 3159 1725 3213 in
1745 3158 2056 3229 episcopali

294 3298 301 3305 .
356 3248 529 3303 domo
560 3247 743 3303 erexit
768 3248 1202 3317 monasterium,
1234 3249 1390 3304 aliud
1410 3252 1585 3304 erata
1615 3248 1927 3320 superiori;
1951 3264 2056 3304 nec

358 3335 510 3391 istud
538 3336 649 3391 nisi
673 3336 792 3408 jam
813 3336 1112 3408 episcopus
1134 3341 1357 3392 creatus
1386 3336 1558 3408 coepit
1577 3342 1886 3392 exstruere.
1921 3339 2052 3391 Pos-

357 3423 569 3479 sidium
614 3424 735 3479 haec
772 3424 886 3480 duo
920 3425 1178 3481 cmnobia
1200 3424 1522 3480 confudisse
1552 3424 1748 3480 scribit
1775 3425 2054 3480 Baronius

356 3513 668 3590 (Baronius,
709 3513 784 3569 ad
811 3530 1014 3570 annum
1057 3517 1182 3585 391,
1207 3531 1272 3571 η.
1326 3517 1438 3585 25),
1472 3514 1625 3586 quod
1649 3519 1843 3569 tamen
1869 3513 2052 3568 credi-

353 3600 468 3656 bile
497 3618 613 3656 non
641 3602 893 3670 videtur;
927 3618 1030 3657 nec
1058 3606 1144 3657 est
1172 3602 1323 3675 quod
1353 3618 1455 3657 nos
1484 3606 1649 3673 cogat
1685 3601 1744 3657 id
1776 3617 2048 3657 asserere.

353 3691 585 3746 Aurelio
633 3691 1166 3763 Carthaginensium
1195 3691 1461 3764 episcopo
1491 3689 1842 3763 Augustinus
1870 3690 2053 3745 adhuc

353 3780 650 3851 presbyter
683 3780 893 3851 gratias
940 3779 1079 3851 agit,
1129 3780 1283 3851 quod
1314 3781 1436 3852 ejus
1465 3784 1523 3834 et
1550 3779 1700 3835 curis
1732 3783 1789 3835 et
1811 3777 2050 3834 muniﬁ-

353 3867 539 3922 centia
566 3867 850 3938 praedium
888 3866 1124 3938 aliquod
1153 3867 1349 3922 datum
1380 3872 1528 3923 esset
1553 3868 1824 3923 fratribus
1853 3868 2047 3938 (Epist.

354 3959 440 4021 22.,
482 3973 538 4011 n.
579 3956 632 4025 9)
676 3972 689 4011 :
722 3971 834 4027 quo
866 3954 1099 4009 nomine
1132 3953 1540 4026 intelligendus
1569 3956 1726 4010 venit
1753 3957 1843 4010 vel
1869 3957 2051 4027 Taga-

354 4044 556 4098 stensis
584 4047 778 4109 coetus,
822 4043 911 4098 vel
942 4043 1349 4115 Hipponensis;
1388 4060 1525 4100 nam
1554 4061 1685 4099 cum
1712 4048 1954 4116 uterque
1979 4045 2050 4098 ab

350 4132 672 4206 Augustino
718 4139 1095 4204 congregatus
1124 4137 1291 4201 esset,
1336 4133 1409 4189 ad
1438 4133 1562 4205 ejus
1590 4149 1820 4205 quoque
1848 4149 2043 4187 curam

352 4227 594 4296 uterque
621 4222 1047 4296 quodammodo
1087 4221 1430 4293 pertinebat.
1474 4223 1643 4278 Illum
1672 4238 1809 4294 ergo
1839 4226 2046 4277 ccetum

349 4311 593 4368 fratrum
621 4327 985 4381 summopere
1016 4311 1341 4366 devinctum
1372 4327 1494 4366 esse
1523 4311 1658 4366 dicit
1699 4310 1918 4366 Aurelii
1946 4311 2047 4366 be-

350 4400 575 4468 neﬁcio,
629 4399 727 4473 qui
757 4399 874 4455 suis
915 4398 1129 4455 scilicet
1167 4414 1304 4471 erga
1342 4414 1477 4454 eum
1519 4397 1671 4453 curis
1701 4398 2047 4465 ostenderet,

351 4491 630 4559 quantum
660 4489 743 4543 illi
770 4488 976 4562 spiritu
996 4489 1461 4559 coniungeretur,
1492 4504 1526 4543 a
1551 4504 1665 4560 quo
1696 4486 1871 4543 tantis
1900 4488 2049 4542 loco-

348 4572 480 4630 ru'm
509 4575 824 4646 disjunctus
853 4581 1000 4632 esset
1024 4575 1356 4631 intervallis.

419 4667 472 4719 2.
506 4664 705 4718 Nullus
731 4663 792 4719 in
821 4665 1061 4721 dubium
1102 4668 1285 4732 vocat,
1323 4663 1466 4735 quin
1518 4662 1775 4735 Alypius,
1809 4663 2046 4718 Severus

349 4755 408 4808 et
438 4751 680 4808 Evodius
717 4754 1038 4824 Augustino
1069 4754 1254 4809 adhuc
1282 4752 1426 4808 laico
1454 4755 1575 4807 tam
1603 4756 1771 4808 arctoe
1800 4751 2044 4807 necessi-

346 4840 560 4895 tudinis
607 4839 832 4896 vinculo
875 4842 1109 4913 astricti,
1148 4841 1282 4897 huic
1309 4844 1517 4897 sanctae
1548 4840 1800 4897 societati
1832 4857 2046 4895 nomen

348 4928 630 4986 dederint.
662 4931 789 5002 Ipse
817 4931 1081 4985 Aurelius
1101 4929 1567 5002 Carthaginensis
1591 4929 1912 5001 Augustino
1943 4945 2046 5001 per

346 5019 561 5075 litteras
616 5018 1031 5089 gratulabatur,
1060 5020 1218 5090 quod
1262 5020 1323 5075 in
1366 5020 1489 5090 ejus
1550 5018 1951 5090 conjunctione
1980 5035 2043 5072 ac

346 5108 612 5164 societate
657 5106 960 5163 mansisset
1004 5107 1261 5180 Alypius,
1291 5113 1358 5163 ut
1402 5109 1661 5179 exemplo
1691 5111 1840 5163 esset
1880 5123 2043 5162 curas

345 5197 538 5254 saeculi
594 5196 773 5252 vitare
826 5195 1186 5267 cupientibus
1241 5197 1438 5268 (Ibid.,
1495 5214 1559 5252 η.
1645 5198 1717 5268 1).
1772 5195 2042 5268 Augusti-

345 5303 452 5342 nus
481 5286 541 5341 in
572 5285 794 5342 duobus
822 5282 1236 5356 posterioribus
1266 5285 1427 5341 libris
1446 5286 1515 5341 de
1538 5284 1737 5341 Libero
1764 5285 2041 5353 Arbitrio,

345 5391 487 5446 quos
532 5376 702 5448 paulo
748 5379 881 5430 ante
911 5372 1300 5445 episcopatum
1328 5390 1496 5430 suum
1521 5374 1874 5447 conscripsit,
1904 5375 2040 5429 Evo-

346 5462 506 5518 dium
552 5481 745 5521 secum
796 5464 1132 5537 loquentem
1185 5462 1428 5529 inducit,
1470 5463 1954 5535 quemadmodum
1982 5463 2043 5517 in

344 5550 555 5624 priore,
590 5570 762 5625 quem
813 5555 1011 5610 Romae
1036 5556 1454 5623 composuerat.
1483 5553 1784 5609 Enimvero
1816 5555 2036 5608 constat

1594 291 1749 345 VlTA
1786 290 1843 344 S.
1884 287 2256 344 AUGUSTINI
2299 286 2628 342 EPISCOPI.

3772 294 3877 345 1715

2170 408 2449 466 Evodium
2476 409 2538 464 in
2565 409 2912 465 monasterio
2935 410 3157 482 degisse
3189 412 3386 482 (Epist.
3406 414 3526 478 158,
3556 427 3613 467 n.
3640 411 3741 480 11),
3764 429 3882 467 nec

2166 498 2453 555 habitasse
2481 500 2678 571 procul
2705 499 2968 571 Hippone
2991 516 3004 554 ε
3030 499 3291 555 videlicet
3308 516 3442 556 casu
3462 501 3711 572 quodam
3738 502 3880 556 cum

2170 588 2540 643 Proculeiano
2566 588 2896 643 Donatianze
2925 589 3102 660 partis
3130 589 3400 661 episcopo
3433 589 3782 661 Hipponensi
3810 591 3880 645 in

2170 693 2348 733 unam
2397 677 2634 732 domum
2664 676 3030 742 conveniens,
3078 679 3516 735 collocutionem
3571 696 3702 735 cum
3745 680 3879 751 ipso

2168 766 2390 832 habuit,
2442 765 2901 837 sententiamque
2940 765 3123 837 ipsius
3167 771 3224 821 et
3268 772 3521 821 mentem
3552 768 3877 838 Augustino

2171 854 2410 910 subinde
2458 853 2723 909 indicavit
2764 856 2959 925 (Epist.
3013 858 3101 923 33,
3161 871 3214 910 n.
3271 856 3354 926 2).
3416 856 3703 911 Possidius
3745 872 3879 927 per-

2170 943 2407 999 illustris
2457 942 2755 1014 episcOpus
2799 942 3164 1010 Calamensis,
3220 945 3321 1016 qui
3364 944 3671 1017 Augustini
3710 951 3878 1017 gesta

2170 1030 2469 1087 memoriae
2494 1032 2764 1104 prodidit,
2795 1031 2856 1087 in
2885 1031 3090 1103 primis
3116 1033 3269 1088 haud
3292 1033 3466 1089 dubie
3494 1029 3554 1088 in
3587 1033 3708 1105 ejus
3754 1051 3878 1089 mo-

2173 1120 2486 1175 nasterium
2533 1137 2592 1176 se
2634 1121 2876 1192 recepit;
2920 1138 3052 1176 cum
3098 1123 3220 1193 ejus
3271 1140 3330 1177 se
3383 1123 3644 1178 charitati
3695 1140 3876 1195 quam

2169 1207 2437 1278 plurimis
2478 1209 2641 1263 annis
2685 1208 2999 1277 inhaesisse,
3038 1216 3209 1283 atque
3239 1211 3301 1266 in
3342 1212 3497 1267 illius
3522 1212 3788 1267 societate
3816 1218 3880 1267 et

2171 1296 2422 1352 amicitia
2451 1297 2705 1368 jucunde
2741 1315 2804 1353 ac
2833 1299 3212 1366 familiariter,
3243 1301 3385 1355 citra
3409 1302 3586 1356 ullam
3615 1316 3878 1356 amaram

2171 1384 2602 1453 dissensionem,
2651 1387 2816 1442 annis
2854 1388 3032 1443 ferme
3071 1389 3450 1461 quadraginta
3480 1389 3685 1445 vixisse
3713 1407 3876 1444 com-

2168 1478 2448 1529 memoret
2466 1475 2730 1546 (Possid.,
2750 1479 2808 1530 in
2835 1479 2965 1533 Vita
2982 1480 3152 1547 Aug.,
3177 1481 3420 1548 Prwfat.,
3445 1484 3559 1534 etc.
3582 1481 3690 1549 31).
3720 1480 3878 1550 Ipse-

2168 1567 2287 1617 met
2314 1564 2678 1635 Augustinus
2705 1566 2900 1620 scribit
2929 1583 3063 1621 eum
3094 1583 3197 1622 suo
3238 1567 3557 1623 ministerio
3585 1569 3873 1622 nutritum

2169 1649 2362 1716 fuisse,
2380 1665 2492 1703 non
2522 1650 2722 1705 litteris
2733 1651 2966 1722 quidem
2987 1652 3122 1721 illis,
3142 1669 3282 1725 quas
3309 1653 3615 1708 libidinum
3636 1671 3875 1708 suarum

2170 1737 2318 1791 servi
2352 1737 2616 1792 liberales
2656 1744 3010 1812 nuncupant,
3050 1742 3148 1796 sed
3192 1742 3487 1797 Dominico
3533 1759 3681 1813 pane
3722 1743 3876 1798 cibo—

2170 1841 2281 1896 que
2311 1825 2545 1893 coelesti,
2587 1832 2844 1896 quantus,
2879 1828 3086 1900 inquit,
3116 1832 3165 1884 ei
3189 1833 3365 1899 potuit
3392 1847 3490 1901 per
3516 1836 3730 1886 nostras
3768 1848 3873 1886 an—

2168 1917 2378 1981 gustias
2410 1914 2720 1985 dispensari
2760 1917 2963 1989 (Epist.
3011 1922 3130 1988 101,
3181 1936 3238 1974 n.
3289 1918 3357 1991 1).
3407 1921 3669 1975 Testatur
3712 1920 3875 1975 idem

2168 2002 2255 2056 vir
2298 2002 2420 2070 Dei,
2449 2003 2728 2074 profuisse
2777 2021 2836 2060 se
2876 2006 3177 2061 conatibus
3218 2008 3337 2062 suis
3367 2007 3529 2063 fratri
3558 2009 3872 2064 Profuturo

2170 2091 2364 2161 (Epist.
2390 2094 2480 2162 28,
2510 2108 2575 2147 n.
2608 2092 2675 2163 1),
2708 2093 2811 2164 qui
2840 2094 2909 2149 ad
2941 2095 3256 2150 Cirtensem
3295 2097 3685 2168 episcopatum
3717 2114 3874 2153 anno

2168 2179 2370 2235 saltem
2398 2181 2794 2235 trecentesimo
2831 2184 3206 2255 nonagesimo
3255 2185 3457 2256 quinto
3497 2191 3723 2241 evectus
3760 2192 3869 2242 est.

2170 2267 2413 2324 Evodius
2455 2273 2647 2324 autem
2687 2271 2881 2326 scribit
2926 2273 2998 2327 ad
3030 2274 3409 2344 Augustinum
3438 2275 3507 2329 de
3543 2275 3873 2345 Profuturo,

2170 2357 2393 2411 Privato
2425 2363 2483 2413 et
2510 2358 2769 2428 Servilio,
2802 2360 2903 2432 qui
2932 2361 3112 2416 sancti
3132 2362 3239 2416 viri
3265 2363 3335 2418 de
3358 2364 3706 2419 monasterio
3728 2381 3877 2436 prm-

2168 2449 2474 2510 cesserant,
2518 2451 2576 2501 et
2604 2464 2748 2518 quos
2786 2448 2895 2503 sibi
2924 2454 3053 2521 post
3080 2450 3302 2505 obitum
3329 2452 3551 2507 locutos
3575 2452 3752 2507 fuisse
3782 2470 3872 2507 as-

2167 2537 2388 2587 severat
2416 2536 2612 2604 (Epist.
2661 2538 2780 2604 158,
2829 2552 2888 2591 n.
2945 2537 3015 2608 9).
3064 2538 3321 2594 Meminit
3364 2540 3718 2611 Augustinus
3770 2557 3871 2596 cu-

2161 2621 2393 2692 jusdam
2427 2622 2637 2678 Privati
2678 2626 2969 2690 monachi,
3002 2627 3103 2698 qui
3131 2627 3383 2683 moriens
3410 2630 3629 2701 aliquot
3656 2630 3873 2684 solidos

2169 2725 2276 2780 per
2303 2710 2671 2767 donationem
2692 2713 2754 2767 in
2777 2714 3110 2787 quempiam
3127 2733 3245 2771 non
3265 2718 3641 2772 transtulerat
3664 2717 3867 2787 (Epist.

2168 2802 2259 2866 83,
2287 2815 2344 2854 n.
2394 2800 2468 2870 4).
2503 2801 2783 2870 Urbanus,
2815 2807 3014 2873 postea
3058 2804 3335 2860 Siccensis
3373 2804 3693 2877 episcopus,
3743 2805 3869 2860 fue-

2165 2890 2255 2941 rat
2305 2888 2601 2960 presbyter
2670 2890 3049 2962 Hipponensis
3113 2894 3449 2963 (Sermonum
3496 2897 3825 2963 Fragmenta
3849 2936 3865 2963 ,

2164 2992 2221 3031 n.
2250 2979 2270 3031 1
2298 2978 2471 3046 primi
2498 2978 2749 3051 fragm.)
2776 2979 3096 3036 Verisimile
3126 2998 3353 3054 quoque
3380 2987 3464 3037 est
3496 2970 3871 3055 Peregrinum

2165 3063 2520 3136 episcopum,
2549 3066 2715 3121 illum
2759 3066 2947 3139 ipsum
2978 3086 3099 3124 esse
3130 3070 3231 3143 qui
3258 3071 3564 3142 Augustini
3594 3072 3871 3127 diaconus

2165 3157 2296 3208 ante
2318 3154 2500 3209 fuerat
2530 3156 2733 3225 (Epist.
2776 3160 2897 3224 171,
2928 3162 2980 3213 et
3029 3162 3211 3229 Epist.
3258 3164 3378 3224 139,
3424 3178 3478 3216 η.
3509 3161 3583 3231 4).
3623 3163 3869 3216 Tantam

2163 3237 2519 3308 Augustinus
2565 3238 2674 3294 sibi
2721 3256 2851 3294 cum
2900 3242 3191 3299 Bonifacio
3222 3245 3565 3316 Cataquensi
3596 3245 3870 3317 episcopo

2161 3325 2639 3382 necessitudinem
2664 3328 2837 3384 fuisse
2861 3330 3076 3402 ubique
3114 3337 3353 3388 testatur
3382 3335 3579 3404 (Epist.
3612 3338 3703 3402 96,
3728 3350 3785 3389 n.
3809 3336 3866 3397 2,

2163 3418 2214 3467 et
2236 3416 2413 3484 Epist.
2443 3418 2530 3482 97,
2548 3431 2602 3471 n.
2629 3418 2710 3487 3),
2740 3423 2805 3472 ut
2823 3424 2974 3474 certe
3003 3421 3198 3494 colligi
3227 3421 3563 3494 possit,eum
3588 3439 3654 3477 ex
3684 3423 3871 3478 sancti

2164 3501 2281 3556 Viri
2321 3502 2495 3558 fuisse
2549 3504 2864 3576 discipulis.
2924 3508 3191 3565 Idem'dc
3251 3512 3558 3566 Fortunato
3617 3511 3867 3568 Cirtensi

2163 3591 2431 3663 episcopo
2452 3595 2824 3650 asserendnm
2843 3597 3066 3653 videtur
3083 3598 3281 3670 (Epist.
3310 3604 3328 3654 1
3350 3603 3428 3669 15,
3444 3605 3497 3656 et
3514 3602 3695 3671 Epist.
3726 3604 3869 3669 116).

2234 3684 2285 3736 3.
2320 3682 2431 3737 Sed
2475 3698 2646 3738 nemo
2695 3700 2759 3740 ex
2806 3686 2971 3741 nobis
3008 3689 3289 3760 requirat,
3331 3694 3396 3744 ut
3434 3695 3869 3757 recenseantur,

2161 3769 2262 3841 qui
2291 3786 2360 3825 ex
2383 3772 2689 3843 Augustini
2720 3774 2914 3829 schola
2937 3777 3203 3847 prodiere
3232 3794 3441 3849 magno
3463 3794 3706 3833 numero
3727 3795 3873 3850 pra:-

2161 3862 2374 3912 stantes
2422 3858 2556 3926 viri;
2608 3862 2840 3932 quando
2872 3864 3184 3929 Possidius,
3226 3866 3327 3937 qui
3364 3883 3459 3921 eos
3483 3867 3658 3939 probe
3689 3885 3871 3925 nove-

2160 3950 2269 4012 rat,
2301 3962 2528 4001 curasse
2557 3947 2834 4018 videatur,
2865 3956 2927 4006 ut
2944 3952 3172 4009 illorum
3196 3971 3302 4009 nos
3331 3956 3574 4011 laterent
3603 3957 3869 4025 nomina,

2160 4052 2408 4106 quorum
2439 4037 2672 4107 egregia
2710 4038 2771 4093 in
2801 4040 3101 4096 Ecclesiam
3134 4042 3338 4098 merita
3362 4044 3709 4114 publicabat.
3739 4049 3872 4102 Pro-

2156 4123 2366 4195 ﬁciente
2406 4140 2592 4193 porro,
2642 4126 2852 4198 inquit,
2905 4130 3153 4186 doctrina
3199 4132 3388 4187 divina
3437 4134 3535 4188 sub
3572 4141 3760 4190 sancto
3819 4144 3871 4191 et

2159 4227 2279 4266 cum
2323 4217 2506 4267 sancto
2552 4214 2877 4285 Augustino,
2926 4221 2986 4273 in
3027 4224 3350 4276 monasterio
3396 4225 3501 4277 Deo
3551 4226 3865 4292 servientes,

2155 4301 2405 4355 Ecclesiae
2433 4303 2770 4371 Hipponensi
2796 4307 2979 4362 clerici
3018 4310 3269 4364 ordinari
3309 4315 3595 4380 coeperunt.
3650 4312 3735 4367 Ac
3763 4313 3867 4367 de-

2157 4389 2284 4443 inde
2332 4390 2685 4446 innotescente
2727 4398 2776 4448 et
2806 4397 3125 4452 clarescente
3165 4398 3231 4452 de
3276 4399 3364 4453 die
3410 4401 3470 4453 in
3501 4399 3645 4453 diem
3675 4402 3867 4455 Eccle—

2156 4479 2252 4531 sia:
2271 4479 2549 4533 catholicw
2555 4481 2965 4549 praedicationis
2990 4489 3216 4541 veritate
3237 4491 3652 4557 sanctorumque
3681 4504 3866 4544 servo-

2154 4581 2277 4620 rum
2306 4569 2405 4621 Dei
2429 4571 2729 4638 proposito,
2770 4575 3094 4629 continentia
3123 4580 3174 4630 et
3205 4581 3528 4646 paupertate
3551 4580 3865 4647 profunda,

2155 4669 2224 4708 ea:
2273 4659 2597 4712 monasterio
2643 4659 2788 4728 quod
2830 4677 2934 4730 per
2979 4665 3134 4718 illum
3171 4665 3571 4720 memorabilem
3602 4668 3785 4721 virum
3815 4675 3867 4722 et

2154 4758 2265 4797 esse
2293 4748 2348 4798 et
2376 4759 2607 4799 crescere
2635 4754 2884 4817 cmperat,
2916 4766 3109 4819 magno
3144 4753 3412 4809 desiderio
3449 4769 3668 4824 poscere
3700 4760 3868 4824 atque

2154 4834 2395 4903 accipere
2427 4836 2699 4905 episcopos
2729 4842 2779 4892 et
2804 4840 3018 4895 clericos
3052 4857 3170 4911 pas:
3202 4844 3451 4898 Ecclesia:
3479 4848 3641 4912 atque
3671 4847 3866 4899 unitas

2154 4926 2204 4975 et
2233 4925 2392 4992 coepit
2427 4926 2626 4993 primo,
2659 4932 2710 4980 et
2732 4932 2923 4996 postea
2953 4936 3236 4987 consecuta
3270 4936 3368 4987 est.
3400 4934 3541 4989 Nam
3566 4935 3743 4998 ferme
3768 4934 3864 4988 de-

2154 5026 2280 5078 cem,
2324 5027 2456 5081 quos
2500 5015 2616 5083 ipse
2651 5019 2798 5084 novi,
2838 5023 3049 5074 sanctos
3079 5036 3140 5075 ac
3168 5021 3497 5075 venerabiles
3539 5022 3702 5088 viros,
3735 5037 3865 5076 con-

2155 5102 2378 5157 tinentes
2415 5108 2466 5157 et
2503 5104 2855 5175 doctissimos,
2899 5110 3082 5165 beatus
3112 5110 3456 5181 Augustinus
3488 5111 3722 5166 diversis
3750 5114 3866 5167 Eo-

2152 5191 2346 5258 clesiis,
2379 5195 2654 5249 nonnullis
2696 5212 2905 5266 quoque
2932 5201 3399 5269 eminentioribus,
3430 5205 3656 5269 rogatus
3684 5200 3861 5255 dedit.

2150 5278 2522 5351 Similiterque
2550 5288 2601 5336 et
2628 5285 2739 5353 ipsi
2766 5301 2834 5339 ea:
2863 5288 3080 5343 illorum
3105 5295 3415 5344 sanctorum
3451 5288 3735 5359 proposito
3764 5306 3865 5344 ve-

2151 5367 2385 5432 nientes,
2448 5371 2661 5427 Domini
2726 5374 2974 5431 Ecclesiis
3013 5381 3339 5448 propagatis
3367 5419 3382 5445 ,
3432 5383 3483 5432 et
3528 5381 3866 5434 monasteria

2151 5455 2523 5529 instituerunt,
2558 5466 2608 5518 et
2646 5463 2828 5518 studio
2859 5470 3121 5521 crescente
3148 5466 3525 5535 aediﬁcationis
3556 5466 3712 5522 verbi
3741 5470 3860 5530 Dei,

2151 5554 2353 5607 caeteris
2382 5552 2637 5609 Ecclesiis
2663 5557 2934 5620 promotos
2960 5556 3165 5622 fratres
3194 5554 3269 5610 ad
3314 5556 3722 5626 suscipiendum
3755 5572 3861 5612 sa-
