4008 6184
161 301 238 350 177
1615 312 1822 368 LIBER
1858 315 2182 372 TERTIUS.

151 417 436 474 emtotium
469 423 872 490 prastiterunt.
915 427 1065 481 Unde
1101 444 1204 498 per
1246 432 1440 486 mullos
1483 437 1533 486 et
1570 435 1629 487 in
1671 437 1858 491 multis

148 506 379 560 salubris
418 509 573 576 ﬁdei,
620 515 740 580 spei
783 518 834 566 et
886 514 1174 570 charitatis
1209 519 1459 574 Ecclesiae
1498 521 1855 579 innotescente

149 595 414 662 doctrina,
462 613 569 652 non
607 601 780 654 solum
819 617 919 670 per
954 618 1131 659 omnes
1173 607 1383 673 Africa
1420 615 1628 679 partes,
1668 627 1852 667 verum

145 687 291 737 etiam
345 688 410 738 in
465 692 878 752 transmarinis,
911 696 961 746 et
998 708 1100 761 per
1147 695 1312 750 libros
1353 697 1544 764 editos,
1587 704 1750 768 atque
1795 704 1853 754 in

143 789 370 839 graecum
411 791 710 830 sermonem
757 781 1072 846 translatos,
1115 783 1183 835 ab
1236 784 1328 836 illo
1374 801 1480 838 uno
1528 787 1757 854 homine,
1802 793 1852 841 et

137 878 221 931 per
262 864 434 917 illum
484 867 690 932 multis,
729 869 948 934 favente
985 873 1110 935 Deo,
1158 873 1331 926 multa
1375 876 1700 930 innotescere
1747 894 1852 930 me-

139 959 364 1006 ruerunt
412 953 718 1021 (Possidius
762 959 821 1010 in
858 959 986 1012 Vita
1022 961 1340 1030 Augustini,
1384 979 1437 1018 c.
1500 964 1604 1034 ll).
1655 966 1730 1018 Ex
1762 966 1851 1019 his

139 1040 325 1093 decem
383 1041 692 1113 episcopis,
749 1045 851 1115 qui
897 1046 968 1100 ab
1017 1048 1320 1117 Augustini
1381 1053 1730 1108 monasterio
1777 1055 1845 1108 ad

137 1129 534 1200 episcopatum
570 1133 847 1202 arcessiti,
878 1135 1189 1190 sanctitatis
1221 1138 1700 1196 existimationem
1732 1143 1849 1197 suis

136 1219 229 1272 sibi
257 1219 500 1274 meritis
528 1221 925 1283 conciliarunt.
959 1228 1086 1278 octo
1109 1226 1230 1295 jam
1262 1245 1294 1280 a
1326 1228 1489 1282 nobis
1521 1248 1692 1301 supra
1722 1233 1846 1286 lau-

139 1307 239 1360 dati
271 1307 339 1362 in
375 1309 646 1364 notitiam
679 1316 930 1365 nostram
970 1320 1284 1383 venerunt;
1313 1316 1573 1374 videlicet
1609 1321 1846 1393 Alypius

137 1397 518 1465 Tagastensis,
567 1399 813 1454 Evodius
856 1403 1158 1470 Uzalensis,
1207 1405 1544 1461 Profuturus
1576 1409 1846 1464 Cirtensis

138 1485 420 1539 Numidiae
453 1490 950 1559 metropolitanus,
976 1493 1316 1548 Fortunatus
1348 1497 1600 1564 ejusdem
1633 1515 1846 1554 succes-

135 1591 233 1639 sor,
281 1575 539 1629 Severus
582 1577 955 1646 Milevitanus,
1002 1581 1290 1636 Possidius
1330 1582 1699 1651 Calamensis,
1748 1587 1848 1640 Ur-

131 1662 307 1716 banus
368 1663 670 1732 Siccensis,
719 1671 776 1721 et
825 1669 1187 1738 Peregrinus.
1249 1671 1625 1727 Ecclesiarum
1671 1675 1842 1745 longe

129 1753 454 1819 positarum
495 1754 924 1810 necessitatibus
953 1757 1319 1813 charissimos
1350 1760 1655 1831 discipulos
1685 1779 1838 1829 suos,

126 1857 265 1912 quos
296 1848 366 1895 ut
397 1843 670 1896 alumnos
695 1845 1049 1900 strictissima
1075 1847 1518 1920 dulcissimaque
1545 1852 1841 1906 familiari-

127 1936 235 1984 tate
268 1929 383 1984 sibi
415 1932 756 2001 conjunctos
781 1933 1074 2005 diligebat,
1106 1937 1417 1991 concedere
1443 1955 1560 1993 non
1591 1945 1836 2010 poterat,

124 2021 262 2090 quin
296 2036 366 2074 ex
397 2037 604 2075 eorum
649 2022 930 2078 desiderio
969 2024 1269 2093 laboraret,
1311 2045 1373 2081 ac
1418 2029 1628 2083 doloris
1667 2030 1835 2085 veluti

122 2109 373 2162 stimulis
417 2110 737 2166 foderetur.
782 2113 1040 2167 Publicas
1084 2118 1279 2168 tamen
1322 2117 1695 2172 Ecclesiarum
1735 2135 1837 2173 ne-

120 2198 416 2252 cessitates
473 2200 707 2269 privatis
767 2202 1082 2257 commodis
1139 2206 1542 2274 anteponebat,
1599 2223 1838 2277 sperans

120 2289 263 2356 fore,
291 2292 363 2340 ut
411 2303 545 2342 cum
592 2289 725 2353 illis,
761 2307 904 2360 quos
950 2291 1012 2345 in
1062 2293 1230 2346 terris
1273 2299 1510 2364 propter
1548 2295 1836 2351 Christum

117 2375 190 2429 ab
218 2391 278 2428 se
321 2375 522 2430 divelli
569 2382 880 2446 pateretur,
913 2379 975 2433 in
1021 2382 1178 2434 caalis
1206 2397 1310 2452 per
1357 2383 1642 2438 Christum
1687 2390 1837 2440 esset

116 2470 407 2518 aeternum
439 2466 801 2520 convicturus
826 2468 1024 2538 (Epist.
1056 2471 1145 2537 84,
1177 2485 1232 2524 n.
1270 2471 1340 2539 1).
1364 2472 1488 2541 Ipse
1518 2488 1648 2526 vero
1679 2489 1834 2527 crea-

115 2558 207 2606 tus
229 2553 560 2624 episcopus,
595 2570 659 2609 ex
686 2555 775 2609 his
803 2557 903 2627 qui
933 2557 1113 2612 sancti
1141 2559 1422 2629 propositi
1448 2565 1671 2615 tenaces
1699 2579 1832 2632 per-

116 2643 434 2696 manebant
465 2642 524 2696 in
551 2644 925 2709 monasterio,
956 2645 1183 2700 nonnisi
1204 2647 1471 2702 meliores
1500 2654 1672 2719 atque
1704 2667 1832 2720 pro-

116 2732 369 2785 batiores
392 2731 458 2784 in
489 2733 705 2786 clerum
734 2749 901 2787 suum
931 2735 1148 2789 solebat
1173 2736 1473 2792 asciscere.
1516 2738 1705 2792 Nihilo
1745 2745 1829 2793 ta-

113 2837 246 2874 men
270 2821 469 2874 minus
493 2821 898 2891 experiebatur
926 2823 1254 2894 aliquando,
1282 2841 1345 2878 ex
1366 2825 1517 2879 bono
1547 2828 1828 2882 monacho

112 2909 203 2962 vix
232 2909 459 2963 bonum
499 2909 774 2964 clericum
804 2911 950 2974 fieri,
981 2912 1028 2965 si
1058 2913 1206 2966 adsit
1234 2913 1287 2967 ei
1326 2915 1613 2970 sufﬁciens
1645 2917 1828 2971 conti-

113 3004 310 3056 nentia
348 3007 410 3056 et
439 3007 632 3057 tamen
676 3003 822 3057 desit
851 3003 1147 3058 instructio
1193 3006 1529 3069 necessaria,
1562 3014 1662 3063 aut
1698 3025 1828 3080 per-

114 3108 268 3145 some
299 3091 588 3162 regularis
618 3092 918 3162 integritas
947 3094 1137 3162 (Epist.
1173 3098 1262 3161 60,
1287 3112 1350 3150 n.
1395 3099 1470 3165 l).

185 3183 236 3233 4.
272 3181 401 3234 Non
435 3181 624 3234 solum
657 3186 846 3235 autem
878 3183 1148 3251 prmsules
1177 3183 1247 3236 ab
1289 3184 1594 3254 Augustini
1626 3201 1826 3240 mona-

113 3269 284 3321 sterio
313 3268 597 3335 arcessiti,
634 3269 747 3323 alia
785 3269 1042 3323 coenobio
1085 3269 1145 3325 in
1183 3287 1284 3324 sua
1325 3272 1569 3343 quisque
1600 3274 1826 3329 diceccsi

114 3358 578 3424 constituerunt;
626 3374 822 3411 verum
865 3359 1041 3413 etiam
1081 3359 1408 3415 existimare
1448 3361 1598 3428 licet,
1645 3365 1825 3418 Aure-

117 3447 253 3500 lium
281 3452 341 3500 et
371 3447 702 3517 complures
733 3447 871 3500 alios
895 3447 1076 3516 etiam
1108 3453 1239 3503 ante
1271 3450 1576 3519 Augustini
1606 3452 1824 3522 episco-

119 3542 313 3605 patum
337 3536 498 3590 idem
515 3535 818 3591 factitasse.
844 3538 984 3590 Nam
1009 3554 1135 3591 cum
1162 3538 1559 3609 episcopatum
1586 3541 1826 3612 adeptus

118 3627 217 3686 est,
240 3624 366 3693 jam
396 3639 589 3677 annus
619 3627 738 3677 erat
765 3627 819 3678 et
865 3624 1112 3693 amplius
1150 3642 1216 3679 ex
1262 3642 1375 3697 quo
1408 3627 1679 3682 Paulinus
1709 3645 1826 3682 non

120 3712 279 3766 modo
296 3728 409 3782 per
423 3712 698 3782 Alypium
713 3729 770 3766 se
787 3713 1047 3784 precibus
1060 3719 1382 3768 sanctorum
1399 3716 1827 3770 commendave-

119 3804 210 3862 rat,
245 3803 345 3869 qui
374 3805 526 3866 sunt,
555 3799 762 3871 inquit,
792 3803 851 3855 in
877 3803 1013 3856 clero
1043 3803 1362 3858 Sanctitatis
1393 3808 1496 3858 tua:
1519 3807 1752 3871 comites,
1775 3809 1827 3859 et

119 3891 169 3942 in
187 3891 541 3943 monasteriis
560 3887 697 3960 ﬁdei
713 3905 775 3943 ac
794 3892 1014 3945 virtutis
1028 3895 1131 3946 tuae
1148 3893 1483 3946 aemulatores
1503 3910 1516 3959 ;
1533 3893 1628 3947 sed
1651 3893 1822 3947 etiam

120 3977 171 4031 in
213 3983 475 4032 extrema
521 3981 685 4048 parte
723 3978 980 4048 epistolas
1019 3979 1220 4032 fratres
1258 3984 1382 4034 tum
1425 3980 1824 4050 Ecclesiarum,

118 4074 227 4122 tum
260 4066 756 4122 monasteriorum
789 4067 1168 4138 Carthaginis,
1200 4069 1478 4139 Tagastae,
1513 4069 1821 4140 Hipponis-

120 4157 273 4229 Regii
304 4158 677 4228 aliorumque
717 4157 921 4211 Africae
961 4157 1220 4211 locorum
1261 4158 1469 4212 salutat
1499 4158 1696 4229 (Epist.
1727 4161 1820 4227 2i,

117 4262 166 4298 η.
205 4249 276 4313 ‘2).
322 4246 388 4300 Ei
427 4261 660 4316 quoque
702 4245 1053 4316 Augustinus
1083 4245 1268 4299 verbis
1300 4248 1562 4312 fratrum,
1592 4262 1697 4300 non
1736 4261 1821 4300 so-

118 4336 218 4387 lum
248 4337 352 4404 qui
379 4335 678 4400 nobiscum,
713 4333 923 4404 inquit,
961 4333 1230 4400 habitant,
1269 4339 1318 4388 et
1346 4337 1443 4402 qui
1467 4335 1691 4388 ubilibet
1722 4335 1822 4388 ha-

119 4423 348 4477 bitantes
394 4426 496 4476 Deo
527 4424 744 4491 pariter
779 4425 1042 4491 serviunt,
1082 4423 1324 4476 salutem
1360 4421 1587 4476 nuntiat
1626 4423 1816 4492 (Epist.

114 4516 198 4577 27,
239 4530 305 4568 η.
357 4518 410 4580 (ι)
473 4512 613 4581 Ipsa!
657 4511 828 4565 etiam
867 4511 1020 4565 cedri
1062 4509 1280 4579 Libani,
1311 4511 1418 4565 hoc
1456 4515 1560 4572 est.
1603 4511 1822 4564 nobiles

115 4606 164 4653 et
191 4601 400 4656 divites
434 4601 605 4671 hujus
638 4600 848 4666 saeculi,
881 4600 1154 4670 praeclare
1195 4616 1386 4654 secum
1437 4605 1622 4654 actum
1655 4604 1820 4670 puta-

115 4688 267 4752 bant,
321 4689 370 4742 si
421 4690 527 4742 sub
574 4691 780 4744 umbra
837 4705 1124 4742 ramorum
1175 4705 1410 4743 suorum
1466 4689 1822 4744 nidiﬁcantes

113 4779 454 4849 colligerent
473 4795 730 4848 passeres
756 4783 812 4832 et
832 4793 1135 4848 pauperes,
1161 4778 1258 4849 qui
1278 4782 1515 4850 propter
1535 4778 1821 4832 Christum

112 4868 557 4938 communisque
587 4867 718 4921 vitae
760 4866 1167 4938 professionem
1199 4867 1395 4922 omnia
1424 4867 1818 4938 reliquerant;

113 4971 278 5026 agros
308 4956 426 5010 illis
477 4960 532 5010 et
561 4956 756 5010 hortos
794 4956 1198 5024 concedebant,
1231 4955 1491 5009 ecclesias
1534 4960 1591 5009 et
1622 4973 1821 5010 mona-

111 5043 282 5096 steria
326 5044 740 5097 construebant
781 5044 1006 5112 (Enarr.
1059 5045 1118 5097 in
1165 5045 1312 5098 Psal.
1371 5046 1492 5106 103,
1544 5059 1704 5098 serm.
1766 5046 1819 5108 3,

110 5147 201 5184 nn.
248 5135 336 5198 16,
370 5133 478 5201 17).
515 5131 674 5187 Unde
715 5133 974 5204 contigit,
1007 5133 1068 5186 in
1107 5149 1224 5186 una
1261 5137 1318 5187 et
1355 5133 1556 5186 eadem
1596 5132 1821 5186 civitate

111 5221 408 5291 complura
432 5221 747 5292 aliquando
778 5221 1034 5276 casnobia
1062 5221 1319 5292 reperiri.
1351 5223 1494 5275 Nam
1524 5227 1732 5292 praeter
1760 5221 1823 5274 il-

112 5307 228 5372 lud,
261 5308 422 5378 quod
452 5308 810 5379 Augustinus
839 5324 871 5362 a
901 5324 1003 5362 sua
1043 5307 1234 5362 statim
1277 5308 1638 5362 ordinatione
1671 5309 1821 5378 apud

114 5396 435 5467 Hipponem
475 5396 759 5465 condidit,
790 5397 1034 5452 alterum
1064 5414 1096 5452 a
1129 5398 1364 5468 Leporio
1394 5397 1729 5468 presbytero
1760 5397 1819 5450 in

114 5486 304 5540 eadem
332 5487 497 5552 urbe,
521 5486 758 5540 tertium
781 5485 989 5540 ibidem
1015 5487 1082 5540 ab
1111 5487 1376 5541 Eleusino
1402 5486 1629 5540 videtur
1649 5486 1831 5566 fuisse.

114 5575 487 5630 constitutum
525 5575 722 5640 (Serm.
763 5577 884 5641 356,
915 5591 1015 5630 nn.
1071 5577 1154 5642 t0,
1200 5577 1304 5645 t5).
1347 5575 1485 5628 Hinc
1533 5575 1816 5628 Possidius

3573 334 3669 387 178

1965 438 2182 506 scribit,
2213 439 2600 510 Augustinum
2630 457 2694 496 ex
2729 443 2833 497 hac
2853 443 2968 498 vita
2990 445 3334 516 migrantem
3360 452 3541 506 multa
3568 454 3668 508 Ec-

1963 527 2148 582 clesia:
2180 545 2298 583 suae
2330 531 2678 585 monasteria
2715 531 2969 587 virorum
3009 551 3072 588 ac
3110 534 3454 592 feminarum
3483 541 3666 595 conti-

1963 616 2223 671 nentium
2250 618 2421 688 plena
2448 618 2730 674 dimisisse
2761 621 3082 691 (Possidius,
3105 626 3163 678 in
3190 627 3319 680 Vita
3344 627 3664 696 Augustini,

1961 721 2005 759 c.
2028 705 2112 772 3t)
2129 724 2146 770 ;
2163 722 2290 776 quae
2309 705 2369 759 in
2394 707 2535 761 urbe
2558 709 2863 764 constituta
2879 711 3050 766 fuisse
3073 718 3332 783 oportet;
3359 715 3614 787 alioquin
3633 734 3669 772 a

1961 794 2247 860 Vandalis,
2281 795 2418 866 quia
2444 797 2642 850 multis
2672 813 2797 851 eam
2832 800 3125 855 mensibus
3155 801 3512 871 obsidebant,
3537 805 3668 860 fuis-

1961 887 2088 937 sent
2117 883 2430 940 devastata.
2473 885 2538 939 Hi
2579 890 2712 940 sunt
2741 887 3016 942 uberrimi
3046 890 3284 956 fructus,
3317 892 3417 964 qui
3445 894 3516 947 ab
3545 897 3662 948 Au-

1961 971 2175 1042 gustini
2211 973 2422 1042 pietate
2452 974 2607 1028 velut
2637 991 2669 1028 a
2706 975 2896 1028 radice
2935 977 3293 1046 prodierunt.
3327 981 3513 1045 Quare
3547 999 3663 1038 non

1958 1059 2248 1114 immerito
2281 1065 2337 1113 et
2367 1063 2786 1116 monachorum
2826 1068 2882 1116 et
2920 1067 3401 1122 monasteriorum
3431 1070 3662 1126 institu-

1958 1153 2051 1201 tor
2072 1148 2420 1218 habebatur;
2455 1166 2584 1203 cum
2609 1151 2794 1221 reipsa
2815 1153 3112 1208 monastici
3135 1155 3362 1210 Ordinis
3387 1158 3446 1211 in
3474 1159 3663 1214 Africa

1957 1238 2319 1292 fundatorem
2347 1255 2481 1293 eum
2511 1239 2683 1294 fuisse
2703 1241 3024 1296 videamus.
3052 1245 3261 1298 Verum
3288 1246 3543 1301 Ecclesiae
3565 1249 3663 1303 ad-

1953 1326 2209 1390 versarii,
2245 1327 2344 1398 qui
2375 1327 2483 1381 hoc
2511 1328 2829 1398 Augustino
2860 1330 2918 1383 in
2949 1331 3173 1402 magnis
3200 1333 3534 1390 criminibus
3563 1337 3660 1390 ob-

1947 1412 2162 1481 jectare
2193 1429 2309 1466 non
2346 1415 2711 1482 verebantur,
2744 1415 2888 1471 illud
2930 1417 3057 1471 vitae
3085 1435 3268 1489 genus
3302 1419 3569 1491 ignorare
3598 1439 3656 1476 se

1953 1502 2440 1570 demonstrabant,
2467 1504 2557 1558 vel
2595 1504 2787 1574 potius
2823 1510 2944 1560 toto
2983 1507 3119 1560 orbe
3157 1507 3523 1562 notissimum
3560 1525 3656 1562 ne-

1953 1591 2096 1644 scire
2135 1607 2193 1646 se
2235 1592 2584 1646 simulabant
2621 1594 2841 1662 (Contra
2872 1595 3107 1650 Litteras
3146 1597 3420 1665 Petiliani,
3463 1597 3556 1651 lib.
3601 1599 3655 1665 3,

1951 1696 2007 1733 n.
2041 1681 2149 1748 48).
2192 1681 2360 1747 Quid,
2402 1681 2553 1751 quod
2593 1682 2733 1736 adeo
2774 1683 3052 1754 pudorem
3091 1701 3321 1740 omnem
3353 1685 3651 1753 emebant,

1952 1773 2015 1821 ut
2043 1768 2465 1822 sanctissimum
2498 1769 2826 1824 institutum
2857 1788 2989 1826 cum
3019 1772 3137 1826 suis
3167 1773 3649 1828 Circumcellioni-

1949 1855 2056 1909 bus
2086 1856 2364 1910 auderent
2402 1861 2779 1928 comparare?
2808 1859 2930 1924 Qua
2975 1860 3044 1914 de
3083 1877 3144 1912 re
3183 1861 3261 1914 sic
3299 1861 3652 1932 Augustinus

1950 1943 2020 1997 ad
2053 1943 2367 1998 Catholicos
2397 1961 2410 1998 :
2443 1946 2506 2000 Si
2534 1948 2891 2014 comparandi
2917 1954 3061 2016 sunt,
3093 1963 3186 2002 vos
3214 1949 3416 2018 videte;
3447 1953 3500 2004 si
3523 1966 3643 2006 ver-

1951 2032 2031 2085 bis
2055 2035 2249 2086 vestris
2280 2047 2413 2102 opus
2439 2039 2537 2102 est,
2565 2035 2688 2103 jam
2717 2035 2995 2091 laboratis.
3029 2038 3150 2092 Non
3187 2053 3320 2106 opus
3349 2043 3426 2092 est
3452 2041 3564 2092 nisi
3590 2043 3650 2092 ut

1948 2120 2283 2174 admonentis
2322 2137 2750 2191 unumquemque
2779 2128 2838 2176 ut
2884 2124 3158 2190 atlendat;
3190 2127 3360 2180 solum
3402 2127 3650 2181 attendat

1947 2213 1997 2262 et
2025 2213 2313 2277 comparet.
2347 2209 2490 2275 Quid
2519 2224 2651 2280 opus
2681 2215 2760 2265 est
2782 2211 2959 2266 verbis
2984 2215 3177 2267 vestris
3200 2212 3227 2268 ‘t
3258 2214 3649 2282 Comparantur

1946 2295 2143 2349 ebriosi
2169 2311 2288 2350 cum
2320 2297 2536 2363 sobriis,
2566 2300 2873 2368 pracipites
2902 2315 3022 2354 cum
3050 2301 3425 2370 consideratis,
3453 2305 3647 2368 furen-

1947 2389 2021 2438 tes
2052 2400 2171 2438 cum
2199 2387 2558 2454 simplicibus,
2586 2392 2846 2455 vagantes
2876 2403 2993 2442 cum
3024 2393 3382 2457 congregatis.
3422 2393 3646 2446 Verum-

1947 2477 2146 2543 tamen,
2176 2475 2508 2541 charissimi,
2547 2481 2672 2530 sunt
2701 2481 2750 2530 et
2795 2479 2892 2545 qui
2932 2481 3181 2533 monachi
3224 2480 3361 2546 falsi
3405 2485 3562 2547 sunt;
3598 2487 3648 2535 et

1942 2577 2038 2616 nos
2067 2566 2312 2618 novimus
2343 2565 2474 2618 tales
2501 2581 2513 2618 :
2547 2565 2642 2617 sed
2675 2581 2778 2619 non
2807 2569 2975 2634 periit
3003 2569 3331 2633 fraternitas
3365 2571 3484 2638 pia,
3513 2585 3643 2638 pro-

1939 2656 2063 2720 pter
2091 2667 2176 2706 cos
2204 2655 2302 2722 qui
2324 2652 2654 2722 proﬁtentur
2683 2653 2826 2721 quod
2854 2669 2959 2708 non
2989 2660 3115 2710 sunt
3144 2658 3364 2724 (Enarr.
3401 2660 3460 2711 in
3493 2659 3637 2712 Psal.

1948 2743 2068 2800 132,
2099 2756 2192 2796 nn.
2225 2743 2276 2805 3,
2307 2741 2380 2809 4).

2014 2832 2064 2882 5.
2108 2829 2268 2882 Tales
2306 2828 2455 2883 inter
2492 2845 2625 2882 suos
2663 2845 2795 2883 cum
2834 2830 3030 2885 dolore
3066 2833 3202 2886 tulit
3238 2849 3355 2888 non
3393 2833 3640 2903 ignotos,

1943 2933 2046 2971 nec
2072 2916 2381 2972 levioribus
2406 2918 2805 2972 tantummodo
2845 2919 3182 2974 criminibus
3220 2921 3535 2977 obstrictos.
3573 2925 3642 2977 Ut

1941 3004 2095 3058 enim
2125 3004 2245 3074 ipse
2276 3004 2429 3074 plebi
2458 3020 2575 3058 suae
2604 3004 2922 3060 identidem
2950 3007 3178 3077 repetit,
3207 3022 3322 3060 non
3351 3011 3432 3061 est
3461 3012 3639 3062 status

1941 3093 2080 3147 adeo
2109 3093 2411 3163 perfectus,
2444 3093 2504 3147 in
2531 3110 2645 3164 quo
2675 3110 2794 3148 non
2823 3095 2938 3148 sint
2965 3095 3201 3164 debiles,
3223 3095 3338 3150 imo
3365 3099 3422 3150 et
3445 3097 3642 3166 prodi-

1916 3186 2118 3250 ,tores;
2154 3197 2342 3252 neque
2371 3182 2609 3236 societas
2647 3183 2788 3237 adeo
2817 3188 3012 3238 sancta
3039 3188 3144 3251 est,
3171 3184 3231 3238 in
3261 3201 3376 3256 qua
3405 3185 3637 3239 scanda-

1940 3269 2058 3322 lum
2083 3268 2372 3324 interdum
2393 3287 2508 3325 non
2536 3271 2874 3342 reperiatur.
2907 3273 3070 3342 Nam,
3091 3273 3191 3327 ubi
3215 3273 3487 3327 Dominus
3517 3289 3638 3328 om-

1939 3374 2038 3411 nes
2068 3358 2252 3412 tribus
2279 3359 2589 3428 generibus
2617 3360 2922 3414 hominum
2951 3361 3408 3431 comprehendit,
3430 3361 3639 3416 scilicet

1937 3446 2300 3501 existentium
2319 3453 2417 3502 aut
2433 3447 2491 3500 in
2514 3464 2675 3518 agro,
2692 3449 2861 3503 autin
2883 3449 3236 3516 molendino,
3256 3454 3354 3504 aut
3376 3449 3434 3504 in
3454 3451 3635 3516 lecto;

1935 3537 1998 3589 In
2025 3537 2154 3589 lecto
2192 3541 2372 3590 autem
2411 3551 2517 3602 eos,
2551 3537 2742 3608 inquit
2777 3537 3150 3607 Augustinus,
3181 3538 3415 3604 intelligi
3443 3540 3638 3605 voluit,

1938 3627 2034 3692 qui
2060 3630 2377 3678 amaverunt
2405 3627 2663 3694 quietem;
2693 3641 2793 3695 per
2822 3627 3012 3679 lectum
3039 3628 3180 3679 enim
3213 3627 3440 3694 quietem
3465 3628 3636 3680 voluit

1935 3713 2202 3780 intelligi,-
2231 3729 2337 3766 non
2364 3727 2419 3768 se
2447 3715 2730 3768 miscentes
2770 3714 2966 3779 turbis,
3004 3729 3111 3767 non
3142 3714 3396 3767 tumultui
3422 3714 3634 3781 generis

1936 3802 2180 3868 humani,
2216 3804 2274 3856 in
2311 3804 2416 3856 otio
2446 3805 2736 3857 servientes
2766 3805 2870 3858 Deo
2899 3818 2912 3856 :
2941 3807 2991 3856 et
3027 3802 3156 3856 inde
3184 3806 3360 3856 tamen
3386 3817 3526 3856 unus
3551 3816 3636 3856 as-

1933 3894 2192 3957 sumetur,
2221 3895 2272 3944 et
2297 3906 2436 3945 unus
2465 3893 2821 3960 relinquetur.
2855 3893 2994 3947 Sunt
3019 3891 3096 3944 ibi
3115 3891 3294 3960 probi,
3326 3896 3375 3944 et
3405 3895 3531 3945 sunt
3557 3890 3637 3944 ibi

1932 3981 2150 4049 reprobi
2179 3981 2368 4052 (lbid.,
2391 3997 2448 4036 n.
2480 3981 2561 4050 4).
2592 3982 2749 4036 Unde
2783 3981 2861 4035 sic
2886 3981 3095 4035 alicubi
3123 3981 3378 4052 loquitur
3405 3997 3418 4035 :
3451 3981 3634 4046 Quan-

1933 4069 2177 4123 tumlibct
2221 4071 2410 4136 vigilet
2455 4071 2757 4140 disciplina
2796 4070 2985 4124 domus
3025 4085 3171 4136 meae,
3219 4071 3370 4124 homo
3412 4084 3552 4137 sum,
3585 4073 3634 4122 et

1931 4159 2074 4211 inter
2103 4158 2340 4212 homines
2367 4161 2526 4226 vivo;
2560 4174 2653 4212 nec
2682 4160 2821 4212 mihi
2849 4174 3108 4226 arrogare
3134 4158 3324 4223 audeo,
3356 4161 3416 4210 ut
3443 4157 3632 4211 domus

1932 4261 2049 4299 mea
2073 4248 2262 4301 melior
2285 4249 2358 4301 sit
2382 4263 2546 4316 quam
2577 4262 2708 4300 arca
2737 4249 2867 4313 Noe,
2898 4247 2994 4300 ubi
3023 4251 3199 4300 tamen
3227 4248 3367 4298 inter
3390 4249 3502 4298 octo
3532 4245 3633 4297 ho-

1930 4337 2098 4388 mines
2127 4335 2385 4403 reprobus
2414 4350 2554 4389 unus
2585 4337 2832 4390 inventus
2861 4339 2958 4401 est,
2980 4339 3076 4388 etc.
3101 4351 3114 4387 :
3138 4339 3234 4387 aut
3251 4334 3438 4386 melior
3469 4347 3633 4400 quam

1931 4423 2258 4478 cohabitatio
2286 4426 2462 4494 ipsius
2493 4427 2710 4479 Domini
2733 4425 2958 4489 Christi,
2988 4425 3046 4476 in
3087 4437 3195 4490 qua
3230 4421 3478 4475 undecim
3509 4420 3636 4474 boni

1927 4511 2196 4580 perfidum
2226 4517 2276 4566 et
2316 4514 2496 4578 furem
2524 4513 2725 4566 Judam
2761 4513 3123 4566 toleraverunt
3161 4524 3172 4563 :
3210 4513 3306 4563 aut
3333 4510 3522 4563 melior
3559 4511 3634 4562 sit

1923 4604 2193 4669 postremo
2222 4616 2386 4668 quam
2417 4602 2630 4664 caelum;
2665 4599 2806 4653 unde
2833 4601 3036 4666 Angeli
3061 4597 3381 4652 ceciderunt.
3411 4597 3636 4666 Simpli-

1930 4692 2063 4743 citer
2090 4694 2267 4744 autem
2295 4693 2473 4758 fateor
2508 4690 2783 4746 Charitati
2813 4693 3020 4755 vestrae,
3053 4702 3232 4741 coram
3272 4688 3497 4740 Domino
3525 4689 3630 4740 Deo

1930 4781 2130 4843 nostro,
2147 4780 2243 4845 qui
2266 4781 2417 4832 testis
2437 4783 2515 4832 est
2534 4792 2697 4847 super
2717 4778 2956 4829 animam
2976 4791 3168 4841 meam,
3190 4790 3258 4828 ea:
3278 4789 3381 4844 quo
3402 4777 3506 4829 Deo
3525 4790 3632 4828 ser-

1930 4867 2044 4917 vire
2063 4868 2228 4934 ccepi:
2253 4866 2513 4934 quomodo
2533 4865 2766 4936 difﬁcile
2790 4879 2909 4918 sum
2928 4869 3180 4933 expertus
3200 4865 3442 4917 meliores
3465 4878 3629 4932 quam

1931 4957 2028 5023 qui
2065 4956 2122 5006 in
2160 4956 2499 5009 monasteriis
2535 4955 2911 5022 profecerunt;
2952 4955 3036 5006 ita
3073 4969 3178 5006 non
3215 4968 3331 5006 sum
3372 4956 3628 5021 eapertus

1926 5043 2158 5112 pejores,
2191 5058 2352 5110 quam
2379 5044 2476 5111 qui
2504 5044 2559 5095 in
2581 5043 2924 5096 monasteriis
2955 5041 3291 5106 ceciderunt;
3315 5043 3396 5094 ita
3415 5044 3476 5092 ut
3505 5040 3629 5092 hinc

1932 5132 2168 5185 arbitrer
2189 5134 2246 5184 in
2266 5132 2601 5200 Apocalypsi
2619 5132 2904 5199 scriptum,
2934 5149 2961 5180 «
2992 5131 3181 5184 Justus
3203 5128 3414 5198 justior
3431 5127 3551 5190 ﬁat,
3575 5130 3632 5179 et

1931 5220 2192 5273 sordidus
2223 5221 2507 5273 sordescat
2527 5219 2709 5273 adhuc
2731 5239 2757 5270 ι)
2783 5221 2971 5288 (Apoc.
3001 5235 3134 5284 χιιι,
3160 5219 3266 5286 Η).
3291 5216 3630 5283 Quapropter

1930 5311 2036 5362 etsi
2063 5310 2447 5361 contristamur
2474 5307 2540 5361 de
2563 5309 2838 5376 aliquibus
2863 5307 3261 5377 purgamentis,
3291 5303 3630 5358 consolamur

1931 5401 2108 5450 tamen
2134 5398 2296 5450 etiam
2325 5395 2391 5449 de
2414 5397 2667 5465 pluribus
2697 5399 3048 5451 ornamentis.
3067 5394 3245 5450 Nolite
3265 5405 3388 5458 ergo
3405 5395 3632 5459 propter

1929 5501 2224 5548 amurcam,
2258 5501 2366 5552 qua
2412 5487 2554 5538 oculi
2581 5486 2748 5539 vestri
2787 5483 3153 5553 offenduntur,
3205 5479 3499 5532 torculuria
3531 5479 3624 5531 de-

1931 5575 2136 5638 testari,
2168 5573 2310 5627 unde
2339 5575 2607 5643 apothecas
2639 5575 2921 5626 Dominicz
2948 5573 3134 5635 fructu
3163 5568 3266 5622 olei
3311 5567 3642 5621 luminosio—.
