4008 6184
357 314 456 367 179

348 437 430 490 ris
459 435 756 506 implentur
777 433 997 503 (Epistf
1019 435 1111 498 78,
1139 448 1234 487 nn.
1267 434 1323 501 8,
1352 432 1428 503 9).
1467 434 1582 487 Hoc
1604 433 1725 503 jam
1754 430 2051 502 episcOpus

352 523 419 578 ad
446 524 727 595 populum
755 522 1181 593 Hipponensem
1211 520 1514 587 scribebat,
1542 521 1836 574 occasione
1861 519 2050 588 cujus-

352 613 485 667 dam
524 612 795 675 scandali,
830 616 887 665 in
928 610 1105 682 ipsius
1143 610 1312 664 domo
1351 609 1502 663 inter
1541 607 1887 662 Bonifacium
1928 621 2054 676 pre-

350 702 646 773 sbyterum
677 705 733 754 et
762 701 936 753 alium
969 698 1198 752 nomine
1228 698 1398 768 Spem
1431 695 1626 750 exorti.
1662 694 1757 749 His
1789 694 2054 748 utebatur

350 789 758 861 experimentis
788 794 852 841 ut
881 788 1095 857 abjecte
1123 787 1193 841 de
1221 803 1280 840 se
1311 784 1567 850 sentiret,
1595 782 1852 853 aliosque
1881 782 2052 835 simul

350 880 771 942 cohortaretur,
794 892 865 929 ne
886 875 1156 929 ﬁduciam
1178 874 1237 926 in
1268 873 1411 944 ipso,
1434 878 1534 926 aut
1562 872 1623 925 in
1646 872 1850 926 domus
1874 870 2054 941 ipsius

350 965 720 1038 quantumvis
750 964 897 1018 bona
938 962 1256 1032 disciplina,
1291 960 1390 1015 sed
1428 961 1488 1014 in
1525 977 1642 1015 uno
1674 961 1784 1014 Deo
1813 960 2051 1013 colloca-

350 1059 494 1108 rent.
529 1055 656 1107 Fuit
685 1052 932 1121 quidam,
972 1052 1071 1115 ait,
1108 1052 1167 1103 in
1199 1053 1382 1103 nostro
1421 1050 1765 1116 monasterio,
1797 1050 1895 1116 qui
1929 1063 2052 1101 cor-

347 1141 673 1210 ripientibus
702 1140 993 1207 fratribus,
1016 1154 1112 1191 cur
1141 1137 1388 1206 quedam
1415 1153 1522 1190 non
1550 1136 1806 1203 facienda
1828 1138 2049 1202 faceret,

346 1236 397 1284 et
440 1230 699 1296 facienda
742 1244 850 1282 non
896 1230 1116 1295 faceret,
1162 1226 1521 1295 respondebat
1576 1244 1592 1279 :
1643 1226 2056 1293 Qualiscumque

346 1334 492 1372 nunc
520 1320 644 1382 sim,
679 1319 806 1370 tatis
836 1332 944 1381 ero,
977 1317 1189 1384 qualem
1219 1330 1300 1368 me
1333 1318 1471 1369 Deus
1498 1315 1750 1380 futurum
1777 1328 1887 1367 esse
1907 1329 2053 1381 prte-

350 1410 526 1462 scivit.
563 1407 668 1473 Qui
710 1408 950 1474 profecto
989 1408 1039 1457 et
1080 1419 1264 1457 verum
1308 1403 1541 1468 dicebat,
1573 1407 1623 1455 et
1666 1404 1761 1456 hoc
1789 1417 1910 1456 vero
1948 1417 2053 1454 non

345 1496 666 1564 proﬁciebat
695 1497 751 1547 in
796 1494 989 1547 bonum
1025 1509 1038 1545 :
1070 1491 1164 1545 sed
1196 1506 1365 1560 usque
1398 1491 1530 1545 adeo
1565 1491 1796 1560 profecit
1835 1493 1891 1543 in
1929 1505 2052 1543 ma-

352 1585 482 1650 lum,
516 1587 577 1637 ut
603 1583 816 1636 deserta
846 1583 1161 1635 monasterii
1189 1579 1608 1650 societate/ierit
1630 1580 1779 1633 canis
1808 1592 2052 1632 reversus

351 1671 426 1724 ad
456 1686 613 1725 suum
641 1672 899 1724 vomitum
931 1687 947 1722 :
985 1673 1036 1723 et
1064 1672 1241 1722 tamen
1278 1666 1456 1721 adhuc
1486 1667 1665 1736 quatis
1703 1669 1778 1721 sit
1804 1668 2049 1734 futurus,

349 1762 613 1812 incertum
641 1762 719 1811 est
761 1758 851 1827 (De
890 1760 1038 1811 Dono
1081 1758 1517 1825 perseverantia,
1553 1771 1610 1809 n.
1662 1756 1767 1824 38).
1817 1755 1891 1808 Ex
1929 1754 2052 1824 ejus

354 1845 700 1900 monasterio
744 1846 993 1899 Donatus
1022 1860 1152 1898 cum
1191 1844 1365 1898 fratre
1404 1860 1506 1897 suo
1544 1844 1730 1898 fuerat
1767 1859 2050 1914 egressus,

350 1940 415 1988 ut
443 1932 1106 1987 ambitioneatimulante
1130 1932 1196 1986 ad
1219 1931 1549 1985 clericatum
1580 1931 1717 1985 alibi
1743 1930 2051 2001 suscipien-

352 2022 492 2077 dum
522 2026 760 2093 uterque
798 2022 1124 2076 convolaret
1156 2020 1364 2091 (Epist.
1411 2021 1520 2090 60).
1556 2021 1797 2075 Paulum
1833 2020 2049 2089 episco-

351 2126 515 2181 pum,
542 2110 632 2163 cui
665 2109 990 2163 Bonifacius
1009 2109 1070 2163 in
1099 2109 1294 2163 sedem
1326 2109 1738 2180 Cataquensem
1765 2107 2050 2175 successit,

354 2199 413 2252 in
440 2197 661 2252 Christo
690 2201 817 2251 Jesu
852 2213 955 2267 per
996 2196 1363 2266 Evangelium
1395 2200 1703 2267 genuerat;
1737 2196 1833 2250 sed
1865 2212 2051 2267 neque

354 2285 696 2339 salutaribus
749 2284 865 2337 suis
902 2284 1173 2351 consiliis,
1220 2299 1408 2354 neque
1451 2270 1826 2353 benignitate,
1869 2300 2052 2354 neque

352 2373 649 2426 severitate
698 2373 881 2425 facere
930 2373 1134 2443 potuit,
1177 2372 1316 2443 quin
1361 2372 1456 2427 ille
1498 2373 1820 2425 universam
1870 2373 2050 2425 Eccle-

355 2460 497 2514 siam
532 2459 957 2531 Hipponenscm
989 2459 1266 2530 perversis
1293 2459 1410 2512 suis
1432 2458 1687 2512 moribus
1707 2459 2048 2513 vulneraret.

357 2549 715 2618 Quapropter
742 2548 813 2601 ab
843 2549 967 2618 ejus
998 2547 1401 2601 communione
1424 2548 1725 2617 sejungere
1747 2563 1805 2600 se
1828 2553 2052 2600 coactus

354 2640 437 2691 est
482 2635 834 2705 Augustinus
874 2638 1080 2704 (Epist.
1121 2638 1229 2705 85).
1272 2634 1605 2700 Antonium,
1648 2651 1820 2706 quem
1861 2651 2052 2689 secum

353 2724 599 2779 habebat
627 2724 688 2777 in
720 2723 1064 2777 monasterio
1091 2740 1193 2776 suo
1225 2740 1256 2777 a
1292 2725 1531 2794 parvula
1555 2728 1717 2777 aetate
1750 2724 2051 2793 nutritum,

352 2813 425 2867 ad
453 2813 843 2865 Fussalensem
874 2811 1269 2882 episcopatum
1295 2812 1591 2882 provexit:
1613 2828 1680 2865 eo
1710 2816 1902 2865 tamen
1934 2829 2055 2865 mu-

355 2915 489 2953 nere
518 2899 597 2953 sic
626 2899 721 2953 ille
745 2905 1095 2970 prtepostere
1134 2900 1363 2954 functus
1401 2905 1504 2964 est,
1529 2905 1596 2954 ut
1624 2900 1745 2970 ipse
1784 2900 2051 2971 Augusti-

358 3003 465 3041 nus
496 3002 738 3042 mmrore
774 2987 1164 3054 discruciatus,
1193 2988 1344 3060 quod
1385 2990 1509 3059 ejus
1548 2988 1895 3060 episcopatui
1936 2989 2052 3042 suf-

359 3074 611 3144 fragatus
657 3075 876 3141 fuisset,
930 3075 999 3128 de
1041 3075 1357 3130 abdicanda
1407 3075 1714 3146 episcopali
1755 3076 2053 3146 dignitate,

359 3167 425 3215 ut
466 3178 524 3215 se
572 3162 835 3216 lamentis
880 3162 1063 3216 errori
1110 3179 1212 3216 suo
1267 3162 1738 3218 convenientibus
1796 3164 2051 3231 dederet,

356 3248 619 3319 cogitarit
660 3251 860 3319 (Epist.
907 3252 1033 3315 209,
1081 3266 1177 3305 nn.
1229 3252 1282 3316 3,
1336 3252 1447 3319 lO).
1481 3252 1621 3305 Rem
1665 3251 1735 3306 de
1773 3255 2053 3307 monacho

354 3338 505 3408 apud
535 3354 595 3391 se
624 3338 836 3408 pariter
865 3354 898 3391 a
926 3338 1168 3407 pueritia
1198 3338 1450 3392 enutrito
1482 3338 1684 3393 miram
1717 3340 1788 3393 ad
1820 3341 2053 3395 modum

355 3430 577 3490 narrat;
610 3442 725 3497 qua
769 3431 1002 3480 narrata
1030 3425 1299 3481 eumdem
1347 3429 1541 3481 tamen
1590 3426 1729 3482 dicit
1773 3444 1887 3481 non
1919 3445 2052 3499 per-

352 3514 627 3569 mansisse
662 3515 722 3569 in
755 3514 1048 3586 proposito
1078 3514 1393 3569 sanctitatis
1426 3515 1523 3587 (De
1558 3516 1749 3572 Genesi
1778 3517 1853 3571 ad
1892 3519 2051 3585 Litt.,

352 3602 446 3659 tib.
484 3606 569 3671 η,
598 3618 693 3657 nn.
726 3606 814 3670 37,
844 3604 955 3674 38).

421 3694 474 3746 6.
525 3691 749 3756 Quanto
799 3691 1121 3747 chariorem
1164 3692 1413 3748 habebat
1467 3693 1736 3749 Ordinem
1775 3694 2051 3749 monasti-

352 3795 503 3845 cum,
535 3784 698 3833 tanto
733 3780 1147 3833 monachorum
1186 3781 1378 3851 lapsus
1419 3785 1477 3834 et
1516 3782 1728 3851 probra
1759 3782 2054 3836 molestius

350 3864 597 3929 ferebat;
624 3880 754 3917 cum
786 3880 853 3917 ea
877 3864 1154 3918 nimirum
1184 3868 1622 3919 adversarentur
1650 3866 1838 3920 studio
1873 3866 2053 3936 ipsius

353 3956 410 4004 et
439 3956 591 4018 voto,
623 3968 737 4022 quo
770 3957 1027 4006 sanctum
1062 3952 1201 4006 illud
1233 3953 1560 4008 institutum
1589 3970 1696 4024 per
1724 3956 2051 4009 universam

350 4038 619 4108 Africam,
651 4044 714 4093 ut
747 4040 869 4110 jam
914 4040 972 4093 iu
1002 4039 1130 4093 aliis
1161 4041 1314 4094 orbis
1353 4040 1647 4095 christiani
1676 4043 1961 4112 partibus,
1995 4051 2053 4098 et

352 4127 656 4198 propagari
683 4133 739 4181 et
763 4127 966 4181 ﬂorere
991 4129 1273 4199 cupiebat.
1312 4129 1515 4187 Verum
1546 4129 1802 4184 dolorem
1839 4136 2049 4201 tempe-

351 4217 532 4283 rabat,
563 4217 663 4272 ubi
692 4215 1023 4271 attendebat
1067 4232 1193 4270 eam
1242 4232 1384 4283 esse,
1437 4218 1553 4271 Deo
1602 4218 1683 4272 ita
1723 4218 2048 4287 ordinante,

350 4307 520 4376 hujus
549 4305 680 4360 vitm
719 4304 1128 4369 conditionem,
1160 4309 1224 4359 ut
1263 4320 1547 4376 nusquam
1575 4305 1690 4360 sint
1718 4322 1895 4377 grana
1923 4309 2050 4362 sine

350 4396 532 4463 palea,
558 4408 844 4463 nusquam
888 4392 1177 4446 frumenta
1213 4393 1324 4446 nisi
1353 4393 1505 4447 inter
1541 4393 1760 4449 zizania
1788 4411 1803 4449 :
1838 4395 2050 4466 ubique

348 4484 541 4534 autem
587 4481 825 4541 animas,
871 4481 1045 4535 etiam
1085 4482 1200 4536 Deo
1248 4482 1321 4535 ob
1361 4481 1699 4536 munditiem
1741 4484 2044 4553 proximas,

349 4568 407 4621 in
433 4567 626 4622 medio
653 4568 898 4623 ﬁliarum
930 4570 1076 4623 sicut
1112 4569 1233 4623 lilia
1262 4569 1413 4623 inter
1450 4569 1642 4640 spinas
1673 4571 1915 4633 versari;
1945 4572 2049 4624 hoc

349 4659 452 4723 est,
483 4670 615 4709 cum
659 4656 730 4709 iis
778 4658 1095 4711 necessario
1126 4658 1302 4712 vitam
1354 4674 1545 4727 agere,
1578 4674 1706 4728 qum
1756 4658 1885 4713 licet
1916 4660 2046 4713 tilim

346 4747 583 4814 propter
613 4750 965 4799 sacramenta
989 4745 1242 4813 Domini,
1260 4746 1439 4817 spinae
1464 4749 1656 4799 tamen
1678 4746 1790 4800 sint
1815 4754 2048 4817 propter

348 4847 534 4885 mores
576 4847 703 4884 suos
744 4831 964 4901 (Enarr.
1010 4835 1067 4887 in
1109 4835 1249 4889 Psal.
1287 4849 1440 4902 XCIX,
1470 4852 1523 4889 n.
1566 4835 1648 4904 8).
1690 4835 2047 4906 Quapropter

345 4917 492 4972 sicut
520 4917 736 4970 nullam
757 4917 1142 4972 conditionem
1171 4919 1393 4973 volebat
1422 4920 1502 4974 ita
1530 4920 1769 4988 laudari,
1804 4927 1867 4976 ut
1897 4925 2046 4977 mala

344 5008 668 5060 tacerentur
696 5020 825 5076 quae
864 5005 943 5058 ibi
982 5005 1159 5060 mixta
1195 5012 1360 5073 sunt;
1401 5008 1481 5062 ita
1519 5024 1624 5062 nec
1662 5010 1962 5079 probabat,
1998 5013 2045 5065 si

346 5094 446 5166 qui
473 5093 848 5149 monasticam
879 5093 1294 5163 professionem
1325 5096 1497 5150 nimis
1526 5096 1687 5151 valde
1716 5098 2041 5168 laudarent,

342 5188 407 5238 ut
431 5199 500 5238 ea
523 5182 640 5237 sola
669 5180 905 5253 proprio
927 5181 1089 5252 quasi
1119 5184 1492 5255 prierogativo
1514 5186 1644 5256 jure
1674 5188 1934 5257 reprobis
1958 5206 2042 5243 ca-

343 5288 469 5326 rere
495 5270 826 5326 hominibus
851 5270 1041 5340 putari
1074 5277 1283 5341 posset.
1321 5274 1400 5327 Tu
1436 5276 1535 5343 qui
1571 5275 1785 5342 laudas,
1827 5276 1925 5341 ait,
1954 5278 2041 5330 dic

341 5361 540 5415 mixtos
567 5360 771 5425 malos;
806 5364 864 5413 tu
892 5361 991 5427 qui
1019 5361 1316 5428 vituperas,
1339 5362 1463 5415 vide
1491 5363 1570 5416 ibi
1597 5370 1647 5417 et
1677 5365 1855 5419 bonos.
1877 5366 1970 5419 Sic
1990 5370 2041 5418 et

344 5447 400 5498 in
433 5448 534 5500 illa
559 5451 678 5501 vita
718 5449 986 5501 communi
1010 5449 1276 5513 fratrum,
1309 5464 1428 5516 qua:
1461 5456 1539 5504 est
1572 5467 1629 5504 ιη
1666 5455 1988 5507 monasterio
2018 5472 2033 5506 :

343 5538 526 5597 magni
554 5538 664 5588 viri
692 5539 887 5597 sancti,
910 5536 1152 5605 quotidie
1172 5538 1227 5589 in
1260 5537 1495 5604 hymnis,
1519 5542 1578 5591 in
1600 5542 1956 5601 orationibus,
1979 5543 2037 5595 in

1606 310 1759 363 VITA
1806 309 1842 363 S
1908 306 2283 362 AUGUSTINI
2325 305 2654 361 EPISCOPI.

3766 308 3876 361 J80

2161 428 2413 484 laudibus
2442 430 2558 496 Dei,
2590 427 2718 483 inde
2740 429 2951 493 vivunt,
2982 442 3103 481 cum
3130 426 3350 481 lectione
3375 425 3487 482 illis
3510 442 3596 481 res
3623 432 3736 495 est;
3771 430 3877 482 la-

2163 517 2355 572 borant
2381 518 2634 572 manibus
2661 519 2797 582 suis,
2829 516 2957 570 inde
2984 530 3040 570 se
3069 518 3409 584 transigunt;
3440 531 3546 571 non
3574 532 3738 571 avare
3766 519 3880 571 ati-

2164 605 2300 674 quid
2324 610 2534 676 petunt,
2565 605 2841 676 quidqmd
2867 608 2942 659 eis
2972 605 3211 671 infertur
3231 620 3267 657 a
3287 606 3399 673 piis
3426 605 3720 671 fratribus,
3745 620 3875 659 cum

2162 696 2495 763 sufﬁcientia
2523 698 2574 747 et
2603 710 2722 747 cum
2750 695 3019 747 charitate
3044 697 3305 758 utuntur;
3326 707 3476 747 nemo
3503 693 3611 747 sibi
3632 699 3875 763 usurpat

2163 783 2400 851 aliquid,
2416 782 2560 851 quod
2583 783 2721 836 alter
2741 797 2847 836 non
2867 782 3098 847 habeat;
3122 796 3301 835 omnes
3325 796 3380 835 se
3404 781 3663 848 diligunt,
3686 798 3874 836 omnes

2162 873 2387 925 invicem
2411 886 2465 923 se
2491 872 2777 925 sustinent.
2800 870 3087 935 Laudasti,
3119 870 3363 923 laudasti
3384 888 3399 922 :
3425 873 3522 938 qui
3540 872 3708 924 nescit
3728 870 3875 940 quid

2164 961 2394 1013 interius
2426 963 2647 1026 agatur,
2679 960 2778 1028 qui
2809 960 2976 1012 nescit
3005 958 3266 1026 quomodo
3303 959 3398 1012 illo
3432 963 3587 1012 vento
3623 962 3873 1013 intrante

2164 1050 2329 1101 etiam
2356 1062 2519 1101 naves
2544 1062 2599 1101 se
2625 1049 2685 1100 in
2709 1051 2872 1116 portu
2897 1046 3178 1109 collidunt,
3212 1048 3387 1099 intrat
3416 1049 3578 1114 quasi
3603 1050 3871 1101 securita-

2167 1141 2268 1190 tem
2297 1150 2539 1205 sperans,
2564 1138 2823 1189 neminem
2844 1150 2999 1204 quem
3024 1136 3205 1188 toleret
3222 1136 3509 1188 habiturus
3527 1154 3541 1201 ;
3561 1138 3774 1191 invenit
3788 1139 3874 1189 ibi

2164 1226 2366 1291 fratres
2396 1225 2583 1287 malos,
2609 1225 2706 1292 qui
2732 1225 2866 1277 mali
2890 1224 3129 1277 inveniri
3146 1237 3251 1277 non
3268 1228 3504 1292 possent,
3526 1224 3634 1277 nisi
3660 1225 3871 1278 admit-

2166 1318 2402 1367 terentur
2434 1311 2505 1383 (et
2531 1327 2738 1367 necesse
2765 1317 2843 1366 est
2869 1316 2930 1364 ut
2952 1314 3130 1380 primo
3162 1312 3472 1378 tolerentur,
3494 1327 3559 1365 ne
3585 1314 3728 1379 forte
3754 1328 3877 1365 cor-

2162 1406 2444 1470 rigantur;
2471 1417 2566 1455 nec
2603 1401 2822 1455 excludi
2856 1401 3019 1468 facile
3048 1404 3297 1469 possunt,
3326 1401 3437 1455 nisi
3461 1403 3618 1469 prius
3652 1403 3871 1468 fuerint

2164 1492 2393 1558 tolerati)
2431 1506 2444 1544 :
2475 1494 2526 1543 et
2560 1493 2623 1559 ﬁt
2661 1492 2778 1558 ipse
2815 1489 3165 1542 intoleranda:
3206 1491 3578 1558 impatientia.
3621 1489 3758 1555 Quis
3786 1506 3875 1543 me

2163 1580 2265 1633 huc
2300 1578 2615 1647 quaerebat?
2654 1580 2768 1645 Ego
2792 1577 3057 1646 putabam
3097 1579 3229 1645 quia
3268 1578 3512 1631 charitas
3547 1582 3626 1632 est
3655 1579 3763 1633 hic.
3796 1582 3873 1633 Et

2160 1681 2458 1736 paucorum
2496 1666 2771 1718 hominum
2800 1666 3045 1718 molestia
3084 1668 3353 1729 irritatus,
3387 1665 3516 1719 dum
3544 1681 3650 1720 non
3674 1681 3869 1735 perse-

2162 1758 2431 1809 verarerit
2459 1754 2681 1823 implere
2700 1753 2844 1821 quod
2863 1757 3026 1817 vovit,
3050 1752 3118 1823 ﬁt
3139 1753 3378 1807 desertor
3399 1758 3510 1807 tam
3539 1758 3718 1808 sancti
3737 1769 3868 1823 pro-

2162 1846 2348 1913 positi,
2381 1851 2430 1895 et
2459 1857 2580 1896 reus
2610 1844 2723 1895 voti
2751 1856 2857 1895 non
2886 1842 3111 1895 redditi.
3142 1844 3265 1895 Iam
3292 1857 3415 1895 vero
3446 1857 3565 1896 cum
3590 1843 3720 1897 inde
3748 1847 3870 1896 eri-

2163 1934 2286 1996 crit,
2315 1934 2377 2000 fit
2401 1936 2451 1984 et
2472 1932 2587 1999 ipse
2616 1932 2953 1998 vituperator
2980 1934 3031 1981 et
3053 1929 3347 1983 maledicus
3371 1948 3387 1983 :
3419 1935 3469 1984 et
3497 1930 3633 1984 dicit
3659 1947 3725 1983 ea
3750 1933 3873 1985 sola

2164 2032 2282 2086 quae
2309 2019 2471 2086 quasi
2504 2033 2559 2071 se
2581 2019 2707 2087 pati
2733 2033 2837 2071 non
2870 2019 3112 2086 potuisse
3149 2022 3455 2083 asseverat;
3487 2022 3539 2073 et
3565 2019 3872 2087 aliquando

2162 2121 2308 2160 vera.
2341 2107 2446 2161 Sed
2471 2122 2600 2160 vera
2630 2106 2892 2159 malorum
2922 2105 3207 2160 toleranda
3235 2111 3364 2161 sunt
3389 2111 3613 2176 propter
3642 2110 3874 2161 societa-

2166 2198 2267 2247 tem
2294 2194 2567 2249 bonorum.
2596 2196 2736 2248 Dicit
2764 2196 2851 2248 illi
2872 2196 3190 2263 Scriptura:
3216 2214 3244 2245 α
3267 2196 3359 2248 Vae
3380 2195 3467 2249 his
3488 2195 3588 2266 qui
3609 2197 3874 2266 perdide-

2164 2287 2301 2336 runt
2320 2282 2752 2336 sustinentiam!
2780 2302 2807 2333 η
2829 2284 3009 2352 (Eccti.
3037 2300 3095 2343 ιι,
3122 2283 3231 2353 l6).
3254 2286 3325 2338 Et
3341 2283 3486 2352 quod
3504 2289 3580 2338 est
3603 2287 3868 2355 amplius,

2163 2375 2343 2425 ructat
2371 2370 2771 2439 indignationis
2795 2373 2998 2424 malum
3026 2372 3261 2437 odorem,
3294 2372 3436 2426 unde
3462 2373 3766 2427 absterreat
3790 2378 3876 2429 in-

2166 2463 2433 2525 traturos;
2461 2461 2596 2528 quia
2622 2461 2739 2528 ipse
2767 2474 2886 2513 cum
2915 2461 3192 2525 intrasset,
3215 2459 3517 2528 perdurare
3534 2476 3641 2514 non
3658 2466 3866 2530 potuit.

2166 2547 2359 2613 Quales
2415 2547 2552 2602 illii.
2575 2548 2778 2614 Invidi,
2827 2549 3148 2614 litigatores,
3197 2548 3461 2602 neminem
3512 2553 3864 2615 sustinentes,

2165 2636 2355 2701 avari;
2382 2635 2474 2688 ille
2500 2635 2582 2688 ibi
2608 2635 2750 2689 illud
2777 2638 2929 2704 fecit,
2961 2641 3009 2688 et
3040 2637 3130 2689 ille
3158 2636 3239 2689 ibi
3264 2636 3405 2690 illud
3433 2640 3590 2704 fecit.
3630 2639 3672 2694 Ο
3706 2641 3869 2699 male,

2168 2738 2335 2791 quare
2368 2727 2507 2776 taces
2548 2723 2751 2777 bonos?
2778 2724 2919 2789 Quos
2962 2725 3187 2777 tolerare
3219 2740 3326 2779 non
3356 2728 3608 2795 potuisti,
3634 2728 3823 2796 jactus
3852 2747 3870 2781 :

2167 2812 2264 2878 qui
2293 2815 2341 2864 te
2368 2811 2571 2864 malum
2599 2812 2983 2879 toleraverunt,
3015 2816 3174 2866 taces.
3218 2813 3372 2866 Hauc
3413 2813 3610 2884 itaque
3650 2815 3872 2885 profes-

2166 2897 2385 2951 sionem
2415 2915 2545 2952 cum
2576 2903 2745 2969 portu
2764 2901 3150 2970 comparabat,
3170 2901 3227 2955 in
3253 2918 3366 2971 quo
3395 2902 3615 2956 felicius
3633 2902 3867 2973 quidem

2167 3002 2342 3056 quam
2367 2986 2427 3039 in
2455 2987 2656 3057 pelago
2687 3003 2878 3053 naves,
2902 2994 2961 3042 at
2986 3005 3103 3041 non
3124 3005 3251 3043 cum
3282 2994 3399 3043 tota
3420 2991 3719 3046 securitate
3739 3007 3869 3045 con-

2166 3074 2389 3128 sistunt.
2432 3076 2604 3129 Habet
2642 3079 2803 3142 enim,
2841 3077 3159 3146 inquiebat,
3190 3078 3440 3132 alicunde
3466 3083 3516 3131 et
3541 3085 3736 3148 portus
3766 3083 3867 3133 ad-

2165 3165 2301 3217 itum
2332 3181 2348 3217 :
2378 3165 2428 3217 si
2454 3169 2642 3232 portus
2667 3160 2884 3219 a’ditum
2912 3181 2979 3218 ea:
3007 3167 3160 3219 nulla
3184 3171 3342 3235 parte
3367 3167 3605 3233 haberet,
3626 3170 3781 3223 nulla
3812 3173 3870 3223 in

2166 3267 2284 3305 eum
2306 3254 2464 3305 navis
2496 3255 2759 3317 intraret;
2790 3258 2995 3322 oportet
3023 3269 3147 3320 ergo
3174 3259 3235 3309 ut
3263 3270 3329 3309 ea:
3360 3256 3552 3324 aliqua
3578 3262 3741 3325 parte
3769 3274 3875 3327 pa-

2166 3345 2273 3394 teat
2306 3357 2319 3394 :
2348 3341 2647 3409 aliquando
2675 3347 2855 3396 autem
2873 3357 2970 3411 per
2988 3358 3105 3396 eam
3128 3347 3344 3412 partem
3363 3360 3473 3413 qua
3486 3350 3663 3414 patet,
3680 3353 3874 3401 veritus

2166 3429 2358 3492 irruit;
2390 3433 2438 3482 et
2468 3429 2563 3482 ubi
2591 3430 2799 3499 scopuli
2826 3446 2932 3484 non
2958 3436 3104 3497 sunt,
3135 3447 3299 3485 naves
3327 3447 3383 3487 se
3412 3435 3640 3488 invicem
3670 3436 3875 3491 collisa

2165 3519 2537 3586 confringant.
2566 3519 2667 3572 Ubi
2683 3535 2808 3587 ergo
2823 3523 3106 3587 securitas,
3128 3523 3179 3575 si
3198 3537 3291 3576 nec
3306 3524 3364 3577 in
3384 3528 3584 3590 portu?
3602 3528 3674 3581 Et
3692 3530 3876 3580 tamen

2164 3610 2451 3675 utcumque
2477 3608 2743 3674 feliciores
2772 3611 2830 3661 in
2862 3614 3027 3678 portu
3056 3626 3218 3678 quam
3247 3612 3308 3665 in
3332 3613 3549 3681 pelago,
3577 3614 3875 3679 fatendum

2164 3700 2261 3760 est,
2301 3695 2689 3750 concedendum
2735 3701 2829 3759 est,
2882 3713 3067 3751 verum
3118 3703 3214 3753 est.
3263 3701 3460 3754 Ament
3504 3715 3560 3754 se
3595 3716 3766 3755 naves
3816 3706 3876 3755 in

2158 3788 2345 3852 portu,
2375 3786 2501 3837 bene
2528 3785 2634 3838 sibi
2661 3787 3024 3854 applicentur,
3056 3803 3162 3841 non
3196 3788 3304 3841 sibi
3340 3789 3669 3842 collidantur
3709 3806 3723 3842 :
3757 3806 3875 3844 ser-

2163 3876 2319 3924 vetur
2338 3872 2416 3924 ibi
2434 3874 2697 3941 parilitas
2716 3874 3127 3942 aequabilitatis,
3146 3879 3451 3930 constantia
3475 3878 3801 3944 charitatis;
3825 3886 3876 3934 et

2164 3958 2381 4026 quando
2400 3963 2541 4025 forte
2558 3970 2746 4015 ventus
2767 3978 2833 4015 ea:
2858 3963 2958 4016 illa
2980 3969 3159 4032 parte,
3189 3980 3297 4033 qua
3322 3970 3496 4033 patet,
3526 3968 3774 4032 irruerit,
3799 3970 3873 4021 sit

2161 4047 2242 4100 ibi
2270 4052 2431 4101 cauta
2456 4048 2793 4114 gubernatio.
2827 4052 2968 4104 Nam
2992 4052 3128 4119 quid
3156 4052 3403 4107 dicturus
3429 4059 3505 4107 cst
3534 4056 3691 4121 mihi,
3722 4061 3870 4123 quis-

2163 4134 2285 4204 quis
2323 4136 2520 4189 talibus
2552 4137 2680 4190 locis
2708 4140 2850 4203 forte
2878 4145 3089 4207 pracst,
3120 4143 3227 4194 imo
3265 4144 3431 4196 servit
3468 4144 3771 4212 fratribus,
3809 4149 3868 4198 in

2162 4225 2247 4277 his
2276 4239 2394 4292 quae
2420 4228 2749 4278 monasteria
2768 4226 3070 4283 dicuntur?
3098 4229 3232 4298 quid
3253 4230 3502 4285 dicturus
3521 4231 3641 4286 est?
3661 4233 3871 4289 Cautus

2162 4326 2269 4376 ero,
2318 4311 2529 4365 nullum
2575 4313 2777 4367 malum
2823 4314 3130 4369 admittam.
3183 4317 3452 4383 Quomodo
3496 4320 3709 4374 nullum
3754 4336 3870 4374 ma-

2164 4399 2274 4451 lum
2312 4398 2609 4453 admittes?
2649 4402 2872 4455 Nullum
2915 4403 3178 4457 hominem
3217 4407 3440 4472 malum,
3483 4408 3695 4461 nultum
3742 4411 3869 4475 fra-

2163 4488 2295 4539 trem
2341 4487 2542 4541 malum
2582 4490 2875 4543 intrantem
2921 4492 3262 4546 admissurus
3303 4508 3459 4561 sum;
3508 4510 3628 4549 cum
3671 4499 3869 4564 paucis

2162 4572 2310 4626 bonis
2346 4574 2471 4628 bene
2503 4576 2641 4628 mihi
2677 4579 2797 4631 erit.
2838 4580 2939 4631 Ubi
2976 4585 3245 4647 cognoscis
3283 4598 3441 4650 quem
3475 4585 3620 4650 forte
3656 4587 3740 4638 ris
3769 4602 3866 4638 er-

2159 4661 2414 4717 ctudere?
2446 4663 2513 4715 Ut
2550 4671 2899 4730 cognoscatur
2940 4670 3134 4735 malus,
3184 4673 3332 4724 intus
3377 4672 3699 4740 probandus
3737 4680 3816 4727 est
3851 4692 3863 4726 :

2159 4751 2419 4817 quomodo
2443 4766 2566 4818 ergo
2581 4754 2826 4809 excludis
2848 4757 3204 4824 intraturum,
3228 4762 3325 4827 qui
3341 4764 3529 4828 postea
3544 4761 3867 4829 probandus

2157 4842 2254 4903 est,
2279 4843 2328 4891 et
2352 4839 2584 4907 probari
2605 4843 2718 4896 nisi
2741 4844 3030 4899 intraverit
3057 4861 3162 4900 non
3180 4851 3399 4916 potest?
3422 4850 3658 4918 Repetles
3685 4865 3866 4903 omnes

2156 4926 2364 4981 malos?
2393 4929 2536 4982 Dicis
2568 4931 2728 4994 enim,
2757 4935 2808 4984 et
2834 4935 2981 4986 nosti
3005 4935 3287 5003 inspicere.
3320 4936 3510 4991 Omnes
3537 4938 3704 4992 nudis
3734 4954 3861 4993 cor-

2157 5013 2313 5068 dibus
2342 5012 2417 5068 ad
2445 5020 2495 5069 te
2520 5019 2783 5074 veniunt?
2815 5020 2919 5085 Qui
2946 5024 3214 5076 intraturi
3241 5029 3387 5087 sunt,
3416 5026 3526 5093 ipsi
3553 5040 3610 5079 se
3631 5042 3739 5080 non
3764 5044 3857 5081 no-

2155 5107 2380 5165 verunt,-
2412 5110 2614 5171 quanto
2645 5108 2823 5161 minus
2850 5109 2948 5164 tu?
2977 5110 3143 5165 Multi
3166 5114 3307 5165 enim
3336 5112 3446 5165 sibi
3470 5116 3860 5183 promiserunt,

2156 5190 2299 5257 quod
2326 5193 2606 5260 impleturi
2642 5202 2814 5249 essent
2842 5199 2995 5252 illam
3026 5201 3195 5253 vitam
3223 5206 3469 5255 sanctam
3498 5205 3558 5255 in
3590 5218 3865 5260 commune

2154 5278 2433 5334 habentem
2462 5285 2665 5350 omnia,
2708 5286 2805 5338 ubi
2844 5301 2996 5340 nemo
3034 5288 3172 5342 dicit
3205 5288 3424 5356 aliquid
3453 5305 3632 5357 suum,
3665 5294 3864 5360 quibus

2152 5371 2230 5420 est
2258 5382 2367 5421 una
2396 5372 2581 5424 anima
2611 5378 2661 5426 et
2689 5388 2779 5427 cor
2807 5389 2971 5428 unum
3003 5378 3059 5429 in
3090 5379 3252 5430 Deum
3289 5394 3301 5430 :
3326 5380 3483 5432 missi
3509 5385 3638 5433 sunt
3663 5383 3723 5433 in
3750 5384 3860 5448 for-

2150 5471 2357 5522 nacem,
2414 5463 2465 5510 et
2516 5467 2855 5529 crepuerunt.
2909 5464 3176 5529 Quomodo
3231 5480 3359 5533 ergo
3404 5470 3677 5532 cognoscis
3720 5484 3859 5533 eum,

2148 5547 2245 5612 qui
2271 5546 2378 5599 sibi
2407 5548 2521 5616 ipse
2549 5547 2725 5602 adhuc
2751 5552 2966 5617 ignotus
2998 5551 3116 5607 est?
3144 5553 3417 5608 Emetudes
3447 5556 3621 5610 malos
3648 5558 3858 5622 fratres
