4008 6184
181 269 246 320 181
1556 270 1760 326 LIBER
1797 273 1817 327 'l

1983 274 2093 329 [US

179 406 201 439 α
221 392 455 439 conventu
481 387 731 441 bonorum
751 387 778 443 ?
824 391 900 442 De
929 389 1086 444 corde
1115 395 1225 458 tuo,
1259 394 1506 460 quisquis
1538 397 1646 448 ista
1670 395 1828 461 dicis,

177 490 314 528 manes
343 476 512 529 malas
543 479 909 544 cogitationes,
939 481 990 532 si
1015 483 1183 547 potes,
1215 480 1455 535 exclude.
1492 482 1594 536 Ubi
1609 499 1732 550 ergo
1761 500 1833 537 se-

177 566 383 619 curitas?
409 565 510 617 Hic
538 580 828 633 nusquam,
851 568 907 619 in
936 569 1044 621 ista
1071 570 1188 622 vita
1203 583 1472 637 nusquam
1493 573 1605 625 nisi
1631 574 1688 624 in
1717 574 1830 626 sola

175 668 240 721 spe
255 655 634 720 promissorum
666 656 762 707 Dei
791 653 1011 723 (Enarr.
1043 658 1102 709 in
1138 658 1283 710 Psal.
1318 673 1459 724 xcrx,
1499 674 1592 714 nn.
1621 662 1742 724 10,1
1764 664 1826 724 1).

223 745 264 794 7.
294 741 570 795 Caeterum
607 741 946 797 humillimae
981 744 1146 798 sortis
1177 745 1462 816 homines,
1492 747 1625 802 licet
1654 748 1723 803 de
1753 748 1828 802 il-

173 829 220 882 lis
256 828 432 882 minus
462 835 751 884 constaret
787 848 858 885 an
889 849 1018 886 vere
1049 833 1242 887 animo
1275 835 1388 888 Deo
1419 835 1720 902 serviendi,
1756 854 1828 891 an

171 916 319 988 potius
360 919 766 972 commodioris
805 921 1223 992 ornatiorisque
1276 923 1406 977 vitm
1449 940 1645 979 amore
1669 925 1827 979 veni-

171 1009 280 1065 rent,
332 1005 554 1059 excludi
610 1007 818 1062 noluit.
879 1011 1032 1063 Nunc
1083 1015 1281 1076 autem,
1339 1011 1558 1082 inquit,
1607 1015 1829 1066 veniunt

167 1096 434 1162 plerumque
475 1095 554 1147 ad
607 1096 747 1149 hanc
787 1100 1174 1165 professionem
1217 1101 1496 1154 servitutis
1540 1102 1638 1154 Dei
1683 1106 1734 1154 et
1761 1117 1828 1154 ese

169 1183 420 1235 condititme
458 1186 670 1250 servili,
704 1187 788 1238 vel
817 1189 984 1240 etiam
1035 1187 1235 1252 liberti,
1281 1189 1364 1242 vel
1395 1193 1622 1257 prOpter
1669 1189 1763 1242 hoc
1793 1207 1826 1242 a

172 1271 357 1323 (taurinis
386 1270 610 1325 liberati
638 1276 750 1326 sive
792 1273 1080 1341 liberandi,
1120 1281 1171 1329 et
1207 1291 1275 1329 ea:
1299 1278 1417 1329 vita
1445 1281 1744 1343 rusticana,
1777 1283 1826 1332 et

173 1376 218 1411 ex
234 1361 458 1426 opiﬁcum
490 1362 881 1415 exercitatione
918 1367 966 1415 et
986 1363 1193 1431 plebeio
1223 1364 1420 1428 labore,
1451 1369 1601 1420 tanto
1641 1368 1826 1435 utique

170 1447 353 1511 felicius,
377 1454 582 1515 quanto
601 1452 806 1515 fortius
832 1450 1047 1505 educati
1077 1467 1090 1505 :
1121 1455 1219 1520 qui
1241 1455 1290 1506 si
1311 1469 1417 1508 non
1438 1453 1822 1518 admittuntur,

170 1553 295 1601 grave
319 1537 568 1592 delictum
598 1545 697 1594 est.
726 1541 888 1595 Multi
911 1543 1051 1595 enim
1073 1559 1140 1595 ea:
1161 1558 1217 1596 eo
1244 1559 1464 1598 numero
1491 1560 1611 1598 vere
1637 1547 1826 1612 magni

167 1630 201 1677 et
227 1627 459 1680 imitandi
507 1632 861 1683 exstiterunt.
918 1632 1061 1687 Nam
1103 1635 1393 1700 propterea
1447 1651 1476 1682 α
1508 1637 1565 1686 et
1592 1632 1823 1687 inﬁrma

167 1713 323 1768 mundi
364 1714 534 1785 elegit
588 1719 759 1785 Deus,
793 1723 855 1772 ut
899 1718 1272 1774 confunderet
1301 1719 1498 1786 fortia;
1549 1723 1606 1774 et
1648 1721 1822 1774 stulta

165 1802 322 1856 mundi
350 1804 540 1874 elegit,
576 1811 644 1859 ut
685 1806 1058 1861 confunderet
1107 1807 1418 1877 sapientes;
1452 1812 1506 1862 et
1545 1808 1822 1879 ignobilia

164 1890 334 1951 mundi,
365 1895 420 1945 et
451 1909 518 1946 ea
549 1910 685 1964 quae
726 1911 839 1948 non
871 1901 1003 1949 sunt
1029 1899 1300 1966 tanquam
1335 1896 1465 1963 sint,
1499 1901 1564 1950 ut
1592 1913 1658 1950 ea
1688 1913 1818 1968 quae

164 1984 263 2032 sunt
297 1987 642 2035 evacuentur
701 1999 714 2036 :
763 1988 826 2037 ut
868 1999 982 2036 non
1022 1985 1304 2053 glorietur
1331 1984 1516 2039 omnis
1551 2002 1682 2040 caro
1730 2003 1820 2040 co-

164 2082 253 2121 ram
286 2068 389 2121 Deo
423 2092 443 2117 ι
473 2071 515 2139 (ι
545 2071 676 2126 Cor.
720 2089 756 2137 ι,
787 2071 998 2140 27-29).
1029 2074 1153 2127 Haec
1201 2075 1383 2142 itaque
1417 2077 1514 2144 pia
1543 2079 1594 2128 et
1629 2081 1819 2129 sancta

163 2158 367 2221 cogitatio
391 2160 551 2224 facit,
587 2164 653 2212 ut
691 2161 854 2213 etiam
894 2162 1026 2215 tales
1059 2161 1443 2231 admittuntur,
1488 2165 1585 2232 qui
1611 2160 1818 2217 nullum

162 2251 352 2310 cier-unt
391 2252 619 2302 mutatae
667 2250 726 2301 in
779 2250 969 2302 melius
1024 2251 1149 2303 vitae
1195 2250 1586 2304 documentum.
1635 2253 1819 2320 Neque

163 2335 268 2386 erum
285 2340 497 2403 apparet
518 2341 710 2390 utrum
737 2351 804 2390 ea:
827 2340 1104 2406 proposito
1129 2340 1407 2392 servitutis
1441 2341 1532 2392 Dei
1551 2343 1815 2405 venerint,

162 2436 213 2472 an
241 2425 386 2475 vitam
415 2426 635 2493 inopem
677 2429 728 2478 et
773 2425 1098 2479 laboriosam
1124 2427 1393 2492 fugientes
1443 2429 1622 2492 vacui,
1660 2430 1820 2496 pasci

164 2513 285 2576 atque
323 2514 503 2564 vestiri
547 2513 841 2577 voluerint,
895 2517 946 2566 et
978 2515 1199 2582 insuper
1228 2515 1486 2568 honorari
1535 2514 1603 2567 ab
1655 2517 1751 2581 eis,
1785 2531 1819 2568 a

164 2598 316 2664 mribus
342 2604 608 2654 contemni
631 2603 938 2670 conterique
970 2607 1350 2656 consueverant
1389 2603 1481 2672 (De
1511 2603 1610 2671 Op.
1644 2605 1814 2671 Mon.,

163 2690 319 2757 11.25).
351 2690 540 2760 Neque
574 2691 752 2744 etiam
784 2691 1007 2744 volebat
1030 2707 1310 2761 pauperes
1335 2691 1394 2744 in
1426 2707 1527 2744 sua
1550 2691 1816 2745 societate

159 2775 210 2828 ab
231 2777 286 2829 iis
307 2794 549 2848 unquam
579 2779 877 2849 distingui,
903 2778 1001 2849 qui
1027 2778 1243 2850 aliquid
1266 2779 1585 2833 attulissent
1607 2781 1803 2849 (Serm.

162 2865 252 2929 356,
287 2881 335 2918 n.
379 2867 456 2937 9.)
506 2869 628 2921 Ilac
676 2872 868 2921 mente
898 2867 1195 2936 praeditus,
1228 2868 1483 2937 profecto
1514 2884 1631 2921 non
1659 2884 1812 2922 com-

163 2952 388 3014 mittebat,
419 2960 484 3009 ut
512 2956 590 3009 ab
622 2955 719 3008 illa
748 2955 1064 3010 discederet
1091 2971 1346 3027 unquam
1379 2957 1448 3010 de
1473 2955 1815 3026 recipiendis

164 3039 470 3096 credentibus
500 3043 564 3097 in
599 3042 803 3096 Christi
847 3042 1122 3097 familiam
1153 3045 1372 3113 regula,
1400 3059 1574 3114 quam
1603 3043 1664 3098 in
1693 3044 1814 3098 ha-c

165 3127 293 3181 verba
316 3131 545 3198 protulit
584 3147 600 3186 :
631 3131 794 3184 Absit
819 3136 878 3184 ut
901 3133 956 3184 in
979 3131 1323 3185 tabernaculo
1358 3135 1445 3184 tuo
1473 3147 1587 3201 prae
1611 3147 1814 3201 paupe-

161 3215 278 3269 ribus
313 3221 653 3288 accipiantur
675 3235 914 3288 personae
943 3219 1194 3281 divitum,
1224 3224 1320 3274 aut
1339 3236 1458 3290 pra:
1487 3220 1812 3286 ignobilibus

161 3304 316 3360 nobiles
345 3323 356 3360 :
386 3309 610 3376 quando
635 3310 818 3376 potius
846 3307 1070 3378 inﬁrma
1098 3309 1291 3362 mundi
1320 3309 1548 3376 elegisti,
1588 3313 1650 3361 ut
1689 3325 1811 3362 con-

158 3393 368 3454 [under-es
392 3399 566 3462 fortia
589 3413 601 3461 ;
626 3401 677 3451 et
703 3397 966 3462 ignobilia
991 3397 1154 3465 hujus
1173 3397 1368 3450 mundi
1393 3397 1601 3464 elegisti
1623 3400 1673 3450 et
1687 3411 1810 3450 con-

162 3482 446 3549 temptibilia,
467 3490 517 3539 et
547 3501 619 3537 ea
648 3500 767 3552 qua:
794 3501 898 3539 non
923 3490 1048 3539 sunt
1078 3490 1338 3553 tanquam
1368 3486 1501 3552 sint,
1522 3489 1582 3538 ut
1610 3500 1673 3539 ea
1693 3500 1812 3553 qua:

161 3573 256 3621 sunt
290 3587 562 3627 evacuares
617 3572 874 3642 (Confess.
926 3574 1021 3627 lib.
1071 3575 1122 3640 8,
1172 3589 1294 3641 cap.
1337 3574 1391 3638 4,
1440 3588 1498 3626 n.
1540 3573 1615 3642 9).
1649 3573 1810 3636 Quod

163 3655 318 3710 attinet
363 3660 425 3714 ad
487 3660 718 3725 divites,
777 3661 876 3731 qui
927 3661 1141 3715 relictis
1195 3660 1312 3714 suis
1363 3661 1724 3715 facultatibus
1756 3665 1811 3714 et

166 3742 208 3795 in
244 3762 494 3818 pauperes
535 3749 812 3819 erogatis,
862 3767 978 3804 non
1024 3765 1266 3820 parvum
1297 3749 1474 3803 animi
1501 3750 1586 3802 sui
1633 3749 1807 3804 docu-

167 3841 372 3891 mentum
411 3839 665 3892 atl'erunt
701 3855 714 3892 :
747 3840 865 3894 Non
898 3843 975 3892 est
1004 3837 1422 3902 attendendum,
1482 3836 1693 3908 inquit,
1751 3839 1810 3890 in

166 3921 315 3984 Vilibus
345 3928 687 3998 monasteriis
742 3927 824 3980 vel
870 3928 927 3979 in
975 3941 1078 3993 quo
1119 3925 1249 3990 loco,
1284 3925 1653 3991 indigentibus
1681 3926 1806 3991 fra-

166 4009 297 4064 tribus
337 4017 558 4084 quisquc
604 4015 666 4068 id
707 4014 850 4082 quod
892 4015 1120 4068 habebat
1169 4013 1510 4082 impenderit.
1561 4013 1811 4068 Omnium

167 4100 272 4151 enim
306 4102 727 4157 Christianorum
781 4118 892 4156 una
940 4102 1245 4171 respublica
1274 4105 1377 4156 est.
1413 4104 1483 4155 Et
1512 4100 1628 4154 ideo
1661 4103 1810 4169 quis-

167 4188 259 4249 quis
298 4190 614 4246 Christianis
666 4194 968 4245 necessaria
1015 4191 1240 4244 ubilibet
1289 4191 1587 4257 erogaverit
1617 4230 1632 4257 ,
1683 4190 1811 4243 ubi—

169 4288 342 4343 cumque
381 4283 540 4334 etiam
572 4282 705 4350 ipse,
739 4279 884 4347 quod
925 4280 1033 4333 sibi
1077 4279 1433 4332 necessarium
1461 4281 1560 4342 est,
1591 4279 1810 4347 accipit,

169 4362 216 4414 de
237 4366 410 4421 Christi
436 4370 589 4423 bonis
625 4370 844 4438 accipit.
878 4369 1020 4433 Quia
1050 4367 1371 4434 ubicumque
1397 4370 1448 4419 et
1470 4367 1585 4433 ipse
1615 4367 1813 4419 talibus

169 4449 300 4520 dedit,
327 4459 435 4524 quis
473 4460 588 4511 nisi
617 4458 862 4513 Christus
894 4458 1097 4525 accepit
1124 4458 1214 4525 (De
1257 4455 1355 4524 0p.
1397 4455 1563 4519 Mon.,
1607 4469 1668 4509 η.
1701 4454 1808 4523 33).

170 4540 227 4590 Λα
271 4547 521 4610 praeterea
580 4545 841 4599 animum
892 4544 1193 4598 induxerat
1246 4544 1340 4597 Vir
1396 4546 1643 4612 sanctus,
1671 4560 1815 4613 opus

171 4624 361 4685 istorum
389 4633 602 4689 bonum
625 4633 890 4687 nonnihil
917 4633 1187 4702 prodesse
1207 4631 1637 4699 monasterio,in
1662 4632 1815 4702 quod

175 4729 217 4765 se
248 4719 515 4789 recipiunt,
563 4722 682 4776 imo
722 4726 776 4774 et
806 4721 877 4775 ad
907 4721 1052 4775 illud
1081 4720 1393 4790 pertinere,
1423 4720 1470 4772 si
1500 4720 1672 4774 modo
1701 4721 1813 4773 fra-

174 4802 316 4858 tribus
352 4814 566 4878 gratum
617 4810 941 4864 haberetur.
1000 4808 1138 4862 Hinc
1187 4808 1282 4861 ubi
1319 4807 1602 4862 enarravit
1633 4809 1814 4878 Lepo-

177 4891 308 4958 rium,
334 4899 582 4966 quamvis
610 4897 804 4952 saeculi
833 4897 1121 4950 natalibus
1151 4896 1366 4950 clarum
1401 4901 1456 4950 et
1487 4896 1640 4966 apud
1685 4913 1817 4949 suos

176 4975 515 5040 honestissimo
551 4987 675 5040 loco
702 4989 919 5052 natum,
945 4989 1135 5038 tamen
1167 4984 1280 5037 Deo
1305 4985 1425 5054 jam
1455 4983 1813 5052 servientem,

176 5071 346 5124 cunctis
371 5090 491 5144 qua:
523 5074 769 5128 habebat
797 5073 1024 5134 relictis,
1054 5072 1284 5143 inopem
1313 5077 1640 5142 susceptum
1671 5087 1813 5139 esse,

177 5154 282 5220 quia
310 5161 416 5227 jam
461 5179 551 5217 res
589 5179 718 5215 suas
755 5162 816 5215 in
853 5177 1136 5232 pauperes
1168 5166 1496 5231 erogaverat
1529 5177 1543 5214 :
1575 5163 1696 5228 Hic,
1728 5160 1817 5215 iu-

179 5241 292 5308 qnit,
341 5263 436 5302 non
477 5253 626 5317 fecit,
682 5249 776 5304 sed
805 5265 899 5303 nos
956 5252 1156 5304 scimus
1195 5257 1245 5303 et
1297 5249 1390 5303 ubi
1434 5252 1581 5316 fecit.
1630 5252 1818 5304 Unitas

180 5329 341 5387 Christi
381 5342 425 5390 et
466 5339 712 5393 Ecclesia?
742 5353 851 5391 una
895 5342 972 5392 est
1015 5355 1031 5390 :
1063 5337 1381 5406 ubicumque
1407 5339 1540 5403 fecit
1563 5352 1695 5406 opus
1727 5337 1820 5390 bo—

182 5431 296 5483 num,
318 5427 531 5489 pertinet
573 5431 622 5480 et
665 5426 739 5480 ad
777 5440 890 5487 nos,
936 5428 986 5480 si
1007 5424 1435 5492 congaudeamus
1468 5426 1658 5496 (Serm.
1693 5428 1814 5492 356,

184 5517 228 5556 η.
275 5511 364 5577 10).
403 5514 566 5570 Porro
597 5519 810 5586 praeter
853 5514 993 5569 illud
1026 5513 1440 5568 monachorum
1471 5512 1818 5578 coenobium,

3528 283 3627 334 182

1944 398 2094 466 quod
2134 397 2267 451 huic
2309 399 2620 452 narrationi
2676 400 2859 453 locum
2915 399 3088 466 dedit,
3140 404 3194 452 et
3223 402 3372 471 quod
3419 401 3640 456 videtur

1942 486 2297 557 Augustinus
2347 487 2415 540 ad
2471 503 2671 541 eorum
2716 489 3025 559 exemplar,
3077 504 3204 558 qua:
3251 489 3555 544 Mediolani
3585 497 3640 545 et

1944 576 2140 628 Romae
2183 575 2364 629 multa
2397 575 2630 638 viderat,
2670 575 3016 631 constituere
3043 576 3310 644 voluisse,
3343 577 3496 632 aliud
3526 579 3638 632 cle-

1941 665 2072 719 ricis
2096 666 2216 735 jam
2247 665 2566 736 episcopus,
2597 670 2661 720 ut
2687 683 2789 720 suo
2821 667 2946 720 loco
2974 666 3304 729 videbimus,
3333 667 3529 723 erexit.

2011 755 2063 808 8.
2098 752 2220 817 Quo
2252 758 2442 808 autem
2464 755 2652 822 studio
2683 760 2740 808 et
2766 754 3000 809 consilio
3033 755 3167 808 viris
3199 758 3311 810 Deo
3341 755 3638 810 servienti-

1941 841 2047 894 bus
2079 841 2400 896 communis
2429 843 2559 895 vitas
2580 842 2905 896 institutum
2934 844 3477 911 tradiderat,eodem
3493 861 3636 916 quo-

1941 946 2052 1000 que
2074 935 2298 984 sanctus
2325 931 2653 1001 Episcopus,
2678 931 2738 984 in
2757 931 3014 985 omnium
3046 933 3288 986 salutem
3308 937 3426 987 tota
3447 939 3636 989 mente

1939 1019 2214 1085 intentus,
2249 1023 2312 1072 ut
2334 1019 2650 1090 virginibus
2671 1019 2893 1074 Christo
2915 1020 3111 1074 dicatis
3127 1020 3186 1076 id
3212 1020 3465 1091 praesidii
3497 1039 3639 1092 pras-

1937 1106 2117 1172 beret,
2152 1105 2433 1176 impulsus
2462 1112 2564 1161 est.
2613 1108 2753 1162 Nam
2791 1108 2898 1162 etsi
2941 1108 3184 1163 Ecclesia
3212 1109 3458 1179 virgines
3487 1128 3633 1164 sem-

1939 1211 2041 1265 per
2063 1195 2502 1265 liabuerit,:quas
2530 1195 2766 1266 perinde
2797 1213 2861 1250 ac
2893 1197 3306 1251 nobilissimam
3339 1197 3634 1252 christiani

1938 1284 2127 1354 gregis
2174 1288 2395 1354 partem
2452 1289 2756 1354 spectaret;
2803 1285 2958 1338 haud
3006 1290 3198 1339 tamen
3255 1286 3369 1340 illae
3408 1303 3635 1357 semper

1937 1371 2124 1424 vixere
2155 1371 2325 1425 simul
2361 1371 2418 1425 in
2449 1372 2828 1433 monasteriis,
2864 1372 2962 1425 ubi
2992 1388 3049 1426 se
3080 1377 3278 1426 mutuo
3311 1373 3632 1428 inﬂamma-

1937 1465 2065 1514 rent
2080 1460 2152 1514 ad
2164 1459 2391 1530 pietatis
2404 1459 2854 1530 studium,atque
2869 1461 2938 1513 ab
2956 1460 3258 1514 hominum
3277 1461 3632 1516 daemonum-

1935 1565 2046 1620 que
2090 1548 2311 1602 insidiis
2351 1547 2590 1602 invicem
2641 1551 2960 1603 tuerentur.
3010 1549 3204 1620 Neque
3254 1565 3428 1620 porro
3466 1551 3631 1604 nobis

1933 1643 2288 1708 compertum
2344 1641 2448 1696 est,
2498 1652 2570 1689 an
2617 1640 2747 1689 ante
2789 1637 3174 1706 Augustinum
3216 1638 3332 1691 ulla
3361 1637 3632 1692 horumce

1933 1725 2412 1780 monasteriorum
2460 1723 2699 1794 vestigia
2736 1725 3099 1794 reperiantur
3149 1725 3208 1778 in
3247 1725 3451 1779 Africa.
3485 1727 3631 1780 Con-

1932 1818 2040 1867 stat
2069 1818 2258 1867 antem
2289 1813 2441 1866 illius
2470 1812 2824 1883 temporibus
2851 1812 3069 1883 aliquot
3098 1813 3401 1880 exstitisse;
3435 1829 3630 1884 quam-

1930 1901 2012 1954 vis
2043 1917 2154 1954 non
2188 1917 2386 1953 omnes
2414 1917 2542 1970 qua:
2573 1900 2956 1970 virginitatem
2980 1899 3409 1969 proﬁtebantur,
3434 1901 3494 1954 in
3521 1902 3631 1954 illis

1931 2006 2050 2043 sese
2102 1989 2460 2042 includerent
2506 1988 2700 2056 (Serm.
2756 1991 2879 2053 355,
2928 2003 2984 2042 η.
3035 1990 3105 2056 6}.
3150 1989 3439 2041 Permulta
3469 1994 3631 2041 erant

1930 2077 2081 2148 apud
2133 2075 2731 2148 Hipponem-Regium
2763 2076 3075 2144 (Possidius,
3115 2077 3176 2129 in
3212 2077 3339 2130 Vita
3368 2077 3626 2142 August,

1930 2183 1974 2221 c.
2012 2167 2116 2232 31),
2151 2170 2207 2218 et
2231 2180 2413 2219 unum
2440 2164 2729 2234 praecipue
2758 2164 2912 2235 quod
2934 2163 3286 2234 Augustinus
3317 2164 3471 2218 velut
3497 2164 3627 2217 hor-

1929 2259 2052 2310 tum
2078 2254 2453 2320 dominicum,
2487 2258 2548 2308 ut
2585 2253 2704 2324 ipse
2737 2253 3014 2323 loquitur,
3045 2254 3403 2322 plantaverat
3433 2255 3624 2322 (Epist.

1928 2347 2051 2410 2H,
2085 2359 2142 2398 η.
2199 2345 2273 2412 3).
2320 2342 2478 2396 Illius
2532 2357 2694 2395 soror
2742 2341 2884 2395 huic
2927 2341 3267 2395 monasterio
3307 2341 3629 2410 complures

1928 2449 2109 2486 annos
2137 2431 2463 2503 praefuerat,
2495 2431 2564 2493 ad
2591 2430 2812 2484 obitum
2843 2446 3023 2501 usque
3057 2446 3222 2483 suum
3258 2429 3316 2482 in
3342 2433 3533 2483 sancta
3555 2431 3629 2483 vi-

1930 2521 2146 2575 duitate
2179 2521 2292 2574 Deo
2323 2518 2662 2572 deserviens.
2699 2517 2966 2587 Ejusdem
2997 2534 3064 2570 ex
3095 2518 3265 2571 fratre
3299 2522 3495 2588 neptes
3525 2518 3626 2571 ibi-

1929 2609 2058 2662 dem
2114 2607 2399 2678 degebant
2442 2607 2760 2674 (Possidius,
2810 2608 2868 2659 in
2921 2607 3049 2660 Vita
3085 2606 3405 2672 Augustini,
3437 2621 3484 2661 c.
3515 2607 3621 2673 26).

1932 2697 2108 2766 Hujus
2155 2693 2401 2750 cmnobii
2462 2692 2991 2748 sanctimonialibus
3042 2693 3268 2762 scripsit
3323 2693 3624 2762 epistolam

1929 2787 2136 2854 (Epist.
2169 2786 2228 2836 21
2247 2786 2264 2836 1
2286 2782 2468 2852 ),qu£e
2500 2781 2570 2834 ad
2592 2784 2904 2850 postremos
2932 2796 3109 2833 annos
3138 2780 3443 2849 Augustini
3469 2796 3622 2833 com-

1928 2873 2091 2926 mode
2140 2875 2455 2925 revocatur.
2508 2869 2641 2938 Ejus
2698 2867 2852 2921 enim
2902 2883 3060 2920 soror
3098 2883 3224 2937 qua:
3259 2867 3412 2919 illius
3442 2882 3622 2920 coeno-

1927 2960 2007 3014 bii
2036 2958 2342 3030 prteposita
2370 2957 2469 3010 diu
2498 2956 2861 3026 multumque
2891 2953 3016 3022 fuit,
3050 2970 3080 3008 e
3111 2954 3248 3007 vivis
3277 2955 3393 3024 jam
3424 2970 3618 3008 exces-

1925 3050 2093 3112 serat,
2125 3050 2181 3099 et
2209 3043 2269 3097 in
2294 3043 2415 3113 ejus
2440 3044 2629 3097 locum
2658 3042 2767 3096 alia
2791 3046 3130 3096 successerat
3158 3040 3482 3112 praeposita,
3515 3042 3620 3095 sub

1925 3149 2040 3203 qua
2059 3133 2214 3186 velut
2241 3147 2342 3186 sua
2365 3135 2545 3186 matre
2564 3129 3022 3184 sanctimoniales
3051 3130 3132 3184 ibi
3153 3131 3274 3199 jam
3308 3145 3410 3200 per
3439 3144 3619 3182 annos

1925 3222 2132 3276 multos
2178 3225 2472 3274 creverant
2505 3220 2697 3290 (Epist.
2732 3222 2856 3284 2H,
2887 3234 2943 3272 n.
2977 3218 3054 3289 4).
3109 3219 3172 3272 In
3203 3218 3310 3271 hoc
3337 3221 3620 3270 monaste-

1923 3311 2007 3364 rio
2038 3310 2352 3380 plurimum
2387 3308 2572 3362 solatii
2612 3308 2874 3378 capiebat
2901 3306 3274 3376 Augustinus,
3304 3305 3373 3359 de
3402 3321 3513 3376 quo
3539 3303 3619 3357 ita

1925 3398 2177 3470 loquitur
2228 3414 2240 3452 :
2275 3399 2421 3453 Soleo
2461 3396 2698 3464 gaudere
2726 3396 2792 3450 de
2819 3396 2986 3459 vobis,
3021 3399 3070 3448 ct
3102 3397 3244 3448 inter
3272 3398 3427 3448 tanta
3455 3408 3618 3447 scan-

1921 3487 2071 3552 dala,
2117 3486 2311 3554 quibus
2357 3485 2554 3553 ubique
2599 3483 2842 3538 abundat
2885 3484 2970 3536 hic
3016 3483 3270 3548 mundus,
3321 3481 3619 3550 aliquando

1921 3575 2208 3637 consolari,
2232 3575 2474 3641 cogitans
2516 3575 2784 3642 copiosam
2826 3574 3308 3638 congregationem,
3335 3575 3384 3623 et
3413 3575 3618 3624 castam

1921 3664 2276 3728 dilectionem,
2319 3665 2368 3713 et
2393 3665 2636 3714 sanctam
2660 3662 3110 3713 conversationem
3145 3664 3400 3723 vestram,
3432 3663 3482 3710 et
3511 3658 3619 3710 lar-

1920 3733 2118 3818 giorem
2149 3750 2389 3816 gratiam
2430 3749 2544 3816 Dei,
2589 3764 2707 3816 qua:
2748 3746 2881 3800 data
2927 3750 3004 3801 est
3027 3746 3198 3813 vobis,
3229 3751 3290 3799 ut
3319 3761 3423 3798 non
3448 3746 3618 3799 solum

1921 3841 2162 3895 carnales
2207 3839 2432 3907 nuptias
2480 3837 2900 3901 contemneretis,
2951 3851 3135 3889 verum
3165 3837 3328 3888 etiam
3355 3835 3618 3899 eligeretis

1921 3932 1980 3981 in
2009 3928 2162 3981 domo
2190 3927 2492 3980 societatem
2511 3926 2790 3978 unanimes
2821 3923 3129 3987 habitandi,
3153 3928 3213 3976 ut
3232 3925 3304 3978 sit
3327 3923 3475 3977 vobis
3496 3923 3618 3975 ani-

1921 4033 2011 4070 ma
2040 4031 2150 4069 una
2179 4020 2230 4068 et
2257 4029 2346 4068 cor
2381 4030 2549 4067 unum
2578 4015 2636 4066 in
2671 4016 2862 4068 Deum.
2899 4015 3018 4067 Hac
3055 4015 3114 4065 in
3143 4013 3292 4066 vobis
3324 4012 3478 4078 bona,
3512 4011 3620 4064 haec

1922 4105 2017 4157 Dei
2059 4103 2199 4156 dona
2229 4102 2594 4166 considerans,
2630 4104 2770 4155 inter
2806 4103 3004 4156 multas
3036 4105 3391 4169 tempestates,
3424 4099 3618 4167 quibus

1923 4208 1989 4246 cm
2018 4193 2142 4245 aliis
2184 4192 2345 4245 matis
2390 4193 2638 4259 quatitur
2679 4206 2768 4244 cor
2813 4205 3005 4258 meum,
3051 4191 3181 4243 solet
3222 4193 3506 4256 utcumque
3541 4202 3621 4238 re-

1925 4282 2190 4348 quiescere
2244 4279 2424 4348 (Ibid.,
2454 4295 2555 4334 nn.
2593 4281 2644 4346 2,
2679 4280 2755 4348 3).
2794 4277 3060 4342 Quamvis
3089 4277 3242 4330 hunc
3267 4274 3618 4329 dominicum

1924 4367 2172 4427 hortum,
2217 4382 2389 4436 quem
2420 4381 2522 4418 suo
2567 4365 2689 4435 ipse
2731 4365 2923 4420 labore
2964 4365 3335 4434 plantaverat,
3367 4361 3619 4416 studiose

1925 4455 2133 4508 coleret
2162 4469 2225 4507 ac
2253 4453 2559 4524 diligenter
2588 4453 2880 4524 irrigaret:
2910 4453 3076 4506 illum
3102 4455 3297 4504 tamen
3325 4450 3398 4504 ad
3427 4450 3618 4505 visen-

1927 4544 2026 4598 das
2065 4542 2522 4596 sanctimoniales
2553 4558 2682 4596 raro
2723 4540 3030 4595 admodum
3070 4538 3261 4593 adibat
3290 4555 3303 4592 :
3338 4554 3440 4592 nec
3464 4539 3620 4594 enim

1926 4631 2267 4685 feminarum
2300 4629 2643 4684 monasteria
2680 4629 2854 4699 (quod
2890 4626 3177 4682 Possidius
3205 4627 3506 4682 observata
3535 4629 3620 4682 di-
3684 4639 3692 4647 '

1926 4736 2106 4790 gnum
2128 4719 2426 4789 judicavit)
2451 4717 2559 4772 nisi
2587 4718 2913 4771 necessitate
2935 4731 3160 4770 summa
3188 4717 3517 4786 compulsus
3546 4717 3623 4769 vi-

1927 4808 2134 4862 sitabat
2165 4807 2482 4878 (Possidius,
2523 4808 2583 4859 in
2620 4807 2749 4860 Vita
2777 4805 3097 4871 Augustini,
3126 4821 3170 4858 c.
3199 4803 3314 4874 26).
3351 4803 3496 4858 Sunt
3521 4803 3622 4874 qui

1929 4896 2257 4950 existiment
2285 4896 2431 4948 hanc
2459 4891 2833 4964 praepositam
2853 4892 3025 4947 fuisse
3047 4891 3231 4964 ipsam
3254 4892 3622 4961 Felicitatem,

1928 4985 2020 5039 cui
2046 4983 2399 5055 Augustinus
2431 4982 2731 5053 epistolam
2761 4998 2890 5035 cum
2909 4983 3077 5036 haece
3108 4981 3472 5052 inscriptione
3501 4998 3625 5051 per-

1929 5071 2221 5126 ferendam
2249 5071 2403 5125 dcdit
2433 5087 2446 5124 :
2479 5071 2847 5124 Dilectissimae
2877 5077 2926 5124 et
2951 5072 3304 5125 sanctissima:
3333 5071 3499 5123 matri
3525 5072 3623 5124 Fe—

1930 5161 2147 5228 licitati,
2173 5165 2223 5213 et
2240 5161 2414 5226 fratri
2429 5160 2665 5225 Rustico,
2690 5163 2740 5212 et
2764 5159 3036 5214 sororibus
3066 5174 3185 5228 qua:
3209 5158 3478 5211 vobiscum
3497 5162 3625 5211 sunt

1933 5249 2126 5317 (Epist.
2158 5249 2303 5315 2l0).
2352 5249 2438 5321 An
2471 5247 2734 5301 Rusticus
2773 5246 2926 5301 illius
2966 5244 3298 5302 monasterii
3327 5243 3626 5313 presbyter

1930 5335 2121 5401 fuerit,
2161 5335 2325 5389 nobis
2355 5352 2469 5389 non
2501 5335 2698 5407 liquet.
2735 5337 2865 5389 Erat
2892 5335 3124 5405 quidam
3167 5333 3337 5402 hujus
3375 5331 3626 5386 nominis

1933 5423 2080 5478 inter
2110 5425 2467 5493 presbyteros
2499 5426 2909 5495 llipponenses,
2944 5439 3092 5476 anno
3130 5420 3626 5492 quadringentesi-

1933 5529 2027 5566 mo
2071 5512 2343 5582 vigesimo
2385 5517 2539 5567 sexto
2594 5514 2786 5583 (Epist.
2834 5514 2958 5574 213,
2999 5527 3053 5562 n.
3105 5510 3168 5577 1).
3204 5509 3267 5561 lu
3301 5509 3394 5562 illo
3435 5515 3627 5564 autem
