4008 6184
316 271 412 326 183
1549 263 1715 318 VITA
1750 261 1806 318 S.
1846 260 2221 317 AUGUSTINI
2262 257 2598 315 EPISCOPI.

313 392 383 447 de
439 407 553 462 quo
604 390 764 463 prius
808 387 1158 457 dicebamus,
1212 386 1473 442 cmnobio
1532 385 2015 441 tumultuantibus

311 479 625 551 plurimum
647 476 1199 546 sanctimonialibus,
1222 482 1287 531 ut
1317 475 1425 531 sibi
1447 478 1764 530 mutaretur
1790 490 2014 545 praepo-

315 568 441 633 sita,
484 569 558 622 ob
588 568 762 639 idque
802 566 1109 638 Augustini
1138 568 1503 636 conspectum
1534 579 1883 635 magnopere
1922 578 2016 617 ex-

317 656 664 728 petentibus,
704 660 790 711 sat
830 656 1032 710 habuit
1072 658 1300 708 sanctus
1346 653 1655 724 Episcopus
1685 652 2014 722 objurgato-

318 745 465 799 riam
494 746 561 799 ad
593 745 719 799 illas
751 743 1049 815 epistolam
1080 742 1235 809 dare,
1267 741 1326 795 in
1355 757 1469 812 qua
1497 740 1866 794 vehementer
1895 740 2018 811 qui-

316 834 467 899 dem,
498 833 599 888 sed
629 836 823 887 tamen
851 835 1112 886 amanter
1140 830 1202 884 in
1222 845 1420 884 earum
1450 829 1680 899 culpam
1706 828 2012 883 invehitur.

317 921 555 976 Easdem
580 920 931 982 cohortatur,
958 923 1021 972 ut
1046 918 1104 971 in
1124 918 1277 971 bono
1303 917 1598 987 proposito
1621 919 2012 987 perseverent;

230 992 235 999 ’
317 1009 468 1080 quod
499 1007 549 1063 si
576 1008 804 1074 faciant,
838 1008 907 1062 de
935 1006 1210 1061 mutanda
1234 1005 1557 1077 praeposita,
1589 1021 1708 1059 non
1725 1006 1879 1059 ultra
1898 1020 2017 1059 esse

317 1098 620 1151 locuturas.
659 1098 995 1165 Tranquillet
1016 1098 1173 1162 Deus,
1202 1094 1410 1166 inquit,
1441 1099 1492 1149 et
1511 1098 1793 1163 componat
1810 1098 2018 1148 animos

316 1190 557 1255 uestros;
589 1200 696 1239 non
741 1187 800 1239 in
846 1185 996 1239 vobis
1038 1185 1333 1253 praevaleat
1360 1199 1494 1253 opus
1528 1183 1756 1247 diaboli,
1786 1182 1880 1236 sed
1901 1199 2018 1251 paa:

318 1274 524 1329 Christi
547 1276 730 1328 uincat
750 1276 808 1327 in
836 1273 1086 1327 cordibus
1106 1275 1298 1327 uestris
1324 1287 1336 1326 :
1364 1287 1458 1326 nec
1487 1272 1666 1326 dolore
1696 1273 1869 1324 animi
1888 1274 2020 1338 quia

317 1377 424 1416 non
463 1361 533 1432 ﬁt
573 1362 721 1433 quod
759 1363 947 1429 vultis,
995 1362 1077 1414 vel
1107 1363 1241 1430 quia
1264 1361 1434 1430 pudet
1459 1360 1691 1414 voluisse
1719 1358 1864 1429 quod
1892 1359 2021 1413 velle

318 1466 424 1504 non
454 1450 734 1517 debuistis,
766 1449 1117 1504 erubescendo
1148 1451 1383 1503 curratis
1427 1451 1489 1503 in
1514 1451 1772 1510 mortem;
1805 1448 1900 1502 sed
1935 1462 2022 1517 po-

320 1540 429 1592 tius
454 1538 761 1606 poenitendo
781 1539 1088 1606 ;resumatis
1128 1539 1400 1605 uirtutem,
1442 1553 1536 1591 nec
1566 1537 1812 1591 habeatis
1839 1539 2019 1608 paeni-

325 1628 547 1680 tentiam
573 1626 740 1681 Judae
776 1626 1078 1693 traditoris,
1112 1626 1206 1680 sed
1229 1629 1410 1695 potius
1441 1627 1712 1696 lacrymas
1740 1628 1889 1679 Petri
1913 1640 2021 1693 pa-

323 1716 486 1768 storis
512 1714 712 1784 (Epist.
740 1717 868 1780 2H,
914 1729 975 1768 η.
1012 1715 1083 1782 4).
1126 1714 1241 1768 Sub
1287 1713 1484 1768 isthaec
1528 1714 1702 1767 verba
1746 1712 2020 1767 continuo

326 1800 528 1870 incipit
558 1800 775 1872 Regula
813 1800 1340 1855 sanctimonialibus
1364 1801 1699 1872 prmscripta
1724 1801 1795 1855 ab
1833 1803 2023 1871 Augu-

325 1888 494 1956 stino,
528 1904 713 1960 eoque
743 1893 973 1943 auctore
1002 1905 1237 1959 prorsus
1259 1889 1451 1961 digna.

997 1978 1221 2033 CAPUT
1260 1978 1355 2032 VI.

327 2069 347 2120 1
384 2066 642 2121 Aurelius
673 2068 889 2120 creatur
915 2068 1193 2135 episcopus
1219 2067 1688 2135 Carthaginensis,
1718 2082 1786 2121 ea:
1809 2081 1913 2135 quo
1940 2068 2023 2120 in-

396 2158 575 2223 gentes
604 2156 664 2208 in
704 2154 971 2208 Ecclesias
1018 2154 1318 2221 Africanas
1373 2154 1683 2209 redundant
1719 2155 2012 2210 utilitates.

396 2244 431 2294 2
456 2242 549 2296 Ad
572 2258 689 2296 eum
716 2241 904 2296 scribit
940 2242 1302 2309 Augustinus,
1336 2258 1440 2311 quo
1467 2243 1536 2296 ab
1564 2244 1796 2297 ecclesiis
1824 2258 2021 2298 comes-

395 2332 627 2385 sationes
657 2333 719 2383 ρι’
731 2331 873 2383 alias
902 2330 1176 2396 foeditates
1214 2334 1451 2398 auferat.
1493 2334 1523 2386 3
1553 2332 1702 2385 Dolet
1730 2334 2024 2386 contentio-

395 2434 515 2473 nem
543 2422 594 2472 et
611 2433 765 2472 vana:
792 2418 971 2473 laudis
999 2421 1301 2488 appetitum
1328 2421 1387 2473 in
1406 2421 1539 2488 ipsis
1572 2435 1781 2489 quoque
1814 2421 2023 2475 clericis

395 2509 653 2562 inveniri.

401 2599 452 2651 1.
501 2595 640 2650 Cum
675 2594 1024 2667 Augustinus
1067 2611 1133 2649 ex
1180 2594 1340 2649 Italia
1385 2594 1555 2649 rediit
1599 2599 1842 2651 exeunte
1875 2613 2023 2652 anno

328 2683 729 2739 trecentesimo
791 2683 1140 2754 octogesimo
1185 2688 1404 2746 octavo,
1455 2684 1723 2738 Aurelius
1779 2690 1901 2740 erat
1954 2702 2021 2740 eo

323 2777 581 2844 tempore
614 2772 883 2827 diaconus
913 2772 1372 2844 Carthaginensis
1398 2773 1490 2843 (De
1506 2773 1622 2829 Civ.
1654 2775 1772 2840 Dei,
1807 2775 1899 2829 lib.
1931 2777 2021 2841 22,

321 2877 440 2931 cap.
474 2864 528 2928 8,
567 2877 622 2916 η.
658 2862 732 2932 3).
788 2860 888 2916 Hic
922 2860 984 2915 in
1017 2877 1085 2915 eo
1124 2861 1308 2916 adhuc
1335 2861 1677 2915 constitutus
1705 2863 1911 2933 gradu,
1940 2863 2022 2917 vi-

320 2950 493 3004 tiosas
517 2949 815 3021 quasdam,
846 2966 975 3022 quas
1006 2965 1109 3020 per
1137 2950 1386 3004 Africam
1415 2949 1651 3021 impune
1682 2952 2019 3022 regnabant,

322 3037 768 3093 consuetudines
795 3037 1169 3093 intoleranter
1187 3038 1435 3101 dolebat,
1467 3038 1585 3092 imo
1604 3040 2020 3095 exsecrabatur.

326 3126 485 3181 Unde
538 3141 669 3179 cum
714 3126 787 3180 ad
831 3125 1336 3196 Carthaginensem
1365 3126 1695 3182 cathedram
1724 3134 2023 3198 provectus

329 3219 437 3281 est,
465 3213 661 3267 nullus
689 3228 755 3268 eo
786 3213 1015 3284 dignior
1033 3214 1206 3280 visus,
1230 3214 1331 3285 qui
1360 3230 1477 3269 sua:
1506 3216 1656 3270 sedis
1686 3217 2022 3272 auctoritate

244 3316 253 3325 '
320 3301 437 3356 illis
465 3301 812 3357 mederetur.
838 3302 946 3366 Qui
961 3302 1259 3357 Ecclesiam
1293 3319 1360 3357 ex
1391 3304 1582 3358 animo
1602 3304 1934 3375 diligebant,
1958 3310 2024 3359 ut

320 3389 695 3460 Augustinus,
749 3392 805 3445 et
834 3394 999 3445 antea
1024 3391 1325 3463 desperare
1354 3391 1695 3446 videbantur
1722 3392 1913 3464 turpia
1939 3394 2021 3448 vi-

319 3478 420 3544 tia,
455 3494 586 3551 quas
616 3479 889 3550 pleraque
941 3479 1094 3533 illius
1144 3480 1404 3535 membra
1455 3480 1875 3550 deformabant,
1907 3486 1963 3536 et
1989 3499 2022 3536 a

318 3568 513 3640 paucis
564 3568 690 3622 aliis
719 3568 967 3640 gemitus
998 3569 1323 3636 eliciebant,
1356 3586 1421 3623 ex
1464 3585 1531 3624 ea
1571 3585 1829 3642 unquam
1856 3587 2021 3641 posse

317 3657 628 3727 proscribi;
666 3657 767 3712 ubi
802 3658 1201 3712 auctoritatem
1251 3657 1523 3713 divinitus
1568 3658 1798 3712 Aurelio
1828 3658 2021 3712 videre

317 3745 612 3811 tributam,
658 3746 781 3816 jam
819 3762 933 3799 non
981 3747 1283 3816 desperare
1323 3750 1635 3817 coeperunt.
1669 3746 1817 3811 Quin
1847 3746 2018 3801 etiam

318 3849 450 3887 cum
501 3850 631 3887 eum
661 3834 793 3905 plus
834 3833 1072 3888 interius
1098 3850 1202 3904 per
1231 3834 1520 3902 virtutem,
1552 3849 1727 3905 quam
1753 3834 1891 3888 foris
1918 3850 2022 3905 per

319 3918 660 3991 dignitatem
708 3919 961 3975 eminere
988 3921 1308 3989 crederent,
1354 3922 1414 3975 in
1454 3938 1615 3991 spem
1640 3922 2019 3977 certissimam

318 4007 546 4063 adducti
577 4012 731 4076 sunt,
763 4008 885 4063 fore
924 4012 984 4063 ut
1012 4009 1178 4064 foedae
1207 4009 1319 4064 illa:
1348 4010 1790 4064 consuetudines
1819 4015 1877 4065 et
1904 4011 2018 4065 hu-

311 4097 407 4167 jus
426 4096 679 4169 episcopi
707 4096 1033 4168 prudentia,
1058 4102 1115 4152 et
1133 4098 1508 4153 conciliorum
1531 4114 1659 4169 quae
1681 4104 2019 4154 convocatu-

316 4202 414 4240 rus
444 4191 566 4241 erat
594 4186 929 4241 auctoritate
964 4187 1320 4242 tollerentur.
1352 4188 1465 4241 Nec
1496 4204 1627 4241 vero
1659 4203 1785 4259 spes
1814 4204 1909 4243 eos
1935 4188 2015 4242 fe-‘

317 4275 479 4332 fellit.
513 4276 780 4331 Aurelius
793 4274 948 4330 enim
971 4280 1431 4347 quantocumque
1444 4279 1703 4347 tempore
1722 4276 2019 4346 Carthagi-

317 4371 552 4418 nensem
601 4363 744 4419 rexit
779 4363 1107 4429 Ecclesium,
1139 4380 1365 4436 semper
1394 4380 1453 4418 se
1484 4364 1887 4435 dignissimum
1919 4366 2022 4436 Cy-

315 4450 506 4520 priani
534 4468 917 4507 successorem
942 4451 1210 4523 praebuit.
1244 4452 1403 4507 Haud
1442 4453 1579 4507 alias
1608 4453 1813 4525 magis,
1846 4469 2018 4525 quam

225 4581 232 4589 .
317 4554 384 4593 eo
421 4540 690 4609 praesule,
724 4540 919 4595 ﬂoruit
945 4540 1209 4596 Africana
1255 4541 1516 4596 Ecclesia.
1559 4543 1724 4596 Nulla
1755 4559 1887 4613 pars
1919 4545 2018 4598 Ec-

317 4626 501 4681 clesiae
530 4627 816 4682 catholica:
845 4630 975 4700 plus
1012 4629 1211 4700 gratias
1243 4633 1299 4684 et
1342 4628 1573 4699 pietatis
1606 4646 1724 4701 pra:
1770 4646 1828 4684 se
1876 4631 2018 4685 fere-

317 4714 416 4769 bat
445 4731 458 4769 :
490 4719 547 4770 et
580 4715 720 4769 citra
764 4718 1103 4773 temeritatis
1133 4723 1328 4774 notam
1366 4718 1591 4773 videtur
1626 4719 1801 4773 asseri
1830 4735 2013 4790 posse,

317 4803 630 4858 secundum
655 4805 959 4875 apostolica
978 4810 1240 4879 tempora
1259 4824 1541 4879 nusquam
1558 4807 1853 4880 religionis
1868 4807 2016 4862 chri-

316 4892 515 4947 stiana:
528 4891 888 4963 dignitatem,
904 4895 1297 4952 ecclesiasticae
1316 4897 1587 4953 doctrinae
1608 4896 2015 4964 eruditionem,

316 4984 371 5034 et
399 4979 739 5051 episcopalis
766 4981 1062 5051 regiminis
1092 4984 1335 5041 formam
1370 4988 1530 5040 tanta
1557 5001 1688 5039 cum
1714 4984 1888 5039 laude
1908 4986 2018 5039 cla-

316 5070 518 5137 ruisse,
568 5073 782 5141 quanta
825 5070 1002 5126 eluxit
1046 5071 1106 5125 in
1149 5073 1411 5129 Africana
1442 5074 1684 5129 Ecclesia
1713 5073 2017 5128 fortunatis

316 5158 429 5213 illis
456 5158 831 5230 temporibus,
863 5159 1072 5231 quibus
1092 5166 1263 5231 caput
1289 5163 1491 5217 habuit
1514 5162 1834 5229 Aurelium,
1883 5162 2015 5216 aui-

318 5263 473 5302 mam
502 5248 904 5319 Augustinum.
950 5247 1017 5302 Hi
1047 5248 1328 5304 nimirum
1355 5252 1468 5305 duo
1497 5252 1687 5306 eximii
1720 5252 2014 5323 praesules,

316 5335 386 5388 ad
411 5334 654 5391 fratrum
680 5351 915 5391 suorum
947 5334 1266 5390 subsidium
1319 5342 1474 5391 tanta
1524 5355 1749 5410 semper
1777 5338 2019 5393 necessi-

315 5427 515 5483 tudine
544 5429 775 5485 fuerunt
823 5429 1066 5485 invicem
1106 5430 1416 5500 conjuncti,
1458 5436 1522 5484 ut
1559 5447 1662 5486 nec
1688 5432 1836 5486 sedis
1865 5432 2017 5486 illius

316 5519 662 5587 prestantia,
695 5535 799 5574 nec
840 5518 1075 5574 illustris
1105 5523 1162 5574 et
1188 5524 1493 5590 pervagata
1527 5518 1689 5574 istius
1718 5522 1889 5586 fama,
1920 5537 2014 5574 eo-

3722 256 3838 309 184

2124 399 2255 438 rum
2293 381 2603 437 amicitiam
2634 380 2752 436 ullo
2797 394 3055 452 unquam
3081 376 3464 434 aemulationis
3501 383 3559 434 et
3595 377 3838 433 invidiae

2123 476 2287 526 motu
2316 471 2435 525 visa
2461 470 2533 525 sit
2560 471 2802 525 elevare.

2194 563 2247 614 2.
2280 559 2537 615 Primum
2567 563 2784 614 mutuae
2813 558 3044 612 illorum
3075 556 3345 612 amicitias
3374 556 3699 628 symbolum
3728 573 3839 611 no-

2123 648 2211 704 bis
2252 649 2521 717 occurrit,
2570 648 2809 719 epistola
2850 663 3024 718 quam
3062 647 3330 701 Aurelius
3376 647 3496 717 jam
3528 646 3834 717 Carthagio

2125 738 2318 791 nensis
2365 737 2668 807 episcopus
2717 735 2942 807 scripsit
2985 735 3337 807 Augustino;
3395 734 3497 806 qui
3524 735 3838 806 respondet

2125 825 2208 879 illi
2256 825 2496 896 epistola
2524 823 2801 895 vigesima
2838 824 3106 890 secunda,
3144 840 3320 895 quam
3346 822 3470 894 ipse
3497 824 3670 894 paulo
3696 828 3838 895 post

2125 913 2541 969 ordinationem
2568 929 2731 968 suam
2754 911 2980 967 videtur
3004 911 3424 983 conscripsisse,
3455 911 3682 983 quando
3706 928 3837 966 mo-

2125 1001 2437 1057 nasterium
2480 1017 2648 1055 suum
2699 1000 3064 1071 Hipponense
3120 1000 3338 1070 erigere
3382 999 3710 1070 incipiebat,
3774 1006 3839 1054 et

2126 1091 2248 1162 ipso
2280 1090 2638 1161 episcopatus
2692 1090 2910 1144 Aurelii
2957 1089 3221 1153 exordio;
3279 1089 3495 1160 quippe
3524 1104 3654 1142 cum
3685 1088 3835 1159 spei,

2128 1195 2303 1252 quam
2324 1194 2523 1233 omnes
2552 1178 2689 1232 boni
2727 1179 2796 1233 de
2834 1179 2935 1232 illo
2965 1183 3365 1248 conceperant,
3406 1178 3464 1231 in
3496 1194 3563 1231 ea
3592 1178 3842 1232 mentio-

2129 1284 2263 1322 nem
2291 1266 2480 1321 faciat.
2502 1266 2860 1338 Quapropter
2884 1265 3173 1320 affirmare
3193 1266 3345 1332 licet,
3370 1266 3669 1321 Aurelium
3698 1270 3838 1320 ante

2129 1372 2347 1410 annum
2376 1354 2840 1409 trecentesimum
2869 1355 3305 1426 nonagesimum
3332 1371 3447 1409 non
3477 1355 3648 1409 fuisse
3678 1371 3838 1410 crea-

2129 1448 2255 1499 tum
2281 1444 2637 1515 episcopum.
2669 1445 2736 1498 Et
2756 1460 2816 1498 re
2843 1444 2968 1514 ipsa
2995 1447 3412 1499 antecessorem
3443 1445 3564 1514 ejus
3593 1444 3843 1499 Geneth-

2132 1533 2274 1587 lium
2297 1533 2355 1587 in
2382 1532 2633 1587 secundo
2654 1532 2893 1587 concilio
2915 1532 3370 1602 Carthaginensi,
3385 1533 3607 1587 decimo
3628 1537 3840 1605 quarto

2129 1621 2402 1675 kalendas
2425 1619 2599 1692 junii,
2631 1637 2782 1676 anno
2810 1621 3211 1676 trecentesimo
3240 1621 3615 1692 nonagesimo
3642 1622 3844 1692 prmsi-

2130 1710 2265 1764 dere
2311 1709 2713 1779 conspicimus.
2761 1710 3025 1764 Aurelius
3080 1714 3270 1764 autem
3320 1709 3835 1781 Carthaginensem

2132 1799 2326 1853 sedem
2355 1798 2587 1852 tenebat
2616 1815 2765 1852 anno
2795 1798 3192 1853 trecentesimo
3222 1798 3596 1869 nonagesimo
3629 1800 3835 1867 tertio;

2131 1902 2261 1940 cum
2293 1886 2653 1956 Hipponense
2692 1885 2998 1939 concilium
3040 1888 3235 1939 octavo
3283 1885 3374 1939 die
3402 1884 3652 1946 octobris
3683 1885 3841 1938 illius

2130 1974 2268 2028 anni
2310 1974 2670 2045 inscriptum,
2719 1990 2785 2028 ex
2815 1989 3015 2028 eorum
3044 1973 3116 2028 sit
3145 1990 3410 2040 numero,
3443 1990 3572 2045 quae
3602 1975 3709 2028 sub
3734 1975 3840 2028 illo

2131 2066 2263 2117 sunt
2292 2063 2507 2118 habita.
2540 2065 2663 2118 Non
2694 2067 2917 2117 exstant
2938 2063 3142 2118 littera
3176 2079 3316 2134 quas
3348 2063 3442 2117 ille
3466 2062 3692 2134 scripsit
3719 2065 3840 2117 Au-

2133 2151 2359 2222 gustino
2394 2168 2406 2206 :
2436 2152 2493 2206 id
2525 2152 2713 2206 solum
2742 2151 3015 2223 colligere
3042 2167 3368 2222 possumus,
3401 2167 3535 2205 eum
3563 2167 3624 2205 se
3652 2150 3840 2223 preci-

2131 2240 2239 2294 bus
2262 2240 2568 2311 Augustini
2590 2240 3045 2307 commendasse;
3070 2242 3421 2311 gratulatum
3450 2239 3634 2294 eidem
3658 2239 3841 2294 fuisse

2132 2328 2287 2400 quod
2331 2329 2569 2400 Alypius
2612 2328 2696 2383 illi
2742 2329 3097 2395 conviveret;
3131 2334 3187 2383 et
3229 2328 3354 2399 agri
3401 2328 3502 2399 qui
3530 2330 3839 2399 Augustini

2132 2417 2476 2472 monasterio
2540 2417 2706 2472 datus
2763 2418 2978 2481 fuerat,
3029 2416 3090 2470 in
3121 2418 3192 2471 iis
3234 2417 3439 2473 litteris
3481 2417 3836 2472 meminisse.

2131 2505 2398 2561 Sanctum
2411 2506 2563 2560 hunc
2591 2507 2897 2578 praesulem
2919 2506 3043 2577 jam
3060 2510 3190 2560 ante
3211 2506 3434 2561 colebat
3447 2506 3840 2578 diligebatque

2130 2595 2512 2664 Augustinus;
2547 2600 2604 2649 et
2633 2595 2788 2650 illius
2814 2595 3039 2658 litteris,
3072 2594 3132 2649 in
3172 2595 3382 2666 quibus
3411 2594 3689 2666 impressa
3719 2596 3838 2649 sin-

2132 2684 2248 2737 ceri
2277 2683 2489 2737 amoris
2543 2683 2758 2738 indicia
2785 2684 2945 2755 legit,
2989 2685 3130 2739 adeo
3168 2688 3365 2755 captus
3395 2689 3498 2748 est,
3529 2687 3597 2738 ut
3627 2684 3838 2755 quibus

2133 2771 2185 2826 ei
2214 2772 2403 2827 verbis
2430 2773 2834 2844 responderet,
2854 2773 2954 2828 diu
2984 2773 3190 2827 dubius
3214 2774 3463 2828 haeserit.
3495 2773 3752 2828 Tandem
3777 2788 3836 2825 se

2133 2861 2247 2914 Deo
2277 2860 2588 2929 commisit,
2617 2865 2682 2915 ut
2714 2861 2834 2932 ipse
2887 2878 3224 2932 responsum
3272 2865 3625 2933 suggereret,
3675 2861 3830 2932 quod

2135 2948 2430 3020 utriusque
2461 2965 2597 3019 erga
2628 2950 2890 3004 Ecclesiae
2934 2951 3153 3004 bonum
3201 2950 3392 3004 studio
3432 2950 3667 3021 zeloque
3697 2966 3834 3003 con-

2132 3039 2381 3105 grueret.
2416 3035 2708 3090 Fiduciam
2740 3036 2792 3090 ei
2813 3036 3093 3090 dederunt
3121 3036 3333 3090 Aurelii
3364 3037 3591 3103 litteras,
3618 3041 3685 3090 ut
3702 3052 3836 3091 cum

2134 3123 2231 3176 illo
2251 3127 2526 3195 tanquam
2548 3140 2739 3179 secum
2763 3125 2998 3179 auderet
3011 3124 3281 3196 colloqui.
3308 3126 3615 3195 Postquam
3637 3125 3835 3196 itaque

2131 3210 2434 3266 certiorem
2463 3211 2624 3265 illum
2648 3213 2778 3267 fecit
2799 3212 3145 3277 orationum,
3173 3228 3312 3283 quas
3342 3212 3465 3284 ipse
3485 3229 3615 3267 cum
3645 3213 3838 3267 fratri-

2131 3298 2236 3352 bus
2270 3300 2382 3354 Deo
2426 3299 2720 3366 fundebat,
2774 3305 2834 3355 ut
2865 3300 2985 3372 spei
3029 3301 3099 3355 de
3129 3300 3282 3355 illius
3309 3300 3643 3372 episcopatu
3694 3318 3838 3355 con-

2131 3392 2311 3457 ceptae
2360 3389 2731 3459 responderet
2782 3395 3038 3457 eventus,
3093 3405 3226 3443 eum
3275 3390 3610 3444 adhortatur
3647 3394 3716 3445 ut
3744 3406 3839 3444 co-

2130 3476 2520 3541 messationes,
2557 3477 2764 3547 quibus
2805 3477 2926 3531 Afri
2969 3477 3141 3533 etiam
3173 3478 3414 3532 obducta
3444 3478 3671 3549 pietatis
3700 3495 3838 3550 spe-

2131 3563 2215 3618 cie
2237 3564 2296 3618 in
2323 3565 2571 3619 ecclesiis
2613 3567 2911 3635 vacabant,
2943 3567 3273 3637 proscribat.
3309 3567 3614 3621 Pollicetur
3660 3568 3835 3621 etiam

2131 3652 2233 3716 illi,
2269 3653 2441 3707 modo
2470 3653 2631 3725 prior
2672 3654 2833 3725 operi
2879 3670 3115 3709 manum
3174 3655 3495 3721 admoveat,
3544 3656 3836 3710 Valerium

2132 3741 2558 3812 Hipponensem
2580 3760 2699 3813 non
2721 3743 3072 3799 defuturum.
3092 3743 3197 3798 Ubi
3218 3745 3398 3798 multa
3416 3744 3587 3799 habet
3606 3744 3667 3798 in
3689 3745 3840 3799 hanc

2130 3846 2253 3884 rem
2285 3831 2538 3902 egregia,
2582 3836 2638 3886 et
2675 3836 2759 3887 est
2793 3832 2949 3887 locus
2993 3832 3063 3886 de
3109 3832 3496 3887 oblationibus
3543 3848 3648 3903 pro
3678 3849 3835 3887 mor-

2129 3919 2242 3973 tuis
2287 3920 2684 3975 observatione
2716 3920 3083 3992 dignissimus
3114 3921 3313 3993 (Epist.
3342 3924 3433 3988 22,
3462 3937 3520 3976 n.
3559 3923 3691 3988 1-6).
3721 3923 3838 3976 Au-

2129 4008 2303 4061 relius
2331 4008 2484 4064 haud
2512 4009 2683 4064 dubie
2712 4025 2815 4064 suo
2842 4025 2978 4078 erga
3008 4010 3312 4064 Ecclesiam
3342 4009 3527 4064 ofﬁcio
3548 4010 3653 4064 hac
3678 4010 3743 4064 in
3775 4027 3837 4064 re

2128 4096 2457 4167 perfunctus
2486 4102 2594 4153 est.
2650 4099 2909 4153 Testatur
2936 4098 3291 4169 Augustinus
3320 4099 3381 4153 in
3419 4098 3665 4170 quadam
3697 4115 3836 4152 con-

2128 4185 2290 4239 cione
2318 4186 2387 4240 ad
2418 4187 2696 4257 populum
2725 4187 2941 4256 habita,
2971 4204 3051 4254 se,
3084 4203 3213 4242 cum
3249 4187 3551 4242 ebrietates
3580 4187 3652 4241 de
3680 4188 3837 4241 basi-

2126 4273 2236 4327 lica
2264 4273 2325 4328 in
2378 4291 2494 4346 qua
2531 4275 2996 4343 concionabatur,
3036 4276 3207 4331 vellet
3250 4275 3533 4346 expellere
3590 4275 3742 4347 (quae
3770 4292 3836 4330 re

2127 4360 2252 4431 ipsa
2280 4362 2597 4418 carnalium
2634 4363 2935 4419 hominum
2967 4363 3247 4418 seditione
3275 4364 3671 4436 nequidquam
3730 4363 3835 4418 ob-

2129 4454 2313 4504 stante
2351 4450 2587 4505 suhlatae
2638 4451 2812 4521 sunt),
2870 4452 3085 4523 grande
3132 4452 3457 4523 periculum
3498 4452 3832 4506 incurrisse.

2128 4539 2362 4594 Videtur
2412 4540 2466 4594 id
2508 4539 2775 4595 accidisse
2807 4541 3171 4611 Carthagine,
3220 4558 3350 4595 cum
3393 4542 3463 4596 de
3494 4541 3836 4612 spectaculis

2126 4628 2185 4682 in
2207 4645 2274 4683 eo
2294 4646 2554 4684 sermone
2573 4630 2821 4684 multum
2841 4630 3099 4698 disserat,
3115 4636 3172 4685 et
3193 4635 3603 4702 argumentum
3621 4635 3828 4686 tractet

2124 4719 2195 4773 ab
2225 4718 2350 4772 aliis
2380 4719 2487 4773 sibi
2514 4720 2875 4790 propositum
2907 4720 3097 4789 (Serm.
3130 4722 3255 4787 252,
3278 4736 3334 4775 η.
3360 4721 3434 4790 4).

2195 4810 2245 4861 3.
2280 4808 2387 4862 Sed
2402 4812 2465 4862 ut
2493 4808 2616 4878 ejus
2647 4808 2715 4862 ad
2744 4809 3041 4862 Aurelium
3070 4808 3371 4879 epistolam
3396 4807 3681 4879 reliquam
3700 4824 3835 4878 per-

2124 4896 2457 4962 lustremus,
2481 4896 2550 4950 de
2567 4896 2726 4950 inani
2754 4913 2983 4968 quoque
3012 4897 3195 4968 gloria
3223 4900 3281 4951 et
3308 4896 3491 4951 laudis
3518 4896 3836 4967 cupiditate

2122 4984 2340 5039 ibidem
2371 4986 2645 5055 praeclara
2672 4985 2828 5051 dicit,
2858 4985 3162 5057 subditque
3203 5001 3262 5039 se
3306 4986 3416 5040 ista
3444 5001 3561 5039 non
3590 4990 3712 5039 tam
3742 4985 3833 5039 in-

2125 5075 2396 5128 struendo
2416 5074 2646 5129 Aurelio
2675 5075 2952 5145 proferre,
2982 5091 3155 5146 quam
3178 5074 3408 5129 sibimet
3426 5074 3730 5129 excitando
3759 5080 3833 5129 ad

2124 5170 2355 5221 strenue
2394 5183 2522 5221 cum
2545 5168 2706 5222 hoste
2749 5168 3180 5230 decertandum,
3222 5168 3385 5238 cujus
3421 5166 3571 5221 vires
3597 5166 3647 5221 is
3674 5183 3834 5222 unus

2124 5255 2309 5319 sentit,
2338 5256 2436 5326 qui
2466 5256 2518 5310 ei
2550 5256 2763 5310 bellum
2795 5256 3083 5311 indixerit.
3120 5258 3463 5312 Vehementer
3491 5271 3613 5310 cum
3639 5256 3838 5310 adver-

2124 5346 2269 5398 sario
2316 5343 2603 5411 dimicans,
2652 5344 2858 5415 inquit,
2891 5360 3031 5414 saepe
3060 5345 3127 5399 ab
3158 5359 3216 5401 eo
3244 5346 3470 5399 vulnera
3499 5346 3677 5413 capio.
3706 5360 3830 5399 cum

2124 5432 2522 5487 delectationem
2547 5434 2738 5487 oblata
2778 5433 2959 5488 laudis
3005 5434 3145 5487 mihi
3173 5435 3393 5500 auferre
3432 5448 3540 5486 non
3584 5421 3830 5502 possum.

2125 5524 2250 5576 Hac
2267 5526 2554 5591 propterea
2572 5522 2785 5591 scripsi,
2812 5526 2873 5575 ut
2898 5523 2950 5576 si
2975 5526 3080 5576 tua:
3109 5523 3403 5576 Sanctitati
3419 5521 3540 5589 jam
3562 5536 3671 5576 non
3701 5528 3829 5576 sunt
