4008 6184
179 323 245 373 185
1577 309 1784 364 LIBER
1823 307 2136 364 TERTIUS.
3519 315 3619 367 186

174 441 436 503 necessaria,
462 439 572 490 sive
599 435 740 504 quod
765 435 934 504 plura
955 428 1277 502 ‘hujusmodi
1295 434 1412 502 ipse
1429 435 1625 500 cogites
1647 437 1811 501 atque

174 533 366 595 utiliora,
383 529 494 580 sive
515 525 652 595 quod
673 528 778 578 tua:
799 525 1098 578 Sanctitati
1138 523 1407 576 medicina
1432 523 1538 576 ista
1556 539 1662 576 non
1677 537 1810 591 opus

172 624 236 684 sit,
261 618 389 672 mala
420 621 591 668 tamen
633 629 751 667 mea
789 617 918 666 nota
956 615 1069 666 sint
1109 611 1227 674 tibi,
1270 613 1515 679 sciasque
1544 611 1685 665 unde
1712 626 1812 680 pro

172 725 254 762 mea
278 707 579 775 inﬁrmitate
611 706 772 757 Deum
797 717 990 770 rogare
1019 701 1263 768 digneris
1295 716 1307 753 :
1342 700 1486 766 quod
1514 705 1574 752 ut
1592 702 1811 769 impen-

170 801 332 853 sissime
357 796 551 862 facias,
592 792 802 845 obsecro
826 807 928 860 per
957 791 1349 843 humanitatem
1374 789 1524 842 illius
1551 790 1648 856 qui
1671 804 1812 857 pra:-

172 892 335 955 uptam
363 882 529 949 dedit,
552 887 609 934 ut
637 882 865 934 invicem
896 895 1058 933 onera
1078 882 1266 932 nostra
1283 881 1552 946 portemus
1576 878 1696 946 (Ep.
1721 879 1810 941 2‘2,

171 992 235 1029 nn.
276 977 322 1041 8,
358 975 426 1040 9).
467 969 639 1024 Addit
670 970 849 1022 multa
878 983 1194 1038 superesse,
1227 982 1356 1037 qum
1388 966 1456 1019 de
1485 965 1599 1018 vita
1630 981 1730 1018 sua
1760 969 1816 1018 et

173 1061 548 1117 conversatione
580 1058 893 1112 dctieturus
924 1060 1091 1122 esset,
1139 1055 1185 1109 si
1223 1071 1351 1109 cum
1384 1070 1451 1109 eo
1482 1070 1672 1108 coram
1703 1071 1812 1124 po-

172 1153 252 1205 tius
284 1164 438 1220 quam
469 1163 574 1217 per
612 1146 830 1200 litteras
871 1144 1116 1215 colloqui
1158 1144 1266 1197 sibi
1313 1143 1382 1197 de
1429 1143 1540 1197 illis
1571 1143 1766 1198 liceret
1797 1159 1810 1198 :

173 1240 507 1309 Hipponenses
539 1251 714 1304 porro
746 1232 854 1304 ipsi
902 1250 1017 1286 non
1048 1233 1302 1299 credere,
1335 1233 1588 1304 dumque
1632 1232 1816 1287 deseri

172 1329 397 1390 metuunt,
425 1323 803 1395 longinquam
833 1339 994 1376 suam
1017 1321 1195 1392 ipsius
1225 1322 1538 1376 absentiam
1571 1322 1813 1376 tolerare

171 1432 250 1470 non
268 1430 416 1485 posse
431 1456 444 1468 .
473 1414 658 1483 Rogat
671 1417 859 1465 tamen
873 1410 1167 1464 Aurelium
1182 1414 1292 1464 uta
1307 1410 1813 1480 Saturnino,quem

170 1510 358 1574 uterque
385 1503 604 1555 sincere
631 1500 921 1572 diligebat,
953 1516 1144 1554 secum
1168 1499 1331 1552 enixe
1359 1499 1628 1568 postulet,
1652 1503 1716 1552 ut
1745 1499 1814 1552 ad

170 1611 209 1647 se
231 1593 398 1645 venire
415 1608 485 1644 ne
509 1595 812 1661 gravetur;
837 1593 1140 1660 propterea
1161 1587 1312 1659 quod
1334 1603 1464 1640 cum
1489 1585 1639 1639 senis
1662 1587 1815 1639 illius

166 1683 216 1734 sit
243 1679 777 1745 observantissimus,
825 1683 881 1731 et
923 1678 1046 1748 ejus
1096 1677 1156 1730 in
1200 1676 1492 1730 Aurelium
1526 1675 1815 1745 singulare

165 1770 367 1823 studium
394 1783 650 1838 praesens
679 1767 801 1836 ipse
829 1765 1204 1836 perspexerit,
1250 1765 1334 1818 vix
1369 1764 1588 1834 aliquid
1617 1763 1814 1818 discri-

165 1857 295 1909 minis
316 1857 456 1910 inter
483 1853 862 1924 colloquium,
897 1853 1050 1923 quod
1081 1853 1168 1905 vel
1198 1869 1327 1905 cum
1357 1851 1686 1916 Saturnino,
1727 1852 1818 1905 vel

164 1962 260 1999 cum
287 1946 395 2016 ipso
433 1943 673 1998 Aurelio
721 1945 867 1996 esset
899 1941 1221 2007 habiturus,
1269 1945 1620 2011 agnosceret.
1656 1939 1816 1994 Haud

161 2034 322 2087 scimus
347 2050 415 2086 an
442 2033 550 2086 iste
581 2030 952 2098 Saturninus,
997 2046 1167 2101 quem
1201 2029 1532 2100 episcopum
1577 2033 1632 2082 et
1669 2029 1815 2082 anti-

161 2139 298 2193 quum
323 2127 376 2177 et
399 2123 689 2176 celebrem
717 2119 909 2179 fuisse,
953 2119 1212 2172 dubitare
1240 2135 1357 2171 non
1387 2133 1711 2188 possumus,
1745 2117 1816 2170 sit

159 2212 228 2264 ille
250 2211 436 2282 praesul
464 2209 758 2265 Uzalensis
775 2209 952 2262 beata:
971 2207 1262 2261 memoria:
1284 2206 1624 2261 Saturninus
1644 2222 1817 2276 quem

159 2300 456 2370 Augustinus
497 2297 848 2368 Carthagine
877 2296 1096 2350 viderat
1134 2312 1247 2349 una
1285 2311 1413 2348 cum
1455 2294 1686 2348 Aurelio
1720 2294 1817 2361 (De

159 2390 244 2442 Cic.
265 2391 362 2455 Dei,
395 2389 484 2440 lib.
517 2389 618 2453 22,
649 2401 771 2455 cap.
821 2385 896 2455 8),
946 2400 1097 2438 anno
1147 2383 1547 2438 trecentesimo
1594 2388 1817 2453 octoge-

160 2477 268 2530 simo
295 2481 500 2530 octavo.

770 2562 996 2618 CAPUT
1035 2562 1152 2615 VII.

163 2658 174 2705 ί
207 2654 393 2707 Librum
415 2654 481 2707 de
502 2654 755 2707 Utilitate
775 2651 1030 2705 credendi
1047 2651 1122 2704 ad
1141 2651 1475 2704 Honoratum
1505 2649 1818 2702 Manichaeis

207 2741 454 2796 addictum
480 2741 699 2796 scribit.
730 2743 764 2794 2
799 2743 929 2794 Tum
947 2740 1146 2793 librum
1172 2739 1238 2793 de
1265 2739 1486 2794 Duabus
1511 2737 1817 2792 Animabus

205 2830 432 2886 adversus
479 2829 697 2885 eosdem
743 2829 1086 2884 Manichzeos.
1142 2831 1170 2881 3
1231 2832 1590 2882 Fortunatam
1641 2828 1820 2881 Mani-

207 2918 375 2973 chaium
399 2921 784 2990 presbyterum
813 2919 1078 2972 convincit
1105 2919 1164 2969 in
1183 2917 1402 2985 publica
1427 2916 1812 2984 disputatione.

207 3008 235 3059 4
259 3008 606 3062 Adimantum
627 3001 917 3061 Manicheei
942 3007 1269 3074 discipulum
1290 3006 1512 3071 refellit.

213 3100 248 3148 t.
287 3097 425 3151 Licet
451 3096 819 3167 Augustinus
858 3094 1061 3148 Valerii
1097 3095 1264 3164 jussu
1291 3093 1572 3164 populum
1603 3091 1814 3162 Hippo-

156 3198 348 3238 nensem
379 3187 550 3241 verbo
585 3184 931 3244 institueret,
961 3183 1202 3254 aliisque
1223 3181 1569 3254 presbyterii
1592 3181 1677 3234 sui
1699 3197 1819 3234 mu-

161 3271 348 3327 neribus
374 3275 578 3329 sedulo
612 3275 977 3344 fungeretur;
1004 3273 1156 3326 haud
1185 3275 1379 3325 tamen
1401 3272 1522 3324 haec
1553 3269 1819 3323 obstitere

159 3363 418 3430 quominus
458 3363 795 3417 universam
829 3361 1133 3416 Ecclesiam
1179 3359 1425 3430 publicis
1470 3357 1821 3412 lucubratio-

158 3449 290 3502 nibus
316 3452 422 3505 suis
453 3451 735 3506 erudiret.
784 3450 1002 3505 Primas
1028 3449 1270 3503 contulit
1299 3448 1368 3501 ad
1399 3447 1821 3517 impugnandos

159 3537 462 3607 Manicheos,
505 3540 617 3612 qui
659 3540 811 3609 apud
864 3537 1461 3608 Hipponem-Regium
1493 3537 1821 3606 frequentes

159 3633 303 3693 erant,
340 3630 406 3682 ob
445 3629 851 3700 presbyterum
899 3626 1207 3698 quemdam
1249 3625 1623 3680 Manichmum
1667 3625 1819 3694 (For-

157 3715 315 3768 tunato
341 3733 552 3771 nomen
603 3715 758 3786 fuit),
807 3716 908 3786 qui
938 3714 1255 3785 permultos
1281 3713 1363 3768 ibi
1393 3713 1538 3766 cives
1569 3717 1623 3766 et
1654 3713 1818 3766 adve-

160 3815 236 3853 nas
279 3820 453 3873 pravae
498 3822 626 3860 suae
677 3804 948 3858 doctrinae
978 3819 1198 3857 veneno
1237 3802 1510 3856 infecerat
1559 3800 1814 3872 (Retract.

157 3887 230 3942 lib.
256 3894 300 3957 t,
329 3908 446 3962 cap.
482 3893 562 3962 l).
601 3892 857 3946 Primum
902 3907 1048 3962 opus
1097 3906 1262 3944 suum
1314 3877 1605 3960 inscripsit
1633 3889 1817 3942 amico

158 3990 236 4029 suo
262 3980 572 4045 Honorato,
599 3980 1041 4035 Manichaeorum
1071 3979 1293 4033 irretito
1317 3977 1558 4048 laqueis,
1589 3977 1650 4030 in
1677 3992 1822 4047 quos

154 4078 259 4119 eum
287 4067 514 4138 ipsemet
547 4069 905 4140 Augustinus
936 4069 1074 4122 olim
1101 4068 1422 4138 conjecerat
1450 4067 1542 4133 (De
1575 4067 1823 4120 Utilitate

159 4155 388 4224 credendi,
444 4176 500 4213 n.
568 4159 641 4225 2).
692 4159 832 4213 Cum
881 4163 1029 4212 esset
1068 4159 1386 4211 Honoratus
1425 4154 1537 4209 acri
1580 4154 1816 4226 judicio,

162 4254 302 4308 quam
328 4245 589 4300 invalidae
637 4246 824 4300 forent
869 4247 1163 4300 nonnullae
1193 4244 1632 4300 Manichaeorum
1663 4243 1820 4296 solu-

159 4327 326 4393 tiones,
368 4335 497 4389 satis
549 4336 894 4408 agnoscebat
932 4340 986 4388 et
1024 4335 1240 4389 eisdem
1282 4348 1429 4404 pene
1460 4347 1727 4408 curarum
1757 4347 1822 4384 ac

161 4418 570 4479 sollicitudinum
617 4424 905 4493 fluctibus,
945 4423 1155 4494 quibus
1184 4421 1324 4476 alias
1352 4407 1658 4490 Augustini
1691 4435 1820 4473 nec-

161 4504 270 4560 dum
305 4513 549 4566 conversi
596 4512 846 4578 animus,
892 4512 1235 4583 jactabatur.
1283 4512 1494 4565 Verum
1553 4509 1822 4579 deceptus

163 4591 314 4650 fuerat
350 4601 617 4669 speciosis
662 4600 777 4655 illis
822 4601 1262 4655 Manichaeorum
1293 4598 1818 4670 pollicitationibus,

161 4684 336 4752 quibus
363 4706 417 4743 se
445 4691 586 4745 nihil
630 4691 739 4744 nisi
767 4691 916 4761 quod
947 4691 1184 4756 clarum,
1216 4689 1444 4743 evidens
1475 4694 1533 4743 et
1561 4692 1821 4758 apertum

161 4770 296 4839 foret,
339 4783 650 4833 asserturos
705 4778 1138 4848 promittebant.
1197 4777 1473 4832 Irridebat
1517 4776 1734 4847 pariter
1765 4776 1824 4830 in

160 4861 413 4919 catholicas
441 4867 575 4922 fidei
606 4868 929 4938 disciplina,
963 4868 1118 4938 quod
1162 4867 1304 4920 tides
1341 4865 1676 4919 hominibus
1722 4865 1824 4918 im-

160 4959 439 5022 peraretur,
489 4973 595 5011 nec
639 4974 837 5011 verum
891 4957 1004 5010 illis
1043 4956 1263 5010 ratione
1311 4955 1818 5009 demonstraretur.

161 5036 274 5093 Cum
299 5041 468 5113 igitur
515 5047 654 5100 falsa
680 5046 934 5100 veritatis
982 5045 1165 5117 specie
1204 5045 1497 5115 deceptus,
1528 5061 1645 5097 non
1677 5047 1823 5097 tem-

159 5130 335 5192 poralis
362 5134 642 5188 commodi
689 5134 872 5204 gratia
918 5135 1215 5204 pellectus,
1259 5133 1581 5186 adhmreret
1621 5131 1820 5198 errori,

161 5213 322 5285 Sicque
359 5222 543 5292 magis
585 5223 816 5277 delusus
847 5223 918 5278 ab
948 5221 1248 5288 haereticis,
1305 5237 1476 5292 quam
1521 5220 1824 5274 haereticus

161 5309 307 5370 esset;
337 5310 570 5364 credidit
596 5311 948 5382 Augustinus
980 5311 1096 5364 fore
1127 5315 1190 5364 ut
1226 5311 1388 5364 illum
1420 5310 1491 5363 ad
1528 5309 1650 5362 veri
1680 5309 1827 5362 noti-

161 5387 273 5444 tiam
300 5396 492 5451 eadem
521 5399 610 5452 via
638 5416 752 5470 qua
774 5400 894 5469 ipse
919 5403 1275 5470 pervenerat,
1299 5401 1493 5467 posset
1515 5397 1817 5451 adducere.

163 5476 211 5529 1η
234 5480 372 5537 hunc
400 5486 572 5542 ﬁnem
603 5489 669 5542 ad
704 5505 834 5542 eum
865 5489 1088 5559 scripsit
1125 5488 1409 5556 insignem
1458 5486 1690 5552 librum,
1731 5485 1822 5539 cui

163 5566 361 5625 titulum
390 5573 542 5641 fecit,
573 5578 646 5630 De
682 5577 932 5630 Iitilitate
963 5575 1252 5641 credendi,
1277 5579 1341 5628 ut
1364 5575 1692 5628 ostenderet
1711 5575 1820 5627 Ma-

1922 432 2170 486 nichaeos
2193 434 2408 486 temere
2439 447 2502 485 ac
2528 431 2796 502 sacrilege
2829 432 2888 485 in
2925 447 3020 485 eos
3058 431 3272 501 invehi,
3305 433 3404 505 qui
3434 437 3624 489 catho-

1923 521 2045 576 lica:
2099 521 2235 575 ﬁdei
2281 520 2679 575 auctoritatem
2727 525 3049 592 sequentes,
3109 521 3177 575 ad
3216 522 3620 592 mysteriorum

1923 610 2360 681 intelligentiam
2410 626 2467 664 se
2525 615 2875 680 comparant,
2927 611 3065 664 dum
3105 627 3170 664 ea
3200 611 3456 680 credunt,
3492 629 3620 683 qua:

1922 701 2183 754 nondum
2223 700 2447 752 valeant
2486 699 2680 752 animo
2712 698 3027 769 percipere,
3061 703 3429 770 mentemque
3461 716 3622 754 suam

1925 789 1994 841 ad
2027 787 2214 842 radios
2255 787 2433 841 divini
2483 788 2718 841 luminis
2761 787 3123 859 excipiendos
3170 789 3506 842 emundant.
3547 790 3624 843 De

1925 877 2029 929 hoc
2060 893 2174 930 uno
2204 880 2544 946 argumento
2575 877 2696 946 agit
2718 877 2776 929 in
2806 877 2913 930 hoc
2939 893 3135 948 opere.
3163 877 3624 931 Confutationcm

1927 965 2080 1018 enim
2125 964 2449 1019 fabularum
2495 981 2635 1035 quas
2679 964 2974 1019 Manichzei
3021 965 3621 1033 comminiscebantur,

1926 1059 1981 1107 et
2009 1053 2330 1107 uberiorem
2362 1053 2430 1106 de
2463 1053 2738 1107 catholica
2769 1053 3027 1107 doctrina
3057 1071 3399 1120 sermonem,
3435 1055 3482 1108 si
3511 1057 3621 1109 llo-

1927 1146 2128 1195 norato
2179 1141 2248 1195 ad
2297 1142 2537 1195 salutem
2579 1142 2846 1211 prodesse
2871 1142 3174 1211 judicaret,
3205 1143 3275 1196 ad
3307 1144 3416 1196 alia
3446 1160 3623 1198 reser-

1926 1234 2020 1284 vat
2049 1245 2238 1299 opera,
2267 1229 2502 1299 jamque
2533 1229 2669 1282 idin
2693 1229 2817 1282 aliis
2836 1231 3222 1284 voluminibus
3246 1231 3414 1284 editis
3440 1233 3624 1285 fuerat

1927 1322 2239 1372 exsecutus.
2289 1318 2380 1370 Ait
2415 1333 2472 1370 se
2523 1333 2653 1370 cum
2701 1333 2792 1383 eo,
2837 1318 2991 1371 velut
3029 1333 3159 1371 cum
3198 1318 3466 1372 familiari
3497 1336 3620 1383 suo,

1926 1407 2170 1477 simplici
2219 1406 2347 1459 stilo
2404 1422 2595 1476 agere,
2641 1405 2699 1459 id
2752 1409 2855 1472 est,
2916 1406 3062 1460 sicut
3090 1406 3209 1476 ipse
3249 1412 3383 1460 tunc
3413 1411 3622 1477 posset,

1928 1495 2138 1549 omissa
2184 1493 2435 1548 scientia:
2480 1494 2798 1556 altitudine,
2851 1511 3025 1565 quam
3082 1494 3141 1547 in
3190 1495 3315 1548 aliis
3369 1495 3624 1548 doctissi-

1927 1583 2035 1637 mis
2083 1582 2218 1637 viris
2273 1582 2469 1636 fuissst
2527 1583 2841 1636 admiratus
2899 1583 3084 1653 (Ibid.,
3136 1598 3190 1636 η.
3268 1585 3370 1645 lO).
3434 1583 3622 1650 Addit,

1927 1690 1986 1727 se
2047 1673 2220 1726 sacris
2271 1673 2329 1725 in
2385 1671 2606 1726 Litteris
2658 1674 2900 1726 necdum
2959 1689 3109 1726 essse
3168 1672 3300 1726 satis
3354 1673 3624 1728 exercita-

1927 1767 2070 1816 tum.
2108 1762 2287 1815 Deum
2319 1766 2617 1828 rogaverat
2645 1766 2709 1814 ut
2748 1760 2898 1814 istud
2929 1777 3069 1831 opus
3097 1761 3237 1816 utile
3267 1762 3412 1816 foret
3444 1764 3627 1816 Hono-

1929 1854 2070 1916 rato,
2100 1849 2342 1919 aliisque
2391 1866 2638 1919 quorum
2684 1849 2741 1903 in
2782 1866 2985 1903 manus
3023 1850 3332 1904 deveniret.
3367 1853 3436 1905 Et
3474 1867 3627 1919 spero

1927 1942 2010 1993 ita
2057 1941 2194 2005 fore,
2235 1938 2445 2008 inquit,
2478 1940 2527 1991 si
2569 1938 2694 1990 bene
2743 1940 2881 1991 mihi
2908 1942 3145 1992 conscius
3181 1953 3322 2007 sum,
3363 1940 3508 2008 quod
3553 1941 3628 1993 ad

1929 2031 2067 2082 hunc
2096 2029 2281 2082 stilum
2317 2029 2408 2096 pio
2455 2032 2504 2080 et
2552 2029 2788 2096 ofﬁcioso
2824 2029 3025 2092 animo,
3065 2043 3171 2081 non
3225 2031 3356 2082 ναηί
3392 2031 3626 2082 nominis

1929 2119 2256 2186 appetitione
2285 2131 2346 2169 ac
2384 2118 2688 2184 nugatoria:
2717 2117 3110 2181 ostentationis,
3133 2117 3347 2169 accessi.
3379 2116 3490 2170 Scit
3519 2131 3626 2168 au—

1930 2211 2032 2260 tem
2065 2208 2221 2269 Deus,
2254 2206 2343 2257 cui
2369 2209 2497 2258 nota
2536 2207 2664 2257 sunt
2705 2219 2909 2257 arcana
2937 2204 3268 2256 conscientiae
3303 2217 3448 2268 mem,
3489 2203 3628 2256 nihil

1927 2309 2009 2347 me
2034 2295 2093 2346 in
2122 2294 2216 2346 hoc
2245 2309 2483 2346 sermone
2531 2294 2797 2346 malitiose
2841 2307 3030 2358 agere;
3057 2291 3151 2345 sed
3182 2296 3242 2344 ut
3268 2293 3518 2345 emistimo
3549 2306 3629 2344 ac-

1929 2383 2238 2452 cipiendum
2259 2398 2388 2448 esse,
2419 2385 2536 2435 veri
2564 2382 2838 2450 probandi
2866 2398 3030 2436 causa
3065 2397 3078 2434 :
3111 2383 3200 2435 cui
3228 2383 3326 2434 uni
3352 2383 3434 2434 rei
3451 2383 3628 2434 vivere

1921 2473 2143 2542 jamdiu
2172 2475 2483 2538 statuimus,
2532 2475 2583 2524 et
2627 2471 2939 2524 incredibili
2974 2470 3368 2535 sollicitudine;
3397 2485 3463 2522 ne
3491 2470 3628 2522 mihi

1929 2577 2110 2616 errare
2146 2562 2418 2615 vobiscum
2453 2561 2781 2628 facillimum
2821 2561 3010 2628 fuerit,
3055 2562 3160 2613 iter
3210 2563 3388 2612 autem
3423 2561 3626 2612 rectum

1931 2656 2102 2704 tenere
2130 2651 2394 2704 vobiscum
2410 2651 2502 2714 sit,
2533 2665 2598 2702 ne
2621 2649 2812 2702 durius
2840 2650 3050 2716 loquar,
3074 2647 3489 2718 difﬁcillimum.
3523 2645 3628 2701 Sed

1925 2752 2198 2808 praesumo
2219 2737 2362 2806 quod
2392 2742 2443 2792 et
2473 2739 2530 2790 in
2561 2739 2660 2790 hac
2680 2753 2794 2805 spe,
2817 2753 2926 2805 qua
2951 2753 3105 2805 spero
3134 2752 3226 2791 vos
3254 2739 3401 2791 viam
3417 2738 3629 2804 sapien-

1931 2827 2020 2879 tiae
2047 2841 2249 2879 mecum
2279 2826 2608 2894 obtenturos,
2636 2841 2743 2879 non
2772 2841 2853 2878 me
2883 2825 3084 2878 deseret
3117 2825 3204 2878 ille
3245 2827 3334 2878 cui
3380 2829 3627 2878 sacratus

1930 2928 2048 2967 sum
2097 2929 2111 2966 :
2154 2929 2308 2980 quem
2353 2912 2466 2966 dies
2510 2918 2790 2980 noctesque
2819 2915 3023 2966 intueri
3067 2927 3243 2978 conor,
3276 2917 3324 2966 et
3372 2914 3628 2980 quoniam

1929 3006 2150 3071 propter
2180 3007 2398 3070 peccata
2442 3017 2580 3066 mea,
2618 3005 2950 3071 propterque
2976 3001 3407 3055 consuetudinem
3438 3000 3626 3069 plagis

1929 3095 2337 3144 veternosa-rum
2351 3093 2662 3159 Opin-ionum
2676 3093 2978 3145 sauciatam
2995 3091 3201 3144 oculum
3214 3092 3408 3143 animae
3417 3104 3624 3156 gerens,

1930 3179 2234 3233 invalidum
2281 3195 2362 3232 me
2403 3193 2514 3233 esse
2562 3195 2830 3246 cognosco,
2871 3195 3009 3248 saepe
3049 3194 3176 3245 rogo
3202 3194 3319 3232 eum
3351 3179 3624 3245 lacrymis.

1932 3271 2002 3323 Et
2030 3268 2479 3337 quemadmodum
2517 3274 2642 3337 post
2687 3270 2902 3336 longam
2951 3270 3237 3322 caecitatem
3273 3283 3336 3321 ac
3384 3268 3628 3321 tenebras

1933 3356 2224 3409 luminibus
2251 3358 2347 3409 vim
2377 3359 2602 3425 apertis,
2636 3360 2686 3410 et
2723 3357 2900 3410 adhuc
2929 3357 3094 3409 lucem
3113 3355 3437 3424 palpitando
3467 3359 3630 3422 atque

1932 3445 2249 3509 aversanda,
2283 3461 2446 3513 quam
2479 3451 2656 3499 tamen
2693 3445 3023 3510 desiderant,
3064 3444 3455 3510 recusantibus,
3487 3460 3624 3512 prav-

1932 3535 2113 3586 sertim
2143 3536 2192 3586 si
2219 3536 2293 3586 eis
2328 3535 2490 3587 solem
2517 3536 2683 3587 istum
2714 3535 2988 3602 quispiam
3041 3537 3257 3586 conetur
3297 3532 3570 3585 ostendere
3609 3550 3624 3585 :

1932 3623 2012 3674 ita
2040 3620 2178 3672 mihi
2203 3635 2344 3672 nunc
2359 3623 2551 3680 evenit,
2576 3635 2680 3673 non
2701 3621 2922 3685 neganti
2939 3634 3049 3672 esse
3070 3618 3344 3686 inc/fabile
3365 3619 3626 3686 quiddam

1932 3715 1982 3763 et
2009 3709 2285 3776 singulare
2323 3711 2515 3762 animae
2548 3709 2739 3762 bonum
2769 3707 2913 3777 quod
2949 3713 3121 3761 mente
3161 3707 3442 3773 rideatur;
3473 3711 3522 3760 et
3549 3723 3629 3760 me

1933 3799 2006 3852 ad
2057 3797 2524 3867 contemplandum
2557 3797 2795 3851 nondum
2836 3811 2947 3851 esse
2987 3795 3237 3850 idoneum
3281 3813 3399 3867 cum
3426 3799 3551 3864 ﬂetu
3580 3801 3630 3848 et

1932 3889 2135 3956 gemitu
2175 3888 2467 3956 conﬁtenti.
2499 3888 2615 3942 Non
2644 3902 2726 3939 me
2753 3901 2877 3952 ergo
2909 3886 3132 3952 deseret,
3182 3888 3232 3939 si
3275 3885 3418 3938 nihil
3463 3887 3626 3952 ﬁngo,

1932 3979 1983 4031 si
2000 3978 2178 4046 officio
2208 3976 2390 4039 ducor,
2427 3976 2476 4029 si
2495 3977 2775 4028 veritatem
2805 3991 2943 4039 amo,
2976 3977 3026 4028 si
3045 3977 3344 4028 amicitiam
3374 3974 3561 4041 diligo,
3582 3975 3632 4026 si

1932 4066 2160 4118 multum
2179 4068 2352 4118 metuo
2381 4079 2447 4116 ne
2475 4064 2697 4130 fallaris
2722 4063 2904 4130 (Ibid.,
2926 4079 3021 4116 nn.
3050 4066 3098 4128 l,
3121 4061 3196 4132 4).
3224 4060 3528 4131 Augustini
3549 4061 3630 4113 la-

1933 4153 2168 4208 boribus
2194 4157 2420 4224 optatus
2450 4168 2586 4217 erga
2614 4153 2964 4205 Honoratum
2995 4150 3293 4221 respondit
3320 4148 3630 4212 eventus,si

1934 4243 2103 4297 modo
2123 4243 2170 4295 is
2183 4247 2286 4307 est,
2310 4247 2374 4295 ut
2395 4243 2621 4311 putant,
2646 4240 2744 4311 qui
2766 4239 3084 4310 Augustino
3096 4240 3240 4292 circa
3258 4252 3475 4291 annum
3497 4253 3632 4307 qua-

1933 4329 2446 4400 dringentesimum
2478 4329 2882 4382 duodecimum
2908 4327 3088 4380 varias
3119 4325 3464 4396 quaestiones
3494 4340 3629 4377 eno-

1935 4417 2151 4470 dandas
2173 4417 2246 4470 ub
2268 4417 2407 4471 urbe
2430 4417 2770 4488 Carthagine
2789 4416 3050 4469 mittebat
3071 4416 3263 4482 (Epist.
3293 4415 3415 4483 140,
3436 4429 3490 4468 n.
3515 4414 3626 4484 83).

2003 4509 2053 4559 2.
2085 4507 2215 4559 Post
2244 4506 2453 4560 librum
2485 4507 2554 4560 de
2588 4506 2838 4560 Utilitate
2863 4502 3152 4568 credendi,
3186 4500 3410 4570 scripsit
3436 4503 3632 4571 Augu-

1934 4594 2116 4648 stinus
2167 4594 2236 4648 de
2282 4595 2507 4649 Duabus
2539 4593 2852 4647 Animabus
2885 4593 3136 4660 (Retract.
3172 4591 3265 4644 lib.
3301 4594 3347 4656 t,
3374 4606 3493 4660 cap.
3522 4589 3630 4659 15),

1935 4699 2075 4754 quas
2126 4683 2310 4737 inesse
2356 4682 2575 4736 homini
2604 4682 2800 4736 dicunt
2839 4678 3151 4745 Manichaei,
3181 4694 3424 4748 quarum
3456 4693 3630 4731 unam

1935 4773 2167 4838 bonam,
2203 4772 2437 4826 alteram
2470 4770 2654 4824 carnis
2675 4769 2963 4840 propriam
2991 4772 3046 4821 et
3071 4767 3139 4821 de
3170 4771 3338 4836 gente
3369 4766 3632 4820 tenebra-

1935 4877 2087 4928 rum,
2138 4877 2311 4930 quam
2354 4862 2466 4913 Deo
2513 4863 2815 4928 Opponunt
2850 4874 2860 4910 :
2895 4857 3089 4910 omnia
3119 4855 3353 4926 quidem
3386 4855 3632 4909 hominis

1935 4949 2085 5003 bona
2120 4949 2203 5002 illi
2241 4949 2408 5002 boum
2449 4948 2679 5015 animae,
2726 4945 2919 4999 omnia
2965 4961 3096 4999 vero
3133 4945 3284 4998 mala
3323 4945 3414 4998 illi
3466 4944 3632 4997 malm

1937 5039 2143 5093 animus
2179 5037 2515 5091 tribuentes.
2557 5037 2710 5089 Hanc
2761 5035 3100 5089 sententiam
3147 5033 3274 5087 falsi
3303 5032 3584 5086 convincit
3616 5048 3630 5084 :

1938 5127 2300 5196 rationesque
2332 5141 2473 5196 quas
2505 5124 2756 5192 adhibet,
2799 5140 2865 5178 eo
2900 5124 3030 5194 plus
3071 5123 3140 5178 ad
3174 5120 3630 5193 persuadendum

1937 5220 1994 5268 et
2025 5216 2366 5269 movendum
2391 5213 2658 5284 ponderis
2684 5230 2746 5268 ac
2778 5213 3056 5266 momenti
3079 5209 3514 5279 obtinent,quod
3539 5225 3633 5262 cas.

1938 5321 2050 5359 non
2093 5303 2438 5371 disputando
2483 5303 2738 5372 exponit,
2787 5303 2882 5357 sed
2926 5302 3110 5355 solum
3157 5299 3421 5359 dolendo,
3453 5312 3510 5350 se
3542 5297 3632 5364 iis,

1937 5394 2073 5448 dum
2131 5410 2162 5446 a
2201 5392 2523 5448 Manichmis
2566 5393 2732 5447 illudi
2774 5390 2880 5444 sibi
2929 5405 3127 5461 passus
3181 5391 3284 5456 est,
3317 5401 3485 5440 usum
3518 5402 3634 5441 non

1936 5483 2130 5549 fuisse,
2164 5482 2309 5536 sicut
2337 5499 2395 5535 se
2425 5483 2507 5537 uti
2561 5481 2814 5552 potuisse
2858 5479 3237 5542 demonstrat;
3281 5491 3410 5528 cum
3437 5491 3501 5529 ex
3530 5491 3632 5529 na-

1936 5577 2079 5625 turae
2101 5570 2299 5640 ipsius,
2317 5570 2724 5641 communique
2753 5565 3053 5620 hominum
3076 5578 3247 5617 sensu
3276 5563 3634 5634 depromptm
