4008 6184
336 325 430 378 187
1569 317 1728 371 VlTA
1767 315 1818 369 S.
1863 314 2234 370 AUGUSTINI
2278 312 2614 368 EPISCOPI.

331 447 444 501 sint
475 447 566 515 (De
593 445 813 499 Duabus
853 442 1178 507 Animabus,
1207 459 1264 496 ii.
1304 443 1411 510 2‘2).
1445 440 1658 496 Asserit
1689 456 1747 492 se
1776 456 1808 492 a
1839 455 2028 492 rerum

330 541 446 588 tam
473 532 822 588 evidentium
847 530 1302 586 consideratione
1325 529 1595 600 peccandi
1619 527 2030 582 consuetudine

331 624 502 678 fuisse
531 638 814 686 aversum,
849 637 1022 691 seque
1053 619 1262 674 sentire
1294 636 1443 672 nunc
1473 618 1531 671 in
1562 614 2030 670 familiarissimo-

332 729 459 766 rum
492 727 726 764 suorum
761 711 988 774 damno,
1023 709 1174 779 quod
1202 713 1335 762 tunc
1357 707 1415 761 in
1446 722 1546 760 suo
1576 705 1754 775 ipsius
1775 703 2028 772 periculo

333 801 570 855 minime
601 799 898 853 sentiebat.
934 799 1296 868 Quapropter
1343 797 1503 866 operi
1543 795 1718 848 ﬁnem
1763 791 2027 861 imponit,

339 891 515 944 Deum
542 905 710 942 orans
740 892 914 957 atque
943 886 1263 950 obsecrans,
1298 889 1362 938 ut
1392 883 1648 954 ejusdem
1695 881 1891 952 gratiae
1923 897 2030 950 ope

335 994 507 1050 quam
538 977 658 1048 ipse
685 984 951 1047 expertus
983 979 1086 1038 est,
1120 974 1250 1027 illos
1289 973 1359 1027 ab
1389 988 1582 1026 errore
1624 982 1846 1025 revocet
1878 986 1891 1022 :
1921 969 2028 1022 sic-

335 1083 444 1138 que
478 1082 646 1120 orans
695 1064 968 1134 agnoscit,
1017 1079 1134 1116 non
1175 1064 1359 1116 solum
1404 1076 1701 1114 conversos
1748 1061 1815 1113 ad
1853 1060 2029 1112 Deum

336 1155 519 1224 gratia
559 1155 680 1224 ejus
721 1151 999 1221 adjuvari,
1049 1156 1112 1204 ut
1141 1150 1467 1220 proﬁciant;
1502 1164 1697 1201 verum
1745 1149 1917 1200 etiam
1969 1151 2033 1199 ut

333 1246 756 1305 convertantur,
781 1241 850 1292 ad
870 1239 1050 1309 ipsam
1076 1238 1172 1291 Dei
1192 1237 1431 1306 gratiam
1458 1235 1742 1305 pertinere
1764 1235 2026 1304 (Reti'uct.

333 1332 428 1384 lib.
458 1335 504 1396 1,
531 1346 650 1398 cap.
681 1333 764 1392 ~15,
800 1343 855 1382 η.
890 1327 965 1396 8).
1001 1327 1172 1396 Spem
1201 1325 1334 1379 facit
1371 1325 1430 1378 in
1462 1325 1568 1378 hoc
1598 1339 1787 1394 opere,
1824 1339 1881 1376 se
1907 1323 2030 1375 aliis

333 1419 393 1472 in
426 1416 920 1472 lucubrationibus
950 1420 1335 1478 ostensurum,
1366 1427 1615 1483 quonam
1644 1415 1806 1482 pacto
1845 1411 2030 1464 catho-

332 1507 456 1560 lica:
509 1505 814 1575 Scripturae
861 1520 892 1556 a
941 1501 1382 1556 Manichteorum
1428 1499 1922 1554 criminationibus
1975 1502 2030 1553 et

334 1593 636 1648 calumniis
687 1592 904 1664 possint
945 1590 1221 1644 vindicari
1261 1607 1274 1644 :
1319 1589 1473 1661 quod
1519 1593 1717 1642 contra
1761 1589 2029 1642 Faustum

335 1684 578 1736 maxime
633 1681 882 1735 scribens
927 1679 1210 1750 praestitit.
1260 1678 1409 1731 Varii
1441 1683 1573 1731 sunt
1603 1677 1660 1730 in
1692 1678 1799 1731 hoc
1831 1677 2028 1730 eodem

335 1788 504 1842 opere
537 1771 644 1824 loci
672 1786 816 1840 quos
839 1767 1127 1839 Pelagiani
1156 1767 1366 1837 aliique
1398 1766 1595 1836 gratia)
1626 1764 1932 1819 adversarii
1960 1765 2030 1818 ad

336 1876 593 1912 errorum
638 1873 873 1910 suorum
919 1855 1301 1926 patrocinium
1363 1855 1704 1924 detorquere
1745 1858 2024 1923 poterant.

335 1948 594 2001 Julianus
624 1945 985 2008 nominatim,
1018 1945 1075 1998 in
1104 1943 1484 2014 Augustinum
1516 1943 1784 2008 scribens,
1819 1943 2028 2012 produ-

334 2043 422 2091 cto
456 2036 705 2107 quodam
735 2035 938 2089 exinde
969 2035 1092 2087 loco
1124 2033 1496 2104 gratulandus
1529 2034 1803 2086 exclamat
1833 2049 1844 2084 :
1880 2032 1921 2086 Ο
1947 2032 2028 2084 lu-

333 2141 453 2179 cens
483 2141 678 2178 ausrum
705 2127 762 2178 in
791 2125 1048 2177 stercore!
1085 2122 1220 2190 quid
1242 2123 1444 2186 verius,
1467 2120 1602 2190 quid
1619 2122 1834 2188 plenius
1856 2120 1968 2173 dici
1996 2135 2030 2172 α

333 2229 604 2284 quoquam
641 2215 723 2266 vel
747 2211 1044 2266 orthodomo
1067 2209 1374 2278 potuisset?
1401 2209 1508 2262 Sed
1534 2209 1635 2261 hos
1663 2208 1816 2261 locos
1843 2209 2032 2276 Augu-

331 2301 514 2356 stinus
561 2301 682 2371 ipse
727 2301 1053 2354 nullatenus
1101 2297 1181 2350 eis
1211 2296 1506 2366 suffragari
1541 2296 1789 2350 ostendit
1821 2295 2029 2364 (Operis

330 2393 549 2458 impcrf.
584 2389 676 2442 lib.
716 2392 763 2454 1,
797 2404 916 2456 cap.
949 2389 1038 2453 44,
1062 2389 1173 2452 45).
1213 2385 1364 2440 Libri
1395 2386 1462 2439 de
1487 2384 1734 2439 Utilitate
1765 2384 2029 2438 credendi

333 2486 387 2533 et
412 2479 480 2533 de
509 2479 740 2533 Duabus
767 2477 1080 2532 Animabus
1101 2477 1170 2530 ad
1197 2491 1412 2529 annum
1441 2475 1905 2528 trecentesimum
1936 2490 2030 2526 no-

333 2568 690 2637 nagesimum
709 2566 982 2637 primum,
1005 2564 1571 2618 veltrecentesimum
1593 2561 2028 2632 nonagesimum

335 2657 648 2710 secundum
692 2654 976 2708 referendi
1007 2658 1166 2719 sunt;
1200 2669 1328 2706 cum
1360 2668 1455 2706 eos
1495 2651 1843 2720 Augustinus
1883 2668 2026 2720 prm-

337 2745 526 2798 mittat
543 2742 1116 2814 disputationi,quam
1141 2758 1268 2794 eum
1292 2743 1599 2795 Fortunato
1616 2740 1815 2793 habuit
1831 2739 2028 2810 quinto

335 2832 606 2886 kalendas
636 2830 989 2902 septembris,
1030 2845 1180 2882 anno
1224 2826 1622 2882 trecentesimo
1654 2825 2028 2896 nonagesimo

339 2921 607 2975 secundo.

405 3012 462 3062 3.
495 3009 619 3062 Jam
654 3006 898 3061 diximus
927 3007 1080 3060 hunc
1105 3006 1480 3060 Fortunatum
1504 3003 1675 3059 fuisse
1698 3003 2030 3059 Manichzeo-

330 3112 460 3151 rum
489 3096 910 3166 presbyterum,
961 3095 1062 3165 qui
1089 3094 1241 3164 apud
1273 3094 1866 3164 Hipponem-Regium
1895 3109 2029 3145 cum

325 3185 447 3254 jam
478 3183 700 3254 pridem
732 3183 1045 3254 plurimum
1083 3182 1355 3251 temporis
1404 3181 1648 3246 vixisset,
1683 3181 1761 3234 ibi
1791 3181 2028 3235 seduxe-

335 3277 420 3325 rat
450 3271 526 3324 ita
557 3271 787 3336 multos,
816 3275 880 3324 ut
907 3274 1144 3341 propter
1173 3270 1298 3322 illos
1321 3275 1540 3323 amaret
1569 3269 1626 3321 in
1660 3285 1726 3322 ea
1758 3269 1898 3322 urbe
1930 3270 2031 3322 ha-

332 3361 510 3414 bitare
543 3362 797 3423 (Retract.
837 3359 932 3412 lib.
984 3363 1030 3423 1,
1072 3373 1192 3426 cap.
1248 3359 1352 3427 16).
1394 3358 1647 3411 Tandem
1690 3361 1883 3411 tamen
1953 3357 2032 3409 ci-

331 3448 516 3503 vitatis
543 3447 696 3502 illius
725 3447 1001 3501 Catholici
1031 3461 1249 3510 omnes,
1285 3450 1341 3498 et
1371 3445 1469 3515 qui
1498 3449 1633 3498 tunc
1662 3443 1722 3498 in
1754 3461 1817 3497 ea
1848 3461 2030 3498 mora-

336 3540 546 3594 bantur
575 3536 887 3608 peregrini,
921 3553 983 3589 ac
1016 3535 1125 3606 ipsi
1150 3551 1379 3606 quoque
1414 3534 1738 3598 Donatistae,
1769 3533 2031 3588 adierunt

335 3626 743 3697 Augustinum,
775 3629 1161 3695 rogaruntque
1195 3627 1256 3677 ut
1283 3639 1410 3677 cum
1446 3623 1772 3690 Fortunato,
1801 3621 1898 3692 qui
1928 3623 2029 3676 do-

333 3720 455 3769 ctus
496 3715 567 3768 ab
597 3713 677 3767 eis
716 3713 1054 3777 habebatur,
1087 3712 1155 3766 de
1188 3713 1334 3781 Lege
1366 3715 1649 3765 tractaret.
1678 3710 2032 3781 Augustinus

333 3808 565 3874 paratus
612 3818 839 3870 semper
888 3802 959 3855 ad
995 3801 1348 3854 reddendam
1396 3799 1531 3854 ﬁdei
1581 3817 1695 3854 suae
1727 3800 2027 3866 rationein,

334 3891 571 3960 speique
614 3905 678 3942 ac
720 3889 943 3942 ﬁduciae
987 3904 1158 3958 quam
1205 3886 1264 3940 in
1315 3889 1426 3941 Deo
1457 3889 1778 3953 collocarat,
1813 3892 1868 3941 et
1897 3905 2031 3941 sane

334 3983 532 4049 potens
590 3977 879 4030 exhortari
932 3976 990 4030 in
1022 3975 1282 4029 doctrina
1309 3991 1468 4042 sana,
1499 3980 1554 4028 et
1584 3975 2030 4029 contradicentes

335 4081 725 4136 arguere,non
751 4063 1080 4117 detrectavit
1109 4063 1459 4133 colloquium
1489 4064 1615 4116 :sed
1647 4067 1838 4117 utrum
1859 4064 2030 4117 etiam

336 4157 677 4210 Fortunatus
709 4153 763 4207 id
791 4156 1101 4222 expeteret,
1135 4138 1448 4204 sciscitatus
1471 4155 1578 4205 est.
1613 4151 1775 4214 Quod
1805 4151 1885 4204 illi
1904 4168 2032 4204 eon-

335 4243 524 4298 festim
555 4242 626 4296 ad
665 4243 1039 4296 Fortunatum
1071 4240 1419 4305 detulerunt,
1453 4244 1713 4330 petentes
1743 4245 1799 4292 et
1828 4240 2029 4293 cohor-

334 4337 518 4387 tantes
539 4348 603 4385 ac
629 4330 951 4400 ﬂagitantes
979 4344 1049 4382 ne
1071 4343 1443 4397 congressum
1474 4328 1780 4382 recusaret.
1810 4328 1906 4381 Ille
1933 4328 2032 4398 qui

335 4419 758 4473 formidandum
790 4418 942 4471 hunc
969 4417 1379 4482 adversarium,
1426 4416 1563 4470 dum
1592 4415 2033 4470 Manichaeorum

334 4513 526 4578 partes
557 4512 910 4577 sequeretur,
935 4505 1276 4575 Carthagine
1317 4510 1570 4570 noverat,
1593 4505 1688 4559 diu
1717 4505 1882 4575 inops
1907 4521 2035 4557 con-

337 4595 447 4648 silii
476 4595 790 4650 tluctuavit.
835 4597 1039 4648 Verum
1071 4593 1293 4664 magnis
1319 4593 1595 4663 ipsorum,
1628 4593 1875 4647 maxime
1920 4594 2032 4646 Illa-

335 4683 709 4747 niclueorum,
743 4684 1008 4753 precibus
1037 4681 1305 4737 reluctari
1337 4698 1452 4735 non
1484 4681 1706 4751 potuit;
1735 4698 1804 4735 ne
1837 4681 2032 4751 dispu-

335 4771 568 4826 tationis
597 4777 887 4826 certamen
932 4772 1321 4834 detrectando,
1354 4787 1537 4825 causa:
1571 4787 1688 4824 suae
1728 4771 2032 4824 inﬁrmita-

335 4863 450 4912 tem
474 4859 642 4912 tacite
663 4859 950 4928 proderet.
974 4861 1173 4930 Itaque
1197 4858 1326 4912 sein
1347 4875 1579 4912 arenam
1603 4859 2030 4926 descensurum,

336 4953 392 5001 et
419 4950 606 5017 partes
655 4963 785 4999 suas
817 4952 1315 5016 propugnatorum
1346 4951 1429 5001 est
1459 4947 1746 5017 pollicitus
1779 4950 2028 5016 (Possid.,

336 5038 395 5089 in
427 5038 554 5092 Vita
581 5037 842 5103 August,
876 5050 922 5088 ο.
955 5036 1028 5104 6).
1064 5036 1402 5106 Designatus
1434 5035 1541 5090 fuit
1569 5035 1688 5090 dies
1719 5040 1773 5090 et
1795 5037 2032 5099 locus,et

335 5124 710 5179 constitutum
743 5127 804 5176 ut
843 5122 1063 5176 ratione
1097 5123 1492 5190 discuteretur,
1535 5141 1604 5178 an
1634 5129 1866 5195 possent
1912 5141 2030 5178 esse

337 5213 583 5283 geminae
627 5217 866 5279 naturae,
916 5216 1212 5265 coaeternte
1243 5219 1300 5266 et
1343 5213 1667 5283 contrariae,
1699 5217 1868 5284 prout
1897 5230 2033 5267 con-

336 5303 646 5356 tendebant
677 5299 990 5355 Mauichaai.
1023 5300 1160 5353 Cum
1193 5299 1348 5353 enim
1379 5302 1461 5355 illi
1501 5301 1752 5356 haeretici
1782 5301 2037 5371 Scriptu-

341 5405 534 5443 rarum
584 5391 774 5459 plures
806 5406 910 5459 pro
943 5387 1107 5441 libitn
1149 5394 1336 5458 partes
1366 5390 1685 5457 rejicerent,
1729 5407 2031 5461 operosum

339 5481 460 5529 erat
485 5493 581 5530 eos
604 5479 940 5532 auctoritate
971 5476 1332 5530 convincere.
1373 5479 1536 5546 Apud
1573 5479 1891 5548 Hipponem
1927 5478 2034 5550 igi-

341 5571 434 5619 tur
459 5574 845 5622 convenerunt
874 5567 930 5621 in
957 5567 1192 5622 Balneas
1215 5565 1386 5620 Sossii
1413 5567 1612 5640 quinto
1645 5568 1918 5622 kalendas
1949 5585 2036 5622 se-

3740 309 3847 362 188

2142 454 2438 525 ptembris,
2488 468 2640 506 anno
2687 449 3087 505 trecentesimo
3149 448 3518 517 nonagesimo
3571 448 3842 511 secundo,

2141 541 2564 596 confluentibus
2588 539 2704 594 illic
2733 555 2906 610 quam
2940 537 3203 609 plurimis
3235 536 3368 589 viris
3400 535 3659 600 eruditis,
3689 536 3845 588 aliis-

2143 647 2254 702 que
2285 632 2398 684 sive
2427 629 2678 684 discendi
2709 628 3040 687 studio,sive
3070 627 3395 680 curiositate
3415 627 3594 680 ductis
3625 626 3849 695 (Contra

2144 723 2454 787 Fortunat,
2483 720 2689 788 disput.
2732 721 2780 783 1,
2822 734 2877 771 η.
2919 717 2986 781 1).
3021 716 3136 769 Sub
3168 720 3437 769 Actorum
3469 717 3638 768 tinem
3669 714 3849 785 signi-

2145 809 2305 864 ﬁcari
2336 809 2532 862 credas
2561 807 2706 861 solos
2746 807 2941 860 ﬁdeles
2972 805 3283 876 baptizatos
3309 804 3553 858 adfuisse
3585 804 3842 873 disputa-

2142 898 2293 952 tioni
2341 895 2603 951 secundae
2651 895 2834 962 (Ibid.,
2869 894 3074 962 disput.
3109 897 3160 959 ‘2,
3195 910 3252 946 η.
3299 896 3387 956 37)
3422 909 3436 946 :
3471 891 3844 946 nihilominus

2145 986 2328 1056 liquet
2356 1001 2418 1038 ex
2452 982 2728 1050 Possidio,
2769 982 3102 1037 Manichzeos
3141 981 3312 1034 etiam
3345 981 3558 1051 plures,
3603 996 3732 1034 cum
3779 980 3841 1033 in

2141 1091 2208 1127 ea
2256 1075 2598 1128 Fortunatus
2629 1070 2934 1136 obmutuit,
2970 1074 3277 1139 praesentes
3318 1068 3488 1122 fuisse
3535 1069 3723 1136 (Poss.,
3785 1073 3845 1121 in

2148 1165 2277 1218 Vita
2325 1163 2587 1227 August,
2637 1176 2682 1214 c.
2737 1163 2826 1225 6);
2865 1158 3070 1229 vixque
3099 1173 3163 1211 ac
3193 1174 3262 1210 ne
3303 1156 3394 1210 vix
3423 1157 3653 1227 quidem
3685 1158 3844 1210 credi

2139 1251 2326 1317 potest
2371 1262 2489 1300 rem
2523 1261 2581 1298 se
2612 1244 2776 1298 aliter
2807 1243 3088 1296 habuisse.
3128 1241 3422 1312 Utrimque
3455 1241 3599 1294 diota
3631 1243 3843 1295 notarii

2139 1335 2296 1388 velut
2326 1333 2383 1386 in
2417 1333 2556 1386 actis
2577 1330 2819 1403 publicis
2841 1330 3211 1400 excipiebant.
3234 1331 3610 1383 Fortunatum
3636 1329 3848 1398 pressit

2139 1422 2490 1493 Augustinus
2511 1422 2638 1488 hoc,
2670 1420 2822 1490 quod
2849 1437 2883 1472 a
2913 1419 3182 1472 Nebridio
3203 1423 3518 1488 acceperat,
3543 1433 3848 1488 argumen-

2139 1515 2198 1564 to
2235 1526 2248 1564 :
2272 1509 2330 1564 Si
2371 1511 2516 1562 Deus
2542 1525 2574 1562 a
2602 1512 2770 1578 gente
2792 1507 3181 1571 tenebrarum,
3210 1522 3384 1576 quam
3402 1505 3846 1559 comminiscun-

2139 1604 2234 1652 tur
2263 1597 2578 1660 Manicliaei,
2611 1595 2756 1649 nihil
2799 1594 2917 1665 pati
2944 1595 3152 1666 potuit,
3195 1595 3330 1665 quia
3357 1593 3702 1648 inviolabilis
3733 1600 3844 1658 est,

2140 1704 2256 1740 non
2295 1686 2491 1740 debuit
2516 1685 2757 1749 animas,
2791 1684 2899 1738 hoc
2929 1688 3031 1748 est,
3068 1683 3228 1751 juxta
3248 1698 3446 1736 eorum
3478 1682 3845 1742 sententiam,

2139 1780 2363 1846 partem
2391 1791 2508 1828 suae
2539 1771 2889 1837 substantia,
2920 1773 3031 1826 huc
3061 1772 3305 1836 mittere,
3331 1775 3392 1824 ut
3419 1786 3708 1824 aerumnas
3737 1786 3844 1840 pa-

2141 1869 2434 1928 terentur;
2479 1863 2565 1915 sin
2597 1868 2786 1915 autem
2819 1878 2852 1913 a
2883 1862 3248 1914 tenebrarum
3277 1864 3444 1930 gente
3474 1859 3686 1929 aliquid
3721 1858 3846 1928 pati

2140 1954 2351 2024 potuit,
2390 1953 2734 2006 inviolabilis
2772 1967 2889 2004 non
2921 1955 3025 2003 est.
3060 1951 3135 2004 Ex
3167 1949 3374 2020 quibus
3401 1948 3610 2002 inferre
3642 1947 3843 2008 voluit,

2141 2043 2357 2096 malum
2404 2059 2472 2095 ex
2520 2041 2700 2094 libero
2749 2039 3056 2092 voluntatis
3105 2037 3339 2091 arbitrio
3371 2052 3667 2101 emanare;
3700 2052 3837 2088 cum

2143 2132 2484 2184 Fortunatus
2517 2133 2778 2182 naturam
2811 2127 2948 2180 mali
2977 2142 3040 2179 ac
3069 2126 3436 2180 tenebrarum
3466 2126 3580 2179 Deo
3612 2124 3720 2195 ipsi
3746 2140 3842 2176 co-

2142 2223 2413 2272 mternam
2443 2217 2788 2287 persuadere
2818 2215 3135 2268 moliretur.
3172 2213 3453 2267 Producta
3478 2217 3564 2267 est
3584 2212 3843 2282 disputa-

2141 2307 2220 2360 tio
2239 2305 2557 2376 usquedum
2591 2307 2930 2358 Fortunatus
2960 2303 3018 2356 in
3050 2303 3195 2356 hanc
3225 2301 3617 2372 blasphemam
3644 2316 3844 2353 vocem

2142 2395 2330 2463 erupit
2363 2411 2376 2448 :
2409 2393 2741 2447 Sermonem
2779 2391 2874 2446 Dei
2905 2391 3141 2461 ligatum
3164 2405 3284 2443 esse
3310 2389 3369 2443 in
3390 2394 3558 2460 gente
3581 2389 3848 2442 tenebra-

2141 2500 2289 2537 rum.
2324 2482 2486 2546 Quod
2517 2498 2646 2534 cum
2676 2479 3102 2534 exhorruissent
3123 2478 3221 2549 qui
3244 2477 3498 2542 aderant,
3530 2477 3846 2530 discessum

2141 2576 2245 2625 est.
2291 2571 2399 2625 Sed
2448 2569 2718 2640 postridie
2751 2569 3198 2638 redintegratum
3230 2571 3314 2619 est
3341 2565 3640 2620 de-eodem
3672 2582 3846 2634 argu-

2143 2664 2336 2714 mento
2366 2658 2738 2729 colloquium,
2790 2657 2848 2710 in
2895 2672 3008 2726 quo
3040 2657 3382 2709 Fortunatus
3427 2653 3488 2707 in
3523 2669 3617 2707 eas
3665 2669 3848 2723 augu-

2145 2747 2279 2799 stias
2310 2745 2378 2798 ab
2399 2745 2716 2815 Augustino
2743 2745 3068 2815 compulsus
3089 2748 3194 2809 est,
3214 2750 3279 2796 ut
3299 2743 3368 2796 ab
3392 2741 3539 2812 ipso,
3567 2741 3846 2812 quidnam

2140 2835 2393 2889 dicturus
2443 2841 2610 2900 esset,
2660 2833 2907 2904 petierit,
2957 2832 3244 2886 confessus
3293 2831 3437 2885 nihil
3485 2847 3542 2884 se
3581 2830 3845 2884 invenire

2140 2923 2293 2995 quod
2315 2922 2546 2976 diceret.
2581 2924 2723 2975 Tum
2753 2920 3106 2992 Augustinus
3137 2921 3287 2974 ultro
3317 2919 3368 2972 ei
3408 2918 3694 2989 pollicitus
3735 2923 3842 2976 est.

2140 3029 2199 3066 se
2225 3012 2564 3065 catholicam
2612 3010 2804 3074 ﬁdem,
2852 3009 2898 3062 si
2931 3009 3099 3063 modo
3133 3008 3415 3062 auditores
3446 3007 3848 3078 permitterent

2141 3105 2197 3153 et
2222 3100 2452 3164 vellent,
2486 3098 2895 3168 expositurum.
2930 3096 3248 3166 Respondit
3287 3097 3646 3160 Fortunatus,
3680 3111 3742 3148 se
3773 3095 3844 3149 de

2141 3186 2445 3255 Augustini
2477 3189 2816 3255 argumento
2847 3184 2918 3238 ad
2947 3184 3321 3253 peritissimos
3348 3189 3513 3237 sectae
3540 3199 3659 3236 suae
3692 3183 3839 3236 rela-

2140 3280 2332 3327 turum
2368 3290 2380 3328 :
2415 3274 2513 3344 qui
2537 3274 2581 3327 si
2604 3273 2793 3326 minus
2817 3271 3249 3341 interrogationi
3279 3287 3395 3324 sua:
3415 3271 3667 3324 facerent
3683 3270 3843 3338 satis,

2141 3379 2220 3426 se,
2243 3362 2517 3432 quoniam
2559 3361 2764 3414 animus
2804 3377 2920 3414 suae
2949 3361 3242 3414 consulere
3262 3361 3449 3425 vellet,
3482 3360 3548 3413 ad
3591 3359 3726 3413 ﬁdei
3759 3375 3849 3411 ca-

2140 3451 2364 3504 tholica:
2410 3449 2862 3520 inquisitionem,
2913 3465 3085 3520 quam
3141 3447 3493 3519 Augustinus
3545 3447 3846 3514 otferebat,

2141 3554 2260 3592 esse
2292 3543 2618 3591 venturum.
2653 3538 2794 3591 Cum
2825 3537 2872 3590 is
2902 3537 3102 3592 fuisset
3130 3537 3300 3606 hujus
3323 3534 3724 3606 disputationis
3747 3551 3846 3587 ex-

2142 3627 2280 3692 itus;
2317 3625 2416 3696 qui
2450 3626 2743 3679 Fortunati
2774 3625 3155 3679 eruditionem
3188 3629 3356 3694 atque
3378 3623 3690 3678 doctrinam
3727 3625 3852 3694 plli-

2143 3715 2274 3768 rimi
2302 3716 2574 3782 fecerant,
2623 3713 2766 3767 nihil
2797 3729 2929 3766 eum
2981 3713 3040 3765 in
3071 3729 3261 3766 errore
3291 3728 3394 3764 suo
3426 3710 3851 3781 propugnando

2141 3802 2380 3856 valuisse
2407 3802 2758 3872 judicarunt.
2803 3802 2904 3854 llle
2935 3817 3065 3853 vero
3112 3817 3241 3853 cum
3291 3800 3462 3853 ﬁdem
3507 3799 3849 3852 catholicam

2141 3889 2408 3960 amplecti
2439 3888 2744 3953 debuisset,
2777 3889 2848 3941 ob
2877 3887 3163 3958 publicam
3196 3887 3490 3940 infamiam
3514 3903 3684 3956 quam
3717 3903 3853 3939 con-

2142 3993 2383 4048 coquere
2416 3993 2528 4030 non
2559 3980 2797 4047 poterat,
2829 3977 3124 4046 aliquanto
3156 3981 3285 4046 post
3315 3992 3382 4028 ex
3419 3976 3555 4028 urbe
3586 3974 3849 4028 discessit

2142 4067 2350 4120 rubore
2383 4066 2651 4131 sutl‘usus,
2682 4081 2786 4118 nec
2817 4066 2886 4119 ad
2927 4081 3053 4119 eam
3085 4065 3331 4134 amplius
3364 4063 3654 4116 remeavit.
3691 4065 3851 4115 llanc

2142 4155 2584 4226 disputationem
2616 4154 2673 4207 in
2708 4154 2915 4207 librum
2949 4153 3245 4208 memoriae
3295 4152 3676 4205 mandandum
3719 4168 3851 4206 con-

2144 4244 2291 4298 ferre
2323 4241 2540 4296 curavit
2567 4242 2944 4312 Augustinus,
2970 4243 3199 4312 Deoque
3230 4240 3338 4312 piis
3368 4241 3520 4294 illius
3550 4240 3845 4293 laboribus

2144 4332 2390 4398 favente,
2431 4333 2714 4401 quotquot
2743 4330 2877 4384 huic
2918 4330 3224 4384 interfuere
3265 4328 3567 4399 colloquio,
3602 4328 3690 4381 vel
3721 4329 3848 4397 ejus

2141 4423 2274 4474 Acta
2303 4420 2686 4490 perlegerunt,
2740 4419 2961 4489 ejurato
2993 4435 3205 4484 errore,
3255 4419 3531 4471 sinceram
3564 4421 3620 4470 et
3650 4417 3848 4469 ortho-

2146 4509 2347 4563 doxam
2382 4507 2638 4561 Ecclesiae
2671 4507 2962 4560 catholica:
2992 4507 3168 4560 ﬁdem
3200 4505 3445 4576 amplexi
3468 4509 3601 4558 sunt
3633 4506 3739 4574 (Ibi
3757 4504 3846 4573 ι).

2146 4596 2438 4652 Manichmi
2494 4596 2732 4650 subinde
2766 4596 3085 4666 Hipponem
3127 4595 3408 4649 miserunt
3457 4594 3630 4648 alium
3681 4598 3850 4646 sectae

2144 4702 2260 4739 sum
2298 4685 2716 4756 presbyterum,
2751 4685 2913 4754 cujus
2945 4701 3157 4738 nomen
3186 4684 3471 4738 reticetur.
3507 4683 3853 4751 Conjeclura

2143 4780 2337 4828 tamen
2384 4789 2501 4826 non
2546 4773 2721 4838 deest,
2770 4789 2900 4826 eum
2936 4789 3055 4826 esse
3098 4773 3340 4826 Felicem
3382 4772 3567 4837 illum,
3615 4770 3684 4824 de
3735 4787 3851 4840 quo

2145 4879 2342 4917 sumus
2390 4861 2572 4915 acturi
2621 4878 2773 4914 anno
2831 4861 3398 4931 quadringentesimo
3445 4863 3669 4930 quarto.
3707 4857 3853 4912 Scri-

2144 4951 2257 5020 psit
2298 4951 2381 5004 illi
2411 4951 2786 5020 Augustinus,
2835 4950 3103 5020 idemque
3147 4954 3568 5018 argumentum,
3618 4963 3736 5017 quo
3791 4963 3852 5000 se

2146 5040 2490 5092 Fortunatus
2549 5039 2815 5110 expedire
2874 5038 3229 5108 nequiverat,
3287 5037 3616 5108 proposuit;
3676 5035 3852 5089 simul

2146 5127 2226 5179 illi
2284 5126 2648 5195 denuntians,
2706 5133 2768 5180 ut
2834 5133 2935 5181 aut
2989 5127 3367 5197 quaestionem
3425 5126 3691 5190 solveret,
3753 5130 3855 5179 aut

2145 5214 2457 5268 discederet
2486 5215 2685 5285 (Epist.
2718 5216 2829 5284 79).

2214 5304 2263 5356 4.
2299 5303 2378 5356 Ne
2407 5309 2600 5357 autem
2627 5320 2710 5368 ea,
2743 5320 2871 5373 quae
2901 5306 3098 5357 contra
3129 5301 3465 5357 Manichieos
3495 5301 3856 5371 Augustinus

2147 5391 2329 5444 adhuc
2373 5391 2665 5460 presbyter
2696 5392 2939 5462 scripsit,
2973 5391 3391 5461 disjungainus,
3433 5389 3724 5459 agendum
3759 5407 3857 5443 no-

2147 5479 2231 5533 bis
2261 5483 2346 5532 est
2372 5478 2479 5532 hoc
2510 5480 2632 5533 loco
2663 5480 2730 5534 de
2763 5479 3021 5550 ejusdem
3071 5479 3217 5532 libro
3265 5478 3532 5532 adversus
3580 5477 3860 5531 Adiman-

2149 5572 2272 5623 tum
2304 5569 2560 5638 (Retract.
2594 5571 2688 5623 lib.
2745 5574 2794 5636 1,
2827 5585 2947 5639 cap.
2997 5568 3108 5638 2'2),
3153 5568 3282 5622 licet
3332 5568 3378 5621 is
3426 5567 3537 5621 alia
3585 5569 3855 5638 quaedam
