4008 6184
190 323 279 374 l89
836 304 846 311 ’
1649 323 1850 378 LIBER
1891 323 2206 379 TERTIUS.

183 440 475 510 opuscula,
519 439 589 494 de
631 441 840 510 quibus
882 441 1142 495 nondum
1183 441 1446 507 diximus,
1491 443 1891 514 subsequatur.

183 529 525 582 Adimantus
565 529 693 594 iste,
729 546 829 583 seu
867 531 1076 596 Addas,
1110 547 1257 584 unus
1296 548 1326 585 e
1365 532 1564 602 primis
1604 538 1661 586 et
1700 534 1895 604 praeci-

180 617 303 688 puis
349 618 652 672 Maniclitei
692 617 1003 688 discipulis,
1051 620 1227 672 multa
1280 637 1347 673 ex
1409 625 1648 692 utroque
1697 623 1890 675 Testa-

181 712 377 760 mento
417 708 541 761 loca
581 712 919 774 corraserat,
961 725 1089 778 quae
1130 710 1283 762 velut
1323 710 1473 762 inter
1511 726 1568 763 se
1607 711 1892 764 contraria

180 796 530 849 veteratorie
560 813 879 866 opponens,
901 797 971 849 ab
1003 813 1117 850 uno
1148 797 1468 868 eodemque
1494 799 1606 852 Deo
1631 815 1751 852 esse
1778 816 1891 853 non

178 901 339 953 posse
375 885 778 938 contendebat.
809 885 948 938 Cum
981 883 1154 954 igitur
1177 884 1348 954 hujus
1377 885 1669 939 Adimanti
1702 886 1893 957 dispu-

177 973 428 1026 tationes
463 973 521 1026 in
554 989 758 1027 manus
787 972 1091 1042 Augustini
1123 973 1429 1038 venissent,
1464 990 1557 1026 eas
1583 991 1616 1026 a
1647 991 1703 1027 se
1733 976 1892 1028 refel-

180 1062 376 1114 lendas
408 1062 632 1130 putavit
655 1077 668 1116 :
694 1061 1134 1131 conscriptoque
1157 1060 1213 1114 in
1239 1062 1466 1115 easdem
1491 1063 1653 1124 libro,
1681 1063 1889 1116 utrius-

175 1166 282 1219 que
338 1151 487 1219 legis
531 1150 589 1202 in
638 1150 707 1202 iis
759 1149 912 1213 locis,
964 1166 1092 1220 quae
1142 1149 1249 1203 sibi
1308 1150 1549 1204 invicem
1607 1153 1890 1206 adversari

176 1239 410 1292 volebat
469 1238 828 1302 Adimantus,
881 1254 1226 1291 consensum
1273 1243 1328 1292 et
1381 1241 1740 1295 concordiam
1791 1243 1888 1296 de-

177 1326 544 1380 monstravit.
579 1327 642 1379 ln
678 1327 782 1380 hoc
826 1325 970 1380 libro
1012 1327 1423 1396 quaestionibus
1464 1328 1686 1398 aliquot
1715 1331 1889 1384 semel

178 1423 227 1468 et
252 1416 477 1468 iterum
508 1415 832 1484 respondet,
875 1415 1150 1486 quoniam
1191 1432 1319 1486 quae
1361 1416 1548 1485 primo
1581 1419 1889 1488 responde.-

177 1509 278 1567 rat,
324 1503 766 1568 interciderent,
811 1520 938 1574 quae
982 1509 1174 1558 tamen
1206 1509 1336 1575 post
1373 1506 1612 1558 alteram
1654 1523 1889 1577 respon-

177 1593 402 1645 sionem
438 1597 664 1661 reperta
693 1596 826 1645 sunt
859 1608 871 1645 :
904 1592 1176 1661 quasdam
1221 1591 1391 1645 etiam
1436 1593 1496 1645 in
1529 1593 1644 1646 suis
1673 1596 1744 1648 ad
1776 1596 1891 1663 ple-

175 1682 304 1734 bem
363 1680 742 1734 Sermonibus
796 1680 1067 1735 enodavit
1117 1681 1307 1749 (Serm.
1363 1684 1448 1747 l2,
1497 1697 1590 1735 nn.
1657 1686 1704 1746 l,
1762 1687 1811 1751 2)
1872 1701 1884 1739 :

172 1769 492 1822 nonnullas
516 1769 787 1840 denique,
811 1769 907 1823 sed
932 1785 1142 1839 paucas
1166 1769 1496 1833 admodum,
1525 1770 1732 1838 partim
1753 1769 1891 1823 obli-

173 1857 366 1922 vione,
403 1855 617 1928 partim
648 1857 895 1927 negotiis
928 1857 1266 1928 urgentibus
1311 1858 1607 1912 distractus
1651 1865 1886 1928 pl‘lPiL‘l‘-

176 1946 353 2000 misit.

823 2034 1050 2088 CAPUT
1093 2036 1230 2088 VIII.

181 2130 197 2178 l
237 2124 500 2181 Generale
534 2123 820 2176 concilium
851 2125 1020 2176 totius
1049 2124 1259 2189 Africae
1287 2125 1588 2178 celebratur
1619 2126 1884 2194 Hippone,

247 2217 304 2266 in
354 2228 463 2281 quo
512 2213 857 2279 Augustinus
899 2213 1028 2280 ﬁdei
1073 2213 1372 2279 symbolum
1421 2216 1670 2282 emponit.
1725 2217 1758 2266 2
1798 2214 1891 2267 Ad

244 2303 640 2367 Hieronymum
687 2301 898 2354 scribit.
951 2304 980 2353 3
1034 2302 1160 2354 Edit
1209 2303 1406 2355 librum
1458 2303 1520 2356 de
1581 2303 1770 2357 Genesi
1817 2303 1891 2354 ad

247 2391 516 2444 Litteram
565 2391 956 2457 imperfectum.
1005 2391 1038 2442 4
1079 2390 1268 2444 Libros
1305 2395 1490 2458 postea
1535 2391 1599 2443 de
1642 2391 1891 2446 Sermone

251 2479 472 2532 Domini
497 2481 556 2530 in
595 2481 786 2530 monte.
831 2480 860 2529 ὅ
903 2478 1106 2531 Scribit
1144 2480 1201 2530 in
1241 2480 1542 2546 Epistulam
1583 2479 1658 2532 ad
1696 2482 1888 2534 Itoma-

247 2581 364 2620 nos.
399 2569 432 2619 6
463 2567 679 2620 Necnon
725 2568 781 2618 in
822 2567 1121 2635 Epistulam
1162 2566 1236 2618 ad
1277 2566 1522 2620 Galatas.
1565 2572 1594 2620 '7
1643 2569 1888 2638 Opuscu—

245 2657 356 2708 lum
390 2654 459 2705 de
489 2654 788 2708 Maidacio.

249 2748 304 2800 l.
361 2747 535 2796 Anno
582 2743 790 2797 Christi
841 2742 1239 2797 trecentesimo
1279 2743 1649 2813 nonagesimo
1698 2745 1886 2809 terlio,

181 2838 376 2886 octavo
417 2832 550 2885 idus
589 2831 838 2886 octobris
888 2832 1151 2886 habitum
1193 2837 1277 2886 est
1321 2832 1630 2886 concilium
1677 2833 1887 2904 Hippo-

177 2937 350 2974 nense
382 2921 447 2974 in
474 2920 710 2974 ecclesia
741 2920 919 2978 Pacis,
950 2921 1110 2990 cujus
1141 2921 1390 2975 ecclesiae
1415 2937 1531 2974 non
1563 2923 1737 2974 semel
1768 2937 1887 2975 me-

176 3009 341 3063 minit
372 3009 734 3080 Augustinus
765 3011 962 3078 (Epist.
997 3011 1122 3075 ‘2l3,
1157 3026 1210 3063 n.
1259 3009 1328 3079 1).
1365 3010 1469 3063 Illa
1498 3013 1603 3075 est,
1635 3009 1720 3064 uti
1751 3027 1886 3064 cou-

159 3100 383 3168 jectare
425 3098 586 3162 libet,
630 3114 802 3168 quam
841 3098 1110 3167 Majorem
1158 3097 1449 3152 basilicam
1501 3099 1883 3168 appellabant.

163 3187 451 3240 Generale
496 3185 604 3240 fuit
632 3186 808 3239 totius
849 3186 1052 3240 Africae
1097 3186 1424 3253 concilium,
1475 3187 1537 3240 in
1577 3202 1690 3257 quo
1735 3187 1884 3240 haud

163 3275 344 3329 dubie
373 3275 650 3346 praesedit
677 3274 962 3339 Aurelius,
996 3291 1126 3329 cum
1155 3275 1350 3329 sedem
1382 3275 1884 3344 Carthaginensem

162 3370 302 3416 tunc
335 3363 652 3416 obtineret.
681 3363 938 3432 Magnam
972 3363 1223 3432 profecto
1256 3363 1738 3416 existimationem
1779 3363 1886 3417 sibi

156 3454 285 3521 jam
316 3451 682 3521 Augustinus
712 3456 1032 3522 pepererat.
1065 3453 1203 3505 Nam
1227 3468 1358 3506 cum
1382 3452 1614 3506 biennio
1643 3457 1774 3504 ante
1799 3469 1885 3504 res

163 3547 316 3593 esset
347 3539 596 3594 omnino
634 3539 910 3605 inaudita,
952 3541 1349 3610 presbyterum
1391 3556 1583 3593 coram
1618 3540 1886 3610 episeopo

163 3631 399 3694 dicere;
431 3629 633 3698 jussus
673 3627 769 3681 ille
811 3634 897 3682 est
935 3629 1006 3684 ab
1042 3628 1302 3698 ipsismet
1340 3627 1621 3699 episcopis
1668 3627 1727 3680 in
1774 3627 1883 3679 isto

163 3718 382 3772 celebri
413 3732 706 3777 consessu,
740 3717 808 3770 de
841 3716 970 3770 Fide
1002 3721 1058 3770 et
1086 3717 1354 3787 Symbolo
1385 3716 1681 3770 disserere.
1704 3715 1884 3779 Quam

167 3808 341 3860 etiam
370 3805 828 3876 disputationem
861 3804 1056 3858 amicis
1083 3805 1495 3859 studiosissime
1519 3804 1882 3869 instantibus,

169 3896 228 3948 in
261 3896 479 3948 librum
519 3893 620 3964 qui
650 3893 964 3946 etiamnum
995 3897 1196 3954 exstat,
1237 3893 1498 3962 redigere
1538 3897 1767 3945 coactus
1801 3897 1886 3946 est

170 3984 443 4046 (Retract.
488 3982 582 4034 lib.
623 3985 670 4047 1,
703 3997 829 4050 cap.
874 3982 975 4049 l7).
1013 3982 1077 4034 In
1108 3981 1215 4034 hoc
1245 3997 1417 4050 opere
1447 3981 1702 4050 singulos
1731 3981 1887 4050 Sym-

169 4071 286 4124 boli
316 4070 601 4124 articulos
630 4070 884 4139 exponit,
917 4085 1061 4139 quos
1090 4073 1284 4139 tamen
1312 4085 1428 4122 non
1461 4068 1665 4122 iisdem
1696 4069 1885 4122 verbis

167 4161 366 4220 refert,
404 4158 621 4230 quibus
653 4157 984 4211 memoriter
1006 4157 1243 4212 tenendi
1275 4157 1742 4227 Competentibus
1770 4162 1884 4210 tra-

167 4248 459 4302 debantur
507 4263 519 4300 :
553 4246 627 4299 ob
657 4246 711 4299 id
744 4246 908 4310 forte,
938 4245 1088 4316 quod
1122 4245 1348 4299 nonnisi
1377 4246 1436 4299 in
1472 4245 1640 4299 corde
1670 4262 1733 4300 ac
1764 4263 1883 4299 me-

175 4339 359 4391 moria
421 4337 622 4390 liceret
669 4335 784 4389 sive
841 4337 1044 4390 soleret
1096 4336 1430 4405 Symbolum
1483 4335 1650 4389 scribi
1703 4337 1884 4406 (Serm.

169 4430 295 4492 2I2,
325 4441 391 4478 η.
430 4429 489 4490 2,
521 4429 570 4477 et
600 4425 770 4479 Serm.
808 4426 935 4489 2H,
968 4440 1022 4478 π.
1063 4424 1130 4490 l).
1167 4425 1227 4477 In
1269 4424 1472 4477 eodem
1516 4423 1662 4478 libro
1689 4441 1886 4478 conce-

171 4515 281 4584 ptis
307 4513 506 4566 verbis
554 4513 912 4577 Manichaeos,
943 4513 1113 4565 tacito
1155 4517 1347 4566 tamen
1387 4528 1585 4565 eorum
1628 4512 1884 4578 nomine,

172 4602 387 4673 passim
422 4602 756 4654 insectatur.
789 4600 1056 4663 Quamvis
1085 4600 1206 4653 haec
1235 4599 1543 4671 Augustini
1565 4599 1761 4670 gloria
1788 4618 1884 4654 vo-

171 4693 463 4760 luptatem
509 4694 728 4742 crearet
774 4703 894 4757 prie
934 4687 1152 4741 caeteris
1198 4688 1442 4749 Valerio,
1492 4689 1646 4742 hunc
1697 4693 1886 4742 tamen

170 4779 345 4831 simul
383 4793 500 4830 non
531 4777 636 4830 levi
665 4776 1047 4830 sollicitudine
1079 4775 1281 4830 all'ecit.
1319 4777 1458 4830 Nam
1491 4793 1606 4846 quo
1638 4777 1886 4830 tenerius

171 4883 304 4919 eum
337 4864 666 4928 adamabat,
695 4880 763 4917 eo
787 4862 1078 4917 metuebat
1108 4862 1310 4932 magis,
1335 4880 1406 4917 ne
1431 4863 1600 4917 alicui
1626 4865 1884 4917 Ecclesia:

175 4951 606 5025 praeﬁciendus,
638 4952 959 5022 eriperetur
985 4951 1370 5021 Hipponensi:
1404 4953 1552 5022 quod
1586 4957 1738 5006 certe
1762 4953 1885 5023 jam

173 5058 359 5113 prope
390 5045 516 5093 erat
553 5046 618 5093 ut
666 5040 939 5105 eveniret,
975 5039 1083 5093 nisi
1132 5055 1191 5093 re
1239 5041 1468 5109 cognita
1515 5042 1769 5095 Valerius
1809 5041 1888 5094 sic

172 5148 308 5184 eum
343 5134 563 5183 secreto
594 5129 922 5193 abdidisset,
956 5133 1016 5182 ut
1046 5145 1074 5182 a
1103 5129 1493 5199 quaerentibus
1522 5130 1760 5184 minime
1792 5148 1889 5201 po-

169 5219 352 5272 tuerit
380 5217 646 5288 reperiri.
681 5219 792 5270 Hoc
834 5216 1226 5287 experimento
1253 5216 1518 5271 inductus
1546 5222 1631 5272 est
1657 5225 1886 5272 sanctus

167 5325 370 5368 senex,
401 5312 469 5362 ut
494 5323 628 5362 eum
658 5306 764 5360 sibi
789 5306 974 5359 adhuc
1003 5305 1211 5360 viventi
1243 5307 1301 5359 in
1331 5306 1662 5377 episcopatu
1693 5309 1888 5362 subro-

173 5398 431 5467 gandum
483 5401 732 5450 curaret.
783 5394 945 5458 Quod
1000 5409 1250 5464 quanam
1297 5395 1520 5449 ratione
1563 5397 1883 5467 contigerit,

178 5486 327 5538 infra
359 5484 566 5538 dicturi
609 5500 826 5536 sumus.
875 5482 1193 5536 Concilium
1230 5483 1619 5553 Hipponense,
1662 5484 1731 5537 de
1771 5501 1886 5554 quo

174 5589 306 5626 mox
339 5574 586 5642 egimus,
608 5572 827 5642 aliquot
849 5569 1003 5624 haud
1026 5569 1198 5623 dubie
1219 5575 1432 5624 statuta
1463 5571 1720 5640 sancivit,
1748 5589 1881 5644 qua).

3596 329 3694 382 l90

2005 445 2218 515 majore
2249 461 2313 497 ex
2339 449 2499 514 parte
2532 444 2590 497 in
2614 449 2725 498 tres
2755 451 2810 498 et
2839 445 3073 517 triginta
3092 447 3308 517 primos
3338 448 3697 505 Collectionis

2002 533 2279 586 Africanae
2311 550 2558 587 canones
2589 535 2798 588 inserta
2836 541 2986 589 sunt.
3027 536 3083 589 [d
3120 536 3374 605 primum
3418 537 3590 591 fuisse
3633 539 3701 591 vi-

2001 622 2167 675 detur
2196 621 2264 674 ab
2296 623 2526 676 Aurelio
2559 639 2621 676 ex
2655 627 2770 677 tota
2809 622 2992 677 Africa
3021 629 3450 694 congregatum,
3493 631 3557 679 ut
3585 627 3698 679 col-

2001 711 2217 781 lapsam
2242 711 2300 764 in
2322 711 2425 764 hac
2447 712 2797 782 amplissima
2822 713 3110 783 provincia
3141 714 3498 784 disciplinam
3530 715 3701 768 eccle-

2002 799 2284 852 siasticam
2319 799 2372 852 in
2415 799 2702 870 integrum
2745 800 3085 854 restitueret.
3123 802 3234 854 Nec
3263 801 3694 871 ambigendum,

2001 888 2142 959 quin
2173 888 2524 958 Augustinus
2555 889 2791 942 decretis
2822 889 2880 942 in
2913 890 3162 944 Concilio
3203 891 3522 944 sanciendis
3562 907 3698 960 ope-

2000 993 2123 1030 ram
2157 993 2316 1029 suam
2341 983 2550 1046 prmter
2577 982 2808 1031 caeteros
2839 979 3183 1048 prwstiterit.
3207 979 3518 1032 Concilium
3547 979 3694 1033 istud

2003 1065 2279 1118 Baronius
2321 1066 2681 1136 Archetypon
2725 1067 2976 1136 appellat
3016 1070 3252 1134 (Barea,
3288 1068 3361 1121 ad
3408 1083 3536 1122 ann.
3573 1070 3693 1133 393,

2000 1169 2118 1222 cap.
2156 1155 2263 1219 33).
2299 1169 2363 1206 ex
2395 1170 2504 1222 quo
2538 1154 2666 1218 alia,
2699 1170 2826 1224 qua:
2868 1159 3060 1224 postea
3096 1155 3152 1208 in
3195 1155 3378 1208 Africa
3419 1155 3699 1209 celebrata

1999 1247 2151 1300 sunt,
2184 1243 2480 1310 complura
2517 1241 2729 1295 fuerint
2759 1247 3036 1307 mutuata,
3065 1243 3134 1296 iis
3164 1243 3418 1312 adjectis,
3450 1259 3577 1314 qum
3608 1260 3696 1296 sa-

2000 1329 2253 1384 lubriora
2285 1330 2404 1383 fore
2437 1330 2781 1400 experiendo
2815 1331 3146 1385 didicerant.

2069 1421 2126 1472 2.
2166 1418 2251 1471 Ad
2298 1418 2449 1472 hunc
2495 1435 2711 1472 annum
2763 1420 3230 1474 trecentesimum
3262 1420 3697 1490 nonagesimum

1997 1509 2232 1562 tertium
2264 1510 2436 1563 refert
2469 1511 2745 1564 Baronius
2773 1511 2984 1581 Alypii,
3023 1512 3279 1564 nondum
3311 1510 3542 1581 quidem
3576 1510 3698 1580 epi-

1998 1597 2178 1667 scopi,
2211 1598 2304 1651 sed
2333 1599 2451 1668 jam
2485 1599 2817 1670 episcopatu
2849 1599 3007 1670 digni
3040 1602 3233 1668 (Epist.
3267 1601 3356 1666 '28,
3388 1615 3442 1654 η,
3483 1599 3537 1668 1)
3566 1615 3698 1669 pro-

1998 1685 2302 1739 fectionem
2334 1687 2392 1739 in
2425 1687 2805 1742 Palmstinam.
2838 1689 2902 1741 Et
2931 1687 3114 1758 reipsa
3136 1703 3436 1745 eumeum
3457 1688 3527 1740 ad
3560 1689 3699 1740 Pau-

1999 1773 2179 1826 linum
2204 1775 2476 1828 scriberet
2495 1791 2645 1828 anno
2660 1775 3057 1829 trecentesimo
3077 1775 3448 1844 nonagesimo
3469 1779 3693 1844 quarto,

1991 1863 2114 1931 jam
2146 1863 2476 1934 episcopum
2520 1868 2773 1918 creatum
2812 1863 2984 1917 fuisse
3024 1864 3342 1916 videbimus
3375 1864 3572 1933 (Epist.
3606 1866 3696 1928 Ἡ,

1997 1967 2051 2004 η.
2092 1955 2137 2018 1,
2169 1956 2218 2004 et
2264 1954 2320 2004 in
2361 1953 2558 2021 titulo).
2605 1952 2752 2005 Nihil
2795 1951 2863 2005 de
2904 1952 3006 2004 hac
3047 1951 3507 2020 peregrinatione
3547 1967 3698 2004 com-1

1998 2045 2246 2110 perium,
2300 2040 2407 2093 nisi
2454 2040 2636 2093 visum
2694 2039 2864 2093 fuisse
2913 2039 2982 2092 ab
3033 2040 3233 2108 Alypio
3290 2038 3696 2107 Hieronymum

1995 2128 2198 2196 (Epist.
2233 2130 2321 2192 28,
2353 2144 2410 2182 n.
2447 2130 2517 2196 l).
2552 2128 2650 2198 qui
2699 2129 2851 2197 apud
2900 2128 3234 2181 Bethlehem
3275 2127 3394 2196 jam
3443 2125 3576 2180 inde
3627 2126 3698 2180 ab

1999 2233 2150 2269 anno
2191 2217 2587 2270 trecentesimo
2626 2216 2972 2286 octogesimo
3014 2222 3171 2269 sexto
3218 2216 3481 2285 degebat,
3513 2219 3571 2268 et
3619 2215 3698 2268 ibi

1997 2304 2170 2358 variis
2215 2305 2431 2374 ingenii
2478 2306 2564 2358 sui
2615 2305 3126 2370 lucubrationibus,
3159 2305 3365 2375 quibus
3414 2319 3600 2357 sacros
3639 2303 3698 2357 in

1999 2393 2201 2462 primis
2250 2393 2467 2448 codices
2525 2393 2860 2463 exponebat,
2913 2408 3178 2462 magnam
3247 2392 3353 2445 sibi
3407 2391 3695 2446 existima-

1999 2481 2211 2533 tionem
2244 2484 2561 2550 pepererat.
2602 2481 2711 2533 lloc
2743 2479 3128 2550 placidissimo
3172 2479 3548 2549 Hieronymus
3577 2479 3694 2532 otio

2001 2573 2055 2622 et
2085 2569 2485 2622 exercitatione
2511 2585 2636 2621 vere
2670 2567 2888 2622 liberali
2920 2567 3235 2636 Augustino
3261 2567 3510 2637 primum
3534 2566 3697 2620 inno-

2001 2657 2129 2711 tuit.
2167 2659 2422 2727 Cumque
2467 2657 2597 2711 huic
2629 2673 2691 2711 ex
2732 2656 2950 2727 ingenii
2995 2657 3204 2711 fetibus
3244 2660 3388 2710 esset
3417 2656 3696 2725 cognitus,

2000 2750 2295 2815 supererat
2326 2751 2387 2798 ut
2414 2745 2483 2799 de
2515 2745 2655 2798 facie
2686 2749 3034 2798 nosceretur.
3065 2745 3194 2798 Erat
3213 2743 3332 2797 haec
3361 2743 3552 2796 minor
3575 2743 3700 2796 Hie-

1997 2833 2221 2904 ronymi
2243 2849 2372 2902 pars
2398 2850 2410 2886 :
2436 2837 2687 2886 attamen
2708 2836 2865 2885 tanta
2886 2832 3104 2886 indoles
3133 2831 3192 2883 in
3213 2831 3530 2901 Augustino
3556 2835 3695 2894 erat,

1999 2926 2061 2975 ut
2091 2921 2262 2974 etiam
2297 2919 2554 2974 videndis
2598 2919 2796 2972 amicis
2835 2919 2994 2972 avide
3034 2918 3282 2971 inhiaret
3319 2918 3542 2987 (lbi(l.).
3593 2919 3694 2970 Ve-

1999 3025 2124 3063 rum
2158 3009 2306 3080 quod
2341 3025 2442 3078 per
2491 3025 2550 3061 se
2594 3023 2711 3061 non
2761 3007 2966 3077 potuit,
2997 3023 3101 3077 per
3145 3006 3434 3076 Alypium,
3467 3005 3698 3076 quicum

1997 3113 2147 3149 unus
2178 3095 2367 3149 animo
2397 3100 2538 3162 erat,
2571 3095 2680 3149 fuit
2699 3100 3053 3151 consecutus.
3087 3095 3242 3149 Illius
3270 3093 3696 3147 familiarissimi

1997 3184 2085 3238 sui
2115 3185 2313 3249 oculis,
2357 3167 2579 3238 necnon
2612 3185 2866 3254 ejusdem
2899 3183 3122 3238 reducis
3167 3183 3464 3248 relatione,
3502 3182 3696 3236 Hiero-

1995 3290 2234 3344 nymum
2267 3273 2424 3328 vidit.
2453 3275 2595 3327 Tum
2627 3273 2879 3342 primum
2901 3272 3072 3326 etiam
3106 3272 3482 3341 Hieronymus
3503 3274 3702 3340 Augu-

1998 3361 2212 3415 stinum
2260 3377 2325 3414 ex
2375 3362 2484 3427 his,
2528 3379 2656 3432 qua:
2697 3362 2767 3414 ab
2817 3361 3018 3432 Alypio
3063 3362 3130 3415 de
3179 3361 3278 3412 illo
3323 3359 3522 3413 didicit
3549 3375 3700 3412 anno

1996 3451 2394 3505 trecentesimo
2421 3450 2792 3518 nonagesimo
2819 3455 3041 3520 quarto,
3077 3454 3134 3502 et
3161 3449 3444 3519 cognovit,
3471 3452 3527 3501 et
3557 3447 3699 3501 dile-

1996 3541 2078 3594 xit
2112 3556 2125 3593 :
2161 3539 2303 3593 adeo
2344 3545 2407 3593 ut
2436 3555 2564 3592 cum
2597 3539 2826 3608 quidam
2858 3537 3195 3591 Profuturus
3233 3537 3291 3589 in
3336 3535 3698 3590 Palmstinam

1993 3629 2351 3698 profecturus
2381 3631 2547 3692 esset,
2579 3626 2931 3696 Augustinus
2975 3626 3151 3694 (cujus
3195 3625 3311 3691 ille,
3341 3628 3406 3677 ut
3443 3623 3686 3687 videtur,

1996 3716 2309 3785 discipulus
2331 3715 2466 3782 erat)
2486 3714 2620 3767 satis
2650 3718 2802 3767 arcta
2829 3712 3245 3767 necessitudine
3267 3728 3324 3765 se
3349 3711 3554 3765 Hieron
3559 3727 3693 3780 ymo

1996 3805 2365 3874 conjunctum
2389 3803 2626 3873 putarit,
2649 3809 2712 3856 ut
2735 3819 2866 3856 eum
2889 3802 2994 3872 ipsi
3017 3801 3468 3864 commendaret,
3492 3805 3546 3854 et
3566 3816 3700 3853 suos

1997 3893 2181 3946 eidem
2216 3909 2436 3957 sensus,
2483 3908 2612 3944 cum
2653 3908 2826 3961 super
2854 3890 3024 3943 variis
3064 3890 3202 3943 locis
3239 3905 3480 3959 operum
3520 3887 3692 3958 hujus

1997 3981 2174 4034 sancti
2223 3981 2490 4047 doctoris,
2533 3980 2743 4034 tumin
2796 3979 2996 4050 primis
3026 3995 3198 4049 super
3240 3977 3391 4032 Petri
3437 3982 3493 4031 et
3540 3976 3701 4030 Pauli

1997 4069 2404 4140 disceptatione
2447 4070 2757 4139 detegeret.
2797 4069 2967 4138 Optat
2996 4069 3165 4121 etiam
3199 4073 3259 4120 ut
3291 4067 3533 4120 vicissim
3570 4066 3701 4119 Hie-

1995 4176 2273 4230 ronymus
2304 4159 2358 4211 in
2394 4158 2617 4229 scriptis
2666 4157 2782 4212 suis
2826 4157 3102 4227 legendis,
3145 4172 3390 4226 quorum
3422 4155 3700 4208 nonnulla

1995 4265 2099 4319 per
2129 4248 2492 4301 Profuturum
2525 4247 2633 4316 ipsi
2659 4246 2934 4309 mittebat,
2963 4245 3162 4298 eadem
3197 4243 3420 4297 licentia
3445 4259 3509 4296 ac
3534 4242 3700 4296 liber-

1995 4341 2108 4389 tate
2139 4336 2365 4389 fruatur
2396 4336 2556 4402 (lbid.
2577 4377 2590 4401 ,
2631 4351 2687 4390 τι.
2725 4335 2796 4403 6).
2841 4336 2993 4388 Hanc
3023 4332 3319 4402 epistolam
3352 4331 3538 4384 adhuc
3565 4345 3699 4400 pre-

1997 4424 2188 4494 sbyter
2221 4423 2444 4494 scripsit
2475 4427 2671 4492 (Epist.
2709 4427 2799 4484 7t,
2839 4439 2893 4477 n.
2927 4423 3000 4492 2),
3034 4438 3096 4474 ac
3125 4420 3367 4490 proinde
3403 4435 3554 4472 anno
3589 4426 3700 4472 tre-

1997 4510 2307 4564 centesimo
2339 4511 2713 4579 nonagesimo
2746 4515 2963 4581 quarto,
2989 4511 3071 4562 vel
3092 4506 3488 4561 trecentesimo
3521 4523 3698 4559 nona-

1996 4599 2214 4670 gesimo
2247 4599 2464 4670 quinto.
2519 4601 2725 4653 Verum
2759 4598 2987 4653 nonnisi
3017 4598 3190 4666 longo
3239 4601 3369 4666 post
3405 4595 3701 4648 intervallo

2000 4688 2220 4742 reddita
2245 4689 2351 4742 fuit
2375 4688 2712 4760 Hieronymo
2738 4704 2750 4741 :
2775 4686 3059 4757 siquidem
3081 4685 3439 4752 Profuturus,
3463 4685 3551 4736 cui
3576 4700 3700 4738 eam

1999 4775 2328 4841 tradiderat,
2380 4793 2494 4831 non
2548 4782 2627 4830 est
2672 4775 2975 4846 profectus.
3016 4774 3160 4828 Cum
3210 4772 3363 4825 enim
3403 4789 3462 4826 se
3510 4772 3701 4826 itineri

1995 4867 2404 4920 commissurus
2436 4871 2600 4930 esset,
2636 4865 2936 4934 cpiscopus
2968 4863 3380 4928 creatus,haud
3413 4863 3489 4916 ita
3522 4861 3702 4914 multo

1994 4961 2127 5026 post
2155 4972 2184 5008 e
2213 4955 2324 5008 vita
2352 4953 2608 5008 discessit
2647 4954 2842 5024 (Epist.
2878 4955 2971 5019 72,
2997 4969 3054 5007 η.
3093 4954 3160 5019 l).
3209 4952 3445 5005 Videtur
3487 4950 3534 5003 is
3579 4964 3699 5002 esse

1997 5044 2355 5110 Profuturus,
2395 5043 2493 5114 qui
2533 5041 2804 5097 Cirtensis
2843 5041 2950 5096 fuit
2989 5041 3308 5111 episcopus,
3341 5039 3536 5109 paucis
3565 5041 3697 5090 ante

1997 5133 2162 5186 annis
2197 5132 2518 5196 defunctus,
2553 5146 2726 5202 quam
2755 5130 3108 5201 Augustinus
3145 5129 3214 5182 de
3249 5127 3535 5197 Baptismo
3564 5141 3701 5178 con-

1994 5226 2081 5274 tra
2114 5220 2455 5274 Petilianum
2486 5219 2760 5273 scriberet
2785 5220 2878 5289 (De
2913 5221 3076 5274 Unico
3106 5220 3290 5286 Bapt.,
3315 5232 3369 5268 n.
3399 5213 3518 5283 29).

2067 5313 2119 5363 3.
2150 5311 2289 5361 Cum
2331 5307 2635 5377 Augustini
2683 5307 3073 5378 episcopatum
3119 5306 3184 5358 ad
3218 5303 3365 5356 anni
3404 5300 3695 5371 sequentis

1996 5396 2234 5459 exitum,
2279 5397 2385 5448 hoc
2430 5400 2514 5450 est
2562 5397 2631 5450 ad
2677 5412 2894 5450 annum
2940 5392 3399 5448 trecentesimum
3451 5405 3698 5460 nonage-

1997 5485 2203 5537 simum
2232 5483 2519 5553 quintum,
2554 5484 2788 5538 relaturi
2822 5483 3019 5546 simus,
3046 5495 3219 5549 opera
3249 5493 3377 5548 qua:
3407 5481 3538 5547 post
3566 5493 3700 5530 con-

1997 5573 2192 5627 cilium
2246 5571 2605 5643 llipponeuse
2654 5571 2990 5640 conscripsit
3036 5565 3508 5638 presbyterii,sui
3555 5569 3707 5619 tem-
