4008 6184
311 301 402 355 191
1552 288 1714 342 VITA
1752 287 1806 342 S.
1848 282 2223 341 AUGUSTINI
2271 282 2612 338 EPISCOPI.

305 437 444 493 pore
468 419 528 474 in
556 415 827 490 praesenti
857 430 1006 469 anno
1037 411 1476 468 recensebimus.
1508 411 1699 466 Primo
1730 411 1850 482 ipse
1880 411 2002 464 loco

307 511 516 566 librum
546 509 614 563 de
655 505 859 563 Genesi
903 505 970 559 ad
1015 503 1281 558 Litteram
1317 502 1716 574 imperfectum
1745 501 2000 555 collocat.

304 599 562 654 Primum
594 597 768 652 etiam
800 599 884 650 est
908 593 1070 647 istius
1095 593 1321 663 generis
1347 608 1491 663 opus
1511 591 1666 663 quod
1696 591 1754 643 in
1786 604 2004 642 sacram

304 687 654 757 Scripturam
696 681 1030 753 conscripsit
1062 699 1075 736 :
1107 681 1218 735 duo
1249 680 1535 750 siquidem
1577 677 1731 746 libri,
1762 693 1903 748 quos
1933 676 2002 731 de

305 775 505 830 Genesi
535 778 730 828 contra
768 771 1104 826 Manichaeos
1134 769 1449 838 scripserat,
1484 766 1845 837 allegoricam
1875 769 2001 819 tan-

303 863 600 918 tummodo
667 859 1082 931 expositionem
1147 856 1534 911 continebant.
1602 856 1762 909 Hunc
1827 853 2004 925 igitur

302 951 618 1022 composuit
653 950 1064 1020 exploraturus,
1100 962 1238 1000 num
1269 945 1341 999 ad
1370 943 1771 1014 perspicienda
1808 959 2000 996 rerum

305 1040 654 1095 naturalium
685 1052 911 1102 arcana,
945 1051 1123 1105 eaque
1154 1034 1225 1088 ad
1257 1033 1526 1095 litteram,
1550 1033 1659 1086 hoc
1689 1036 1773 1085 est
1803 1047 2002 1084 secun-

303 1130 437 1182 dum
463 1126 791 1182 historicam
821 1124 1233 1195 proprietatem
1266 1121 1436 1193 (quod
1471 1137 1614 1191 opus
1655 1119 2002 1189 negotiosis-

303 1218 512 1270 simum
536 1220 713 1281 vocat,
730 1231 793 1267 ac
805 1213 1251 1281 difficillimum),
1267 1210 1602 1281 exponenda
1616 1208 1748 1261 satis
1769 1208 1999 1261 valeret.

301 1305 500 1359 Subdit
525 1321 583 1358 se
614 1303 786 1358 etiam
816 1307 950 1355 tunc
979 1301 1253 1371 temporis
1291 1300 1441 1354 vires
1480 1316 1610 1352 suas
1648 1297 1782 1352 huic
1819 1296 2003 1351 labori

301 1395 441 1448 adeo
474 1393 723 1464 impares
753 1389 1120 1460 comperisse,
1151 1394 1213 1442 ut
1237 1393 1408 1442 tantm
1441 1387 1577 1442 moli
1607 1386 1999 1450 succumbens,

303 1483 643 1553 opusculum
675 1479 1071 1550 imperfectum
1103 1477 1420 1548 reliquerit,
1451 1492 1555 1531 nec
1584 1476 1644 1529 in
1674 1476 1856 1529 lucem
1890 1473 2003 1528 edi-

304 1571 468 1625 derit.
494 1570 641 1634 Quin
672 1569 844 1622 etiam
870 1584 999 1622 cum
1024 1567 1198 1621 libros
1220 1583 1352 1619 suos
1372 1568 1824 1636 recognosceret,
1850 1564 2003 1617 hunc

303 1660 528 1713 abolere
560 1659 904 1722 decreverat,
935 1657 1008 1710 ob
1039 1672 1162 1709 eam
1184 1655 1548 1726 potissimum
1568 1669 1818 1719 causam,
1847 1652 2000 1722 quod

303 1765 447 1818 opus
487 1747 668 1817 magis
707 1746 965 1816 amplum
1003 1748 1058 1798 et
1101 1744 1423 1797 absolutum
1466 1743 1536 1796 de
1585 1742 1783 1796 eodem
1832 1757 2001 1810 argu-

301 1842 493 1892 mento
519 1835 867 1890 confecisset.
904 1831 1288 1888 Nihilominus
1329 1831 1669 1902 opusculum
1701 1830 1853 1884 istud
1885 1845 2001 1882 non

303 1926 566 1980 inutilem
595 1924 716 1978 fore
759 1922 1216 1976 rudimentorum
1261 1936 1498 1974 suorum
1543 1920 1603 1973 in
1635 1918 2002 1973 enucleandis

299 2019 471 2086 atque
503 2011 824 2067 scrutandis
855 2010 1063 2064 divinis
1104 2009 1346 2080 eloquiis
1386 2009 1632 2063 indicem
1673 2013 1849 2074 ratus,
1883 2023 1999 2060 ser-

299 2119 430 2157 vare
459 2101 773 2156 constituit.
806 2099 1112 2153 Dimidium
1157 2099 1330 2152 etiam
1375 2098 1600 2152 circiter
1634 2097 1904 2168 paginam
1932 2097 2001 2150 ad

299 2191 512 2246 calcem
568 2189 698 2243 libri
752 2187 976 2258 adjecit,
1034 2204 1222 2258 neque
1278 2193 1474 2241 tamen
1529 2186 1788 2241 absolvit.
1850 2186 2001 2250 Qua-

300 2283 538 2351 propter
578 2279 731 2332 hunc
759 2281 833 2333 De
864 2279 1053 2334 Genesi
1099 2277 1173 2330 ad
1202 2279 1464 2331 Litteram
1504 2277 1881 2345 imperfectum
1911 2275 2000 2328 in-

305 2368 553 2439 scripsit.

372 2457 426 2510 4.
463 2459 568 2510 Per
597 2455 746 2509 idem
779 2457 1005 2526 tempus
1039 2454 1108 2508 de
1149 2453 1420 2508 Sermone
1462 2453 1688 2507 Domini
1717 2452 1776 2506 in
1807 2456 2001 2506 monte

303 2545 617 2599 secundum
648 2545 975 2599 Matthznum
1005 2543 1148 2597 duos
1173 2543 1347 2597 libros
1377 2543 1508 2596 fecit
1535 2544 1792 2612 (Retract.
1817 2543 1910 2595 lib.
1950 2546 1999 2608 1,

302 2650 423 2704 cap.
479 2634 591 2704 l9);
633 2633 692 2687 in
737 2633 946 2704 quibus
984 2648 1204 2686 morem
1244 2632 1499 2702 quotidie
1541 2629 2004 2685 communicandi

303 2739 480 2777 cmnae
513 2721 845 2788 Dominicaa,
879 2737 1052 2793 quem
1078 2721 1198 2792 ipse
1224 2736 1353 2774 cum
1382 2719 1600 2774 caeteris
1629 2719 1833 2773 Africae
1864 2719 2002 2773 fide-

303 2811 450 2865 libus
500 2811 862 2882 sequebatur,
907 2809 1202 2875 observat;
1234 2809 1364 2864 licet
1410 2809 1507 2862 illa
1549 2809 1896 2862 consuetudo
1943 2808 2002 2861 in

301 2900 566 2954 orientali
614 2898 858 2952 Ecclesia
903 2913 1022 2952 non
1060 2897 1281 2968 vigeret
1326 2897 1420 2968 (De
1464 2898 1634 2952 Serm.
1687 2898 1900 2950 Domini
1947 2899 2004 2949 in

298 2993 494 3051 monte,
544 2989 640 3042 lib.
693 2990 746 3054 2,
796 3003 854 3041 n.
899 2987 1009 3053 26).
1062 2987 1255 3040 Refert
1291 2986 1528 3054 ibidem,
1567 3003 1625 3039 se
1674 3002 1707 3040 a
1755 2986 2002 3051 quodam

300 3078 539 3131 Hebrmo
569 3076 882 3147 qumsiisse,
916 3074 1052 3145 quid
1096 3074 1204 3128 sibi
1245 3075 1417 3128 vellet
1457 3074 1799 3128 vocabulum
1837 3074 2000 3140 illud,

303 3165 516 3233 Racha,
547 3169 603 3218 et
631 3167 921 3234 acceptam
953 3164 1024 3216 ab
1051 3179 1116 3216 eo
1138 3162 1666 3234 interpretationem
1695 3163 1823 3216 aliis
1852 3167 2005 3216 ante-

301 3253 466 3324 ponit
495 3252 690 3322 (lbid.,c
711 3251 805 3316 lib,
844 3255 893 3317 1,
912 3266 969 3305 n.
1001 3253 1114 3321 23).
1139 3251 1378 3314 Quidam
1407 3251 1713 3304 Pollentius
1742 3251 2004 3321 plurimis

300 3346 428 3413 post
459 3340 624 3394 annis
655 3341 762 3394 hoc
792 3356 936 3410 opus
967 3340 1252 3404 evolvens,
1285 3339 1506 3410 aliquot
1545 3339 1906 3393 difficultates
1933 3339 2003 3392 de

300 3430 575 3484 uxoribus
622 3429 938 3500 repudiatis
983 3429 1244 3496 offendit,
1292 3445 1500 3499 easque
1546 3434 1738 3482 sancto
1778 3430 2004 3483 Doctori

298 3518 618 3591 proposuit,
652 3535 793 3590 quas
823 3518 918 3571 ille
947 3517 1138 3588 priore
1170 3518 1317 3572 libro
1353 3517 1422 3572 de
1458 3517 1810 3572 Adulterinis
1851 3518 2003 3572 Con-

290 3609 471 3680 jugiis
503 3608 786 3663 enodavit.

370 3702 422 3752 5.
469 3699 668 3752 Adhuc
707 3695 1004 3768 presbyter
1057 3696 1461 3767 Carthaginem
1501 3713 1559 3750 se
1607 3696 1866 3765 contulit,
1905 3696 2004 3750 ubi

299 3803 428 3841 cum
461 3786 611 3840 inter
640 3787 840 3839 fratres
873 3785 1122 3855 Epistola
1154 3786 1314 3840 Pauli
1345 3786 1412 3840 ad
1455 3786 1744 3840 Romanos
1788 3786 2002 3856 legere-

299 3880 414 3939 tur,
451 3872 748 3926 occasione
771 3872 958 3926 oblata
987 3872 1161 3926 variae
1193 3872 1536 3943 quazstiones
1557 3889 1728 3943 super
1748 3873 2001 3942 implica-

301 3961 535 4016 tissimis
567 3960 739 4030 hujus
770 3959 1034 4030 Epistolas
1066 3961 1207 4014 locis
1236 3960 1471 4014 fuerunt
1500 3962 1552 4014 ei
1587 3961 1918 4032 propositae,
1951 3966 2006 4014 et

299 4065 329 4102 a
361 4046 654 4113 fratribus,
703 4047 1045 4117 quibuscum
1085 4047 1166 4101 ibi
1204 4047 1553 4112 versabatur,
1589 4047 1853 4101 inductus
1898 4053 2002 4114 est,

304 4141 366 4190 ut
392 4135 792 4207 responsiones
823 4151 951 4188 suas
983 4135 1203 4207 scriptis
1238 4135 1422 4207 excipi
1458 4141 1766 4206 pateretur.
1801 4135 2003 4219 Sicque

301 4223 693 4295 superioribus
725 4223 1010 4294 opusculis
1057 4223 1202 4278 liber
1230 4240 1378 4278 unus
1411 4223 1657 4291 accessit,
1694 4225 1792 4296 qui
1823 4227 2002 4294 Expo-

303 4314 432 4368 sitio
462 4312 843 4384 quarumdam
874 4312 1336 4383 propositionum
1368 4329 1435 4366 ex
1468 4311 1712 4384 Epistola
1744 4315 1901 4368 Pauli
1933 4313 2005 4368 ad

307 4403 609 4468 Romanos,
644 4400 990 4456 inscribitur.
1026 4402 1256 4455 Fatetur
1289 4401 1347 4454 in
1377 4402 1491 4455 suis
1521 4403 2006 4457 Retractationum

297 4490 490 4557 libris,
531 4491 788 4544 nondum
826 4507 932 4560 per
969 4489 1026 4545 id
1070 4495 1299 4561 tempus
1337 4490 1470 4544 satis
1509 4491 1812 4562 diligenter
1849 4509 2003 4562 quaa-

301 4579 460 4632 siisse
492 4595 568 4646 se,
604 4579 790 4649 qualis
833 4583 978 4634 esset
1009 4578 1208 4633 electio
1239 4578 1464 4649 gratiae.
1508 4580 1662 4634 Unde
1693 4580 1770 4634 sic
1804 4579 1882 4634 ibi
1920 4581 2002 4634 lo-

303 4665 517 4736 quitur,
546 4666 708 4736 quasi
736 4683 850 4720 non
882 4685 915 4721 a
944 4669 1149 4738 gratia,
1183 4669 1281 4723 sed
1318 4684 1351 4722 a
1394 4668 1556 4722 nobis
1587 4673 1733 4722 esset
1771 4669 2004 4724 initium

305 4755 727 4825 lidei-(Retract.
760 4756 852 4810 lib.
892 4761 939 4823 1,
972 4772 1093 4826 cap.
1127 4760 1218 4823 23,
1260 4773 1322 4812 .
1361 4759 1438 4826 2).
1469 4758 1655 4821 Quare
1692 4757 2004 4828 Semipela-

297 4844 454 4916 giani
487 4844 695 4899 librum
726 4844 880 4899 hunc
909 4849 1182 4916 tanquam
1209 4845 1316 4899 sibi
1355 4845 1761 4915 suffragantem
1793 4847 2001 4916 proba-

299 4935 457 5000 bant,
490 4938 548 4986 et
581 4933 640 4986 in
685 4934 984 4987 sententim
1017 4951 1134 4988 sum
1175 4934 1558 5005 patrocinium
1598 4934 1954 4989 adducebant
1987 4953 2001 4990 :

298 5039 403 5078 nec
432 5022 645 5094 injuria
674 5037 830 5089 sane,
863 5027 926 5076 ut
952 5023 1072 5093 ipse
1101 5023 1312 5078 fatetur
1339 5025 1713 5096 Augustinus,
1739 5026 1836 5096 qui
1867 5026 2000 5079 sub-

296 5115 381 5169 dit
409 5130 506 5168 cos
535 5117 591 5168 et
617 5113 807 5184 ipsum
838 5112 1084 5183 legendo
1117 5131 1304 5169 secum
1337 5117 1636 5187 proiicere,
1665 5121 1722 5171 et
1749 5133 1999 5171 errorem

300 5204 386 5256 sui
425 5203 683 5274 exemplo
725 5202 1012 5273 deponere
1063 5202 1327 5258 debuisse
1362 5209 1460 5272 (De
1496 5206 1750 5262 Pradest.
1799 5211 1998 5274 sanet,

295 5307 388 5345 nn.
425 5296 475 5360 6,
511 5297 590 5362 7).

373 5383 425 5434 6.
456 5382 570 5436 Sub
601 5383 723 5437 haec
751 5379 1010 5453 ejusdem
1039 5381 1278 5451 apostoli
1311 5381 1618 5451 Epistolam
1649 5383 1716 5436 ad
1753 5383 1998 5451 Galatas,

297 5483 411 5521 non
461 5471 722 5540 carptim,
754 5475 820 5525 ut
863 5469 1169 5541 Epistolam
1196 5470 1283 5524 \ad
1337 5470 1639 5535 Romanos,
1681 5473 1776 5525 sed
1824 5471 1996 5525 conti-

298 5561 498 5610 nenter
529 5563 582 5611 et
609 5563 786 5614 totam
821 5559 1112 5630 exposuit;
1147 5575 1318 5629 quam
1360 5562 1554 5613 tamen
1585 5560 1997 5631 expositionem

3718 291 3827 344 192

2113 424 2228 462 uno
2257 407 2547 463 volumine
2577 408 2906 480 complexus
2935 411 3019 462 est
3047 410 3301 478 (Retract.
3333 410 3426 464 lib.
3464 415 3512 477 1,
3544 427 3664 481 cap.
3702 415 3823 483 14).

2115 496 2445 568 Hieronymi
2491 498 2552 551 in
2605 497 2754 552 hanc
2799 497 3104 568 Epistolam
3165 499 3653 554 Commentarium
3695 501 3820 571 jam

2112 591 2234 640 tum
2266 586 2470 640 vidisse
2496 590 2744 657 poterat.
2784 588 2923 641 Eum
2969 590 3118 641 certe
3157 588 3373 658 legerat
3408 588 3664 642 nondum
3695 590 3820 659 epi

2113 691 2318 746 scopus
2336 676 2534 745 (Epist.
2559 679 2650 744 28,
2672 692 2728 730 n.
2755 678 2830 746 3).
2857 675 3167 746 Epistolam
3188 693 3416 748 quoque
3436 677 3505 731 ad
3530 677 3820 732 Romanos

2114 765 2318 819 eodem
2355 765 2528 820 modo
2561 765 3062 820 commentandam
3092 771 3445 837 susceperat,
3478 767 3633 837 quod
3670 783 3820 839 Opus

2113 853 2288 907 libros
2337 853 2622 908 attulisset
2660 854 2959 926 plurimos.
2996 856 3204 908 Verum
3252 855 3432 926 ipsius
3475 857 3663 926 operis
3700 873 3817 910 ma-

2113 942 2414 1012 gnitudine
2459 958 2524 996 ac
2563 943 2759 996 labore
2804 924 3131 1010 deteiritus,
3164 943 3224 998 in
3273 924 3388 997 alia
3432 924 3686 998 faciliora
3713 946 3817 999 de-

2113 1031 2267 1085 flexit
2294 1034 2554 1101 (Retract.
2591 1031 2686 1085 lib.
2723 1035 2774 1094 1,
2826 1047 2946 1101 cap.
2981 1035 3091 1098 25).
3126 1032 3216 1086 Sic
3258 1032 3509 1102 primum
3559 1037 3818 1088 tantum-

2113 1121 2283 1176 modo
2313 1120 2524 1174 librum
2557 1121 2613 1174 in
2638 1121 2753 1174 sola
2783 1121 2962 1192 ipsius
3005 1122 3362 1176 salutationis
3393 1139 3456 1176 ac
3484 1124 3638 1177 velut
3661 1123 3819 1178 tituli

2115 1210 2379 1280 Epistolas
2429 1209 2790 1280 expositione
2826 1210 3090 1276 confecit,
3139 1227 3269 1265 cum
3310 1211 3407 1265 diu
3441 1211 3499 1265 in
3545 1213 3818 1267 solvenda

2113 1298 2398 1352 incidente
2430 1299 2680 1353 sermoni
2709 1315 2812 1352 suo
2861 1299 3179 1367 quaestione
3227 1300 3296 1354 de
3340 1305 3570 1370 peccato
3601 1301 3659 1355 in
3687 1301 3820 1372 Spi-

2111 1388 2286 1442 ritum
2314 1392 2573 1442 sanctum
2596 1392 2822 1442 coactus
2855 1388 3058 1442 fuisset
3084 1388 3404 1444 immorari.

2185 1479 2235 1529 7.
2269 1477 2596 1528 Postremus
2640 1475 2810 1541 liber,
2861 1491 3034 1545 quem
3084 1475 3437 1546 Augustinus
3479 1480 3635 1532 notat
3676 1494 3710 1532 a
3752 1494 3814 1531 se

2111 1563 2442 1635 presbytero
2508 1564 2915 1634 compositum,
2986 1565 3062 1619 De
3130 1565 3420 1620 Mendacio
3486 1567 3822 1622 inscribitur

2115 1652 2300 1718 (Ibid.,
2343 1667 2463 1722 cap.
2506 1653 2631 1723 27);
2665 1669 2860 1723 quem,
2893 1658 2954 1707 ut
2992 1654 3255 1710 illicitum
3294 1672 3414 1710 esse
3456 1658 3818 1712 mendacium

2113 1741 2458 1807 ostenderet,
2492 1742 2824 1797 elaboravit.
2857 1744 2965 1798 Sed
2998 1745 3170 1814 hujus
3201 1761 3411 1814 magna
3443 1763 3567 1816 pars
3599 1747 3655 1799 in
3686 1747 3822 1818 ipsa

2113 1829 2430 1899 qumstione
2460 1831 2609 1884 ultro
2642 1830 2897 1902 citroque
2930 1831 3306 1898 discutienda,
3339 1839 3396 1887 et
3425 1834 3819 1904 investiganda

2111 1917 2347 1971 veritate
2377 1924 2652 1974 versatur.
2677 1921 2906 1974 Fatetur
2927 1920 3046 1990 ipse
3067 1921 3278 1975 librum
3304 1922 3457 1976 hunc
3485 1923 3817 1992 obscurum,

2113 2006 2458 2061 anfractibus
2511 2007 2890 2078 implicatum,
2940 2014 2996 2063 et
3051 2010 3288 2063 omnino
3345 2011 3650 2065 molestum
3706 2012 3816 2066 sibi

2111 2095 2290 2149 videri
2341 2112 2354 2149 :
2398 2096 2643 2168 ideoque
2684 2114 2787 2151 nec
2834 2114 2966 2152 eum
3010 2097 3290 2164 ediderat;
3333 2099 3475 2170 quin
3529 2101 3700 2154 etiam
3747 2117 3813 2156 ex

2113 2200 2353 2254 operum
2385 2201 2620 2239 suorum
2669 2202 2933 2252 numero,
2966 2187 3213 2241 maxime
3243 2203 3373 2241 cum
3418 2192 3613 2242 contra
3663 2191 3817 2244 Men-

2112 2272 2336 2327 dacium
2403 2278 2601 2344 postea
2667 2275 3002 2346 scripsisset,
3071 2292 3398 2347 expungere
3465 2278 3810 2333 decreverat.

2112 2364 2321 2415 Verum
2350 2378 2480 2416 cum
2509 2364 2782 2432 opuscula
2821 2379 2922 2417 sua
2955 2365 3368 2434 recogniturus,
3403 2366 3555 2420 hunc
3599 2367 3816 2422 librum

2113 2451 2461 2506 incolumem
2519 2452 2910 2522 comperisset,
2957 2453 3130 2508 etiam
3190 2453 3380 2524 ipsum
3444 2459 3815 2511 retractatum

2113 2556 2346 2595 manere
2389 2541 2678 2611 permisit;
2709 2542 2866 2612 quod
2897 2542 2956 2596 in
2997 2558 3064 2596 eo
3103 2543 3379 2596 nonnulla
3421 2542 3816 2613 reperirentur

2115 2631 2454 2696 necessaria,
2487 2647 2615 2701 qua:
2654 2631 2714 2684 in
2759 2633 2939 2686 altero
2984 2632 3300 2702 posteriore
3340 2632 3621 2698 deessent,
3654 2638 3813 2688 ratus

2116 2718 2389 2772 nimirum
2409 2718 2561 2772 hunc
2583 2719 2816 2786 librum,
2836 2720 3097 2791 quamvis
3121 2737 3358 2790 operose
3373 2720 3815 2792 intelligeretur,

2115 2823 2230 2861 non
2262 2807 2521 2862 inutilem
2549 2812 2742 2862 tamen
2771 2813 2826 2862 et
2855 2808 3075 2879 ingenii
3113 2815 3171 2863 et
3208 2810 3418 2864 mentis
3462 2811 3820 2865 exercitatio-

2115 2912 2245 2950 nem
2279 2896 2630 2963 habiturum,
2660 2912 2840 2968 eoque
2871 2897 3053 2968 magis
3084 2898 3151 2952 ad
3185 2898 3638 2968 ingenerandum
3671 2901 3820 2954 veri-

2113 2985 2248 3039 tatis
2299 3001 2552 3040 amorem
2600 2986 2722 3040 fore
2771 2986 3065 3042 idoneum.
3121 2989 3231 3041 Nec
3279 2987 3434 3042 enim
3477 2988 3537 3043 in
3587 3006 3654 3042 eo
3698 2991 3821 3043 vult

2115 3072 2297 3142 quwri
2317 3073 2727 3144 eloquentiam,
2742 3091 2870 3128 cum
2894 3075 2953 3128 in
2976 3075 3095 3129 sola
3118 3093 3176 3130 re
3199 3076 3570 3144 discutienda,
3592 3083 3654 3132 ut
3674 3095 3821 3149 opus

2115 3161 2486 3217 moderandte
2518 3162 2649 3215 vita:
2681 3163 3174 3233 pernecessarinm
3216 3166 3474 3220 celeriter
3503 3167 3824 3222 absolvere-

2114 3252 2227 3314 tur,
2262 3251 2522 3319 neglecta
2568 3252 2876 3306 verborum
2915 3269 3073 3320 cura,
3123 3254 3472 3309 desudasset.
3519 3257 3584 3309 In
3631 3257 3822 3326 operis

2115 3338 2364 3392 clausula
2411 3355 2508 3393 eos
2558 3340 2765 3394 acriter
2819 3341 3152 3408 insectatur,
3201 3343 3300 3413 qui
3359 3345 3694 3414 Apostolum
3759 3345 3817 3398 in

2117 3427 2363 3496 Epistola
2391 3428 2463 3482 ad
2505 3429 2726 3482 Galatas
2765 3429 3085 3484 ofciosum
3124 3431 3416 3486 admisisse
3455 3434 3818 3488 mendacium

2115 3516 2537 3572 contendebant
2579 3533 2591 3571 :
2635 3517 2790 3588 quod
2830 3535 2949 3572 non
2989 3518 3161 3573 dubie
3204 3520 3534 3592 Hieronymi
3571 3522 3632 3576 in
3671 3523 3822 3578 hanc

2116 3604 2424 3675 Epistolam
2475 3606 2965 3661 Commentarium
3012 3608 3258 3678 respicit.
3308 3611 3374 3663 Et
3418 3610 3668 3664 fortassis
3717 3611 3818 3665 illo

2114 3693 2237 3764 ipso
2278 3697 2538 3763 tempore
2577 3711 2722 3766 opus
2760 3695 2912 3750 istud
2949 3697 3284 3768 elaboravit,
3325 3715 3439 3769 quo
3478 3699 3816 3770 vigesimum

2114 3787 2363 3836 octavam
2391 3783 2691 3853 epistolam
2712 3784 2784 3838 ad
2812 3785 3076 3839 eumdem
3109 3785 3178 3840 de
3199 3785 3305 3840 hoc
3320 3792 3657 3858 argumento
3680 3790 3818 3844 scri-

2113 3871 2242 3942 psit.
2279 3873 2343 3925 ln
2382 3873 2633 3942 quodam
2673 3889 2844 3944 opere
2889 3874 3112 3929 circiter
3158 3891 3374 3930 annum
3419 3877 3627 3931 Christi
3673 3896 3819 3950 qua-

2117 3960 2630 4031 dringentesimum
2673 3962 2959 4017 decimum
2999 3979 3215 4019 nonum
3257 3966 3590 4038 composito,
3635 3967 3819 4039 signi-

2114 4051 2282 4104 ficare
2326 4050 2554 4105 videtur
2598 4068 2656 4104 se
2705 4052 2962 4106 nondum
3006 4053 3312 4124 Scripturae
3359 4056 3685 4110 testimonia
3745 4057 3818 4112 de

2114 4139 2412 4194 mendacio
2445 4139 2798 4209 discussisse;
2827 4157 2957 4196 cum
2981 4159 3186 4214 nempe
3207 4144 3359 4198 hunc
3388 4145 3619 4211 librum,
3643 4163 3820 4218 quem

2114 4229 2396 4299 supprimi
2429 4229 2696 4299 jusserat,
2730 4231 2890 4284 nullo
2937 4231 3057 4285 loco
3100 4238 3447 4289 numeraret.
3483 4235 3818 4290 Sermonem

2113 4317 2484 4372 centesimum
2515 4318 2573 4371 in
2604 4320 2777 4374 verba
2808 4320 3056 4386 Domini,
3090 4323 3253 4376 Luem
3283 4323 3464 4394 capite
3495 4341 3670 4389 nono,
3705 4325 3820 4380 for-

2113 4406 2276 4460 tassis
2307 4407 2490 4461 adhuc
2515 4408 2813 4479 presbyter
2839 4408 3041 4464 habuit
3069 4426 3081 4463 :
3107 4427 3235 4464 cum
3268 4411 3326 4466 in
3357 4428 3424 4466 eo
3456 4412 3607 4467 dicat
3635 4415 3818 4468 Deum

2112 4497 2412 4566 Apostolos
2450 4501 2508 4550 et
2545 4497 2858 4552 secundum
2901 4499 3142 4568 gratiam
3193 4517 3376 4567 suam,
3411 4505 3466 4555 et
3504 4502 3816 4556 secundum

2113 4585 2343 4638 illorum
2359 4584 2644 4655 justitiam
2668 4585 2928 4656 elegisse,
2956 4602 3102 4657 quos
3124 4603 3331 4658 nempe
3351 4605 3465 4642 non
3484 4589 3552 4642 de
3573 4605 3632 4642 se
3653 4587 3816 4659 ipsis,

2114 4675 2207 4727 sed
2261 4673 2330 4727 de
2377 4673 2556 4743 ipsius
2600 4677 2824 4728 tantum
2882 4675 3068 4746 gratia
3124 4682 3538 4746 praesumentes
3590 4677 3820 4733 videbat

2115 4764 2308 4831 (Serm.
2344 4764 2464 4828 100,
2495 4777 2552 4817 n.
2586 4764 2661 4830 3).

2787 4852 3011 4906 CAPUT
3050 4854 3135 4906 IX.

2120 4943 2135 4994 l
2173 4941 2424 4994 Historia
2449 4941 2855 4994 Donatistarum
2885 4944 3135 5010 epitome.
3171 4946 3204 4996 2
3235 4947 3506 5011 Quantum
3549 4947 3594 4998 ii
3620 4946 3821 5000 mulli-

2186 5028 2371 5081 tudine
2391 5028 2662 5096 pollebant
2687 5031 2745 5082 in
2766 5029 2984 5096 Africa,
3010 5046 3129 5084 cum
3149 5031 3224 5084 ad
3241 5033 3676 5101 presbyteralum
3695 5051 3822 5104 per-

2182 5119 2327 5170 venit
2355 5117 2719 5185 Augustinus,
2749 5124 2800 5172 et
2827 5121 2923 5186 qui
2947 5135 3029 5173 eos
3061 5121 3154 5174 ille
3182 5124 3430 5175 continuo
3457 5122 3684 5177 adortus
3715 5129 3815 5177 est.

2183 5208 2213 5259 3
2243 5205 2510 5274 Congredi
2538 5222 2658 5260 cum
2704 5207 2800 5261 illo
2842 5223 2949 5262 non
2986 5209 3187 5262 audent
3232 5212 3549 5265 Donatistae.
3599 5213 3633 5264 4
3668 5214 3820 5266 Psal-

2181 5310 2328 5350 mum
2391 5295 2765 5350 abecedarium
2828 5299 2885 5351 in
2939 5313 3023 5351 eos
3073 5301 3360 5368 componit.
3424 5303 3454 5352 5
3510 5303 3820 5368 Epistulam

2182 5386 2378 5439 Donati
2411 5386 2639 5452 refellit.
2678 5389 2709 5440 6
2741 5386 2834 5440 Ad
2871 5389 3234 5443 Mawiminum
3273 5391 3596 5445 Sinitensem
3633 5394 3818 5446 Dona-

2119 5539 2122 5542 ,
2184 5476 2436 5527 tistarum
2461 5476 2765 5544 episcopum
2794 5476 3005 5542 scribit,
3039 5477 3102 5531 ob
3140 5478 3423 5533 diaconum
3462 5480 3530 5533 ab
3559 5483 3699 5550 ipso,
3733 5484 3824 5535 uti

2180 5562 2478 5630 ferebatur,
2508 5563 2927 5632 rebaptizatum.
