4008 6184
179 299 264 350 193
1633 297 1840 354 LIBER
1881 300 2186 354 TERTIUS.
3595 304 3692 357 194

236 420 285 470 t.
321 418 610 471 Hactenus
653 417 1039 489 Augustinum
1087 435 1217 473 cum
1265 419 1399 473 solis
1444 418 1768 474 Maniclizeis
1814 419 1874 472 in

171 521 338 559 arena
382 506 772 561 decertantem
803 507 1089 561 vidimus:
1125 513 1181 561 at
1219 509 1385 578 longe
1415 508 1600 562 acrius
1632 508 1740 562 fuit
1768 508 1878 578 ipsi

171 611 292 648 cum
326 595 646 649 Donatistis
685 597 1140 667 conï¬‚igendum.
1174 598 1237 651 lli
1270 598 1522 651 lunretici
1554 615 1611 652 se
1642 615 1672 650 a
1704 598 1875 652 Caeci-

171 683 298 736 liani
311 683 788 754 Carthaginensis
805 684 1058 756 episcopi
1073 701 1197 739 com
1209 686 1477 740 munione
1491 687 1870 756 sejunxerant,

171 788 314 826 anno
348 772 566 827 Christi
597 773 824 828 circiter
839 774 1238 828 trecentesimo
1273 774 1595 842 undecimo,
1627 791 1693 829 eo
1725 774 1873 828 scili-

170 866 248 915 cet
296 861 567 928 obtentu,
602 863 755 933 quod
788 862 940 916 Felix
971 862 1410 932 Aptungitanus,
1463 880 1494 916 a
1549 879 1661 934 quo
1692 864 1875 918 fuerat

173 951 496 1016 ordinatus,
538 951 599 1005 in
629 951 1023 1022 persecutione
1055 968 1241 1004 sacros
1270 952 1494 1007 codices
1529 952 1871 1007 tradidisset.

173 1041 410 1110 lpsimet
440 1057 476 1093 a
508 1039 881 1095 Constantino
914 1041 1170 1110 Augusto
1187 1040 1408 1110 judices
1431 1041 1875 1112 postulaverant,

168 1146 199 1182 a
225 1129 445 1200 quibus
475 1129 731 1198 primum
764 1127 1037 1195 damnati,
1072 1128 1204 1183 dein
1232 1130 1300 1183 ab
1326 1129 1450 1199 ipso
1481 1146 1710 1200 quoque
1732 1130 1876 1184 Con-

171 1217 422 1272 stantino
449 1217 819 1288 imperatore,
864 1234 966 1271 suo
997 1233 1224 1289 semper
1259 1217 1551 1272 schismati
1577 1217 1879 1288 pertinaci-

170 1313 247 1360 ter
275 1307 668 1362 adhaeserant.
704 1309 776 1362 Ut
796 1310 987 1361 autem
1002 1307 1334 1378 pervicacius
1347 1323 1464 1361 suae
1493 1306 1876 1377 patrocinium

171 1401 520 1467 quaererent,
553 1397 659 1450 hoc
702 1396 881 1450 veluti
925 1396 1111 1468 posito
1153 1413 1184 1450 a
1219 1413 1277 1451 se
1308 1397 1683 1451 fundamento
1724 1397 1876 1450 nite-

171 1485 381 1538 bantur
426 1501 442 1538 :
481 1484 774 1556 Quotquot
820 1501 950 1539 cum
989 1502 1090 1540 reo
1138 1485 1640 1546 communicarent,
1674 1485 1877 1538 eodem

168 1574 410 1628 crimine
442 1573 649 1628 teneri.
707 1575 848 1628 Cum
899 1577 1050 1628 totus
1097 1574 1291 1646 itaque
1347 1575 1689 1628 Christianus
1727 1575 1878 1628 orbis

166 1680 293 1718 cum
340 1662 652 1717 Caeciliano
681 1663 1149 1728 communicaret,
1191 1681 1249 1717 se
1293 1681 1326 1718 a
1371 1664 1590 1718 caeteris
1612 1663 1879 1717 omnibus

166 1753 504 1822 disjunxere
535 1749 864 1817 Catholicis,
881 1754 937 1803 et
957 1750 1249 1822 integrum
1270 1751 1516 1806 schisma
1536 1753 1874 1806 contlarunt.

162 1841 362 1896 Scelus
401 1839 646 1910 insuper
682 1839 895 1893 scelere
951 1841 1330 1907 cumulantes,
1381 1840 1591 1895 iterum
1628 1841 1877 1911 baptiza-

163 1932 304 1985 bant
337 1933 627 2001 quotquot
655 1929 715 1982 in
746 1945 945 1983 eorum
977 1933 1126 1983 secta
1162 1929 1512 2000 Baptismum
1542 1947 1658 1984 non
1689 1946 1881 1984 susce-

160 2024 407 2092 perant;
468 2035 598 2072 cum
627 2017 986 2089 Baptismum
1017 2021 1172 2071 extra
1205 2018 1520 2089 legitimam
1552 2019 1878 2088 Ecclesiam,

161 2125 347 2180 quam
378 2124 546 2162 suam
569 2123 690 2161 esse
717 2106 1156 2172 contendebant,
1189 2107 1459 2161 collatum
1479 2123 1710 2178 prorsus
1728 2107 1880 2161 inva-

158 2198 352 2254 lidum
391 2213 517 2251 esse
547 2199 865 2250 tuerentur.
906 2195 1092 2248 Errori
1135 2199 1411 2266 praeterea
1437 2196 1551 2249 vim
1581 2196 1880 2250 crudelita-

157 2291 279 2342 tem
332 2284 755 2356 adjungebant.
820 2283 926 2348 Qui
979 2283 1132 2338 enim
1188 2284 1338 2338 inter
1393 2301 1491 2338 eos
1539 2284 1878 2340 Circumcel-

161 2376 356 2430 liones
386 2373 751 2438 dicebantur,
783 2371 988 2442 plagis,
1008 2372 1244 2442 rapinis,
1279 2372 1580 2438 incendiis,
1609 2373 1877 2439 cazdibus,

160 2469 371 2519 contra
403 2477 644 2517 omnem
689 2460 836 2531 juris
885 2460 1144 2516 ordinem
1176 2461 1413 2532 impune
1454 2462 1877 2532 grassabantur.

161 2556 435 2623 Cumque
467 2566 586 2605 non
616 2549 810 2604 minus
844 2549 902 2602 in
929 2565 1003 2614 se,
1040 2566 1214 2620 quam
1243 2550 1300 2602 in
1333 2550 1475 2604 alios
1505 2550 1882 2632 desaevifent;

162 2645 320 2696 ultro
337 2657 398 2694 se
428 2640 491 2694 in
515 2654 694 2710 aquas
717 2638 946 2709 etignes
966 2637 1375 2705 immittebant,
1400 2639 1495 2693 sed
1521 2639 1880 2710 potissimum

163 2748 192 2785 e
221 2728 480 2786 summis
529 2727 816 2781 montium
867 2726 1264 2781 cacuminibus
1310 2743 1368 2782 se
1397 2727 1691 2781 turmatim
1723 2729 1881 2798 plus-

161 2836 341 2893 quam
372 2816 639 2874 belluina
662 2815 885 2870 feritate
907 2815 1230 2887 praecipites
1257 2832 1424 2886 agere
1450 2820 1880 2872 consueverant.

163 2912 236 2965 Ex
252 2910 356 2963 illo
376 2908 508 2979 ipso
523 2922 641 2960 uno
673 2904 974 2959 schismate
999 2904 1253 2975 plurima
1273 2905 1482 2959 sensim
1500 2905 1879 2976 pullularunt.

159 3002 226 3054 lu
263 2999 361 3054 his
408 2996 865 3052 famosissimum
893 2995 1002 3051 fuit
1031 2995 1275 3050 schisma
1316 2994 1881 3063 Maximianistarum,

160 3089 263 3161 qui
292 3104 450 3143 anno
479 3085 882 3140 trecentesimo
924 3084 1301 3156 nonagesimo
1328 3083 1497 3139 tertio
1529 3083 1884 3138 Primianum

163 3175 610 3232 Donatistarum
633 3172 974 3243 Carthagine
1007 3173 1340 3244 episcopum
1368 3172 1796 3240 damnarunt,et
1825 3172 1885 3226 in

165 3267 294 3337 ejus
343 3266 543 3319 locum
604 3261 1015 3316 Maximianum
1082 3262 1376 3317 suffecere.
1427 3263 1638 3315 Verum
1695 3261 1886 3315 caeteri

165 3354 484 3410 Donatistae
527 3351 585 3405 in
631 3350 908 3421 Bagaiana
956 3350 1182 3405 civitate
1237 3349 1545 3421 provincia:
1606 3349 1885 3404 Numidia:

163 3441 516 3515 congregati
555 3441 665 3494 hoc
695 3439 843 3510 ipso,
877 3439 946 3493 de
977 3455 1092 3510 quo
1139 3439 1385 3510 agimus,
1420 3455 1572 3494 anno
1603 3443 1884 3493 trecente-

164 3535 315 3588 simo
348 3529 735 3601 nonagesimo
766 3533 992 3600 quarto,
1023 3528 1377 3583 Primianum
1407 3527 1468 3583 in
1499 3529 1690 3583 sedem
1723 3545 1883 3582 suam

164 3622 580 3684 restituerunt,
611 3622 665 3671 et
694 3617 751 3671 in
783 3633 881 3671 eos
906 3634 938 3670 a
966 3617 1176 3687 quibus
1205 3617 1325 3688 ipse
1355 3618 1657 3672 damnatus
1678 3617 1883 3683 fuerat,

164 3713 445 3766 dixerunt
494 3706 864 3772 sententiam,
922 3705 981 3759 in
1032 3705 1330 3760 duodecim
1392 3701 1627 3777 quidem
1680 3722 1745 3760 ex
1774 3705 1887 3760 illis

165 3801 328 3853 nullo
382 3797 478 3852 die
511 3795 817 3866 praefinito,
868 3794 928 3847 in
961 3800 1196 3848 catteros
1226 3811 1379 3861 vero,
1413 3794 1524 3848 nisi
1570 3799 1702 3848 ante
1733 3794 1886 3849 diem

169 3888 438 3943 Natalem
499 3882 732 3938 Domini
776 3882 846 3937 ad
879 3899 1041 3936 suam
1097 3883 1560 3937 communionem
1610 3883 1884 3938 redirent.

167 3979 410 4041 Verum,
440 3972 548 4027 etsi
576 3971 974 4042 hujuscemodi
1005 3971 1390 4024 damnationis
1409 3971 1754 4026 sententiam
1795 3975 1888 4026 tu-

167 4065 395 4129 lissent,
433 4061 746 4116 nonnullos
798 4060 1038 4115 subinde
1067 4063 1194 4130 post
1240 4060 1533 4130 expletum
1577 4060 1889 4130 praestituti

168 4151 455 4223 temporis
487 4149 736 4220 spatium
773 4148 1162 4216 admiserunt;
1211 4148 1326 4202 imo
1354 4153 1410 4202 et
1449 4148 1667 4220 aliquot
1696 4167 1763 4203 ex
1791 4149 1884 4214 iis,

168 4241 387 4313 quibus
415 4239 639 4293 nullam
676 4241 1073 4292 concesserant
1103 4253 1347 4304 moram,
1381 4237 1551 4290 etiam
1578 4238 1733 4292 velut
1762 4238 1886 4308 epi-

171 4345 386 4400 scopos
432 4331 810 4399 receperunt;
843 4326 1012 4381 nullis
1043 4330 1238 4380 tamen
1269 4341 1489 4390 eorum,
1523 4342 1664 4396 quos
1714 4327 1889 4380 iidem

171 4417 268 4472 isti
299 4417 367 4471 in
390 4416 692 4470 schismate
729 4415 1172 4487 baptizaveraut,
1211 4415 1421 4468 iterum
1452 4413 1768 4484 baptizatis.
1801 4415 1890 4468 Sic

172 4507 463 4562 nimirum
510 4505 592 4560 illi
631 4504 866 4560 haeresis
896 4521 1014 4559 sum
1053 4504 1425 4559 fundamenta
1457 4503 1882 4557 labefactabant.

247 4600 301 4650 2.
340 4597 473 4650 Haec
502 4598 653 4649 secta
685 4595 845 4648 nullo
889 4593 1017 4647 licet
1062 4593 1441 4647 fundamento
1473 4592 1725 4658 suffulta,
1759 4596 1885 4646 tan-

174 4687 303 4736 tum
336 4689 535 4736 tamen
567 4683 626 4736 in
656 4681 844 4736 Africa
875 4681 1115 4747 valebat,
1158 4697 1289 4734 cum
1309 4680 1665 4751 Augustinus
1695 4679 1757 4733 in
1789 4681 1888 4734 Ec-

173 4771 355 4823 clesia
383 4771 558 4841 coepit
586 4769 859 4836 eminere,
887 4775 950 4824 ut
972 4768 1211 4824 trecenti
1234 4772 1289 4821 et
1319 4768 1514 4822 decem
1546 4767 1798 4839 episcopi
1821 4767 1888 4820 ad

173 4858 467 4928 synodum
523 4859 895 4929 Bagaiensem
952 4857 1348 4923 convenerint,
1408 4861 1617 4929 preeter
1659 4861 1891 4910 centum

169 4947 319 5001 alios
351 4946 452 5018 qui
483 4947 824 5001 Maximiano
854 4947 1240 5001 adhaerebant.
1289 4946 1424 5000 Eam
1455 4962 1557 4999 suo
1590 4945 1894 5015 complexu

173 5035 462 5105 majorem
521 5035 788 5089 Afrorum
839 5033 1274 5089 multitudinem
1323 5033 1670 5088 continuisse
1729 5033 1892 5088 docet

185 5124 486 5179 Possidius
525 5125 844 5195 (Possidius,
903 5126 961 5178 in
1010 5125 1137 5179 Vita
1192 5124 1539 5190 Augustini,
1590 5139 1634 5177 c.
1696 5125 1773 5192 3).
1829 5123 1894 5176 Et

171 5215 414 5287 quidem
465 5212 934 5284 Hippone-Regio
979 5215 1098 5266 tam
1138 5210 1376 5282 exiguus
1417 5216 1537 5265 erat
1567 5211 1889 5265 Catholico-

173 5321 308 5359 rum
351 5319 654 5371 numerus,
703 5307 759 5356 et
801 5318 868 5356 ea
906 5301 1243 5356 auctoritate
1287 5300 1595 5354 Donatistae
1627 5299 1890 5355 domina-

171 5395 407 5461 bantur,
448 5397 514 5447 ut
557 5390 860 5446 Faustinus
909 5406 1106 5445 eorum
1136 5389 1197 5444 in
1245 5389 1351 5444 hac
1383 5389 1522 5444 urbe
1562 5388 1889 5460 episcopus,

175 5484 350 5557 paulo
373 5487 510 5538 ante
533 5478 843 5552 Augustini
873 5479 1202 5543 adventum,
1233 5493 1443 5548 panem
1473 5477 1775 5532 Catholicis
1805 5495 1896 5531 co-

178 5575 276 5646 qui
303 5573 681 5646 prohiberet;
732 5569 811 5624 ita
840 5574 905 5624 ut
934 5568 1158 5623 diaconi
1177 5567 1472 5639 cujusdam
1511 5565 1890 5637 Hipponensis

1983 415 2246 473 catholici
2275 416 2572 470 furnarius
2591 416 2911 487 inquilinus
2934 417 3114 487 ipsius
3141 417 3452 474 domumdii
3472 420 3560 474 sui
3583 437 3686 490 pa-

1986 523 2120 560 nem
2169 506 2453 559 incoctum
2510 506 2779 576 abjecerit
2829 504 3051 576 (Contra
3103 509 3338 561 Litteras
3401 509 3679 576 Petiliani,

1987 596 2084 649 lib.
2149 597 2203 660 2,
2266 611 2321 648 Ï„Î¹.
2377 594 2520 664 184).
2579 594 2934 664 Augustinus
2981 594 3307 665 Hipponem
3364 596 3691 662 adveniens,

1987 699 2184 737 omnes
2213 683 2556 753 eloquentiae
2592 700 2709 737 sum
2741 700 2942 738 nervos
2971 684 3280 751 contendit,
3312 689 3376 739 ut
3403 701 3697 739 exsecran-

1986 772 2117 825 dam
2143 772 2486 840 convelleret
2515 771 2817 825 hominum
2861 772 3363 837 consuetudinem,
3407 771 3508 842 qui
3537 771 3686 825 chri-

1987 860 2170 914 stiana
2189 859 2421 914 nomine
2451 860 2780 929 gloriantes,
2814 860 3166 915 Christianos
3190 858 3546 930 rebaptizare
3577 876 3693 914 non

1986 948 2312 1003 dubitarent
2341 948 2534 1019 (Epist.
2569 951 2675 1016 23).
2712 949 2776 1002 Et
2805 948 2973 1002 simul
3006 965 3070 1002 ac
3098 949 3335 1002 verbum
3367 949 3568 1002 salutis
3589 965 3692 1002 an-

1989 1036 2287 1102 nuntiavit,
2317 1038 2433 1090 Deo
2476 1036 2766 1091 laboribus
2796 1037 2920 1107 ejus
2953 1037 3199 1106 favente,
3232 1037 3474 1091 Ecclesia
3506 1037 3694 1090 catho-

1987 1125 2114 1191 lica,
2161 1142 2288 1195 quae
2322 1123 2532 1179 afflicta
2577 1130 2630 1178 ct
2669 1142 2943 1196 oppressa
2967 1126 3209 1195 jacebat,
3245 1131 3433 1196 caput,
3459 1130 3522 1180 ut
3563 1142 3693 1180 cum

1989 1214 2242 1268 Possidio
2281 1214 2606 1284 loquamur,
2653 1215 2862 1279 levare,
2913 1213 3259 1283 illorumque
3299 1214 3399 1284 qui
3446 1213 3692 1268 schisma

1990 1303 2288 1373 ejurabant
2315 1302 2602 1373 frequenti
2628 1317 2889 1368 numero,
2912 1301 3082 1371 coepit
3111 1301 3170 1354 in
3203 1301 3325 1355 dies
3351 1318 3687 1356 accrescere.

1991 1394 2150 1446 Hunc
2184 1391 2431 1445 fructum
2475 1390 2698 1462 peperit
2738 1389 3062 1459 Augustini,
3104 1390 3386 1460 populum
3428 1389 3694 1460 privatim

1990 1486 2046 1535 et
2073 1480 2319 1551 publice,
2365 1481 2516 1534 intra
2555 1478 2897 1533 domesticos
2939 1478 3186 1548 parietes
3229 1483 3286 1532 et
3333 1478 3392 1531 in
3439 1479 3692 1546 ecclesia,

1990 1586 2123 1626 voce
2153 1586 2216 1622 ac
2249 1569 2458 1638 scripto
2487 1568 2760 1633 docentis,
2798 1567 2961 1620 labor
2992 1566 3270 1620 assiduus.
3305 1568 3554 1621 Verbum
3594 1566 3695 1620 Dei

1992 1658 2257 1712 audacter
2282 1657 2574 1727 libereque
2603 1655 2971 1726 praedicabat,
3000 1660 3055 1709 et
3098 1656 3342 1710 haereses
3383 1672 3639 1727 quasque
3663 1673 3695 1709 a

1993 1746 2240 1800 veritatis
2272 1746 2499 1800 tramite
2531 1745 2816 1800 deviantes
2852 1745 3224 1814 oppugnabat
3257 1745 3553 1800 acerrime.
3597 1746 3696 1800 Ca-

1992 1832 2189 1886 tholici
2249 1832 2641 1903 Hipponenses
2709 1829 3035 1884 incredibili
3100 1829 3311 1901 gaudio
3368 1829 3696 1884 mirabundi

1991 1926 2443 1997 triumphabant,
2477 1927 2870 1997 agebanteque
2897 1930 2961 1980 ut
2987 1927 3094 1980 hoc
3120 1925 3308 1996 ipsum
3339 1942 3697 1997 quoquover-

1993 2032 2086 2069 sus
2117 2016 2569 2086 pervulgaretur,
2619 2015 3002 2079 Quamobrem
3041 2013 3386 2068 admirandis
3416 2014 3530 2067 illis
3569 2015 3693 2084 ejus

1991 2104 2344 2168 tractatibus,
2378 2119 2626 2174 quorum
2649 2103 2966 2157 doctrinam
2988 2119 3056 2156 ex
3085 2102 3290 2157 divinae
3319 2102 3518 2172 gratiae
3538 2103 3694 2157 fonte

1993 2191 2324 2257 derivatam,
2356 2190 2839 2244 validissimarum
2867 2205 3094 2260 semper
3119 2189 3407 2243 rationum
3431 2206 3692 2245 momen-

1993 2280 2083 2346 tis,
2118 2285 2174 2333 et
2203 2283 2524 2333 sanctarum
2556 2278 2978 2350 Scripturarum
3003 2278 3344 2333 auctoritate
3375 2279 3691 2342 roborabat,

1991 2369 2100 2440 ipsi
2123 2369 2289 2423 etiam
2325 2365 2581 2422 haeretici
2604 2384 2735 2422 cum
2763 2368 3067 2424 Catholicis
3087 2369 3475 2436 convolantes,
3498 2368 3697 2423 avidis-

1993 2458 2134 2511 sime
2158 2457 2452 2511 inhiabant
2477 2460 2567 2523 ;et
2587 2456 2843 2528 quisquis
2867 2456 3120 2511 notarios
3150 2457 3420 2512 adhibere
3449 2462 3692 2528 poterat,

1993 2563 2120 2618 quae
2160 2544 2497 2600 dicebautur
2527 2546 2690 2600 laetus
2721 2545 3059 2616 excipiebat.
3093 2545 3182 2601 Sic
3210 2545 3515 2616 singularis
3544 2546 3696 2601 illius

1992 2633 2267 2696 doctrina,
2302 2639 2359 2688 et
2403 2634 2546 2688 odor
2579 2634 2787 2689 Christi
2834 2635 3201 2688 suavissimus
3242 2652 3346 2705 per
3370 2634 3694 2689 universam

1992 2722 2240 2776 Africam
2297 2722 2535 2776 diffusus
2591 2727 2690 2777 est.
2754 2724 2947 2793 Neque
3013 2723 3186 2777 etiam
3229 2722 3533 2778 Ecclesiam
3594 2723 3692 2777 Dei

1993 2810 2434 2865 transmarinam
2455 2810 2552 2865 diu
2574 2810 2755 2873 latuit,
2785 2827 2914 2882 quae
2941 2815 3164 2865 tantum
3183 2813 3401 2865 bonum
3417 2811 3693 2865 fratribus

1994 2899 2132 2966 suis,
2167 2899 2507 2970 quibuscum
2535 2915 2741 2970 corpus
2763 2915 2944 2952 unum
2988 2899 3388 2965 constituebat,
3425 2898 3696 2952 divinitus

1995 2987 2261 3041 collatum
2293 2988 2575 3058 gratulata
2613 2990 2697 3040 est
2741 2985 3055 3056 (Possidius,
3103 2989 3161 3040 in
3217 2988 3345 3042 Vita
3374 2987 3690 3053 Augustini,

1994 3093 2041 3131 c.
2071 3076 2153 3147 '7).
2202 3075 2308 3140 Qui
2357 3092 2650 3130 sermones
2689 3076 2809 3146 ejus
2842 3080 2939 3130 aut
2968 3079 3239 3129 tractatus
3272 3075 3557 3130 habebant
3598 3092 3694 3129 ex-

1997 3161 2256 3234 scriptos,
2279 3162 2386 3234 ipsi
2409 3179 2636 3234 quoque
2668 3164 2973 3220 Donatistae
3004 3164 3418 3236 Ilipponenses,
3442 3168 3542 3218 aut
3566 3163 3693 3218 fini-

1995 3252 2143 3322 timi,
2183 3269 2277 3307 eos
2321 3252 2394 3307 ad
2441 3252 2738 3324 episcopos
2787 3253 3106 3308 Donatistas
3152 3253 3500 3308 deferebant.
3545 3256 3697 3322 Quae-

1997 3357 2117 3396 cum
2153 3341 2456 3412 audissent,
2491 3346 2541 3396 et
2571 3347 2757 3396 contra
2793 3345 2936 3408 forte
2977 3342 3193 3412 aliquid
3230 3343 3483 3408 dicerent,
3529 3346 3623 3396 aut
3665 3357 3699 3394 a

1995 3433 2110 3486 suis
2144 3432 2548 3498 refellebantur,
2582 3436 2680 3485 aut
2707 3431 2890 3485 eadem
2921 3447 3176 3500 responsa
3209 3432 3284 3485 ad
3310 3435 3553 3485 sanetum
3579 3430 3699 3484 Au-

1996 3522 2275 3587 gustinum
2319 3520 2716 3587 deferebantur,
2761 3522 2942 3589 eisque
2979 3523 3284 3588 compertis,
3324 3522 3596 3588 patienter
3637 3534 3698 3571 ac

1997 3610 2204 3676 leniter,
2233 3613 2304 3677 et,
2340 3613 2399 3662 ut
2428 3610 2692 3676 scriptum
2721 3613 2816 3674 est,
2851 3624 2969 3661 cum
3003 3611 3192 3662 timore
3217 3613 3267 3663 et
3292 3613 3519 3662 tremore
3546 3607 3698 3661 salu-

1999 3702 2100 3752 tem
2147 3697 2384 3750 omnium
2431 3696 2758 3765 operabatur
2805 3695 3067 3766 (Philipp.
3118 3713 3177 3760 Î¹Î¹,
3234 3695 3357 3765 12)Í¾
3415 3694 3696 3749 ostendens

1999 3802 2162 3855 quam
2189 3786 2330 3839 nihil
2360 3786 2448 3839 illi
2483 3785 2726 3851 refellere
2756 3786 3043 3850 voluerint,
3085 3800 3146 3839 ac
3179 3785 3472 3852 valuerint,
3518 3798 3700 3853 quam-

2001 3891 2101 3944 que
2129 3891 2314 3928 verum
2347 3876 2803 3942 manifestumque
2841 3877 2933 3942 sit,
2983 3875 3129 3944 quod
3160 3875 3408 3929 Ecclesia:
3447 3875 3543 3927 Dei
3570 3872 3702 3942 ï¬des

2001 3968 2138 4017 tenet
2190 3979 2252 4018 ac
2298 3963 2447 4017 docet
2489 3962 2806 4033 (Possidius,
2852 3965 2911 4017 in
2956 3965 3084 4018 Vita
3131 3963 3452 4031 Augustini,
3502 3977 3552 4016 Î¿.
3610 3961 3696 4026 9).

1999 4054 2246 4122 lpsemet
2269 4052 2648 4122 Augustinus,
2677 4053 2930 4106 referens
2959 4059 3241 4123 quantum
3262 4052 3333 4106 ab
3364 4050 3476 4105 illis
3508 4049 3701 4118 exagi-

2000 4146 2219 4195 taretur
2271 4141 2548 4194 Ecclesia:
2608 4141 2882 4209 Videmus,
2935 4141 3142 4212 inquit.
3185 4145 3236 4194 et
3284 4141 3591 4204 toleramus,
3652 4145 3700 4192 et

1999 4235 2262 4298 quantum
2288 4245 2571 4299 possumus
2595 4232 2882 4299 reprimere
2921 4247 3176 4284 conamur
3200 4228 3554 4298 disputando,
3587 4243 3699 4281 con-

1997 4319 2238 4384 vieendo,
2283 4319 2660 4387 eonveniendo,
2706 4319 2949 4373 terrendo
2977 4319 3158 4388 (idque
3185 4322 3308 4387 post
3337 4332 3538 4370 annum
3564 4331 3702 4384 qua-

2000 4407 2480 4474 dringentesimum
2525 4409 2818 4476 quintum),
2851 4413 3028 4462 tamen
3065 4408 3122 4460 in
3149 4405 3394 4460 omnibus
3425 4403 3703 4472 diligendo
3768 4393 3777 4402 â€™

2003 4496 2222 4564 (Enar-r.
2246 4497 2303 4548 in
2329 4496 2476 4550 Psal.
2502 4511 2628 4561 xxx,
2659 4511 2716 4550 Î·.
2746 4495 2812 4565 1).

2076 4587 2130 4639 3.
2159 4587 2230 4639 Et
2258 4585 2366 4639 haec
2396 4584 2583 4638 diebus
2599 4600 2662 4639 ac
2689 4583 2954 4651 noctibus,
2987 4581 3068 4636 ait
3106 4581 3409 4650 Possidius,
3429 4582 3496 4636 ab
3527 4582 3706 4637 eodem

1993 4674 2204 4743 jugiter
2225 4673 2544 4741 agebantur.
2577 4675 2715 4729 Nam
2741 4677 2791 4726 et
2809 4672 3064 4741 epistolas
3088 4674 3337 4740 privatas
3359 4671 3433 4725 ad
3470 4685 3707 4740 quosque

2001 4762 2238 4830 ejusdem
2267 4764 2466 4816 erroris
2513 4763 2806 4831 episcopos,
2863 4764 2911 4815 et
2958 4763 3244 4814 eminentes
3291 4762 3494 4815 scilicet
3543 4761 3706 4815 laicos

2002 4851 2172 4917 dedit,
2196 4854 2406 4906 ratione
2432 4852 2652 4908 reddita
2682 4851 2970 4904 admonens
2993 4855 3156 4918 atque
3194 4851 3507 4916 emhortans,
3539 4853 3598 4904 ut
3625 4850 3707 4903 vel

2001 4941 2069 4992 ab
2098 4941 2191 4994 illa
2217 4956 2271 4994 se
2302 4943 2576 5009 pravitate
2603 4940 2949 5006 corrigerent,
2983 4939 3070 4993 vel
3099 4943 3236 4994 certe
3266 4939 3340 4992 ad
3377 4939 3706 5007 disputatio-

2001 5045 2120 5082 nem
2164 5032 2424 5083 venirent.
2458 5029 2533 5082 At
2563 5029 2648 5081 illi
2675 5043 2852 5083 causae
2879 5027 3218 5097 difï¬dentia,
3262 5044 3326 5082 ne
3355 5027 3571 5096 quidem
3603 5041 3702 5078 un-

2003 5134 2167 5187 quam
2195 5118 2486 5172 rescribere
2514 5117 2833 5171 voluerunt:
2871 5117 2966 5170 sed
2995 5119 3132 5171 irati
3164 5119 3378 5184 furiosa
3410 5114 3706 5182 loqueban-

2005 5218 2113 5279 tur,
2156 5218 2318 5280 atque
2348 5211 2677 5266 seductorem
2715 5215 2765 5266 et
2803 5212 3128 5280 decepto-rem
3164 5214 3470 5265 animarum
3510 5208 3706 5275 Augu-

2001 5303 2202 5355 stinum
2232 5316 2361 5367 esse,
2392 5305 2442 5353 et
2465 5302 2729 5368 privatim
2758 5305 2810 5355 et
2832 5301 3048 5370 publice
3083 5299 3514 5363 conclamabant;
3548 5301 3597 5349 et
3635 5301 3697 5350 ut

2003 5391 2188 5459 lupum
2217 5389 2566 5443 occidendum
2595 5406 2706 5446 esse
2734 5392 2794 5444 in
2825 5389 3183 5456 defensionem
3212 5388 3390 5453 gregis
3422 5387 3528 5452 sui,
3564 5384 3704 5439 dice-

2006 5477 2136 5531 bant
2164 5481 2212 5531 et
2245 5479 2586 5546 tractabant;
2620 5481 2904 5547 omniaque
2930 5481 3152 5547 peccata
3182 5492 3216 5529 a
3244 5478 3346 5529 Deo
3380 5475 3726 5529 indubitan-.

2008 5570 2086 5620 tcr
2114 5581 2224 5620 esse
2252 5567 2574 5622 credendum
2604 5584 2757 5637 posse
2797 5567 3008 5621 dimitti
3049 5566 3140 5625 iis,
3191 5565 3287 5632 qui
3315 5565 3409 5618 hoc
3437 5565 3616 5631 facere
3647 5580 3709 5618 ac
