4008 6184
350 267 444 320 195
1587 258 1744 317 νιτΑ
1783 261 1838 317 8.
1880 263 1927 316 Α

1587 258 1744 317 νιτΑ
1783 261 1838 317 S.
1880 256 2257 317 AUGUSTINI
2298 258 2634 316 EPISCOPI.

334 392 589 460 perﬁcere
625 390 957 458 potuissent;
1004 403 1096 443 nec
1148 390 1308 442 Deum
1366 390 1630 454 ﬁnientes,
1671 403 1764 442 nec
1803 388 2039 441 homines

340 479 718 533 erubescentes.
750 479 821 532 Et
840 481 900 531 ut
920 492 1102 530 eorum
1127 492 1299 531 causa:
1318 476 1632 543 difﬁdentia
1660 478 1864 530 cunctis
1895 478 2039 529 inno-

342 570 556 621 tesceret
583 566 919 620 elaboravit:
955 570 1005 619 et
1030 564 1263 634 publicis
1286 564 1457 619 Gestis
1487 564 1748 627 conventi,
1780 577 1885 615 non
1914 567 2038 614 sunt

335 659 458 711 ausi
499 658 740 722 conferre
795 656 1113 723 (Possidius,
1165 655 1223 707 in
1280 655 1409 707 Vita
1465 653 1789 718 Augustini,
1848 668 1896 703 c.
1953 650 2029 720 tl).

349 745 665 813 Aliquando
705 746 946 798 venimus
977 742 1051 796 ad
1091 743 1232 804 illos,
1280 742 1359 794 ait
1385 739 1756 810 Augustinus,
1784 740 2035 805 dicentes,

334 836 644 901 Quaeramus
672 848 877 898 verum,
906 835 1245 885 inveniamus
1271 846 1474 884 verum.
1505 832 1577 884 Et
1602 831 1709 897 illi,
1742 831 1846 884 Vos
1871 835 2039 883 tenete

332 921 476 989 quod
519 922 747 975 tenetis:
780 934 900 973 oves
947 923 1068 971 tuas
1112 918 1293 981 habes,
1325 932 1443 971 oves
1493 931 1637 971 meas
1688 917 1885 982 habeo;
1926 918 2039 970 noli

300 1060 307 1065 .
330 1010 579 1063 molestus
606 1023 715 1062 esse
743 1008 928 1061 ovibus
959 1008 1111 1069 meis,
1141 1007 1273 1074 quia
1300 1010 1352 1059 et
1379 1021 1473 1074 ego
1495 1021 1603 1059 non
1640 1020 1759 1059 sum
1787 1006 2036 1060 molestus

330 1098 518 1151 ovibus
573 1098 697 1149 tuis.
749 1098 850 1148 Deo
895 1096 1139 1161 gratias:
1188 1109 1314 1148 mea:
1357 1098 1483 1148 sunt
1522 1109 1663 1158 oves,
1713 1095 1862 1148 illius
1911 1098 2038 1148 sunt

329 1200 491 1239 oves:
538 1185 782 1240 Christus
832 1182 968 1251 quid
1016 1184 1192 1236 emit?
1245 1182 1466 1252 (Enarr.
1521 1186 1554 1236 2
1609 1185 1667 1235 in
1712 1184 1865 1237 Psal.
1924 1199 2032 1242 χχι,

325 1288 383 1328 n.
418 1275 475 1326 3t
496 1271 531 1342 .)
564 1272 923 1326 Litteraturae
954 1287 1018 1324 ac
1048 1270 1394 1341 eloquentiae
1438 1270 1730 1341 peritiam,
1763 1287 1877 1342 qua
1907 1272 2027 1341 plu-

329 1361 542 1415 rimum
585 1361 806 1414 valebat
842 1359 1215 1429 Augustinus,
1260 1358 1661 1413 detrectationi
1700 1374 2038 1428 congressus

329 1450 598 1504 videntur
652 1448 942 1502 interdum
1009 1447 1337 1502 obtendisse
1391 1446 1589 1517 (Epist.
1661 1449 1748 1513 34,
1794 1464 1852 1501 η.
1908 1449 1957 1516 ti)
2019 1463 2031 1500 :

332 1540 591 1611 quamvis
642 1543 850 1604 totum,
907 1554 1022 1609 quo
1067 1536 1326 1608 superior
1370 1536 1483 1590 illis
1534 1541 1675 1603 erat,
1732 1536 1922 1608 potius
1975 1536 2035 1590 in

329 1629 633 1699 Scripturas
665 1627 850 1681 verbis
867 1633 924 1681 et
944 1626 1457 1680 instrumentorum
1484 1624 1887 1697 rationumque
1918 1642 2036 1679 mo-

329 1717 560 1782 mentis,
602 1732 777 1787 quam
808 1715 869 1769 in
909 1713 1188 1770 orationis
1225 1718 1519 1768 venustate
1568 1714 1868 1785 nervisque
1897 1730 2033 1767 con-

330 1805 572 1860 sisteret.
608 1805 767 1858 Vires
816 1804 1027 1875 quibus
1068 1804 1191 1874 ejus
1228 1802 1291 1856 in
1329 1819 1425 1857 ore
1468 1801 1720 1856 veritatis
1760 1802 2031 1873 pollebat.

331 1893 486 1948 illius
517 1893 799 1947 facundia:
828 1890 1177 1946 tribuebant.
1210 1891 1274 1945 Id
1303 1890 1356 1945 ei
1385 1889 1571 1960 specie
1598 1889 1786 1944 laudis
1817 1889 2037 1943 Petilia-

331 1997 441 2035 nus
487 1986 544 2035 et
590 1980 927 2036 Cresconius
987 1979 1350 2051 objectarunt
1400 1978 1726 2050 aliquando,
1774 1983 2035 2032 sanctum

332 2069 528 2123 Virum
567 2084 700 2123 cum
749 2069 999 2122 Tertullo
1047 2067 1211 2122 Pauli
1256 2072 1580 2121 accusatore
1617 2072 2033 2136 comparantes.

331 2158 473 2211 Eum
505 2172 732 2227 quoque
761 2161 1039 2226 tanquam
1069 2154 1430 2209 dialecticum
1462 2153 1950 2221 criminabantur;
1979 2159 2035 2210 et

332 2245 495 2315 quasi
523 2244 849 2298 christiana:
878 2242 1107 2297 veritati
1153 2259 1244 2297 ars
1274 2243 1373 2297 illa
1402 2243 1641 2297 minime
1670 2249 2030 2313 congrueret,

331 2348 463 2386 eum
501 2331 695 2402 potius
740 2331 1099 2402 fugiendum,
1144 2347 1320 2402 quam
1364 2331 1740 2385 refellendum
1768 2332 2035 2387 censebat

328 2419 555 2491 (Contra
582 2422 816 2474 Litteras
851 2421 1129 2484 Petiliani,
1159 2420 1251 2473 tib.
1290 2422 1340 2483 3,
1370 2435 1426 2473 n.
1470 2422 1564 2486 19;
1598 2422 1797 2476 Contra
1820 2421 2032 2477 Cresco-

328 2511 500 2576 nium,
527 2509 628 2564 lib.
670 2512 716 2575 l,
741 2524 834 2562 nn.
863 2510 919 2573 2,
946 2507 1050 2573 l6).
1075 2507 1399 2562 Diftidemia
1414 2508 1511 2561 illa
1531 2524 1749 2573 eorum,
1784 2524 1898 2578 qua
1921 2510 2035 2564 col-

330 2596 587 2667 loquium
618 2595 1041 2650 Catholicorum
1070 2595 1478 2661 detrectabant,
1507 2594 1578 2649 ad
1600 2612 1743 2666 quos
1762 2601 1954 2650 tamen
1975 2613 2033 2651 se

327 2687 623 2755 tamquam
651 2684 961 2755 prophetas
991 2683 1196 2736 missos
1226 2699 1345 2736 esse
1365 2683 1677 2753 jactabant,
1708 2688 1865 2737 tanta
1888 2689 2031 2750 erat,

332 2778 396 2825 ut
433 2772 606 2826 etiam
655 2776 1011 2839 vererentur,
1051 2787 1126 2825 ne
1174 2786 1274 2825 sua
1304 2771 1518 2841 ipsorm
1560 2771 1769 2842 scripta
1815 2772 1874 2826 in
1904 2772 2031 2827 illo-

328 2876 458 2915 rum
485 2877 691 2915 manus
718 2860 1071 2916 devenirent.
1101 2861 1241 2914 Nam
1273 2876 1405 2914 cum
1435 2859 1745 2931 aliquando
1767 2860 2033 2931 Augusti-

328 2965 436 3003 nus
455 2948 832 3020 posteriorem
864 2952 1087 3019 partem
1111 2947 1367 3018 epistolae
1395 2964 1428 3002 a
1456 2947 1748 3019 praecipuo
1780 2949 2032 3019 quodam

326 3036 556 3092 illorum
605 3037 889 3108 episcopo,
923 3036 1201 3091 Petiliano
1252 3036 1484 3105 scilicet,
1516 3036 1764 3107 scriptae,
1799 3042 2034 3108 cuperet

326 3124 619 3194 accipere;
661 3126 854 3179 nullus
893 3142 925 3178 a
967 3141 1083 3195 quo
1124 3124 1304 3195 petita
1345 3129 1450 3193 est,
1493 3141 1619 3179 eam
1652 3126 1786 3180 dare
1828 3125 2026 3193 voluit,

326 3217 697 3283 posteaquam
742 3217 1129 3282 cognoverunt
1172 3213 1337 3267 illum
1385 3213 1564 3283 priori
1604 3213 1750 3283 parti
1803 3230 2036 3285 respon-

327 3301 463 3356 dere
483 3302 499 3371 (
519 3303 718 3358 Contra
735 3303 971 3356 Litteras
989 3302 1266 3367 Petiliani,
1295 3302 1389 3367 lib,
1416 3301 1511 3355 lib.
1540 3305 1586 3368 l,
1617 3318 1677 3356 η.
1705 3302 1813 3372 21).
1838 3303 2030 3373 Neque

328 3404 462 3443 vero
507 3393 735 3443 sanctus
793 3390 1002 3443 Doctor
1042 3388 1299 3460 putabat,
1355 3389 1403 3443 si
1446 3376 1746 3459 urgeretur
1790 3389 2032 3461 ipsemet

331 3480 585 3551 epistolas
611 3480 763 3534 illius
790 3484 1007 3547 auctor,
1036 3484 1100 3534 ut
1128 3479 1181 3533 ei
1207 3495 1385 3534 manu
1413 3479 1645 3550 propria
1669 3466 2031 3535 subscribens

330 3585 491 3627 suam
520 3586 641 3623 esse
668 3568 959 3632 fateretur,
986 3568 1043 3623 id
1073 3585 1204 3622 eum
1230 3584 1486 3639 unquam
1516 3568 1699 3621 facere
1730 3583 2024 3621 ausurum.

328 3657 440 3711 Nec
468 3662 555 3712 sat
590 3656 703 3712 illis
728 3658 836 3712 fuit
865 3656 1118 3712 veritatis
1160 3658 1363 3712 oblata:
1392 3657 1589 3711 lumen
1619 3672 1845 3727 semper
1870 3672 2027 3709 avor-

326 3745 459 3812 sari,
502 3745 612 3799 nisi
648 3746 821 3800 etiam
852 3746 1005 3801 illius
1040 3762 1330 3815 praecones
1360 3745 1565 3800 acriter
1592 3745 2024 3800 insectarentur.

328 3834 539 3887 Verum
571 3850 676 3887 nec
720 3849 918 3887 eorum
945 3833 1179 3899 duritia,
1221 3850 1326 3887 nec
1360 3834 1538 3901 furor,
1578 3833 1879 3888 ardentem
1917 3837 2029 3887 Au-

326 3920 542 3991 gustini
591 3922 781 3975 zelum
836 3920 1193 3992 restinguere
1240 3927 1340 3975 aut
1386 3921 1660 3975 remorari
1700 3922 2023 3975 valuerunt.

327 4008 486 4065 Unde
528 4008 607 4063 sic
648 4008 771 4080 ipso
819 4009 1104 4079 populum
1148 4025 1319 4063 suum
1356 4010 1701 4080 compellat:
1746 4012 1844 4064 Hic
1883 4013 2025 4064 inter

322 4113 515 4152 manus
545 4099 814 4152 latronum
843 4102 892 4151 et
918 4097 1101 4151 dentes
1132 4099 1383 4167 luporum
1406 4099 1709 4163 furentium
1738 4102 2027 4167 utcumque

322 4201 625 4255 versamur,
654 4190 704 4241 et
732 4201 831 4256 pro
860 4186 944 4240 his
968 4188 1228 4256 periculis
1256 4187 1454 4240 nostris
1485 4190 1547 4240 ut
1574 4187 1757 4251 oretis,
1790 4201 2024 4239 oramus.

325 4279 394 4331 Et
422 4280 757 4331 contumaces
785 4279 913 4330 sunt
930 4289 1083 4331 oves:
1114 4276 1245 4343 quia
1273 4278 1591 4344 quaeruntur
1614 4278 1873 4335 errantes,
1895 4275 2025 4327 alie-

320 4380 420 4419 nas
445 4380 500 4419 se
529 4365 729 4419 anobis
757 4365 949 4419 dicunt
984 4379 1163 4418 errore
1190 4380 1284 4417 suo
1316 4367 1366 4417 et
1388 4363 1695 4431 perditione
1725 4378 1840 4417 sua.
1886 4363 2028 4429 Quid

319 4467 415 4505 nos
443 4454 610 4506 vultis
626 4453 654 4507 ?
684 4454 819 4522 quid
846 4467 941 4507 nos
971 4455 1216 4521 quaeritis
1233 4455 1261 4505 ?
1285 4451 1459 4518 Quasi
1481 4467 1587 4505 non
1609 4453 1735 4520 ipsa
1759 4467 1927 4506 causa
1955 4453 2028 4505 sit

322 4554 491 4608 quare
518 4554 608 4594 eas
652 4542 900 4603 velimus,
941 4546 992 4595 et
1021 4557 1189 4610 quare
1224 4556 1548 4611 quaeramus,
1582 4543 1715 4609 quia
1751 4544 1938 4594 errant
1978 4544 2027 4593 et

318 4632 563 4696 pereunt.
608 4629 671 4683 Si
695 4630 754 4683 in
785 4645 988 4696 errore,
1029 4632 1227 4699 inquit,
1274 4645 1414 4695 sum,
1458 4631 1509 4682 si
1531 4631 1588 4682 in
1617 4631 1859 4696 interitu,
1894 4629 2029 4697 quid

319 4730 401 4769 me
430 4715 558 4771 vis?
590 4718 727 4784 quid
770 4734 852 4771 me
891 4721 1088 4786 quaeris
1110 4718 1138 4774 ?
1168 4720 1301 4789 quia
1356 4720 1416 4771 in
1457 4732 1637 4771 errore
1673 4732 1746 4783 es,
1780 4732 2029 4771 revocare

320 4803 482 4858 volo:
534 4805 670 4873 quia
708 4808 923 4874 peristi,
970 4808 1207 4861 inveni-re
1254 4807 1389 4861 volo.
1425 4807 1513 4862 Sic
1554 4806 1669 4859 volo
1699 4821 1900 4871 errare,
1950 4808 2027 4860 sic

250 4898 263 4917 '
317 4892 436 4947 volo
480 4895 679 4962 perire.
712 4893 798 4948 Sic
829 4895 910 4947 vis
943 4909 1145 4961 errare,
1178 4898 1255 4949 sic
1302 4897 1386 4949 vis
1422 4895 1628 4964 perire!
1678 4898 1881 4963 quanto
1929 4909 2028 4948 me—

321 4982 427 5036 lius
454 4997 547 5049 ego
580 4982 700 5036 nolo
720 4983 740 5036 .'
782 4983 1008 5037 Prorsus
1039 4983 1209 5038 audeo
1248 4983 1443 5050 dicere,
1490 4984 1841 5052 Importunas
1884 4996 2023 5036 sum.

320 5070 505 5125 Audio
540 5071 682 5124 enim
722 5068 985 5124 dicentem
1033 5072 1371 5140 Apostolum,
1406 5091 1434 5123 α
1466 5070 1718 5126 Ρτωάἱεει
1755 5070 2021 5138 verbum;

320 5157 471 5214 iusta
496 5162 837 5231 opportune,
861 5158 1187 5228 importune
1223 5181 1245 5206 ι
1297 5161 1364 5230 (ll
1410 5162 1551 5216 Tem.
1595 5176 1670 5226 1v,
1702 5163 1781 5229 ‘2).
1815 5159 2020 5225 Quibus

323 5266 350 5298 ιι
373 5254 692 5320 opportune
706 5250 735 5302 ?
751 5267 777 5299 η
804 5246 999 5317 quibus
1020 5246 1385 5318 «importune
1401 5248 1428 5304 ?
1449 5250 1778 5319 Opportune
1800 5268 1824 5297 »
1838 5249 2027 5316 utique

319 5337 637 5406 volentibus,
657 5336 1029 5408 «importune
1053 5356 1078 5387 ι)
1097 5337 1415 5391 nolent-ibus.
1440 5340 1664 5391 Prorsus
1685 5339 2024 5406 importunus

320 5437 459 5491 sum,
496 5428 666 5481 audeo
706 5426 900 5481 dicere.
956 5427 1035 5480 Tu
1072 5427 1159 5480 vis
1204 5440 1408 5490 errare,
1454 5429 1514 5479 tu
1554 5428 1635 5480 vis
1665 5428 1876 5496 perire:
1929 5439 2022 5491 ego

321 5510 460 5567 nolo.
492 5514 611 5569 Non
647 5515 766 5571 vult
792 5520 1059 5585 postremo
1105 5514 1196 5570 ille
1238 5512 1336 5583 qui
1364 5527 1446 5568 me
1476 5516 1661 5569 terret.
1702 5514 1766 5569 Si
1786 5512 2018 5579 voluero,

3752 266 3856 319 l96

2144 386 2270 440 vide
2298 386 2433 454 quid
2477 386 2644 451 dicat,
2691 384 2813 439 vide
2852 385 2989 454 quid
3034 387 3306 455 increpet:
3344 405 3372 437 α
3400 386 3560 450 Quod
3604 388 3851 455 errabat,

2147 490 2264 527 non
2317 474 2644 540 revocastis;
2701 480 2757 527 ct
2807 473 2961 543 quod
3023 474 3213 544 periit,
3254 490 3371 527 non
3431 475 3772 546 inquisiistis
3822 498 3854 529 υ

2150 563 2364 631 (Ezech.
2428 578 2609 622 xxxn'.
2668 564 2740 629 4).
2811 565 2879 615 Te
2931 564 3106 630 magis
3173 563 3365 617 timebo
3418 580 3580 632 quam
3630 566 3858 633 ipsum?

2152 674 2172 698 ιι
2210 652 2439 721 Oportet
2468 669 2572 704 nos
2600 667 2799 703 omnes
2843 650 3099 704 exhiberi
3132 657 3260 704 ante
3294 651 3544 706 tribunal
3585 653 3791 707 Christi
3823 675 3852 704 ι»

2149 739 2217 809 (ΙΙ
2263 741 2383 796 Cor.
2426 756 2478 801 v,
2529 739 2636 809 10).
2682 741 2800 795 Non
2839 744 2887 793 te
2939 742 3128 805 timeo;
3179 755 3287 793 non
3334 743 3478 794 enim
3520 747 3667 811 potes
3700 758 3854 797 ever-

2146 833 2253 882 tere
2279 830 2520 882 tribunal
2541 829 2766 893 Christi,
2789 832 2840 881 et
2870 832 3191 882 constituere
3210 830 3454 883 tribunal
3480 832 3700 886 Donati.
3742 834 3855 887 Be—

2144 918 2341 971 vocabo
2388 922 2673 980 errantem,
2723 918 3003 985 requiram
3047 918 3359 986 perditam:
3392 919 3524 972 velis
3574 920 3736 987 nolis,
3787 920 3853 973 id

2145 1021 2325 1074 agam.
2354 1010 2424 1061 Et
2447 1008 2498 1060 si
2517 1022 2596 1060 me
2626 1007 2985 1074 inquirentem
3014 1007 3216 1059 lanient
3235 1022 3419 1075 vepres
3440 1007 3717 1071 silvarum,
3750 1026 3856 1078 per

2144 1097 2325 1148 omnia
2367 1100 2601 1163 angusta
2642 1110 2724 1148 me
2767 1094 3067 1163 coarctabo,
3117 1111 3293 1148 omnes
3343 1110 3491 1164 sepes
3542 1099 3850 1163 excutiam;

2152 1188 2417 1253 quantum
2456 1185 2595 1237 mihi
2631 1185 2833 1237 virium
2887 1187 3087 1237 terrens
3136 1185 3391 1237 Dominus
3438 1184 3624 1250 donat,
3668 1189 3857 1239 omnia

2139 1272 2465 1340 peragrabo,
2496 1272 2751 1326 revocabo
2789 1277 3080 1337 errantem,
3114 1274 3391 1341 requiram
3413 1278 3739 1342 pereuntem.
3787 1277 3854 1329 Si

2143 1376 2225 1414 me
2272 1363 2394 1430 pati
2422 1377 2527 1415 non
2572 1363 2675 1428 vis,
2725 1362 2838 1415 noli
2881 1376 3084 1427 errare,
3134 1363 3246 1415 noli
3283 1364 3464 1430 perire
3513 1363 3700 1431 (Serm.
3754 1366 3849 1427 46,

2143 1465 2197 1502 n.
2240 1449 2341 1518 14).
2380 1449 2590 1503 Deinde
2620 1454 2782 1502 notat
2811 1449 2865 1503 id
2902 1450 3081 1503 etiam
3118 1446 3500 1503 necessarium
3528 1450 3717 1515 fuisse,
3764 1468 3839 1504 ne

2145 1536 2415 1590 Catholici
2456 1537 2701 1591 schisma
2734 1542 2796 1591 ut
2843 1537 3139 1608 quidpiam
3172 1536 3505 1592 inditl'ereus
3553 1538 3837 1604 arbitrati,

2142 1624 2449 1693 proclivius
2503 1624 2562 1679 in
2610 1624 2751 1679 illud
2797 1626 3257 1695 prolaberentur.
3318 1627 3381 1682 Si
3419 1628 3698 1695 neglerero
3745 1644 3841 1680 er-

2141 1718 2370 1775 rantem,
2397 1712 2498 1780 ait,
2527 1717 2690 1782 atque
2732 1719 3059 1782 pereuntem,
3103 1718 3154 1767 et
3183 1730 3301 1768 eum
3328 1716 3425 1782 qui
3450 1716 3615 1780 fortis
3647 1723 3726 1768 est
3756 1716 3854 1769 dc-

2142 1801 2359 1855 lectabit
2382 1816 2565 1855 errare
2592 1807 2755 1870 atque
2788 1804 2991 1871 perire.
3026 1804 3196 1871 Cupio
3245 1804 3398 1856 lucra
3435 1806 3728 1868 exteriora,
3756 1805 3859 1858 sed

2144 1890 2301 1943 timeo
2338 1890 2464 1958 plus
2507 1889 2711 1943 damna
2751 1892 3030 1944 interiora.
3086 1892 3148 1945 Si
3190 1890 3583 1959 indi/ferentem
3616 1892 3857 1945 habuero

2142 1993 2373 2032 errorem
2403 1983 2572 2046 tuum,
2604 1978 2839 2032 attendit
2859 1981 2958 2048 qui
2984 1981 3147 2045 fortis
3174 1986 3269 2045 est,
3289 1983 3453 2047 putat
3478 1980 3620 2032 nihil
3638 1995 3752 2034 esse
3772 1982 3857 2033 ire

2142 2069 2199 2119 in
2224 2067 2487 2122 han-esim.
2532 2066 2758 2133 Quando
2797 2067 3025 2135 aliquod
3062 2066 3393 2121 commodum
3432 2066 3497 2120 de
3529 2067 3718 2121 saeculo
3763 2083 3854 2120 re-

2142 2154 2345 2209 laverit
2375 2155 2515 2210 unde
2539 2160 2794 2221 mutetur,
2821 2157 3009 2209 statim
3032 2156 3168 2208 mihi
3190 2155 3326 2209 dicit
3339 2157 3506 2222 fortis
3536 2157 3627 2209 ille
3644 2158 3856 2224 peritu-

2140 2258 2255 2308 rus,
2286 2259 2407 2297 cum
2454 2248 2503 2297 te
2526 2243 2802 2313 perditum
2832 2259 2937 2298 non
2972 2244 3208 2312 requiro.
3242 2246 3313 2297 Et
3345 2244 3446 2296 hac
3476 2247 3525 2297 et
3573 2244 3673 2297 hac
3700 2246 3845 2298 Deus

2140 2336 2240 2399 est,
2271 2332 2404 2401 quid
2445 2334 2714 2386 interest?
2743 2334 2990 2387 Homines
3020 2334 3163 2386 inter
3190 2346 3245 2385 se
3274 2333 3552 2398 litigantes
3595 2333 3687 2386 hoc
3713 2335 3853 2399 fece-

2139 2426 2287 2488 runt,
2321 2422 2639 2491 ubicumque
2674 2421 2924 2476 colendus
2953 2426 3032 2475 est
3059 2424 3218 2476 Deus.
3251 2423 3313 2477 Si
3338 2425 3481 2487 forte
3512 2422 3600 2477 illi
3637 2423 3850 2476 diam-rit

2141 2510 2343 2577 aliquis
2374 2513 2673 2575 Donatista,
2702 2512 2818 2565 Non
2842 2510 2945 2563 tibi
2975 2509 3116 2563 dabo
3152 2512 3325 2578 ﬁliam
3348 2526 3539 2577 meam,
3572 2512 3683 2564 nisi
3718 2513 3850 2577 fue-

2138 2600 2219 2652 ris
2248 2598 2315 2652 d'e
2346 2604 2506 2668 parte
2536 2615 2689 2653 mea:
2736 2600 2822 2653 illi
2849 2614 2983 2668 opus
3027 2604 3107 2653 est
3139 2604 3199 2652 ut
3225 2599 3472 2653 attendat
3500 2605 3549 2653 et
3579 2600 3751 2667 dicat,
3786 2603 3851 2657 Si

2139 2688 2283 2741 nihil
2309 2689 2444 2742 mali
2484 2693 2617 2742 esset
2661 2703 2771 2742 esse
2809 2687 2876 2741 de
2914 2692 3074 2756 parte
3114 2704 3313 2750 eorum,
3354 2704 3459 2742 non
3500 2693 3686 2742 contra
3726 2690 3850 2744 illos

2141 2780 2295 2829 tanta
2314 2776 2550 2831 dicerent
2572 2782 2819 2846 pastores
2840 2780 3035 2843 nostri,
3060 2793 3165 2831 non
3183 2792 3285 2846 pro
3306 2779 3523 2831 illorum
3542 2793 3721 2831 errore
3738 2784 3851 2832 sat-

2140 2868 2375 2931 agerent.
2408 2865 2470 2920 Si
2507 2880 2631 2933 ergo
2671 2880 2928 2919 cessemus
2975 2870 3025 2919 et
3055 2870 3345 2933 taceamus,
3386 2867 3665 2920 contraria
3693 2867 3848 2920 loca-

2140 2958 2293 3006 turus
2319 2952 2604 3022 est2(lbid.,
2635 2969 2691 3008 n.
2716 2953 2829 3023 l5).
2867 2955 3099 3008 Multum
3123 2957 3300 3014 timeo,
3335 2954 3521 3024 inquit
3541 2953 3678 3008 alibi
3705 2971 3850 3008 non-

2141 3040 2277 3094 dum
2334 3042 2654 3111 episcopus,
2702 3057 2767 3096 ne
2816 3058 2899 3096 me
2944 3047 3147 3096 tacente
3194 3048 3245 3096 et
3298 3042 3695 3109 dissimulante,
3751 3044 3855 3096 alii

2140 3145 2349 3198 quoque
2394 3130 2797 3199 rebaptizentur
2841 3147 2877 3184 a
2903 3131 3072 3185 vobis.
3123 3133 3341 3185 Decrevi
3387 3146 3532 3199 ergo,
3583 3136 3851 3199 quantum

2137 3219 2280 3271 vires
2306 3222 2356 3271 et
2396 3220 2713 3285 facultatem
2754 3221 3011 3273 Dominus
3048 3219 3288 3289 przebere
3317 3220 3580 3287 digna.ur
3626 3236 3852 3275 causam

2138 3307 2301 3360 istam
2329 3308 2404 3360 sic
2438 3322 2614 3375 agere,
2646 3311 2706 3360 ut
2731 3308 2976 3375 paciﬁcis
3006 3308 3380 3362 collationibus
3409 3310 3614 3362 nostris
3642 3324 3847 3367 omnes.

2139 3396 2237 3463 qui
2288 3394 2440 3449 nobis
2492 3397 2909 3462 communicant,
2961 3398 3210 3450 noverint
3274 3396 3341 3449 ab
3396 3397 3690 3451 haeresibus
3750 3404 3853 3451 aut

2137 3483 2516 3538 schismatibus
2538 3488 2801 3552 quantum
2830 3485 3096 3539 catholica
3124 3485 3288 3538 distet
3310 3485 3567 3552 Ecclesia,
3596 3488 3647 3538 et
3676 3501 3852 3554 quan-

2138 3574 2250 3623 tum
2280 3573 2351 3624 sit
2379 3571 2617 3624 cavenda
2643 3573 2930 3641 pernicies,
2961 3573 3044 3626 vel
3080 3574 3435 3638 zizaniorum,
3469 3572 3550 3626 vel
3584 3575 3851 3640 praeciso-

2136 3674 2259 3712 rum
2301 3659 2366 3712 de
2408 3661 2517 3713 vite
2564 3662 2783 3714 Domini
2829 3664 3242 3715 sarmentorum.
3295 3661 3471 3726 Qzaun
3509 3661 3850 3715 collationem

2135 3762 2338 3801 mecum
2364 3749 2414 3801 si
2442 3748 2631 3802 libenti
2659 3751 2838 3801 animo
2880 3750 3198 3818 susceperis,
3228 3753 3289 3802 ut
3313 3748 3662 3802 concordibus
3692 3749 3845 3804 nobis

2135 3835 2412 3889 amborum
2441 3837 2633 3892 littere
2659 3838 2875 3906 populis
2916 3839 3228 3904 recitentur,
3261 3837 3530 3906 ineffabili
3565 3837 3851 3892 exsultabo

2136 3924 2358 3977 lazlitia:
2403 3926 2453 3978 si
2481 3930 2660 3978 autem
2700 3925 2760 3978 id
2792 3941 2943 3993 aequo
2970 3927 3150 3979 animo
3190 3941 3295 3980 non
3321 3927 3545 3994 accipis,
3578 3926 3724 3994 quid
3750 3929 3846 3992 fa-

2134 4012 2293 4078 ciam,
2324 4014 2517 4078 frater,
2560 4013 2672 4066 nisi
2700 4016 2759 4066 ut
2802 4017 2850 4066 te
2880 4028 3089 4082 quoque
3118 4015 3286 4067 invito
3330 4015 3583 4083 epistolas
3621 4020 3844 4068 nostras

2130 4100 2327 4167 populo
2372 4100 2632 4153 catholico
2675 4100 2868 4168 legam,
2933 4116 3036 4168 quo
3080 4115 3190 4155 esse
3240 4103 3413 4170 possit
3460 4101 3831 4155 instructior?

2133 4186 2286 4252 Quod
2312 4188 2361 4240 si
2396 4188 2686 4241 rescribere
2732 4188 2992 4255 dignatus
3023 4204 3127 4242 non
3159 4191 3332 4254 fueris
3371 4189 3452 4242 vel
3492 4204 3640 4243 meas
3696 4190 3842 4243 solas

2135 4276 2304 4342 legere
2333 4275 2560 4343 decrevi,
2585 4280 2645 4329 ut
2661 4276 2851 4330 saltem
2880 4277 3193 4344 difﬁdentia
3210 4282 3416 4332 vestras
3441 4279 3660 4345 cognita
3689 4278 3844 4331 reba-

2129 4365 2339 4432 ptizari
2365 4364 2679 4418 erubescant
2710 4364 2906 4435 (Epist.
2941 4367 3032 4431 23,
3064 4381 3117 4419 n.
3154 4368 3223 4427 6).

2205 4453 2256 4505 4.
2300 4451 2557 4506 Primum
2605 4469 2767 4522 opus,
2831 4454 2984 4523 quod
3033 4454 3102 4507 ab
3146 4470 3213 4507 eo
3261 4457 3458 4508 contra
3508 4454 3837 4509 Donatistas

2135 4539 2408 4611 scriptum
2440 4540 2849 4611 comperimus,
2890 4541 3149 4596 Psalmus
3189 4548 3291 4610 est,
3336 4559 3505 4614 quem
3546 4544 3841 4597 Abeceda-

2134 4629 2285 4683 rium
2321 4629 2550 4700 appelat
2573 4628 2895 4699 (Retractat.
2931 4631 3024 4683 lib.
3064 4633 3112 4696 l,
3154 4646 3277 4699 cap.
3309 4630 3423 4700 20),
3464 4631 3620 4701 quod
3659 4632 3846 4684 varias

2134 4717 2193 4772 in
2222 4722 2434 4788 partes,
2467 4733 2711 4787 quarum
2735 4716 2977 4788 singulae
3010 4734 3051 4771 a'
3072 4717 3263 4772 latinis
3292 4718 3493 4773 litteris
3522 4719 3842 4773 secundum

2133 4806 2419 4879 alphabeti
2441 4805 2701 4860 ordinem
2717 4805 2944 4860 initium
2962 4806 3199 4875 ducunt,
3225 4806 3437 4861 divisus
3450 4806 3538 4861 sit.
3564 4808 3845 4878 Rhythmi

2131 4911 2310 4966 genus
2340 4899 2424 4948 est
2444 4898 2501 4948 et
2526 4893 2848 4963 cantilenas,
2871 4895 2943 4949 ad
2972 4895 3137 4965 cujus
3168 4893 3423 4965 singulas
3453 4901 3644 4966 partes
3667 4896 3841 4966 hypo-

2131 4984 2347 5054 psalma
2371 4981 2698 5037 succinitur.
2734 4984 2849 5037 Hoc
2879 4987 3071 5037 autem
3100 4983 3324 5037 Psalmo
3356 4982 3529 5038 totius
3558 4984 3845 5039 schisma-

2131 5067 2206 5122 tis
2234 5066 2553 5135 historiam,
2587 5083 2761 5138 quam
2788 5082 2857 5121 ex
2897 5067 3102 5138 Optato
3136 5067 3557 5137 deprompsisse
3589 5068 3842 5135 videtur,

2134 5173 2197 5209 ac
2228 5154 2631 5209 refutationem
2674 5154 2883 5208 erroris
2922 5154 3445 5215 schismaticorum,
3499 5173 3614 5227 qua
3653 5156 3847 5228 potuit

2133 5243 2411 5298 sermonis
2460 5242 2887 5314 perspicuitate,
2945 5243 3177 5315 stiliqne
3235 5244 3628 5316 simplicitate,
3685 5262 3844 5300 com-

2132 5333 2331 5404 plexus
2355 5337 2459 5387 est.
2495 5333 2553 5387 ld
2574 5332 2729 5386 enim
2757 5331 2948 5404 operis
2977 5333 3049 5387 ad
3080 5332 3416 5404 imperitum
3443 5337 3501 5388 et
3531 5334 3677 5388 rude
3716 5336 3842 5389 vul-

2132 5436 2237 5489 gus
2269 5420 2649 5476 erudiendum
2668 5419 3039 5491 conscripsit:
3066 5425 3421 5492 quapropter
3441 5420 3586 5476 illud
3610 5427 3673 5477 ut
3704 5426 3843 5477 con-

2131 5508 2245 5564 cini
2267 5512 2474 5581 posset,
2492 5525 2555 5564 ac
2575 5506 2869 5566 memoria:
2908 5508 3129 5564 facilius
3164 5507 3492 5577 inhaereret,
3531 5509 3846 5581 rhythmus
