4008 6184
184 260 277 314 l9?
1641 259 1847 320 LlBER
1887 259 2200 320 TERTIUS.
3589 275 3684 327 l98

175 385 471 440 conclusit.
527 386 652 439 Non
694 387 888 439 tamen
929 384 1169 456 poeticis
1205 386 1461 440 numeris
1491 387 1753 458 illigavit,
1802 405 1874 443 ne

173 474 408 528 metrica
443 475 753 528 necessitas
785 491 916 528 eum
947 474 1018 528 ad
1050 475 1239 545 aliqua
1271 476 1543 530 vocabula
1573 479 1741 548 vulgo
1767 478 1876 531 mi-

172 579 274 616 nus
313 562 528 616 usitata
573 564 960 633 compelleret.
1003 563 1351 617 Procemium
1384 565 1555 618 etiam
1603 567 1753 636 quod
1791 584 1878 620 ca-

172 656 420 715 neretur,
482 657 678 705 tamen
736 657 894 704 extra
938 651 1255 705 litterarum
1303 653 1585 718 ordinem,
1638 659 1878 709 testatur

166 739 292 793 huic
333 740 566 792 Psalmo
601 740 771 793 fuisse
814 740 1134 809 praslixum.
1176 741 1288 793 Hoc
1329 741 1670 810 prooemium
1702 744 1878 812 hypo-

165 827 430 897 psalmati
457 828 842 898 fsubjunctum
872 829 930 881 in
965 828 1210 895 Psalmo,
1244 845 1415 899 quem
1446 846 1565 899 prae
1614 833 1877 885 manibus

165 916 468 981 habemus,
502 932 620 970 non
649 915 984 986 reperimus.
1009 917 1134 970 Jam
1163 915 1598 987 [observavimus
1619 919 1764 972 hanc
1797 921 1878 973 lu-

163 1004 586 1070 cubrationem,
639 1010 986 1074 cazterasqne
1045 1005 1114 1058 de
1163 1005 1371 1075 quibus
1424 1023 1573 1060 nunc
1625 1007 1873 1077 agimus,

162 1097 283 1160 post
321 1092 547 1145 librum
593 1091 662 1145 de
705 1091 838 1144 Fide
877 1097 932 1144 et
959 1091 1228 1161 Symbolo
1271 1108 1463 1146 mense
1492 1095 1709 1148 octobri
1740 1096 1876 1149 anni

159 1179 550 1234 trecentesimi
583 1179 942 1249 nonagesimi
973 1180 1127 1233 tertii
1155 1182 1556 1251 compositum,
1585 1183 1654 1236 ab
1677 1200 1744 1236 eo
1767 1185 1876 1238 col—

161 1269 351 1323 locari.
393 1269 628 1322 Nullam
657 1267 716 1321 in
745 1268 855 1321 hoc
893 1267 1116 1322 Psalmo
1147 1266 1396 1322 historiae
1429 1269 1872 1323 Maximianista-

163 1373 282 1410 rum
328 1355 696 1410 mentionem
736 1355 896 1423 facit;
930 1372 1033 1410 nec
1060 1356 1215 1410 enim
1245 1358 1478 1427 proprie
1509 1358 1771 1412 absoluta
1791 1363 1875 1412 est

161 1444 260 1497 nisi
301 1461 466 1497 anno
490 1444 892 1498 trecentesimo
924 1443 1296 1514 nonagesimo
1329 1445 1600 1514 septimo.

217 1538 268 1586 ὅ.
324 1533 601 1587 Alterum
652 1533 838 1588 adhuc
899 1551 1041 1604 opus
1090 1533 1434 1604 presbyterii
1474 1535 1563 1588 sui
1610 1538 1869 1604 tempore

154 1629 354 1675 contra
385 1622 716 1676 Donatistas
745 1622 974 1692 scripsit
1001 1622 1355 1692 Augustinus
1380 1639 1393 1688 ;
1419 1623 1871 1677 confulationem

153 1710 420 1763 videlicet
473 1710 673 1780 magni
715 1711 916 1764 Donati
964 1710 1449 1781 Carthaginensis,
1495 1711 1668 1764 totius
1721 1710 1868 1764 schi-

149 1798 350 1851 smatis
385 1797 666 1867 principis
697 1802 753 1850 et
781 1797 1092 1863 architecti,
1137 1799 1230 1852 cui
1269 1798 1443 1852 etiam
1471 1815 1684 1852 nomen
1715 1799 1865 1853 indi-

148 1887 290 1939 disse
326 1885 591 1939 creditur
621 1885 802 1952 (Ibid..
837 1900 957 1955 cap.
987 1887 1100 1951 2t).
1132 1888 1258 1940 Jam
1284 1886 1511 1957 pridem
1541 1886 1636 1941 ille
1666 1903 1866 1957 supre-

145 1991 305 2027 mum
337 1974 497 2028 diem
521 1974 743 2028 obierat
769 1990 781 2027 :
817 1973 914 2027 sed
954 1973 1106 2028 inter
1129 1990 1304 2044 opera
1329 1991 1459 2046 qua:
1490 1975 1738 2029 moriens
1776 1992 1864 2029 re-

142 2063 340 2134 liquit,
379 2063 620 2116 iuvenla
649 2067 733 2116 est
763 2062 1021 2132 epistola,
1054 2061 1115 2116 in
1155 2079 1270 2133 qua
1315 2063 1667 2134 Baptismum
1708 2069 1866 2118 extra

141 2159 364 2206 sectam
395 2167 564 2205 suam
604 2151 848 2205 conferri
891 2167 1009 2204 non
1038 2167 1204 2221 posse
1244 2152 1651 2206 contendebat.
1707 2153 1860 2206 Hanc

139 2240 459 2310 epistolam
503 2239 823 2293 confutavit
868 2239 1254 2310 Augustinus;
1287 2256 1486 2294 verum
1537 2257 1681 2310 opus
1711 2241 1862 2296 istud

139 2328 462 2383 intercidit.
492 2329 731 2383 Sanctus
778 2329 984 2382 Doctor
1013 2328 1074 2381 in
1107 2328 1225 2382 suis
1269 2329 1756 2383 Retractationum
1793 2329 1862 2382 li-

141 2418 255 2471 bris
283 2421 461 2470 notat
489 2417 708 2486 aliquot
735 2415 858 2471 loca
882 2415 1044 2470 istius
1075 2416 1261 2487 operis
1288 2416 1395 2482 sui,
1425 2416 1484 2470 in
1505 2417 1712 2488 quibus
1742 2417 1862 2486 ipse

137 2507 510 2576 deliquerat:
564 2503 812 2557 maxime
863 2520 994 2557 vero
1051 2521 1276 2558 summa
1331 2521 1460 2558 cum
1518 2505 1862 2558 demissione

138 2595 480 2656 confitetur,
505 2610 566 2646 se
597 2593 882 2646 immerito
910 2592 968 2645 in
993 2592 1157 2646 illum
1188 2597 1461 2664 tanquam
1482 2593 1544 2646 in
1571 2593 1757 2647 furem
1782 2593 1862 2647 di-

141 2683 258 2736 vini
294 2681 520 2752 eloquii
554 2681 638 2734 vel
666 2680 998 2734 violatorem
1042 2681 1214 2734 fuisse
1260 2682 1569 2747 invectum,
1615 2697 1861 2751 eumque

137 2774 282 2828 falso
316 2771 688 2825 insimulasse
729 2770 890 2840 quasi
923 2770 991 2823 de
1017 2770 1164 2824 libro
1196 2769 1564 2824 Ecclesiastici
1594 2771 1858 2840 quaedam

137 2862 319 2916 verba
367 2860 443 2913 ad
492 2875 616 2912 rem
665 2858 980 2912 necessaria
1023 2858 1092 2912 de
1148 2858 1339 2912 media
1378 2859 1662 2912 sententia
1708 2875 1860 2928 pra:-

138 2951 411 3014 cidisset;
464 2964 596 3001 cum
651 2947 712 3000 in
758 2946 1023 3017 plurimis
1074 2945 1387 3013 codicibus,
1443 2945 1566 3014 ipso
1627 2947 1858 3000 Donati-

137 3044 365 3092 starum
399 3036 708 3089 schismate
727 3034 1165 3105 antiquioribus,
1189 3033 1344 3088 idem
1364 3033 1638 3088 mendum
1658 3037 1862 3103 postea

134 3124 451 3196 repererit.

201 3222 262 3271 6.
306 3213 674 3285 Augustinus
725 3213 982 3267 nondum
1035 3213 1332 3284 episcopus
1370 3212 1441 3266 ad
1489 3210 1856 3267 Maximinum

135 3305 583 3360 Donatistarum
620 3302 966 3357 Sinitcnscm
999 3303 1329 3373 episcopum
1363 3301 1581 3354 litteras
1610 3300 1854 3370 scripsit,

132 3394 352 3466 quibus
395 3392 810 3446 induceremur
839 3391 905 3444 ad
940 3391 1309 3457 credendum,
1349 3388 1635 3443 Maximini
1665 3389 1856 3442 sedem

129 3482 290 3552 apud
355 3481 685 3551 Hipponem
737 3478 934 3545 fuisse,
995 3477 1104 3531 nisi
1144 3481 1452 3531 testaretur
1500 3476 1856 3546 Augustinus

131 3568 590 3622 Proculeianum
620 3584 726 3637 pro
761 3565 1068 3620 Donatistis
1101 3565 1160 3618 in
1187 3566 1293 3619 hac
1323 3565 1446 3635 ipsa
1478 3565 1616 3618 urbe
1648 3565 1856 3618 multo-

129 3671 265 3708 rum
287 3655 470 3709 fuisse
528 3671 814 3708 annorum
873 3655 1226 3725 episcopum,
1295 3670 1425 3706 cum
1483 3653 1604 3723 ipse
1658 3668 1853 3704 recens

129 3744 539 3814 episcopatum
584 3742 797 3796 ibidem
827 3747 1052 3812 gereret
1082 3745 1274 3811 (Epist.
1319 3745 1489 3806 34,91.
1525 3741 1600 3810 6).
1643 3741 1851 3804 Quam-

131 3833 338 3886 obrem
398 3831 646 3884 libenter
700 3830 851 3884 imus
889 3830 950 3883 in
1009 3829 1281 3884 Holstenii
1328 3829 1692 3892 sententiam,
1752 3828 1851 3898 qui

129 3919 289 3974 hunc
344 3919 726 3974 Maximinum
773 3919 1086 3972 arbitratur
1133 3934 1257 3971 esse
1304 3918 1638 3988 episcopum
1686 3917 1852 3970 illum

128 4007 511 4073 Sinitensem,
560 4023 732 4077 quem
775 4006 1131 4078 Augustinus
1181 4007 1250 4060 ad
1291 4005 1568 4059 unitatem
1618 4004 1854 4059 catholi-

128 4113 258 4150 cam
289 4097 532 4150 tandem
564 4096 890 4166 aliquando,
924 4112 1075 4149 anno
1108 4094 1320 4148 scilicet
1339 4093 1559 4147 circiter
1581 4094 1851 4164 quadrin-

127 4185 463 4254 gentesimo
523 4184 788 4254 septimo,
835 4183 1072 4238 rediisse
1140 4185 1421 4236 memorat
1467 4181 1668 4250 (Epist.
1728 4184 1850 4247 105,

126 4289 185 4326 n.
219 4274 303 4342 4.)
345 4272 598 4327 Sinitum
640 4279 832 4326 autem
862 4272 1162 4326 castellum
1207 4275 1328 4324 erat
1372 4269 1722 4338 llipponensi
1754 4286 1849 4320 co-

127 4362 308 4416 lonia:
346 4362 625 4430 vicinum,
651 4361 742 4414 cui
773 4377 908 4414 suus
944 4363 1185 4430 praeerat
1217 4357 1519 4428 episcopus
1561 4360 1657 4424 {De
1683 4359 1847 4412 Cirit.

128 4453 246 4515 Dei,
274 4451 377 4503 lib.
419 4452 508 4512 22,
541 4465 662 4518 cap.
705 4452 758 4516 8,
798 4466 859 4504 η.
901 4453 1005 4515 ll).
1042 4448 1278 4501 Videtur
1307 4451 1500 4500 tamen
1547 4444 1652 4496 hoc
1681 4444 1846 4514 oppi-

127 4539 296 4603 dum,
331 4554 466 4590 cum
497 4537 829 4608 episcopum
878 4536 1225 4591 catholicum
1263 4551 1382 4588 non
1422 4533 1676 4596 haberet,
1713 4532 1848 4602 Hip-

127 4625 411 4696 ponensis
449 4625 707 4679 dioecesis
737 4625 932 4690 fuisse,
975 4629 1076 4679 aut
1119 4629 1272 4678 certe
1313 4621 1722 4676 catholicorum
1768 4619 1848 4673 ibi

126 4714 475 4787 degentium
526 4731 662 4769 cura
705 4715 775 4769 ad
827 4714 1253 4784 Hipponensem
1308 4709 1622 4765 antistitem
1671 4708 1848 4779 perti-

130 4803 331 4856 nuisse
360 4820 373 4856 :
406 4801 876 4872 quandoquidem
907 4798 1264 4868 Augustinus
1301 4815 1364 4850 ea
1409 4797 1685 4864 referens,
1720 4812 1848 4864 quae

125 4907 286 4944 anno
317 4889 890 4961 quadringentesimo
931 4892 1088 4942 sexto
1121 4891 1251 4940 ante
1282 4883 1572 4940 Maximini
1605 4899 1842 4936 conver-

129 4980 365 5033 sionem
386 4983 550 5048 gesta
578 4979 824 5044 fuerant,
853 4977 946 5032 Ad
963 4976 1098 5045 quid
1125 4975 1300 5035 aliud,
1334 4974 1540 5044 inquit,
1572 4971 1847 5041 presbyte-

125 5084 251 5122 rum
284 5068 820 5132 Sinitimiseramus,
853 5067 964 5119 nisi
982 5069 1041 5118 ut
1060 5064 1202 5118 nulli
1225 5064 1499 5129 molestus,
1533 5064 1744 5115 nostros
1767 5062 1846 5112 ri-

123 5160 347 5220 sizaret,
369 5161 424 5210 et
456 5158 513 5209 in
542 5155 716 5220 domo,
743 5156 892 5224 juris
922 5155 1008 5208 sui
1036 5153 1272 5222 positus,
1309 5166 1497 5220 pacem
1528 5150 1850 5202 catholicam

135 5246 447 5299 rotantibus
474 5243 847 5313 praedicaret?
868 5257 1021 5310 quem
1039 5256 1132 5294 vos
1155 5240 1280 5293 inde
1308 5255 1428 5293 cum
1458 5239 1616 5305 gravi
1637 5236 1849 5304 injuria

123 5336 442 5401 projecistis
473 5334 684 5401 (Epist.
729 5333 851 5400 105,
895 5347 950 5383 η.
983 5329 1054 5399 4).
1081 5330 1321 5384 Causam
1352 5324 1671 5396 Augustino
1710 5323 1846 5377 scri-

125 5421 305 5476 bendi
337 5421 409 5476 ad
459 5419 772 5475 Maximum
817 5417 1064 5490 praebuit
1117 5415 1389 5470 diaconus
1428 5411 1687 5468 Ecclesia:
1728 5413 1850 5466 Mu-

124 5509 536 5580 tugennensis,
557 5508 722 5578 cujus
741 5507 894 5562 velut
926 5504 1181 5560 Ecclesiae
1205 5499 1555 5574 Hipponensi
1579 5500 1845 5571 subjecta;

1984 390 2248 444 meminit
2288 393 2480 460 (Epist.
2523 395 2615 455 23,
2647 408 2703 445 τι.
2736 393 2814 461 2),
2853 396 2908 446 et
2937 408 3110 462 quam
3139 393 3274 447 alibi
3321 394 3514 448 villain
3542 413 3685 451 nun-

1985 485 2153 549 cupat
2182 481 2383 548 (Epist.
2440 484 2559 545 173,
2600 498 2654 535 η.
2696 481 2773 550 7).
2813 482 3109 534 Collationi
3153 486 3349 535 tamen
3389 484 3682 554 Carthagi-

1987 568 2146 621 nensi
2186 569 2382 622 aderat
2429 569 2662 638 quidam
2703 568 2984 623 Antonius
3022 569 3350 632 catholicus,
3398 570 3684 642 simulque

1984 656 2363 725 Splendonius
2394 656 2687 710 Donatista
2719 657 3181 728 Mutugennensis
3213 658 3542 728 episcopus;
3570 660 3684 713 sive

1985 746 2139 816 quod
2169 735 2539 814 postmOdum
2558 746 2617 798 in
2639 763 2704 799 ea
2725 746 2855 799 villa
2877 747 3134 800 collocati
3155 747 3395 800 fuissent
3415 747 3683 818 episcopi,

1986 833 2100 887 sive
2132 835 2285 904 quod
2319 839 2463 887 esset
2493 834 2627 887 urbs
2657 839 2713 888 et
2743 834 2875 888 villa
2918 835 3296 904 cognominis.
3337 837 3404 888 Ut
3427 835 3681 905 primum

1985 920 2161 990 igitur
2181 921 2502 992 Hipponem
2533 923 2760 976 advenit
2780 923 3156 992 Augustinus,
3188 922 3426 992 impiam
3451 924 3685 978 Donati-

1985 1014 2199 1062 starum
2240 1010 2717 1079 rebaptizantium
2765 1011 3240 1065 consuetudinem
3284 1012 3489 1066 acriter
3526 1013 3681 1066 inse-

1984 1097 2122 1149 ctari
2152 1099 2338 1167 coepit.
2378 1100 2440 1151 Et
2471 1099 2705 1168 quidem
2747 1101 3012 1152 nonnulli
3045 1100 3434 1166 Maximinum,
3467 1101 3535 1154 de
3567 1118 3681 1171 quo

1985 1185 2295 1254 loquimur,
2313 1187 2459 1240 hanc
2472 1188 2869 1241 exsecrandam
2894 1187 3491 1242 consuetudinemnon
3511 1205 3615 1243 usu
3626 1206 3679 1242 r-

1981 1289 2138 1342 pare,
2193 1273 2301 1343 ipsi
2357 1281 2736 1328 asseruerunt.
2797 1275 2907 1329 Sed
2963 1291 3092 1328 cum
3143 1281 3343 1345 postea
3389 1276 3678 1330 auditione

1981 1361 2306 1431 accepisset,
2349 1363 2655 1417 diaconum
2708 1364 3217 1433 Mutugennensem
3259 1364 3600 1418 catholicum
3649 1383 3682 1418 a

1982 1450 2284 1504 Maximino
2322 1451 2766 1521 rebaptizatum;
2819 1456 2874 1504 et
2921 1451 3072 1505 illius
3122 1453 3365 1522 lapsum,
3415 1457 3469 1506 et
3506 1454 3679 1523 hujus

1980 1538 2196 1592 crimen
2217 1539 2582 1593 vehementer
2606 1539 2806 1594 doluit.
2838 1539 3221 1593 Nihilominus
3241 1545 3434 1593 tamen
3467 1545 3528 1594 ut
3557 1558 3678 1595 rem

1979 1626 2161 1695 magis
2182 1628 2530 1697 exploratam
2554 1628 2810 1692 haberet,
2832 1629 3239 1698 Mutugennam
3259 1629 3376 1699 ipse
3388 1629 3638 1699 perrexit
3659 1647 3671 1683 :

1978 1719 2035 1767 ct
2064 1715 2226 1768 illum
2259 1716 2491 1785 quidem
2523 1716 2917 1786 turpissimum
2943 1717 3077 1770 fidei
3108 1717 3460 1771 desertorem
3489 1717 3678 1772 videre

1977 1818 2090 1856 non
2121 1804 2326 1874 potuit,
2357 1805 2427 1858 ab
2459 1804 2581 1874 ejus
2605 1820 2736 1858 vero
2764 1805 3099 1874 parentibus
3129 1806 3327 1874 audiit,
3353 1806 3474 1876 jam
3504 1823 3538 1859 a
3569 1807 3676 1860 Do-

1975 1892 2199 1946 natistis
2219 1893 2429 1946 factum
2448 1892 2619 1946 fuisse
2647 1893 2971 1946 diaconum.
2987 1894 3199 1947 Aberat
3219 1899 3355 1946 tunc
3380 1894 3634 1948 Valerius
3661 1911 3673 1948 :

1975 1997 2172 2034 verum
2223 1980 2596 2052 Augustinus,
2629 1997 2799 2052 quem
2841 1981 3012 2051 hujus
3057 1981 3279 2035 diaconi
3309 1983 3498 2051 lapsus
3527 1999 3678 2036 acer-

1975 2069 2196 2124 bissimi
2226 2069 2436 2124 doloris
2464 2070 2674 2123 aculeis
2698 2069 3044 2138 lancinabat,
3068 2075 3125 2124 et
3143 2070 3242 2141 qui
3265 2070 3509 2124 similem
3538 2070 3676 2124 alio-

1976 2175 2104 2212 rum
2141 2175 2332 2213 casum
2369 2159 2677 2227 metuebat,
2709 2159 2974 2229 praesulis
3013 2159 3103 2213 sui
3141 2160 3387 2213 reditum
3429 2165 3529 2214 aut
3546 2161 3672 2230 jus-

1976 2263 2098 2300 sum
2133 2245 2239 2300 sibi
2271 2247 2714 2316 exspectandum
2742 2263 2863 2300 esse
2884 2263 3002 2300 non
3033 2248 3272 2318 putavit.
3301 2249 3410 2300 Nec
3431 2248 3585 2302 enim
3607 2265 3672 2301 eo

1975 2336 2086 2388 line
2118 2334 2532 2406 presbyterium
2567 2338 2910 2404 susceperat,
2947 2339 3008 2387 ut
3045 2335 3302 2388 mortalis
3332 2335 3505 2404 hujus
3543 2335 3672 2388 vitae

1972 2423 2371 2476 brevissimum
2400 2426 2627 2492 tempus
2657 2422 2714 2476 iu
2746 2421 3136 2476 ecclesiasticis
3158 2422 3471 2476 honoribus
3496 2428 3677 2476 trans-

1973 2511 2182 2580 igeret:
2199 2527 2398 2565 verum
2422 2527 2480 2563 se
2507 2527 2775 2580 supremo
2799 2515 3094 2580 pastorum
3120 2509 3370 2580 Principi
3390 2509 3669 2564 rationem

1973 2598 2042 2652 de
2072 2599 2387 2653 commissis
2407 2599 2604 2652 ovibus
2625 2598 2982 2653 redditurum
3005 2598 3307 2668 cogitabat.
3333 2600 3474 2652 Cum
3495 2599 3670 2669 igitur

1972 2688 2112 2741 citra
2140 2688 2336 2742 salutis
2365 2704 2482 2741 suze
2522 2687 2825 2744 discrimen
2866 2687 3032 2740 silere
3063 2703 3121 2740 se
3161 2703 3274 2740 non
3315 2703 3482 2756 posse
3518 2686 3674 2740 arbi-

1969 2781 2236 2842 traretur,
2261 2776 2578 2846 epistolam,
2605 2791 2733 2845 qua:
2763 2776 2948 2829 adhuc
2977 2779 3176 2840 exstat,
3201 2775 3269 2828 ad
3300 2774 3667 2828 Maximinum

1971 2864 2198 2936 scripsit
2223 2868 2415 2934 (Epist.
2451 2867 2561 2932 23),
2607 2879 2780 2934 quam
2828 2863 3060 2933 quidem
3103 2863 3326 2915 orditur
3367 2879 3399 2915 a
3446 2862 3668 2916 ratione

1971 2951 2190 3005 reddita
2213 2950 2509 3005 honorilici
2541 2950 2714 3013 tituli,
2748 2967 2862 3021 quo
2890 2966 3023 3004 eum
3051 2949 3112 3002 in
3142 2949 3266 3019 ipsa
3296 2949 3551 3019 epistola:
3579 2949 3667 3003 in-

1969 3037 2276 3108 scriptione
2323 3042 2576 3104 exornat,
2619 3037 2990 3112 cxpositaque
3035 3038 3268 3108 querela
3318 3054 3441 3106 sua,
3498 3042 3662 3108 rogat

1968 3127 2107 3197 quid
2136 3126 2393 3197 gesserit,
2426 3126 2693 3196 dignetur
2712 3125 2821 3181 sibi
2849 3126 3189 3194 rescribere;
3211 3125 3366 3196 quod
3388 3126 3660 3180 nimirum

1968 3218 2086 3268 tam
2122 3214 2267 3268 bene
2308 3213 2376 3267 de
2422 3213 2520 3267 illo
2556 3214 2781 3280 sentiat,
2828 3217 2890 3266 ut
2931 3229 3064 3267 cum
3110 3213 3506 3282 rebaptizasse,
3556 3213 3665 3267 sibi

1969 3302 2305 3371 persuadere
2344 3318 2461 3355 non
2505 3302 2694 3372 possit.
2734 3302 2902 3355 Addit
2941 3301 3128 3355 cidem
3169 3302 3409 3368 animos,
3452 3308 3514 3354 ut
3551 3301 3668 3355 fra-

1966 3399 2120 3444 trum
2150 3407 2383 3444 suorum
2415 3390 2663 3444 consiliis
2703 3390 2939 3443 minime
2969 3394 3280 3452 terreatur;
3316 3389 3362 3442 si
3397 3390 3564 3443 modo
3596 3390 3666 3444 de

1965 3478 2266 3534 iteratione
2295 3479 2651 3550 Baptismatis
2682 3479 2751 3532 ab
2780 3478 2892 3531 illis
2918 3478 3228 3531 dissentiat.
3267 3479 3537 3531 Hortatur
3565 3494 3665 3548 pa~

1965 3567 2121 3629 riter,
2152 3571 2218 3620 ut
2243 3583 2435 3620 secum
2468 3565 2726 3620 Ecclesiae
2758 3564 3052 3619 catholicae
3081 3565 3394 3628 veritatem,
3424 3582 3537 3635 quo
3564 3565 3668 3635 im-

1963 3656 2124 3726 pium
2147 3655 2286 3708 illud
2313 3654 2556 3708 schisma
2573 3655 2881 3718 auferatur,
2898 3668 3012 3706 non
3036 3657 3305 3723 gravetur
3324 3669 3426 3723 per
3452 3652 3666 3708 litteras

1965 3743 2304 3814 expendere.
2348 3743 2624 3811 Postulat,
2665 3745 2726 3795 ut
2765 3757 2906 3812 quas
2954 3741 3106 3794 ultro
3149 3739 3408 3810 citroque
3457 3739 3665 3794 scribe-

1963 3833 2098 3899 rint,
2149 3831 2377 3902 utrique
2425 3831 2638 3901 populo
2689 3828 2914 3883 recitari
2964 3829 3246 3898 patiatur;
3298 3828 3345 3882 si
3392 3845 3556 3899 aequo
3605 3827 3662 3881 id

1963 3921 2156 3975 animo
2179 3937 2296 3974 non
2322 3919 2577 3988 accipiat,
2603 3935 2660 3971 se
2683 3917 2862 3972 nihilo
2891 3917 3070 3971 secius
3090 3916 3147 3971 id
3177 3918 3477 3971 facturum.
3501 3917 3661 3982 Quod

1964 4010 2007 4062 si
2049 4009 2355 4062 rescribere
2397 4024 2510 4060 non
2551 4007 2841 4074 dignetur,
2883 4023 2940 4060 se
2984 4012 3176 4060 tamen
3217 4006 3484 4077 epistolas
3533 4023 3660 4059 suas

1962 4098 2153 4167 palam
2202 4099 2500 4162 lecturum,
2549 4100 2608 4148 ut
2655 4093 2925 4149 Catholici
2963 4094 3193 4164 cognita
3238 4094 3662 4148 Donatistarum

1960 4187 2301 4253 diffidentia,
2327 4183 2666 4254 rebaptizari
2689 4200 2750 4237 se
2772 4182 3011 4237 minime
3034 4183 3340 4252 patiantur.
3358 4181 3666 4236 Pollicetur

1963 4283 2176 4341 tamen,
2204 4273 2349 4328 nihil
2380 4291 2437 4327 se
2467 4273 2678 4343 populo
2707 4273 3009 4336 lecturum,
3040 4269 3316 4341 quamdiu
3337 4269 3502 4322 miles
3536 4269 3663 4339 Hip-

1960 4381 2110 4435 pone
2136 4379 2390 4434 praescns
2420 4366 2568 4416 esset
2600 4378 2614 4415 :
2647 4378 2718 4414 ne
2748 4360 2874 4432 quis
2901 4358 3322 4413 Donatistarum
3353 4357 3663 4412 arbitretur

1963 4451 2368 4506 tumultuosius
2394 4450 2584 4522 ipsum
2616 4466 2782 4520 agere
2812 4447 3077 4511 voluisse,
3117 4451 3172 4500 et
3211 4446 3278 4499 ad
3307 4463 3469 4500 suam
3505 4461 3661 4500 com-

1962 4541 2295 4594 munionem
2326 4540 2646 4592 Donatistas
2669 4537 2877 4591 invitos
2903 4536 3266 4604 compellere,
3292 4535 3440 4605 quod
3471 4553 3502 4588 a
3529 4552 3661 4605 pro-

1961 4628 2141 4699 posito
2163 4645 2265 4682 suo
2288 4627 2604 4698 plurimum
2631 4626 2939 4679 abhorrere
2966 4628 3225 4676 testatur.
3247 4625 3371 4676 llaec
3396 4623 3660 4693 epistola,

1963 4722 2024 4771 ut
2046 4716 2310 4782 diximus,
2344 4715 2555 4785 scripta
2586 4721 2670 4768 est
2695 4712 2847 4767 haud
2882 4711 3052 4765 dubie
3078 4716 3338 4781 tempore
3369 4712 3662 4782 presbyte-

1962 4813 2117 4860 ratus
2155 4804 2464 4875 Augustini
2507 4820 2520 4858 :
2563 4803 2630 4856 de
2669 4818 2817 4854 anno
2860 4817 2979 4854 non
3017 4799 3216 4870 liquet,
3259 4799 3403 4853 sicut
3446 4817 3547 4853 nec
3588 4800 3657 4853 de

1956 4897 2146 4961 fructu
2178 4909 2350 4964 quem
2381 4893 2478 4946 illa
2519 4889 2762 4960 peperit.
2804 4888 2861 4944 Si
2905 4887 3246 4943 Maximinus
3281 4889 3396 4954 ille,
3439 4889 3529 4942 cui
3569 4888 3661 4941 in-

1959 4983 2244 5049 scribitur,
2269 4979 2563 5038 Sinitensis
2589 4978 2660 5032 sit
2687 4976 3006 5048 episcopus,
3030 4982 3097 5030 ut
3114 4977 3316 5031 merito
3348 4975 3661 5030 existimari

1956 5075 2170 5143 potest;
2200 5071 2320 5141 jam
2359 5067 2780 5122 observavimus
2809 5082 2942 5120 eum
2975 5067 3044 5120 ab
3087 5081 3280 5119 errore
3325 5082 3426 5118 suo
3469 5080 3656 5118 emer-

1957 5177 2080 5214 sum
2111 5160 2179 5212 ad
2212 5156 2673 5211 communionem
2705 5154 3043 5209 catholicam
3073 5153 3327 5222 rediisse,
3351 5156 3654 5222 postquam

1958 5250 2027 5304 de
2056 5243 2452 5302 transmarinis
2480 5242 2742 5313 partibus
2783 5243 3058 5297 remeavit
3097 5258 3266 5307 anno,
3309 5245 3373 5293 ut
3410 5238 3653 5300 videtur,

1957 5332 2520 5408 quadringentesimo
2543 5331 2768 5402 quinto,
2784 5332 2957 5402 paulo
2973 5331 3279 5400 antequam
3301 5325 3656 5396 Augustinus

1957 5425 2255 5497 epistolam
2280 5421 2645 5476 centesimam
2671 5421 2937 5492 quintam
2967 5418 3034 5472 ad
3061 5414 3384 5470 Donatistas
3413 5415 3655 5469 conscri-

1958 5514 2135 5569 beret.
2181 5513 2324 5565 Ante
2376 5508 2800 5564 conversionem
2844 5507 2987 5578 ejus,
3043 5509 3100 5578 et
3149 5502 3347 5557 eodem
3393 5502 3649 5572 absente,
