4008 6184
343 271 440 321 199
1579 262 1734 316 VITA
1774 263 1828 318 S.
1869 262 2246 317 AL'GUSTINI
2290 259 2618 316 EPISCOPI.
3737 258 3842 308 200

339 389 637 456 Catholici,
680 405 745 444 ac
782 389 1152 460 probabiliter
1192 388 1313 458 ipse
1355 386 1728 458 Augustinus,
1770 387 1842 440 ad
1885 385 2032 440 Sini-

337 481 495 533 tense
526 480 843 548 castellum,
876 482 937 532 ut
965 495 1098 532 mox
1129 478 1393 542 diximus,
1428 478 1822 548 presbyterum
1864 475 2038 529 mise—

339 572 487 621 rant.
545 568 756 621 Eodem
809 568 874 622 ad
945 567 1203 621 Ecclesim
1259 565 1723 620 communionem
1786 582 2032 630 reverso,

341 656 646 710 Donatista}
678 671 1001 725 praeconem
1035 656 1372 725 allegarunt,
1404 654 1501 724 qui
1529 655 1798 706 clamaret
1827 653 1992 706 Siniti
2021 669 2033 707 :

343 747 604 814 Quisquis
643 747 946 800 Mam-immo
985 745 1473 809 communicaverit,
1507 742 1820 796 incendetur
1849 742 2036 795 domus

340 834 459 902 ejus
499 835 698 903 (Epist.
755 837 875 899 105,
926 849 982 887 η.
1034 833 1107 902 4).
1161 834 1327 886 Notat
1371 830 1658 885 Possidius
1701 829 2037 884 Sermonem

342 924 611 976 adversus
661 922 980 975 Donatistas
1032 925 1088 974 et
1137 923 1333 972 contra
1376 917 1550 981 idola,
1594 917 1761 972 Siniti
1803 917 1873 970 ab
1921 921 2036 971 Au-

341 1009 568 1080 gustino
598 1008 858 1063 habitum
891 1009 1207 1076 (Possidius,
1252 1009 1309 1060 in
1345 1006 1611 1067 Indiculo,
1655 1021 1774 1074 cap.
1809 1007 1878 1072 3).
1926 1007 2037 1060 Do-

341 1103 539 1151 natum
569 1096 769 1150 Africae
810 1096 1214 1167 proconsulem
1253 1100 1452 1150 monet
1491 1094 1844 1166 Augustinus
1887 1110 2036 1148 anno

341 1185 907 1256 quadringentesimo
929 1201 1081 1239 nono
1101 1186 1188 1238 vel
1209 1184 1771 1256 quadringentesimo
1796 1185 2036 1250 decimo,

341 1279 404 1328 ut
441 1291 535 1328 eos
583 1291 726 1345 quos
772 1274 832 1328 in
879 1290 1014 1345 agro
1059 1273 1328 1328 Sinitensi
1373 1273 1628 1340 haberet,
1662 1273 1733 1327 ad
1780 1273 2038 1328 Ecclesiae

338 1363 629 1418 catholicae
661 1363 1125 1416 communionem
1156 1363 1484 1416 hortaretur
1504 1362 1701 1432 (Epist.
1730 1365 1848 1429 112,
1873 1379 1930 1416 n.
1961 1365 2036 1432 3).

340 1453 496 1506 Idem
541 1456 770 1506 sanctus
819 1453 1025 1505 Doctor
1071 1451 1410 1504 miraculum
1457 1467 1714 1512 narrans,
1763 1452 1918 1523 quod
1978 1451 2039 1505 in

339 1539 518 1610 ipsius
558 1540 784 1595 dioecesi
820 1540 1160 1610 contigerat,
1203 1540 1397 1594 scribit
1435 1556 1627 1594 secum
1660 1540 1829 1595 fuisse
1868 1541 2037 1595 Maxi-

343 1628 566 1683 minum
595 1630 874 1700 collegam
899 1645 1086 1695 suum,
1120 1629 1419 1683 Sinitensis
1448 1629 1704 1683 Ecclesiae
1737 1631 2038 1700 praesulem

344 1718 438 1787 (De
467 1719 635 1774 Civit.
664 1721 785 1781 Dei,
819 1719 914 1771 lib.
946 1721 1034 1783 22,
1067 1734 1187 1787 cap.
1213 1720 1264 1783 8,
1286 1734 1340 1772 η.
1377 1720 1446 1785 6).
1481 1719 1654 1772 Paulo
1684 1722 1813 1788 post
1843 1716 2041 1772 Lucilli

342 1807 623 1874 meminit,
655 1807 754 1877 qui
795 1807 1009 1861 castelli
1049 1806 1347 1860 Sinitensis
1389 1807 1840 1877 llipponi-Regio
1870 1806 2042 1861 vicini

341 1895 642 1965 episcopus
680 1899 801 1948 erat
832 1894 1020 1964 (Ibid.,
1051 1910 1106 1947 n.
1145 1895 1252 1961 11),
1283 1910 1350 1948 ex
1381 1911 1496 1965 quo
1531 1895 1806 1964 Stephani
1843 1900 2040 1964 proto-

343 1983 605 2053 martyris
655 1982 938 2054 reliquim,
990 1999 1142 2036 anno
1199 1982 1768 2054 quadringentesimo
1822 1983 2040 2037 decimo

341 2075 515 2137 sexto,
549 2071 753 2125 delatzn
783 2071 1010 2124 fuerant
1040 2070 1098 2123 in
1127 2070 1396 2125 Africam.
1428 2072 1482 2124 Is
1521 2073 1713 2125 forsan
1751 2070 2040 2125 Maximini

342 2175 633 2213 successor
670 2163 771 2214 est.
807 2160 869 2212 In
909 2158 1211 2212 collatione
1251 2160 1683 2230 Carthaginensi
1721 2160 1913 2214 nullus
1951 2177 2040 2215 re-

343 2246 564 2316 peritur
603 2247 904 2317 episcopus
952 2247 1252 2302 Sinitensis
1299 2248 1628 2304 catholicus.
1661 2249 1868 2303 Aderat
1910 2249 2041 2304 Cre-

343 2335 570 2390 sconius
616 2351 685 2388 ex
728 2339 890 2405 parte
940 2336 1383 2402 Donatistarum,
1435 2337 1535 2408 qui
1573 2354 1708 2391 eum
1743 2337 1894 2391 haud
1936 2337 2041 2392 du-

342 2421 433 2475 bie
465 2421 768 2476 Maximino
809 2438 1084 2477 converso
1126 2425 1592 2496 subrogaverant.
1637 2427 2042 2480 Verumtamen

345 2510 450 2565 iste
501 2511 834 2565 Cresconius
880 2512 1105 2566 nullum
1158 2513 1490 2583 episcopum
1543 2514 1883 2568 catholicum
1936 2515 2043 2569 sibi

346 2615 412 2652 ex
452 2599 688 2652 adverso
736 2599 1040 2654 consistere
1089 2616 1204 2654 non
1247 2600 1386 2656 dixit
1431 2603 1636 2672 (Collat.
1683 2604 1940 2670 Carthag.
1995 2607 2040 2670 l,

345 2704 465 2758 cap.
497 2691 637 2757 202).

1035 2779 1256 2834 CAPUT
1295 2782 1350 2834 X.

350 2869 366 2919 1
406 2866 746 2932 Augustinus
767 2881 835 2920 ea;
864 2867 1329 2924 lucubrationibus
1355 2871 1469 2924 suis
1499 2875 1547 2925 et
1574 2871 1767 2940 Alypii
1785 2873 2045 2926 relatione

415 2957 698 3009 innotescit
722 2957 970 3010 Paulino.
1005 2959 1036 3009 2
1068 2959 1167 3012 Hic
1196 2959 1270 3012 ad
1297 2960 1562 3028 Alypium
1591 2965 1641 3013 et
1671 2960 1744 3014 ad
1772 2961 2044 3029 Augusti-

413 3059 543 3097 num
571 3045 816 3110 singulas
838 3045 935 3098 dat
955 3047 1228 3114 epistolas.
1263 3051 1291 3101 3
1321 3049 1593 3101 Licentius
1613 3064 1826 3102 carmen
1843 3049 1916 3103 ad
1937 3050 2044 3103 Au-

415 3133 689 3198 gustinum
720 3135 1062 3188 transmittit.
1097 3136 1130 3187 4
1158 3136 1502 3204 Augustinus
1532 3137 1818 3206 respondet
1847 3139 2044 3192 litteris

416 3221 655 3273 Paulini.
690 3223 719 3273 5
751 3222 802 3274 Is
831 3237 936 3274 non
965 3227 1176 3291 accepto
1210 3223 1508 3291 Augustini
1530 3241 1804 3294 responso,
1834 3227 2043 3281 litteras

417 3307 490 3361 ad
515 3310 668 3362 illum
693 3309 954 3364 secundas
984 3313 1192 3365 scribit.

423 3400 470 3450 l.
506 3396 626 3460 Quo
659 3401 917 3467 tempore
950 3400 1100 3453 Deus
1129 3399 1189 3452 in
1227 3400 1542 3471 Augustino
1572 3401 1768 3472 gratiae
1799 3401 2043 3455 miracu-

346 3485 468 3538 lum
513 3485 714 3539 Africae
746 3487 1098 3552 ostendebat,
1134 3488 1333 3542 eodem
1371 3489 1614 3543 alterum
1644 3489 2043 3543 misericordiae

348 3590 465 3626 sum
491 3573 779 3644 specimen
809 3575 913 3629 toti
946 3576 1205 3630 Ecclesiae
1235 3577 1537 3632 exhibebat
1566 3577 1624 3632 in
1660 3577 1912 3631 Paulino.
1950 3577 2046 3630 llic

347 3662 686 3716 nobilissimi
703 3664 929 3734 generis
952 3665 1260 3735 splendore
1287 3671 1633 3736 contempto,
1657 3664 2047 3737 amplissimis—

345 3768 454 3822 que
485 3751 756 3805 abdicatis
784 3753 1009 3822 opibus,
1046 3754 1152 3807 hoc
1184 3754 1305 3824 ipso
1336 3771 1486 3808 anno
1518 3755 1917 3808 trecentesimo
1949 3771 2047 3808 no-

349 3839 641 3908 nagesimo
674 3845 877 3909 quarto
916 3841 1117 3894 Nolam
1157 3843 1481 3912 Campania:
1521 3847 1846 3908 secesserat,
1878 3847 1941 3894 ut
1967 3840 2047 3894 ibi

348 3941 478 3978 cum
515 3925 786 3979 Therasia
833 3927 1073 3998 conjuge
1114 3945 1234 3995 sua,
1267 3929 1454 3982 verius
1493 3946 1684 3983 sorore
1729 3947 1792 3983 ac
1822 3929 2047 3999 pietatis

349 4029 465 4066 sum
493 4012 660 4075 socia,
697 4013 974 4069 humilem
1008 4021 1063 4070 et
1105 4033 1421 4087 pauperem
1454 4018 1718 4072 monachi
1751 4018 1925 4071 vitam
1957 4017 2048 4071 de-

349 4105 526 4172 geret.
561 4101 797 4173 Alypius
827 4103 926 4174 qui
970 4105 1293 4172 Mediolani,
1325 4123 1456 4160 cum
1486 4105 1600 4160 illic
1635 4106 2042 4177 baptizaretur,

349 4191 418 4244 de
453 4191 689 4245 Paulino
713 4191 834 4262 jam
866 4196 985 4246 tum
1020 4193 1279 4247 audierat
1308 4193 1505 4264 (Epist.
1537 4197 1632 4262 24,
1656 4211 1710 4249 n.
1743 4197 1816 4262 4),
1849 4199 1909 4248 ut
1933 4195 2047 4265 pri-

349 4296 507 4334 mum
536 4281 663 4334 vitas
695 4279 849 4335 illius
883 4281 1032 4352 apud
1060 4282 1257 4335 Nolam
1291 4283 1616 4338 institutum
1647 4283 1880 4354 accepit,
1914 4300 2047 4337 eum

349 4370 582 4440 alloqui,
611 4375 666 4424 et
709 4369 921 4424 amoris
970 4370 1146 4424 oculis
1194 4371 1410 4443 illoque
1455 4371 1661 4443 spiritu
1707 4389 1852 4427 vera:
1899 4373 2044 4427 dile-

349 4457 574 4525 ctionis,
608 4459 707 4529 qui
746 4459 958 4530 ubique
990 4463 1045 4513 et
1081 4463 1346 4529 penetrat
1375 4465 1431 4514 et
1469 4461 1800 4528 effunditur,
1835 4461 2046 4515 intueri

349 4547 674 4617 properavit
714 4549 905 4617 (Epist.
936 4552 1027 4618 25,
1054 4565 1108 4602 n.
1148 4549 1219 4620 1).
1254 4551 1450 4620 Itaque
1491 4550 1748 4621 quamvis
1785 4551 2046 4604 nondum

351 4651 483 4688 eum
511 4636 875 4705 peculiariter
903 4643 1253 4709 agnosceret,
1285 4642 1342 4691 et
1371 4638 1439 4692 ab
1471 4639 1566 4692 illo
1597 4638 1914 4709 longinqua
1943 4638 2049 4693 soli

351 4727 408 4776 et
437 4723 537 4776 sali
566 4723 993 4794 intercapedine
1025 4729 1440 4799 sejungeretur,
1473 4728 1543 4782 ad
1570 4743 1702 4782 eum
1727 4731 1919 4781 tamen
1945 4744 2050 4798 per

350 4811 638 4867 Julianum
681 4813 936 4883 ejusdem
977 4815 1200 4869 Paulini
1242 4815 1641 4883 domesticum,
1679 4817 1879 4870 Nolam
1920 4817 2050 4871 Car-

350 4900 582 4972 thagine
610 4906 1010 4970 revertentem,
1037 4905 1301 4960 amicitia:
1324 4905 1592 4960 ineundae
1624 4904 1806 4975 gratia
1830 4905 2049 4960 litteras

352 4989 578 5061 scripsit
609 4991 801 5060 (Epist.
834 4993 923 5057 24,
962 5009 1016 5046 n.
1064 4993 1132 5064 l).
1167 4996 1232 5048 In
1268 4996 1356 5049 his
1394 4995 1780 5067 Augustinum
1811 5012 2046 5050 ornave-

352 5084 440 5135 rat
476 5078 771 5145 laudibus;
814 5083 869 5132 et
909 5083 971 5133 ut
1023 5083 1202 5151 qualis
1242 5100 1305 5137 ac
1353 5089 1601 5154 quantus
1648 5083 1735 5137 vir
1774 5089 1939 5149 esset,
1981 5101 2047 5138 cx

350 5168 529 5240 ipsius
569 5167 835 5240 operibus
874 5173 1152 5236 nosceret,
1196 5187 1446 5244 eumque
1487 5190 1600 5227 non
1641 5173 1917 5227 mediocri
1958 5174 2050 5228 be-

353 5257 675 5312 nevolentia
713 5261 1176 5327 prosequeretur,
1217 5260 1467 5329 primum
1510 5277 1654 5315 novo
1694 5260 1828 5314 huic
1867 5262 2048 5315 amico

353 5361 561 5401 munus
591 5346 743 5401 velut
773 5346 1128 5416 exploratum
1171 5363 1286 5400 suae
1318 5363 1452 5416 erga
1482 5365 1615 5402 eum
1656 5348 2052 5402 sollicitudinis

355 5440 780 5504 argumentum,
812 5435 1077 5508 perfectae
1104 5435 1392 5489 charitatis
1430 5436 1743 5504 vinculum,
1777 5441 1834 5492 et
1858 5438 2050 5491 certis-

353 5521 562 5576 simum
601 5523 814 5580 amoris
852 5523 942 5580 sui
979 5522 1206 5594 pignus,
1239 5525 1545 5594 Augustini
1585 5526 1757 5581 libros
1796 5526 2050 5598 quinque

2148 385 2416 440 adversus
2449 382 2789 438 Manichaeos
2819 379 3000 446 misit;
3033 379 3185 434 inter
3214 395 3358 450 quos
3397 383 3590 432 tamen
3619 382 3739 432 erat
3767 377 3840 431 li-

2138 475 2250 528 ber
2280 475 2348 528 de
2382 475 2523 527 Vera
2544 471 2860 542 lteligione,
2886 470 2986 540 qui
3005 469 3347 524 Manichasos
3372 468 3583 522 directe
3606 484 3722 521 non
3749 485 3846 539 op-

2149 568 2394 632 pugnat.
2421 562 2725 616 Paulinum
2755 577 2984 631 quoque
3005 559 3247 630 rogabat
3267 557 3492 612 Eusebii
3515 556 3843 618 Chronicon,

2149 653 2217 705 ab
2252 654 2594 721 Hieronymo
2626 665 2776 703 anno
2807 649 3032 702 circiter
3055 647 3462 712 trecentesimo
3495 645 3846 714 octogesimo

2149 740 2321 794 latine
2353 739 2661 804 redditum,
2696 738 2767 792 ad
2797 754 2855 790 se
2904 736 3335 802 transmitteret,
3367 739 3421 789 et
3465 734 3542 788 ad
3573 733 3849 789 Comitem

2150 846 2212 883 ac
2260 828 2553 893 Evodium,
2603 826 2702 898 qui
2747 825 2891 880 illud
2935 825 3275 894 exscripturi
3324 828 3504 890 erant,
3556 823 3846 894 dirigeret.

2151 917 2414 972 Monebat
2458 916 2649 981 etiam,
2696 915 2849 970 hunc
2897 914 3151 968 codicem
3201 915 3398 967 Romae
3442 916 3737 982 repertum
3778 911 3849 965 iri

2149 1006 2300 1077 apud
2329 1011 2587 1060 sanctum
2627 1004 3003 1059 Domnionem
3035 999 3380 1074 Hieronymo
3415 1000 3847 1055 amicissimum.

2148 1095 2385 1165 Alypius
2430 1094 2644 1166 pariter
2684 1093 2926 1148 Paulino
2968 1092 3092 1146 loca
3133 1107 3256 1158 sua,
3298 1091 3404 1144 hoc
3454 1096 3557 1157 est,
3597 1106 3712 1160 quo
3761 1104 3850 1141 re-

2151 1199 2425 1251 sponsum
2455 1183 2526 1236 ad
2565 1197 2623 1235 se
2664 1180 2909 1251 dirigere
2942 1183 3150 1251 posset,
3191 1179 3508 1244 indicabat;
3549 1182 3605 1232 ct
3637 1177 3708 1231 ad
3747 1177 3853 1231 hoc

2152 1271 2549 1342 Carthaginem
2576 1270 2661 1324 vel
2704 1268 3294 1339 Hipponem-Regium
3334 1267 3559 1321 videtur
3597 1266 3679 1320 illi
3710 1266 3853 1319 desi-

2151 1376 2372 1430 gnasse.
2405 1361 2643 1430 Tagasta
2672 1357 2958 1429 siquidem
2988 1359 3146 1410 locus
3176 1362 3297 1411 erat
3327 1355 3571 1409 nimium
3601 1354 3853 1423 dissitas,

2152 1466 2253 1503 nec
2285 1449 2422 1503 satis
2451 1449 2522 1503 ad
2553 1450 2674 1502 haec
2703 1448 3024 1501 litterarum
3054 1445 3392 1500 commercia
3414 1443 3672 1498 celebris.
3707 1443 3856 1497 Con-

2153 1543 2261 1592 stat
2290 1544 2481 1592 tamen
2522 1554 2590 1592 ex
2638 1536 2861 1592 Paulini
2911 1537 2979 1590 ad
3010 1535 3396 1605 Augustinum
3437 1533 3726 1604 prioribus
3757 1533 3854 1586 lit-

2150 1627 2306 1692 teris,
2340 1627 2610 1698 Alypium
2641 1626 2763 1696 jam
2804 1630 2950 1694 tum,
2979 1639 3108 1678 cum
3148 1640 3231 1678 eae
3268 1622 3672 1689 scriberentur,
3704 1621 3857 1675 illius

2150 1713 2309 1768 urbis
2347 1714 2521 1769 fuisse
2560 1713 2916 1784 episcopum.
2955 1712 3254 1782 Adjecerat
3297 1711 3552 1782 Alypius,
3599 1726 3656 1763 se
3699 1725 3858 1763 com-

2152 1803 2406 1873 plurium
2471 1806 2793 1857 sanctorum
2860 1800 3122 1872 precibus
3189 1816 3322 1854 eum
3399 1798 3856 1853 commendasse.

2156 1891 2361 1962 llymni
2391 1907 2619 1962 quoque
2659 1891 3019 1956 meminerat,
3066 1905 3238 1960 quem
3282 1906 3314 1942 a
3358 1888 3596 1943 Paulino
3639 1888 3861 1955 legerat

2153 1980 2558 2051 conscriptum.
2601 1978 2872 2034 Paulinus
2912 1979 3161 2032 multum
3209 1994 3267 2031 se
3316 1976 3524 2030 sanctis
3576 1975 3861 2047 episcopis

2152 2069 2382 2123 Aurelio
2406 2073 2461 2122 et
2480 2068 2682 2140 Alypio
2701 2068 2907 2123 debere
2927 2067 3250 2138 proﬁtetur,
3275 2065 3428 2136 quod
3447 2081 3648 2119 eorum
3678 2066 3858 2119 bene-

2154 2158 2282 2212 ticio
2313 2157 2698 2229 Augustinum
2719 2174 2782 2211 ex
2807 2156 2987 2227 ipsius
3007 2161 3204 2210 contra
3225 2154 3564 2210 Manichreos
3584 2153 3858 2207 lucubra-

2154 2246 2405 2301 tionibus
2427 2247 2774 2316 cognoverit.
2797 2245 3072 2310 Quocirca
3094 2245 3359 2299 Aurelius
3388 2241 3860 2314 Carthaginensis

2153 2336 2352 2390 eodem
2378 2340 2638 2406 tempore
2663 2352 2776 2406 quo
2799 2335 3034 2406 Alypius
3056 2334 3127 2388 ad
3152 2333 3458 2388 Paulinum
3479 2332 3708 2386 videtur
3726 2330 3857 2384 scri-

2152 2424 2331 2495 psisse
2369 2424 2584 2480 litteras
2621 2443 2636 2478 :
2671 2424 2744 2478 ad
2775 2440 2916 2495 quas
2946 2423 3089 2477 illud
3119 2421 3495 2494 probabiliter
3524 2420 3730 2474 referri
3761 2437 3859 2491 po-

2152 2517 2280 2579 test,
2323 2513 2479 2583 quod
2521 2512 2792 2566 Paulinus
2843 2512 2913 2566 ad
2951 2511 3222 2565 Severum
3273 2509 3582 2581 Sulpitium
3632 2508 3862 2578 scripsit

2155 2600 2376 2655 circiter
2406 2617 2620 2656 annum
2650 2601 3116 2656 trecentesimum
3148 2599 3588 2670 nonagesimum
3613 2605 3860 2664 sextum,

2154 2690 2475 2760 complures
2508 2689 2719 2744 amicos
2750 2690 2837 2744 vel
2872 2689 2932 2743 in
2967 2689 3181 2760 ignotis
3209 2688 3543 2759 regionibus
3571 2687 3682 2742 sibi
3716 2687 3857 2741 divi-

2155 2778 2309 2833 nitus
2339 2778 2520 2846 datos,
2555 2795 2798 2850 quorum
2825 2777 3280 2832 benevolentiam
3319 2778 3440 2831 loco
3468 2777 3695 2848 patrie,
3727 2793 3863 2830 con-

2155 2867 2620 2938 sanguineorum,
2656 2871 2709 2921 et
2739 2865 3069 2937 patrimonii
3107 2864 3196 2919 sui
3225 2865 3461 2920 haberet
3492 2865 3688 2936 (Apud
3715 2868 3861 2921 Pau-

2155 2957 2346 3022 linum,
2373 2959 2550 3026 Epist.
2582 2957 2709 3010 olim
2739 2959 2790 3022 5,
2815 2971 2957 3009 nunc
2993 2959 3076 3023 11,
3108 2971 3165 3008 n.
3197 2957 3270 3018 4).

2225 3047 2277 3098 2.
2312 3046 2376 3099 Et
2413 3060 2546 3098 sane
2584 3043 2827 3114 acceptis
2862 3043 3051 3115 Alypii
3081 3042 3306 3104 litteris,
3348 3057 3721 3112 summopere
3754 3041 3862 3096 sibi

2156 3133 2472 3203 gratulatus
2512 3138 2597 3187 est
2633 3131 2924 3198 Paulinus,
2958 3131 3448 3202 amplissimasque
3491 3132 3606 3185 Deo
3645 3131 3864 3201 gratias

2155 3222 2292 3292 egit,
2324 3222 2424 3293 qui
2454 3238 2572 3289 eos,
2605 3221 2703 3293 qui
2728 3238 2785 3276 se
2810 3221 2878 3276 de
2908 3221 3044 3276 facie
3075 3238 3191 3275 non
3216 3224 3468 3286 nossent,
3503 3224 3559 3274 et
3585 3224 3748 3274 tanto
3781 3220 3864 3274 lo-

2156 3327 2354 3365 corum
2392 3310 2689 3364 intervallo
2729 3310 3214 3381 disjungerentur,
3241 3313 3359 3363 tam
3399 3313 3550 3362 arcto
3591 3309 3864 3363 amicitia:

2158 3399 2381 3453 vinculo
2422 3399 2732 3470 colligaret.
2768 3398 2872 3453 Sed
2913 3399 2974 3452 in
3011 3397 3212 3468 primis
3250 3396 3560 3467 Augustini
3599 3396 3766 3450 libris
3795 3397 3866 3450 ab

2155 3487 2355 3558 Alypio
2382 3487 2490 3542 sibi
2518 3488 2666 3542 dono
2698 3487 2883 3541 missis
2914 3487 3139 3542 laetatus
3169 3490 3271 3540 est.
3304 3487 3417 3539 Hoc
3447 3485 3641 3556 ipsum
3668 3485 3756 3538 illi
3783 3502 3868 3539 re-

2157 3577 2406 3630 scribens
2445 3580 2706 3642 testatur,
2765 3576 3049 3647 simulque
3096 3574 3315 3640 asserit,
3366 3592 3424 3628 se
3465 3573 3648 3628 sancti
3689 3575 3868 3644 hujus

2157 3669 2214 3719 et
2250 3665 2485 3736 perfecti
2536 3665 2644 3718 viri
2681 3665 2850 3718 verba
2888 3669 3184 3734 tantopere
3232 3663 3523 3729 demirari,
3565 3668 3631 3717 ut
3671 3667 3870 3717 credat

2157 3753 2366 3806 dictata
2396 3753 2570 3806 fuisse
2610 3752 2880 3806 divinitus
2913 3752 3102 3822 (Apud
3140 3752 3528 3817 Augustinum,
3559 3751 3741 3819 Epist.
3775 3751 3869 3813 24,

2156 3857 2211 3895 n.
2246 3841 2316 3911 2).
2350 3841 2555 3911 Alypio
2587 3841 2933 3911 respondere
2971 3839 3252 3910 tantisper
3291 3839 3529 3903 distulit,
3566 3838 3720 3908 quod
3766 3840 3872 3892 Eu-

2157 3929 2298 3984 sebii
2326 3930 2645 3984 Chronicon
2677 3931 2746 3984 ab
2779 3946 2844 3984 eo
2874 3930 3226 4001 postulatum
3250 3945 3429 4000 penes
3459 3944 3516 3981 se
3548 3944 3663 3981 non
3696 3928 3871 3982 habe-

2157 4022 2266 4073 ret.
2303 4019 2663 4089 Quapropter
2686 4018 2827 4073 illud
2861 4035 2890 4072 a
2924 4023 3116 4072 sancto
3149 4017 3472 4072 Domnione
3507 4017 3708 4070 Romae
3735 4033 3870 4070 mu-

2159 4107 2308 4161 tuari
2351 4112 2577 4161 coactus
2612 4112 2715 4173 est,
2753 4106 2852 4178 qui
2896 4107 3143 4161 codicem
3191 4122 3257 4160 eo
3307 4105 3573 4160 libentius
3613 4121 3876 4158 commo-

2158 4195 2330 4262 davit,
2392 4196 2542 4266 quod
2599 4196 2802 4266 Alypio
2860 4195 3029 4250 sciret
3081 4212 3200 4248 esse
3257 4193 3646 4249 deferendum.
3705 4194 3876 4247 Hunc

2161 4283 2355 4354 itaque
2387 4285 2458 4338 ad
2489 4285 2786 4339 Aurelium
2817 4283 3323 4354 Carthaginensem
3353 4282 3557 4337 direxit
3585 4298 3704 4335 una
3733 4297 3876 4335 cum

2159 4372 2398 4442 epistola
2450 4373 2652 4444 Alypio
2702 4372 2994 4442 inscripta,
3037 4377 3099 4426 ut
3147 4370 3785 4442 Hipponem-Regium,
3830 4369 3876 4422 si

2156 4463 2349 4514 forsan
2378 4461 2497 4515 illic
2527 4462 2779 4531 degeret,
2812 4461 3064 4516 codicem
3093 4464 3151 4514 et
3183 4461 3396 4515 litteras
3423 4459 3492 4514 ad
3522 4475 3656 4513 eum
3688 4464 3881 4512 trans-

2160 4549 2431 4604 mitteret.
2465 4550 2647 4604 Simul
2687 4550 2965 4604 Comitem
2997 4555 3052 4604 et
3092 4549 3364 4603 Evodium
3406 4548 3650 4618 rogavit,
3685 4547 3880 4600 Chro-

2162 4638 2331 4692 nicon
2347 4638 2487 4692 illud
2509 4637 2709 4708 Alypio
2736 4637 3189 4698 transcriberent,
3213 4653 3284 4690 ne
3310 4635 3618 4691 Domnioni
3646 4634 3885 4688 diutius

2162 4729 2341 4782 codex
2379 4744 2514 4782 suus
2563 4727 2802 4781 deforet.
2845 4729 3055 4782 Verum
3105 4727 3175 4781 ab
3225 4725 3426 4797 Alypio
3475 4723 3724 4778 vicissim
3771 4741 3888 4796 po-

2160 4817 2335 4871 stulat
2372 4821 2452 4883 ut,
2494 4832 2596 4886 pro
2635 4817 2741 4870 hac
2778 4816 3014 4870 historia
3067 4820 3416 4886 temporum,
3459 4829 3693 4868 omnem
3734 4814 3884 4868 vitae

2160 4921 2275 4960 sua:
2307 4905 2603 4960 historiam
2634 4905 2950 4976 seriemque
2983 4905 3089 4958 sibi
3113 4905 3406 4971 rescribat,
3431 4920 3542 4974 quo
3570 4902 3631 4956 in
3662 4903 3887 4974 primis

2161 4995 2369 5050 certior
2397 4995 2514 5061 ﬁat,
2545 5000 2815 5050 utrumne
2857 4995 3233 5065 Baptismum,
3267 5010 3339 5047 an
3379 4991 3770 5047 sacerdotium
3811 4994 3886 5048 de

2163 5084 2428 5138 manibus
2457 5083 2743 5138 Ambrosii
2770 5082 3101 5154 susceperit,
3136 5099 3267 5136 eum
3303 5085 3366 5135 ut
3402 5079 3704 5135 ardentius
3744 5081 3888 5136 dili-

2163 5176 2256 5241 gat
2300 5173 2370 5226 ob
2420 5173 2794 5227 arctissimam
2842 5173 3340 5238 necessitudinem,
3396 5187 3525 5242 quae
3573 5170 3687 5224 sibi
3736 5189 3889 5226 cum

2165 5265 2357 5313 sancto
2390 5261 2487 5314 illo
2519 5263 2782 5332 praesule,
2815 5261 2999 5314 adhuc
3029 5261 3088 5314 in
3118 5260 3258 5314 vivis
3285 5266 3507 5331 agente,
3540 5258 3892 5315 intercede-

2164 5353 2271 5404 ret.
2307 5349 2491 5420 Rogat
2514 5351 2746 5420 pariter,
2782 5350 2999 5404 litteras
3034 5366 3174 5422 quas
3201 5350 3271 5405 ad
3304 5353 3563 5403 sanetum
3593 5349 3899 5420 Augusti—

2165 5454 2303 5492 num
2329 5439 2570 5494 scribere
2600 5457 2769 5494 ausus
2791 5441 2881 5506 sit,
2905 5440 2986 5494 illi
3011 5457 3110 5493 sua
3136 5439 3635 5494 commendatione
3669 5444 3725 5493 et
3751 5456 3898 5510 gra-

2167 5526 2244 5581 tia
2272 5528 2440 5583 faciat
2471 5532 2742 5600 acceptas.
2778 5530 2847 5584 Se
2877 5545 3086 5600 nempe
3109 5529 3487 5584 admiratione
3512 5529 3898 5599 perculsum,
