4008 6184
116 299 202 351 20t
1576 296 1788 355 LIBER
1828 295 2157 353 TERTIUS.

122 420 181 473 ob
202 434 262 472 ea
295 434 429 490 qum
457 418 517 474 in
564 418 724 474 illius
771 419 947 475 sancti
998 419 1251 475 Doctoris
1295 420 1565 492 operibus
1611 421 1815 493 depre-

124 508 393 563 hendebat
421 507 635 563 divinae
677 509 970 581 sapientia:
1000 510 1296 582 miracula,
1337 511 1459 582 ejus
1490 527 1684 565 amore
1715 528 1819 582 pe-

123 598 256 653 nitus
310 597 696 665 inﬂammari;
747 615 849 654 nec
890 599 1145 654 dubitare
1192 616 1250 654 se
1299 600 1440 671 quin
1493 600 1724 671 Alypius
1753 616 1820 654 ea

122 687 405 750 cbaritate,
457 704 571 759 qua
617 688 771 743 illius
804 689 1063 743 notitiam
1094 689 1201 744 sibi
1251 689 1516 755 dedisset,
1564 691 1818 761 ejusdem

120 793 337 849 quoque
384 778 504 848 jam
543 777 855 832 amicitiam
898 778 1004 832 sibi
1046 778 1423 833 conciliasset.
1458 780 1654 850 Itaque
1686 796 1819 834 eum

116 882 295 920 amore
320 866 452 935 jam
480 870 603 920 tum
625 867 955 938 complexus
984 872 1084 933 est,
1120 873 1183 922 ut
1214 884 1331 922 non
1361 885 1567 922 novam
1592 884 1720 922 cum
1753 884 1819 922 eo

114 954 422 1010 amicitiam
456 954 623 1022 inire,
657 956 752 1010 sed
786 960 1035 1010 veterem
1064 972 1341 1011 renovare
1375 956 1682 1012 videretur.
1732 956 1821 1011 Sic

113 1044 374 1115 Spiritus,
448 1043 547 1115 qui
612 1060 709 1099 eos
768 1044 1074 1111 adunabat,
1136 1046 1508 1118 ejusdemque
1564 1047 1821 1117 corporis

118 1133 375 1187 membra
406 1131 710 1203 efﬁciebat,
732 1133 1036 1188 Paulinum
1067 1134 1308 1201 induxit,
1342 1139 1402 1189 ut
1434 1136 1502 1190 ad
1535 1152 1664 1190 eum
1698 1135 1820 1206 epi-

114 1223 316 1276 stolam
348 1222 736 1277 conscriberet
764 1223 952 1293 (lbid.,
983 1226 1161 1292 Epist.
1195 1227 1305 1292 25),
1336 1224 1395 1278 in
1422 1242 1535 1295 qua
1564 1225 1821 1295 ejusdem

116 1328 305 1383 opera,
342 1327 478 1383 quae
512 1311 631 1382 ipse
662 1312 898 1383 legerat,
932 1312 1092 1367 miris
1123 1313 1385 1367 laudibus
1416 1314 1595 1368 effert.
1639 1313 1823 1383 Rogat

118 1402 155 1456 si
192 1418 350 1473 quos
380 1401 525 1455 alios
564 1401 854 1471 scripserit
884 1402 1082 1468 libros,
1135 1402 1208 1456 ad
1252 1419 1311 1457 se
1340 1401 1706 1456 transmittat.
1738 1401 1822 1457 Ad

120 1508 238 1545 eum
286 1490 548 1546 vicissim
590 1505 821 1561 panem,
870 1494 934 1544 ut
961 1489 1071 1562 ipsi
1102 1506 1223 1544 mos
1268 1494 1410 1558 erat,
1441 1490 1593 1545 dono
1625 1490 1819 1556 mittit,

118 1581 383 1635 amicitia:
429 1585 487 1634 et
516 1580 773 1651 ejusdem
818 1579 1240 1634 communionis
1268 1580 1609 1651 symbolum.
1642 1580 1822 1634 Simul

118 1670 173 1724 ad
220 1669 536 1724 Aurelium
594 1668 1098 1739 Carthaginensem
1145 1670 1362 1724 litteras
1410 1669 1567 1724 dedit
1616 1685 1628 1722 :
1682 1685 1823 1741 quas

116 1776 313 1814 omnes
355 1775 463 1830 per
503 1774 688 1813 unum
728 1776 756 1813 e
788 1758 1113 1813 domesticis
1144 1759 1260 1812 suis
1310 1757 1485 1826 misit,
1538 1775 1707 1830 quem
1754 1758 1823 1813 ad

112 1848 505 1921 Augustinum
536 1848 795 1919 aliosque
837 1847 936 1901 Dei
967 1847 1179 1902 amicos
1208 1847 1394 1902 verbis
1424 1847 1539 1901 suis
1569 1848 1822 1901 salutan-

115 1942 206 1995 dos
250 1938 569 1993 direxerat.
615 1938 721 1992 Illo
768 1942 959 1992 autem
988 1937 1051 1993 in
1082 1937 1267 1993 reditu
1308 1942 1588 2005 morante,
1636 1938 1823 1991 denuo

111 2027 341 2100 scripsit
357 2027 434 2082 ad
452 2027 837 2097 Augustinum
860 2028 1048 2096 (Ibid.,
1076 2029 1253 2097 Epist.
1284 2026 1392 2099 30),
1412 2026 1501 2082 cui
1523 2043 1581 2081 se
1608 2026 1826 2098 priores

112 2119 331 2173 litteras
362 2123 497 2172 ante
525 2116 775 2171 hiemem
806 2116 1023 2171 misisse
1048 2121 1306 2171 testatur.
1333 2117 1609 2171 Videntur
1628 2115 1823 2187 itaque

114 2207 459 2279 posteriores
484 2206 608 2261 ista:
640 2206 863 2272 litterae,
888 2222 1017 2277 quae
1049 2206 1252 2260 eodem
1282 2222 1453 2271 anno,
1488 2222 1601 2277 quo
1632 2207 1823 2276 Augu-

111 2298 293 2352 stinus
321 2300 549 2351 creatus
579 2301 663 2350 est
690 2295 1012 2367 episcopus,
1055 2300 1295 2349 exarata:
1325 2299 1479 2365 sunt,
1511 2294 1657 2349 circa
1693 2311 1825 2349 ver-

112 2404 251 2441 num
299 2391 534 2457 tempus
580 2384 754 2439 fuisse
802 2384 1156 2455 conscriptas,
1214 2383 1435 2454 priores
1485 2388 1676 2438 autem
1722 2400 1823 2437 au-

112 2475 362 2529 tumnali
382 2476 745 2544 tempestate.
766 2471 1123 2543 Quapropter
1152 2471 1271 2525 haec
1290 2471 1481 2525 omnia
1512 2472 1582 2526 ad
1610 2486 1825 2525 annum

114 2562 592 2620 trecentesimum
623 2561 1061 2633 nonagesimum
1094 2566 1366 2632 quartum
1392 2560 1713 2615 referimus.

179 2659 231 2711 3.
265 2654 385 2710 Sub
420 2653 573 2707 idem
611 2657 838 2722 tempus
884 2650 1164 2705 Licentius
1197 2650 1535 2705 Romaniani
1573 2650 1725 2704 ﬁlius
1757 2649 1826 2705 ab

115 2746 253 2800 urbe
287 2746 477 2799 Roma
522 2741 747 2812 scripsit
795 2740 863 2796 ad
906 2740 1311 2811 Augustinum,
1345 2744 1402 2794 et
1431 2739 1501 2794 ad
1531 2754 1664 2793 eum
1699 2755 1825 2793 car-

115 2852 246 2890 men
295 2834 524 2906 pariter
565 2830 884 2886 transmisit
921 2832 1124 2901 (Epist.
1158 2832 1247 2896 26,
1288 2845 1345 2884 n.
1377 2830 1431 2900 3)
1464 2846 1477 2883 :
1512 2829 1603 2883 cui
1631 2830 1825 2900 Augu-

116 2926 298 2979 stinus
327 2922 538 2978 litteris
561 2920 855 2991 aliquanto
881 2923 1010 2990 post
1040 2918 1340 2973 intervallo
1374 2917 1560 2972 missis
1589 2933 1825 2988 respon-

116 3014 216 3084 dit,
259 3028 400 3067 cum
443 3010 565 3082 ipse
614 3008 967 3064 occasionem
1006 3007 1079 3062 ad
1124 3022 1255 3061 eum
1306 3005 1589 3061 scribendi
1636 3005 1728 3059 vix
1768 3021 1826 3059 se

117 3103 399 3175 reperisse
442 3102 709 3154 testatur.
764 3099 829 3152 In
856 3097 962 3151 hac
992 3096 1257 3167 epistola,
1291 3095 1513 3150 Paulini
1554 3100 1825 3166 tanquam

118 3193 221 3247 sibi
253 3192 329 3247 ob
364 3189 597 3245 virtutis
627 3188 838 3242 famam
856 3184 1137 3241 notissimi
1169 3184 1436 3239 meminit
1457 3184 1644 3254 (lbid.,
1666 3200 1721 3238 n.
1750 3184 1825 3255 5.)

119 3281 513 3347 Quamobrem
561 3277 853 3348 scripsisse
882 3276 1042 3331 illam
1086 3274 1331 3342 videtur,
1362 3290 1493 3328 cum
1516 3274 1639 3343 jam
1670 3288 1825 3327 acce-

119 3371 289 3444 pisset
340 3366 575 3424 Paulini
609 3366 845 3434 litteras,
879 3379 1127 3435 eumque
1156 3363 1387 3418 vidisset
1415 3378 1589 3434 quem
1627 3362 1724 3416 ille
1755 3362 1827 3417 ad

118 3461 513 3534 Augustinum
533 3455 897 3511 salutandum
916 3453 1329 3510 transmiserat.
1351 3453 1415 3507 In
1431 3451 1687 3506 confesso
1707 3466 1828 3505 esse

120 3553 306 3619 debet,
341 3548 648 3621 epistolam
690 3546 760 3600 ad
800 3544 1118 3601 Licentium
1161 3542 1321 3614 prius
1374 3541 1644 3613 scriptam
1685 3556 1826 3607 esse,

123 3658 293 3715 quam
324 3655 461 3712 quae
494 3637 568 3691 ad
598 3636 899 3692 Paulinum
938 3650 1089 3689 anno
1132 3630 1529 3687 trecentesimo
1577 3646 1828 3701 nonage-

124 3733 263 3787 simo
312 3728 526 3801 quinto
564 3741 669 3797 per
715 3721 1135 3780 Romanianum
1178 3719 1352 3775 missa
1380 3723 1463 3776 est
1496 3736 1509 3774 :
1544 3718 1829 3791 siquidem

125 3824 226 3877 hoc
250 3821 450 3893 ipsum
482 3821 540 3872 et
568 3814 919 3886 Augustinus
939 3811 1075 3867 satis
1099 3809 1505 3882 signiﬁcat,ubi
1524 3808 1827 3863 Paulinum

128 3914 335 3975 monet,
364 3906 511 3980 quid
540 3905 660 3977 ipse
691 3903 759 3958 de
780 3901 1028 3958 Licentio
1058 3900 1265 3967 doleat,
1287 3898 1425 3970 quid
1450 3898 1667 3965 timeat,
1692 3896 1828 3969 quid

128 3999 339 4071 cupiat,
371 4013 440 4051 ex
484 3995 609 4065 ejus
637 3992 889 4047 carmine
928 3994 984 4046 et
1013 4005 1079 4044 ex
1104 3988 1343 4060 epistula
1371 4003 1545 4059 quam
1585 3986 1658 4042 ad
1697 4002 1828 4041 eum

130 4090 299 4151 misit,
331 4085 516 4158 probe
547 4083 969 4138 intellecturum
999 4078 1195 4151 (Epist.
1227 4079 1319 4143 27,
1345 4092 1440 4131 nn.
1473 4077 1526 4142 4,
1560 4078 1632 4145 6.)

196 4181 249 4234 4.
280 4173 664 4242 Quantumvis
708 4170 1061 4241 exploratam
1088 4165 1396 4238 Augustini
1424 4164 1695 4219 virtutem
1725 4162 1830 4216 ba-

131 4268 287 4323 beret
326 4263 625 4326 Paulinus,
661 4275 900 4331 eamque
942 4255 1137 4327 magni
1178 4256 1405 4320 faceret,
1451 4253 1709 4307 nondum
1754 4258 1833 4307 ta-

132 4374 265 4411 men
289 4359 559 4409 sanctum
589 4351 781 4404 Virum
810 4349 978 4419 plene
1016 4344 1362 4418 penitusque
1393 4346 1655 4409 noverat;
1702 4358 1830 4396 cum

132 4444 317 4517 Alypii
362 4439 921 4497 commendationem
972 4435 1081 4491 sibi
1132 4431 1511 4489 necessariam
1565 4446 1685 4485 esse
1735 4431 1834 4485 du-

133 4540 301 4601 ceret,
350 4538 414 4587 ut
462 4547 592 4585 suas
634 4526 985 4600 Augustinus
1032 4524 1245 4579 litteras
1283 4521 1523 4577 haberet
1555 4523 1831 4589 acceptas,

134 4640 305 4696 seque
335 4623 408 4678 de
438 4618 747 4690 imperitia,
780 4623 841 4672 ut
866 4615 965 4681 ait,
1001 4616 1310 4668 excusaret.
1338 4612 1461 4665 Non
1496 4613 1617 4663 erat
1644 4611 1835 4678 Augu-

134 4715 283 4768 stino
314 4713 377 4766 in
408 4709 625 4765 amicos
653 4723 806 4774 suos,
836 4704 1052 4759 nedum
1081 4702 1143 4756 in
1172 4700 1496 4766 Paulinum,
1544 4697 1751 4752 dubius
1781 4700 1835 4751 et

136 4818 343 4873 anceps
375 4798 623 4854 animus.
653 4797 716 4851 Et
740 4811 799 4850 re
828 4792 1064 4866 quidem
1083 4790 1208 4861 ipsa
1234 4788 1377 4843 nihil
1393 4787 1711 4857 excogitare
1732 4802 1834 4857 po-

135 4897 241 4946 test
267 4891 358 4945 vel
392 4887 703 4953 ardentius,
757 4884 844 4937 vel
887 4880 1143 4936 tenerius
1180 4876 1402 4943 litteris,
1447 4892 1589 4947 quas
1630 4874 1715 4928 illi
1745 4890 1835 4929 re-

134 4979 394 5051 scripsit;
420 4976 563 5031 nihil
585 4974 739 5046 quod
760 4974 888 5045 plus
908 4970 969 5025 in
993 4967 1435 5024 admirationem
1453 4963 1837 5036 rapiat,quam

133 5067 448 5121 vehemens
478 5069 533 5119 et
558 5063 978 5140 inflammatum
1007 5057 1151 5113 illud
1181 5055 1456 5117 studium,
1476 5070 1591 5125 quo
1612 5052 1734 5123 ejus
1763 5052 1840 5106 vi-

134 5156 309 5211 dendi
336 5154 582 5226 flagrare
605 5167 664 5207 se
693 5149 1014 5222 proﬁtetur.
1042 5146 1277 5217 Majores
1297 5144 1482 5199 adhuc
1508 5142 1560 5197 ei
1580 5140 1842 5213 rependit

136 5245 357 5308 laudes,
386 5258 560 5315 quam
590 5240 660 5295 ab
682 5256 749 5294 eo
779 5240 1089 5308 receperat.
1116 5236 1228 5290 Nec
1258 5238 1453 5288 tamen
1478 5231 1665 5288 dicere
1688 5230 1840 5298 licet,

136 5351 227 5388 eas
247 5337 353 5388 aut
378 5348 445 5388 ex
463 5328 844 5386 assentatione
874 5331 971 5381 aut
994 5342 1063 5381 ex
1089 5323 1407 5391 mendacio,
1430 5322 1528 5377 sed
1552 5337 1621 5375 ex
1649 5335 1841 5373 amore

136 5441 250 5479 non
297 5423 491 5478 minus
537 5419 707 5490 igneo
755 5432 929 5489 quam
972 5415 1177 5486 lynceo
1211 5411 1382 5467 fuisse
1413 5410 1710 5482 profectas.
1744 5410 1842 5464 Le-

3521 304 3626 358 202

1928 420 2080 476 bonis
2101 423 2227 478 tuis.
2252 423 2520 493 Quotquot
2534 438 2623 477 eas
2636 423 2895 489 tegment,
2915 426 3160 494 rapiunt,
3177 428 3310 495 quia
3329 429 3624 497 rapiuntur

1928 526 2045 565 cum
2073 512 2272 579 legunt.
2308 512 2485 578 Quam
2511 515 2697 567 sua-vis
2727 513 2857 566 odor
2886 514 3110 583 Christi,
3131 519 3181 568 et
3206 530 3369 583 quam
3396 516 3624 583 fragrat

1927 615 1994 654 ea:
2039 602 2134 668 eis,
2193 600 2305 655 dici
2352 616 2461 655 non
2493 606 2671 670 potest
2716 602 2906 673 (Ibid.,
2951 618 3005 657 η.
3047 605 3127 675 2.)
3178 603 3401 658 Habent
3441 603 3624 659 admi-
3712 590 3715 593 ’

1927 688 2210 743 rationem
2246 689 2472 760 singula
2501 690 2757 760 epistola:
2788 691 2982 747 verba.
3035 693 3098 747 In
3128 691 3215 747 his
3245 692 3446 746 litteris
3474 693 3623 748 salu-

1926 780 2043 831 tem
2070 778 2205 832 dicit
2232 778 2532 845 Therasiae,
2580 796 2753 850 quam
2800 781 2869 835 de
2916 797 3075 835 more
3115 781 3385 837 Paulinus
3414 783 3472 837 in
3502 784 3623 855 epi-

1928 867 2081 920 stolae
2112 866 2480 937 inscriptione
2510 884 2702 922 secum
2727 870 3132 939 :conjunxerat.
3186 872 3270 926 Ad
3321 888 3453 927 eum
3493 874 3625 928 scri-

1927 955 2041 1026 psit
2086 972 2191 1026 per
2237 955 2659 1011 Romanianum
2728 958 3239 1014 familiarissimum
3278 978 3467 1029 suum,
3524 964 3625 1034 qui

1927 1048 2123 1098 tamen
2164 1045 2231 1100 ad
2263 1062 2409 1113 eam,
2444 1062 2617 1118 quam
2648 1046 2758 1117 ipsi
2786 1049 3142 1119 peroptabat,
3176 1050 3382 1105 mentis
3413 1053 3624 1106 consti-

1927 1131 2210 1186 tutionem
2260 1133 2504 1187 necdum
2559 1140 2913 1205 pervenerat.
2961 1136 3317 1207 Quapropter
3359 1139 3626 1193 omnibus

1927 1221 2195 1291 precibus
2226 1226 2349 1275 orat
2378 1227 2433 1277 et
2477 1224 2790 1277 obtestatur
2830 1224 3151 1291 Paulinum,
3186 1229 3243 1279 ut
3284 1225 3368 1279 illi
3396 1226 3627 1296 ﬁlioque

1933 1309 2183 1365 Licentia
2229 1311 2391 1375 adsit,
2445 1315 2501 1365 et
2548 1312 2848 1384 utriusque
2879 1314 3120 1367 salutem
3149 1329 3254 1384 pro
3288 1314 3433 1368 virili
3466 1319 3628 1385 parte

1930 1403 2285 1470 promoveat.
2334 1400 2418 1454 Ab
2463 1400 2562 1455 illo
2610 1406 2804 1456 tamen
2852 1403 3121 1471 postulat,
3178 1418 3251 1457 ne
3294 1402 3422 1457 huic
3448 1402 3629 1457 amico

1932 1490 2139 1556 credat,
2173 1504 2302 1561 qua:
2328 1490 2397 1545 de
2426 1490 2551 1561 ipso
2582 1490 2816 1545 fortasse
2847 1491 3088 1545 laudans
3118 1492 3349 1546 amandi
3379 1508 3631 1564 propen—

1931 1578 2090 1633 sione
2129 1579 2359 1634 dixerit.
2400 1580 2542 1635 Cum
2570 1580 2958 1635 Romanianus
2987 1597 3186 1635 omnes
3215 1580 3525 1652 Augustini
3556 1581 3636 1635 lu-

1931 1667 2291 1723 cubrationes
2320 1685 2510 1725 secum
2544 1669 2809 1733 deferret,
2844 1686 2977 1725 eum
3011 1670 3246 1725 Paulino
3270 1670 3490 1742 copiam
3513 1670 3635 1725 illa-

1930 1773 2063 1812 rum
2112 1758 2394 1814 facturum
2441 1759 2764 1831 pollicetur.
2820 1760 2939 1827 Sed
2977 1764 3120 1828 orat,
3161 1765 3225 1816 ut
3254 1778 3346 1815 eas
3377 1765 3635 1815 accurate

1931 1847 2213 1917 perlegat,
2256 1864 2370 1919 quo
2410 1848 2600 1919 ipsum
2640 1849 2708 1903 de
2749 1848 2969 1916 erratis,
3003 1866 3132 1920 quae
3163 1849 3631 1921 deprehenderit,

1934 1935 2241 1991 admoneat
2273 1952 2287 1991 :
2320 1954 2492 2008 quam
2532 1938 2592 1993 in
2621 1954 2744 1993 rem
2783 1938 2955 1992 habet
2982 1940 3153 2010 longe
3211 1939 3627 2009 pulcherrima.

1935 2025 2130 2079 Eidem
2178 2026 2440 2096 spondet,
2485 2044 2542 2081 se
2590 2027 2744 2082 beati
2784 2027 3033 2099 episcopi
3076 2027 3267 2099 Alypii
3310 2026 3633 2095 historiam,

1935 2130 2109 2185 quam
2142 2115 2210 2169 ab
2238 2114 2363 2185 ipso
2390 2115 2592 2187 Alypio
2626 2116 2895 2171 Paulinus
2934 2119 3360 2188 expOposcerat,
3389 2115 3637 2170 conscri-

1934 2207 2193 2273 pturum.
2226 2204 2497 2275 Alypium
2520 2205 2806 2277 siquidem
2836 2222 2941 2261 sua
2969 2222 3103 2277 erga
3135 2205 3437 2260 Paulinum
3467 2205 3637 2259 bene-

1934 2293 2183 2347 volentia
2212 2293 2281 2348 ad
2319 2293 2379 2347 id
2415 2295 2807 2365 praestandum
2855 2294 3260 2367 compellebat;
3314 2295 3411 2350 sed
3459 2293 3637 2349 animi

1934 2381 2022 2436 sui
2055 2382 2330 2438 modestia
2359 2383 2657 2440 retinebat.
2696 2385 2833 2439 Cum
2866 2384 3043 2454 igitur
3062 2400 3204 2438 eum
3234 2382 3635 2439 verecundiam

1935 2470 2085 2525 inter
2113 2476 2170 2527 et
2198 2472 2507 2527 amicitiam
2540 2473 2892 2543 Augustinus
2920 2473 3290 2528 ﬂuctuantem
3310 2472 3549 2539 videret,
3578 2472 3651 2527 id.

1935 2560 2125 2614 oneris
2171 2561 2241 2615 ab
2270 2561 2368 2616 illo
2395 2561 2453 2615 in
2483 2562 2752 2617 humeros
2782 2579 2912 2617 suos
2943 2563 3257 2629 transtulit,
3290 2579 3421 2617 cum
3463 2560 3634 2616 ofﬁcii

1936 2649 2119 2720 gratia
2168 2650 2440 2722 (namque
2471 2650 2527 2705 id
2557 2651 2794 2723 Alypius
2835 2668 2939 2723 per
2970 2652 3188 2707 litteras
3219 2652 3288 2706 ab
3313 2668 3379 2707 eo
3407 2651 3636 2721 ﬂagita-

1938 2740 2140 2808 verat),
2173 2743 2295 2793 tum
2320 2740 2609 2809 prarcipue
2641 2744 2703 2794 ut
2732 2740 2879 2794 dona
2895 2740 3168 2795 divinitus
3189 2740 3249 2795 in
3276 2757 3408 2795 eum
3434 2741 3639 2794 collata

1935 2826 2117 2880 fusius
2157 2830 2214 2881 et
2242 2826 2476 2881 uberius
2516 2828 2639 2897 ipso
2682 2826 2886 2899 Alypio
2935 2834 3262 2899 exponeret,
3310 2827 3411 2899 qui
3454 2828 3636 2883 multa

1935 2916 2133 2985 procul
2175 2915 2348 2970 dubio
2379 2919 2435 2970 et
2463 2932 2566 2987 pro
2607 2915 2785 2970 animi
2823 2916 3103 2970 modestia
3150 2915 3417 2978 siluisset,
3464 2919 3520 2969 et
3562 2931 3634 2970 ne

1937 3000 2061 3054 aliis
2087 3000 2191 3055 hoc
2221 3017 2366 3071 opus
2395 3002 2629 3056 fortasse
2657 3003 2908 3070 lecturis,
2940 3019 3043 3058 nec
3089 3019 3203 3075 qua
3246 3006 3438 3057 mente
3477 3001 3545 3056 de
3577 3018 3635 3055 se

1935 3088 2059 3159 ipso
2087 3090 2435 3160 loqueretur,
2468 3090 2859 3159 intellecturis,
2892 3091 3298 3147 oll‘endiculum
3329 3090 3633 3162 praeberet.

1937 3174 2285 3248 Augustinus
2316 3180 2564 3235 scribens
2594 3181 2665 3235 ad
2696 3182 3022 3248 Paulinum,
3054 3180 3112 3236 id
3153 3179 3344 3251 operis
3372 3179 3458 3234 illi
3499 3178 3657 3233 mit;

1936 3269 2055 3320 tere
2083 3268 2320 3337 parabat
2345 3288 2361 3324 :
2393 3269 2491 3324 sed
2517 3270 2569 3324 ei
2599 3286 2701 3341 per
2728 3269 3098 3341 improvisam
3131 3268 3474 3325 Romaniani
3503 3284 3637 3339 pro-

1936 3354 2241 3411 fectionem
2270 3358 2634 3413 solummodo
2658 3358 2821 3414 licuit
2850 3376 3025 3431 quam
3053 3358 3308 3431 primum
3334 3357 3477 3413 illud
3500 3359 3639 3412 Pau-

1938 3442 2053 3499 lino
2086 3444 2430 3501 mittendum
2460 3447 2733 3517 polliceri.
2765 3450 3033 3503 Attamen
3051 3464 3155 3502 nec
3181 3448 3335 3518 apud
3364 3446 3638 3517 Augusti-

1940 3548 2098 3600 num,
2121 3551 2224 3589 nec
2238 3536 2391 3605 apud
2414 3536 2732 3591 Possidium
2751 3537 2997 3605 legimus
3018 3537 3075 3591 id
3095 3536 3261 3591 aliter
3281 3536 3351 3590 ab
3373 3552 3438 3590 eo
3455 3535 3631 3590 fuisse

1936 3623 2276 3692 praestitum,
2319 3640 2493 3694 quam
2520 3623 2590 3677 iis
2616 3640 2745 3696 qua:
2787 3625 2856 3679 de
2880 3623 3082 3695 Alypio
3114 3624 3175 3678 in
3205 3622 3635 3678 Confessionum

1937 3729 2171 3767 suarum
2201 3713 2358 3767 libris
2386 3718 2818 3770 commemorat.
2852 3713 3124 3770 Fortassis
3167 3714 3307 3769 illud
3338 3713 3399 3768 in
3445 3713 3640 3786 aliqua

1937 3800 2245 3873 posteriori
2269 3800 2532 3873 epistola,
2566 3819 2695 3874 quae
2718 3802 3087 3870 interciderit,
3115 3802 3301 3857 fuerat
3320 3806 3635 3857 exsecutus.

1940 3892 2004 3945 ln
2042 3895 2332 3961 postrema
2357 3891 2610 3963 epistolae
2640 3896 2803 3963 parte
2840 3891 3148 3947 Paulinum
3178 3896 3341 3963 rogat
3368 3891 3640 3963 Augusti-

1940 3996 2065 4046 nus,
2099 3984 2183 4049 ut,
2228 3980 2274 4034 si
2318 3979 2428 4050 ipsi
2471 3981 2541 4036 ab
2573 3981 2963 4036 ecclesiasticis
2998 3981 3332 4036 muneribus
3362 3986 3538 4048 vacet,
3580 3980 3641 4034 in

1938 4068 2185 4124 Africam
2236 4069 2510 4140 trajiciat;
2555 4071 2779 4125 visurus
2810 4070 2928 4143 ipse
2962 4076 3242 4142 quantum
3284 4070 3353 4125 ab
3376 4070 3642 4125 omnibus

1938 4157 2210 4214 fratribus
2242 4157 2357 4212 illic
2397 4159 2512 4213 Deo
2545 4158 2922 4214 servientibus
2953 4165 3011 4214 et
3040 4164 3284 4225 ametur,
3318 4162 3371 4213 et
3400 4159 3637 4212 colatur.

2011 4251 2064 4302 5.
2117 4248 2246 4302 Haec
2297 4247 2553 4319 epistola,
2588 4265 2716 4319 qum
2747 4253 3002 4303 extrema
3031 4248 3219 4302 hieme
3248 4246 3387 4300 anni
3416 4250 3637 4300 trecen-

1940 4336 2131 4391 tesimi
2178 4336 2538 4406 nonagesimi
2590 4336 2781 4409 quinti
2836 4338 3060 4392 videtur
3087 4339 3335 4402 exarata,
3370 4334 3550 4389 serius
3577 4350 3642 4388 ac

1940 4427 2111 4480 vellet
2139 4425 2513 4496 Augustinus,
2546 4426 2656 4481 fuit
2686 4427 2927 4482 Paulino
2955 4426 3177 4481 reddita
3203 4441 3215 4479 :
3248 4425 3349 4480 sed
3378 4425 3500 4480 haec
3521 4424 3645 4497 ipsa

1942 4516 1994 4571 ei
2024 4531 2182 4570 mora
2211 4514 2444 4586 profuit.
2480 4517 2621 4570 Cum
2651 4516 2807 4570 enim
2833 4515 3104 4571 Paulinus
3132 4531 3285 4584 eum,
3316 4530 3487 4586 quem
3511 4519 3643 4571 ante

1941 4606 2191 4660 hiemem
2239 4604 2300 4659 in
2342 4603 2590 4660 Africam
2632 4605 3045 4673 transmiserat,
3093 4604 3154 4659 in
3191 4602 3398 4658 itinere
3429 4603 3647 4659 videret

1942 4692 2241 4759 remorari,
2273 4709 2337 4748 ac
2365 4693 2434 4748 de
2466 4693 2670 4749 litteris
2699 4692 2815 4747 suis
2844 4692 3075 4763 perlatis
3105 4691 3314 4748 dubius
3341 4692 3519 4760 foret;
3552 4693 3646 4748 of-

1944 4783 2151 4839 ﬁcium'
2189 4798 2359 4838 suum
2411 4782 2626 4837 diutius
2674 4781 3022 4852 suspendere
3068 4797 3186 4836 non
3213 4780 3423 4852 potuit,
3455 4781 3553 4837 sed
3578 4782 3647 4838 ad

1943 4874 2329 4946 Augustinum
2358 4873 2562 4929 iterato
2587 4873 2830 4944 scripsit,
2866 4876 2933 4928 ut
2960 4890 3124 4929 suam
3154 4889 3289 4945 erga
3312 4889 3447 4929 eum
3472 4873 3647 4929 bene-

1944 4963 2277 5033 volentiam,
2306 4978 2589 5033 suumque
2618 4960 2773 5015 illius
2794 4960 3015 5017 visendi
3041 4962 3294 5018 studium
3324 4967 3644 5018 testaretur.

1946 5054 2063 5108 Non
2100 5051 2270 5106 solum
2316 5049 2601 5105 desideriis
2647 5052 2870 5117 nostris,
2900 5050 3110 5121 inquit,
3142 5068 3399 5121 magnum
3436 5053 3646 5118 confer-

1946 5145 2098 5195 retur
2126 5138 2425 5207 gaudium;
2454 5136 2551 5193 εεά
2577 5139 2740 5192 etiam
2769 5138 3035 5193 mentibus
3056 5140 3232 5194 lumen
3260 5142 3648 5207 accresceret,et

1948 5246 2015 5284 ea:
2032 5234 2127 5283 tua
2146 5231 2301 5298 copia
2322 5228 2738 5297 locupletaretur
2753 5229 2942 5299 inopia
2959 5234 3145 5284 nostra
3169 5228 3355 5300 (Apud
3378 5229 3645 5295 August.,

1949 5320 2127 5387 Epist.
2171 5319 2258 5383 30,
2288 5333 2343 5373 η.
2375 5317 2451 5389 3.)
2485 5316 2723 5388 Scripsit
2749 5316 2804 5372 ei
2835 5334 2939 5389 per
2967 5319 3289 5375 Romanum
3320 5320 3375 5372 et
3400 5316 3648 5387 Agilem,

1951 5423 2096 5479 quos
2127 5406 2195 5460 ad
2222 5405 2451 5477 aliquod
2480 5406 2772 5462 charitatis
2797 5424 2943 5479 opus
2976 5407 3033 5462 in
3061 5405 3309 5462 Africam
3336 5403 3641 5463 mittebat:

137 5518 333 5585 gerunt
374 5514 605 5579 fratres,
673 5506 883 5580 inquit,
933 5509 983 5560 et
1030 5503 1268 5571 gaudent
1314 5499 1742 5569 infatigabiliter
1795 5502 1846 5553 et
1954 5497 2016 5552 in
2042 5511 2157 5568 qua
2186 5494 2429 5566 epistola
2456 5497 2825 5554 commendat
2864 5513 2959 5553 eos
3002 5493 3341 5565 Augustino,
3372 5498 3649 5585 rogatque

138 5602 643 5673 ineﬂ'abiliter,tam
662 5595 915 5651 uberibus
943 5598 993 5648 et
1012 5598 1123 5648 tam
1141 5589 1518 5647 excellentibus
1546 5586 1703 5643 donis
1723 5588 1840 5650 Dei,

498 5698 776 5763 PATROL.
828 5690 1077 5758 XXXII.

1957 5588 2023 5642 ut
2039 5600 2138 5642 eos
2158 5588 2504 5642 revertentes
2523 5585 2876 5658 (injunxerat
2886 5587 3077 5641 autem
3096 5586 3159 5637 ut
3171 5597 3343 5653 quam
3355 5583 3650 5642 celerrime

3094 5680 3329 5768 (Sept)
