4008 6184
3765 319 3872 370 20'}

1567 331 1734 387 VITA
1774 332 1826 384 ὃ.
1880 327 2275 385 Al'Gl'STlNl
2333 325 2672 380 El’lStlthl.

2165 451 2492 522 episcopum
2524 447 2747 518 scripsit
2789 446 2982 515 (Epist.
3034 446 3121 511 29,
3162 445 3245 515 2).
3296 443 3512 511 Nempe
3561 443 3680 493 erat
3717 439 3874 510 apud

2167 540 2488 611 Hipponem
2529 537 2618 590 die
2665 535 2842 589 sancti
2889 533 3130 603 alicujus
3181 531 3470 586 memoriae
3523 545 3680 582 sacro
3723 529 3875 580 sole-

2167 628 2579 698 mnitas,quam
2598 626 2746 679 cives
2769 623 3050 678 Laetitiam
3073 621 3470 688 nominabant,
3488 618 3592 672 hoc
3614 616 3882 670 videlicet

2169 717 2359 772 minus
2377 717 2646 770 indecoro
2669 712 2941 768 vocabulo
2963 710 3287 765 vinolentia:
3310 707 3727 778 turpitudinem
3748 721 3880 760 eon-

357 344 460 397 ‘203

361 464 631 535 redirent)
678 463 872 535 aliquo
902 461 1170 532 dignetur
1200 473 1490 530 responso.
1522 456 1751 511 Gavisus
1773 459 1858 508 est
1885 453 2053 507 vehe—

362 560 584 610 menter
623 552 998 624 Augustinus,
1047 551 1191 604 hanc
1247 564 1466 602 moram
1515 547 1857 612 litterarum,
1917 558 2057 614 quas

363 645 542 716 priori
571 643 822 714 epistola:
853 639 1076 694 Paulini
1101 637 1480 706 rescripserat,
1511 633 1683 703 hujus
1704 630 2057 702 posterioris,

365 749 538 806 quam
569 748 685 786 non
716 730 905 784 minus
936 728 1193 781 laetanter
1233 723 1510 795 perlegit,
1545 723 1766 775 lucrum
1798 719 1904 773 sibi
1934 735 2062 772 con-

365 823 583 878 tulisse.
631 823 950 874 ltomanum
999 820 1054 869 et
1104 813 1326 884 Agilem
1370 812 1538 881 hujus
1569 809 1825 880 epistolae
1852 809 2063 862 latores

366 925 433 964 eo
463 907 832 963 cumulatiore
874 903 1082 975 gaudio
1128 901 1364 972 excepit,
1397 916 1510 970 quo
1542 897 1694 952 illius
1725 896 1942 952 auctori
1979 897 2061 951 vi-

367 999 541 1052 sendo
572 995 789 1050 avidius
819 992 1094 1056 inhiabat,
1128 1005 1302 1060 quem
1351 988 1525 1043 etiam
1575 987 1635 1042 in
1675 986 2065 1058 spiritualibus

366 1086 500 1140 filiis
539 1088 880 1155 praesentem
921 1080 1264 1135 intuebatur.
1300 1079 1431 1133 lllos
1464 1078 1634 1131 aliam
1677 1075 1902 1131 Paulini
1941 1075 2063 1145 epi-

366 1175 568 1228 stolam
601 1176 915 1241 nuncupat,
961 1186 1027 1223 eo
1067 1167 1490 1239 jucundiorem,
1525 1166 1681 1237 quod
1723 1181 1836 1218 non
1889 1164 2061 1218 modo

364 1261 687 1333 vulgarium
734 1259 912 1313 instar
939 1257 1260 1312 litterarum
1309 1255 1415 1309 ista
1447 1254 1556 1308 sibi
1586 1254 1915 1324 loqueretur
1944 1251 2063 1323 epi-

365 1352 530 1411 stola,
553 1350 646 1404 sed
671 1365 834 1403 voces
856 1346 1028 1402 etiam
1049 1345 1272 1400 audiret
1293 1361 1356 1398 ac
1384 1343 1660 1398 redderet.
1688 1343 1874 1412 Longe
1900 1342 2065 1411 plura

368 1439 437 1494 de
470 1437 706 1493 Paulino
741 1452 806 1488 ex
835 1450 1033 1488 eorum
1057 1450 1152 1486 ore
1185 1430 1404 1496 didicit,
1439 1446 1610 1501 quam
1641 1429 1737 1483 ille
1767 1428 2065 1484 scribendo

368 1527 579 1581 referre
610 1523 910 1596 potuisset.
945 1522 1083 1576 Hinc
1109 1519 1462 1590 Augustinus
1494 1519 1554 1572 in
1585 1518 1809 1586 litteris,
1842 1534 1982 1589 quas
2015 1517 2066 1570 ei

367 1615 678 1686 rescripsit,
709 1614 828 1668 hinc
851 1611 1046 1681 adjicit
1077 1627 1089 1664 :
1116 1611 1318 1664 Aderat
1339 1611 1521 1674 etiam,
1546 1607 1690 1676 quod
1711 1608 1849 1662 nulli
1867 1609 2068 1661 charta:

368 1707 554 1760 adesse
578 1708 771 1774 potest,
822 1707 1031 1755 tantum
1069 1701 1126 1752 in
1167 1697 1520 1752 narrantibus
1566 1696 1848 1764 gaudium,
1880 1701 1939 1749 ut
1967 1711 2068 1765 per

369 1793 550 1859 ipsum
571 1789 731 1841 etiam
754 1786 960 1840 vultum
974 1784 1253 1852 oculosque
1273 1783 1604 1850 loquentium
1625 1796 1716 1835 eos
1738 1783 1796 1834 in
1815 1780 2066 1834 cordibus

369 1893 551 1934 eorum
599 1878 828 1944 scriptos
874 1890 993 1927 cum
1036 1871 1305 1940 ineffabili
1350 1872 1542 1925 laetitia
1590 1871 1897 1938 legeremus.
1956 1872 2064 1924 Hoc

371 1982 580 2036 quoque
610 1965 846 2034 amplius
883 1967 1019 2029 erat,
1046 1961 1190 2030 quod
1210 1962 1422 2030 pagina
1444 1959 1692 2028 quaelibet
1719 1964 2069 2027 quantacum-

371 2071 471 2124 que
504 2055 639 2108 bona
686 2054 892 2120 scripta
921 2051 1208 2114 contineat,
1240 2049 1380 2102 nihil
1410 2051 1532 2117 ipsa
1550 2049 1786 2117 proﬁcit,
1821 2049 2069 2116 quamvis

368 2145 443 2200 ad
460 2147 760 2214 profectum
791 2141 1089 2209 explicetur
1117 2140 1347 2191 aliorum
1381 2153 1392 2190 :
1419 2138 1555 2190 hanc
1587 2141 1763 2191 autem
1788 2138 2069 2206 epistolam

368 2237 624 2298 vestram,
653 2232 960 2296 fraternam
997 2227 1197 2279 scilicet
1235 2227 1495 2290 animam,
1545 2227 1621 2278 sic
1665 2226 1724 2276 in
1752 2240 1932 2278 eorum
1962 2226 2066 2278 col-

371 2322 551 2388 loquio
592 2318 910 2384 legebamus,
971 2320 1030 2368 ut
1079 2320 1228 2368 tanto
1276 2313 1481 2366 beatior
1544 2319 1829 2382 appareret
1891 2314 2066 2380 nobis,

372 2411 575 2476 quanto
603 2406 818 2459 uberius
845 2402 1150 2472 conscripta
1179 2407 1310 2454 esset
1339 2418 1406 2454 ex
1434 2402 1600 2455 vobis.
1622 2403 1808 2470 Itaque
1825 2403 1974 2456 illam
1997 2402 2070 2455 all

373 2497 612 2566 ejusdem
661 2495 935 2548 beatitatis
981 2493 1354 2550 imitationem,
1397 2491 1786 2544 studiosissime
1826 2491 1890 2544 de
1919 2492 2067 2545 vobis

373 2588 556 2641 omnia
593 2582 1018 2653 percunctando,
1068 2582 1127 2634 in
1172 2584 1356 2634 nostra
1404 2581 1568 2634 corda
1627 2583 2071 2650 transcripsimus

375 2676 578 2744 (Epist.
611 2676 698 2738 3t,
730 2689 784 2726 τι.
815 2671 889 2739 2).

1041 2757 1265 2812 CAPUT
1304 2757 1392 2810 ΧΙ.

376 2855 395 2906 1
435 2851 635 2908 Contra
670 2851 958 2920 pessimam
987 2847 1420 2901 consuetudinem
1448 2847 1504 2899 in
1533 2846 1752 2900 ecclesia
1781 2848 2067 2900 con-tiran-

443 2940 505 2994 di
528 2954 818 2994 sermonem
857 2938 1014 2991 habet
1054 2936 1128 2990 ad
1160 2935 1371 3005 plebem
1401 2937 1812 3004 Hipponensem.
1846 2938 1879 2988 2
1904 2938 2068 2989 Eum-

444 3029 566 3084 dem
595 3027 1027 3083 consuetudinem
1063 3025 1424 3079 uehementius
1453 3028 1731 3093 oppugnat
1761 3024 1928 3078 altero
1962 3024 2065 3078 die.

445 3121 475 3172 3
495 3117 749 3184 Sequenti
768 3115 856 3168 die
871 3116 1088 3183 penitus
1109 3112 1272 3168 tollit.
1296 3114 1328 3166 4
1351 3113 1512 3180 Operi
1534 3111 1599 3165 de
1618 3113 1807 3166 Libero
1822 3113 2070 3168 Arbitrio

442 3219 748 3274 supremam
788 3218 1006 3256 manum
1047 3203 1294 3269 apponit.
1338 3204 1368 3254 5
1426 3202 1699 3256 Non-nulla
1736 3203 1792 3254 in
1823 3216 1878 3254 co
1917 3217 2072 3271 opere

442 3309 544 3363 pro
564 3308 619 3347 se
643 3293 824 3358 facere
837 3276 1125 3358 jactarunt
1154 3290 1438 3356 Pelagiani
1464 3305 1524 3342 ac
1555 3290 1996 3358 Semipelagiani.

448 3385 496 3436 l.
531 3382 677 3436 Dum
708 3378 766 3432 in
789 3379 941 3432 hunc
962 3377 1198 3431 modum
1227 3393 1328 3447 per
1351 3376 1565 3430 litteras
1595 3377 1804 3447 pietate
1833 3378 2068 3433 refertas

363 3469 618 3542 jucunde
642 3469 792 3523 inter
816 3483 874 3521 se
900 3467 1303 3537 colloquuntur
1325 3464 1596 3518 Paulinus
1619 3469 1676 3519 et
1695 3465 2067 3536 Augustinus,

372 3560 503 3616 huic
532 3559 750 3614 interea
774 3555 1078 3628 voluptatis
1108 3555 1402 3609 cumulum
1434 3554 1599 3609 affert
1627 3571 1889 3609 concessa
1927 3556 2066 3610 divi-

372 3650 525 3705 nitus
549 3649 672 3720 ejus
699 3648 842 3702 votis
870 3662 960 3701 res
1007 3646 1186 3699 multo
1243 3643 1548 3699 lzetissima.
1591 3645 1713 3698 Jam
1770 3649 1898 3699 ante
1931 3662 2067 3699 nar-

371 3745 559 3793 ratum
600 3742 683 3792 est
706 3738 933 3807 (Supra,
973 3751 1092 3804 cap.
1127 3738 1178 3800 6,
1212 3750 1267 3788 n.
1296 3736 1376 3803 2),
1403 3750 1575 3804 quam
1607 3733 1842 3804 indigne
1873 3735 2070 3790 tulerit

371 3831 598 3880 sanctus
630 3825 950 3894 Presbyter,
993 3840 1150 3877 sacra
1194 3823 1316 3876 loca
1357 3822 1673 3892 ignominia
1704 3823 1850 3876 affici
1882 3825 2066 3894 specie

371 3913 687 3984 religionis,
715 3929 844 3966 cum
865 3912 925 3965 in
956 3911 1293 3965 czemeteriis
1318 3916 1748 3981 martyrumque
1776 3912 2067 3966 memoriis

371 4000 720 4074 frequentari
765 4004 1021 4055 cerneret
1067 3999 1357 4053 vinolenta
1387 3999 1661 4065 convivia,
1695 4000 1856 4070 queis
1906 4002 2066 4071 plebs

370 4091 638 4164 imperita
665 4107 781 4144 non
811 4093 1033 4144 tantum
1059 4088 1337 4142 honorem
1363 4088 1568 4141 sanctis
1599 4089 2067 4159 martyribus,sed

369 4181 542 4236 etiam
571 4179 688 4236 suis
717 4177 982 4233 solatium
1015 4175 1253 4230 mortuis
1284 4176 1530 4229 conferri
1560 4175 1814 4245 putabat.
1849 4179 1962 4231 Hac
1995 4179 2064 4232 de

368 4288 428 4326 re
460 4271 526 4325 ad
558 4268 854 4326 Aurelium
875 4266 1228 4338 episcopum,
1251 4264 1439 4319 statim
1465 4268 1632 4334 atque
1663 4265 1824 4319 illum
1849 4265 1907 4318 in
1930 4267 2064 4320 Car-

368 4359 694 4430 thaginensi
725 4358 855 4414 sede
883 4357 1219 4411 collocatum
1251 4353 1487 4420 audivit,
1517 4355 1764 4408 scribere
1796 4371 1910 4408 non
1951 4355 2062 4409 dis-

365 4449 575 4501 tulerat
604 4448 800 4518 (Epist.
855 4447 964 4514 22),
1026 4444 1330 4516 ipsumque
1390 4442 1628 4503 hortari,
1678 4447 1742 4498 ut
1789 4444 1935 4497 hanc
1994 4444 2062 4498 ab

364 4535 554 4590 Africa
584 4536 888 4590 fazditatem
921 4532 1254 4588 auctoritate
1286 4531 1743 4598 conciliorum,et
1771 4533 2063 4603 proposito

364 4624 583 4678 caeteris
630 4625 888 4694 exemplo
948 4622 1204 4677 Ecclesia:
1263 4620 1726 4690 Carthagincnsis
1781 4622 2054 4676 auferret.

361 4717 527 4768 Anno
559 4717 756 4784 postea
795 4712 1192 4767 trecentesimo
1243 4709 1612 4779 nonagesimo
1642 4709 1808 4764 tertio
1849 4710 2061 4780 [lippo-

364 4819 540 4857 nense
585 4800 888 4856 concilium
936 4801 1200 4871 generale
1249 4803 1458 4854 statuto
1505 4815 1723 4853 canone
1764 4799 1960 4867 vetuit,
1993 4816 2061 4854 ne

363 4891 467 4946 ulli
519 4890 776 4961 Episcopi
811 4891 899 4944 vel
943 4890 1130 4944 clerici
1177 4889 1236 4944 in
1289 4887 1524 4943 ecclesia
1565 4887 2002 4942 convivarentur
2044 4905 2057 4943 :

357 4978 758 5051 jussitpariter
785 4983 848 5033 ut
876 4978 1073 5048 populi
1102 4979 1171 5033 ab
1201 4977 1529 5050 hujusmodi
1561 4976 1853 5046 conviviis,
1885 4994 2062 5048 quan~

362 5074 487 5123 tum
533 5067 658 5122 fieri
714 5071 922 5140 posset,
996 5066 1435 5137 prohiberentur
1507 5066 1715 5125 (Codice
1784 5067 2058 5123 Canonum

361 5157 572 5226 A/ric.,
619 5172 737 5211 can.
783 5155 892 5225 42.)
931 5157 1019 5208 Au
1065 5160 1257 5210 autem
1301 5156 1644 5228 Carthagine
1671 5158 2056 5226 corruptelam

2169 808 2442 877 tegentes.
2463 806 2654 874 Neque
2673 819 2842 874 porro
2860 800 3165 856 Donatistis
3186 797 3650 869 Hipponensibus
3665 794 3878 862 minor,

2173 911 2344 966 quam
2367 893 2690 958 Catholicis,
2725 907 2791 946 eo
2814 891 2904 945 die
2927 889 3226 944 celebritas
3252 892 3393 954 erat,
3420 901 3608 957 neque
3643 885 3878 939 illorum

2171 983 2520 1040 moderatior
2569 980 3030 1052 intemperantia.
3085 982 3408 1049 Antequam
3449 974 3724 1030 solemnis
3753 973 3875 1026 dies

2171 1071 2524 1138 recurrisset,
2573 1087 2703 1124 cum
2732 1068 3059 1123 nuntiatum
3099 1071 3245 1121 esset
3274 1064 3615 1136 Augustino,
3663 1062 3877 1116 tumul-

2172 1159 2324 1215 tuari
2349 1158 2634 1222 homines,
2670 1161 2726 1212 et
2753 1157 2960 1222 dicere,
2991 1172 3047 1210 se
3074 1155 3222 1210 ferre
3241 1170 3355 1208 non
3385 1169 3551 1224 posse
3581 1156 3644 1206 ut
3673 1151 3773 1205 illa
3792 1166 3878 1204 so-

2179 1248 2445 1304 lemnitas
2474 1247 2909 1318 prohiberetur;
2962 1250 3286 1315 opportune
3329 1242 3531 1296 accidit
3574 1245 3640 1294 ut
3669 1245 3878 1310 quarta

2173 1338 2315 1393 feria
2353 1341 2484 1391 ante
2524 1335 2676 1390 diem
2712 1333 3172 1405 Quadragesimaa
3226 1331 3538 1403 capitulum
3588 1329 3880 1399 Evangelii

2174 1445 2241 1483 ex
2272 1427 2469 1481 ordine
2497 1441 2597 1480 seu
2627 1428 3042 1496 consequenter
3071 1421 3434 1477 tractandum
3465 1436 3586 1473 sese
3619 1417 3762 1472 illud
3797 1417 3878 1472 of-

2174 1518 2348 1572 ferret
2401 1531 2413 1569 :
2448 1515 2625 1572 Nolite
2677 1513 2808 1567 dare
2859 1517 3104 1566 sanctum
3150 1511 3374 1565 canibus
3416 1509 3634 1579 (Matth.
3668 1523 3766 1572 vn,
3801 1509 3877 1573 6).

2179 1607 2254 1660 Eo
2287 1604 2356 1658 ad
2387 1601 2742 1674 prOpositum
2775 1601 3027 1656 adhibito
3060 1599 3265 1665 effecit,
3309 1603 3368 1652 ut
3413 1597 3673 1651 viderent
3705 1610 3879 1665 quam

2177 1696 2322 1748 esset
2353 1691 2654 1756 nefarium,
2692 1689 2845 1744 intra
2883 1688 3134 1744 ecclesia:
3165 1687 3409 1760 parietes
3438 1685 3495 1740 id
3525 1683 3880 1756 agere,quod

2174 1781 2234 1836 in
2264 1780 2380 1835 suis
2419 1779 2684 1834 domibus
2715 1777 2762 1832 si
2807 1794 2975 1850 agere
3023 1779 3471 1848 perseverarent,
3519 1791 3550 1826 a
3604 1778 3800 1826 sancto
3831 1777 3883 1825 et

2177 1868 2501 1941 margaritis
2528 1867 2916 1922 ecclesiasticis
2946 1883 3040 1921 eos
3059 1865 3240 1920 arceri
3270 1866 3582 1935 oporteret.
3613 1862 3730 1916 Sed
3761 1862 3878 1915 haec

2178 1957 2438 2031 quamvis
2467 1961 2628 2027 grate
2660 1961 2889 2027 accepta
2927 1959 3134 2022 essent,
3167 1958 3359 2008 tamen
3387 1952 3521 2024 quia
3551 1950 3623 2004 ad
3650 1949 3882 2004 concio-

2179 2064 2311 2102 nem
2341 2048 2508 2118 pauci
2537 2049 2939 2112 convenerant,
2990 2060 3105 2098 non
3147 2047 3268 2098 erat
3313 2041 3665 2095 satisfactum
3719 2043 3882 2092 tanto

2177 2137 2455 2208 negotio:
2499 2139 2886 2208 praeterquam
2935 2134 3087 2206 quod
3134 2133 3238 2187 iste
3283 2147 3493 2200 sermo,
3534 2146 3670 2184 cum
3701 2129 3775 2182 ab
3807 2128 3884 2181 eis

2179 2226 2279 2298 qui
2307 2225 2607 2280 adfuerant
2653 2241 2758 2295 pro
2806 2223 3080 2295 cujusque
3120 2220 3384 2276 facultate
3427 2223 3484 2274 et
3521 2218 3716 2272 studio
3748 2217 3884 2272 foris

2177 2315 2570 2379 ventilaretur,
2605 2312 3049 2367 contradictores
3074 2311 3285 2365 multos
3315 2308 3534 2363 habuit.

2250 2408 2302 2458 2.
2339 2405 2536 2474 Itaque
2557 2408 2933 2473 posteaquam
2954 2400 3073 2455 dies
3096 2398 3556 2470 Quadragesimte
3579 2395 3884 2458 illuxisset,

2180 2510 2294 2564 quo
2324 2491 2680 2560 frequentior
2719 2490 3022 2545 multitudo
3062 2489 3132 2543 ad
3168 2489 3369 2543 horam
3407 2485 3771 2541 tractationis
3801 2501 3888 2537 oc-

2179 2582 2372 2647 currit,
2407 2583 2619 2636 lectum
2649 2586 2734 2634 est
2761 2580 2911 2633 istud
2939 2579 2998 2633 in
3032 2577 3358 2649 Evangelio,
3383 2577 3481 2631 ubi
3508 2575 3787 2630 Dominus
3818 2574 3885 2628 de

2179 2670 2394 2741 templo
2439 2669 2658 2740 expmit
2701 2668 3026 2723 venditores
3065 2667 3424 2733 animalium,
3465 2670 3520 2720 et
3549 2665 3883 2719 nummula-

2182 2759 2403 2814 riorum
2441 2775 2669 2813 mensas
2704 2757 2905 2812 evertit
2933 2757 3035 2827 (Id.
3081 2773 3193 2825 XXI,
3233 2755 3334 2826 l2).
3366 2755 3529 2819 Quod
3560 2754 3885 2825 capitulum

2179 2847 2301 2920 ipse
2346 2864 2577 2920 quoque
2609 2847 2962 2918 Augustinus
3006 2845 3298 2916 proposita
3341 2843 3667 2899 vinolentia!
3726 2859 3890 2914 qua)-

2180 2937 2364 2992 stione
2396 2934 3063 3007 recitavit,adjunxitque
3086 2933 3678 3006 disputationem,qua
3700 2936 3890 2985 osten-

2182 3027 2358 3093 deret,
2391 3032 2605 3098 quanto
2649 3025 2989 3080 commotius
3047 3029 3105 3078 et
3145 3023 3540 3079 vehementius
3570 3021 3888 3076 Dominum

2181 3121 2437 3171 nostrum
2467 3116 2484 3150 ί
2517 3115 2741 3170 ebriosa
2769 3113 3045 3182 convivia,
3079 3129 3208 3185 qua:
3239 3113 3450 3185 ubique
3498 3115 3632 3166 sunt
3668 3111 3886 3182 turpia,

2180 3205 2249 3258 de
2279 3205 2494 3275 templo
2527 3204 2853 3275 expelleret,
2897 3203 3049 3257 unde
3080 3203 3159 3257 sic
3191 3203 3408 3274 expulit
3437 3217 3705 3256 concessa
3733 3215 3892 3252 com-

2179 3293 2409 3347 mercia.
2463 3294 2606 3346 Tum
2659 3309 2725 3346 ex
2775 3291 3109 3363 praeparatis
3140 3291 3248 3345 sibi
3285 3289 3622 3345 lectionibus
3649 3287 3893 3358 adjecit,

2180 3381 2368 3452 ipsum
2421 3382 2606 3436 adhuc
2649 3381 2936 3435 carnalem
2983 3381 3265 3452 papulum
3302 3380 3657 3444 Judaaorum,
3693 3377 3757 3431 in
3789 3377 3894 3430 illo

2178 3471 2416 3540 templo,
2450 3470 2545 3523 ubi
2571 3470 2824 3525 nondum
2854 3487 3062 3540 corpus
3091 3474 3146 3524 et
3175 3469 3406 3540 sanguis
3428 3466 3657 3521 Domini
3687 3466 3896 3520 offere-

2177 3558 2364 3620 batur,
2419 3574 2534 3612 non
2580 3559 2766 3612 solum
2811 3557 3120 3624 vinolenta,
3153 3557 3252 3611 sed
3285 3573 3390 3611 nec
3419 3555 3608 3610 sobria
3648 3554 3895 3626 quidem

2177 3663 2436 3719 unquam
2466 3647 2782 3702 celebrasse
2803 3647 3077 3715 convivia,
3097 3663 3202 3701 nec
3219 3663 3315 3700 eos
3339 3645 3564 3717 publice
3585 3644 3898 3714 religionis

2179 3737 2410 3792 nomine
2443 3737 2751 3791 inebriatos
2782 3737 3026 3791 inveniri
3055 3736 3116 3790 in
3147 3736 3403 3802 historia,
3438 3735 3550 3789 nisi
3578 3749 3715 3789 cum
3745 3735 3899 3789 festa

2176 3825 2563 3879 fabricationis
2614 3825 2753 3879 idoli
2804 3826 3162 3879 exsolverent
3219 3824 3418 3893 (Erod.
3475 3839 3607 3886 χχιι,
3669 3825 3747 3891 6).
3815 3825 3900 3878 lbi

2178 3918 2370 3968 autem
2411 3913 2600 3967 codice
2645 3920 2892 3984 accepto,
2951 3915 3138 3968 locum
3170 3913 3332 3967 illum
3364 3917 3549 3967 totum
3580 3911 3848 3967 recitavit
3883 3931 3896 3967 :

2177 4002 2508 4073 addiditque
2554 4018 2682 4056 cum
2715 4003 2934 4068 dolore,
2969 4019 3082 4073 quo
3111 4002 3317 4073 potuit,
3351 4000 3636 4072 siquidem
3670 4001 3898 4072 Moyses

2177 4095 2407 4162 pr0pter
2429 4091 2556 4145 illos
2581 4091 2770 4145 ebrios
2792 4091 2955 4146 binas
2968 4091 3456 4162 lapideastabulas
3475 4089 3894 4160 confregisset;

2177 4179 2468 4250 quomodo
2499 4195 2618 4233 non
2657 4195 2954 4249 possemus
2998 4179 3225 4233 illorum
3274 4179 3446 4233 corda
3493 4177 3895 4249 confringere,

2176 4267 2275 4338 qui
2303 4267 2566 4321 homines
2597 4267 2728 4321 novi
2756 4268 3110 4322 Testamenti
3141 4273 3468 4322 sanctorum
3506 4267 3714 4322 diebus
3746 4271 3898 4323 celeo

2175 4357 2406 4411 brandis
2435 4373 2502 4410 ea
2551 4357 2762 4411 vellent
2787 4357 3121 4411 solemniter
3149 4357 3436 4424 exhibere,
3470 4373 3598 4427 quae
3631 4360 3899 4428 populus

2174 4446 2379 4499 veteris
2405 4445 2753 4499 Testamenti
2781 4449 2835 4499 et
2873 4447 3048 4500 semel
3078 4450 3136 4501 et
3165 4445 3319 4500 idolo
3345 4445 3692 4500 celebravit?
3726 4448 3899 4502 Tunc

2172 4534 2395 4588 reddito
2427 4534 2619 4589 codice
2663 4535 2880 4589 crimen
2907 4534 3196 4589 ebrietatis
3227 4550 3598 4605 exaggerans,
3633 4539 3903 4607 sumpsit

2172 4624 2530 4692 Apostolum,
2564 4627 2620 4676 et
2679 4623 2830 4677 inter
2876 4641 3004 4696 qua:
3036 4629 3270 4694 peccata
3318 4623 3377 4678 id
3406 4623 3663 4693 positum
3708 4633 3897 4693 esset,

2173 4712 2443 4777 ostendit,
2471 4713 2666 4782 legens
2693 4713 2845 4766 hunc
2875 4714 3095 4767 locum:
3127 4714 3187 4768 Si
3216 4715 3339 4782 quis
3357 4714 3537 4779 frater
3565 4715 3905 4768 nominatur

2171 4805 2268 4854 aut
2287 4802 2610 4868 fornicator,
2653 4806 2750 4856 aut
2780 4801 2942 4856 idolis
2971 4804 3230 4869 serviens,
3262 4807 3358 4855 aut
3395 4816 3619 4868 avarus,
3650 4808 3756 4856 aut
3782 4821 3905 4858 ma-

2170 4889 2390 4955 ledicus,
2425 4894 2521 4944 aut
2558 4890 2820 4957 ebriosus,
2864 4895 2961 4945 aut
2988 4907 3191 4960 rapax,
3227 4906 3346 4944 cum
3378 4890 3650 4959 ejusmodi
3677 4906 3783 4946 nec
3817 4896 3903 4948 ci-

2171 4978 2295 5032 bum
2323 4995 2529 5033 sumere
2561 4980 2603 5049 (1
2637 4981 2758 5036 Cor.
2793 4997 2844 5042 v,
2881 4980 2965 5050 ll)
3001 4996 3013 5033 :
3050 4979 3482 5050 ingemiscendo
3531 4979 3900 5048 admonens,

2168 5081 2298 5120 cum
2329 5072 2544 5138 quanto
2573 5066 2828 5137 periculo
2851 5065 3283 5121 convivaremur
3303 5082 3434 5120 cum
3465 5066 3547 5120 eis
3577 5067 3683 5138 qui
3713 5071 3812 5123 vel
3842 5071 3908 5124 in

2168 5155 2498 5210 dominibus
2535 5156 2921 5211 iuebriantur.
2987 5157 3147 5226 Legit
3175 5155 3348 5211 etiam
3387 5155 3530 5211 illud
3568 5157 3736 5227 quod
3773 5175 3906 5215 non

359 5247 504 5302 hanc
527 5251 642 5301 tam
686 5243 798 5300 cito
829 5243 1134 5298 emendare
1165 5246 1393 5299 Aurelio
1427 5244 1673 5314 licuerit,
1713 5245 1867 5299 haud
1897 5247 2057 5301 nobis

359 5341 561 5390 notum
587 5338 673 5390 est
696 5351 708 5390 :
743 5336 894 5388 certe
923 5329 1272 5401 Augustinus
1297 5348 1465 5398 anno,
1499 5332 1568 5386 de
1592 5348 1706 5403 quo
1733 5348 2053 5397 narramus,

359 5423 757 5479 trecentesimo
769 5418 1145 5491 nonagesimo
1157 5418 1356 5490 quinto
1369 5419 1610 5475 feliciter
1621 5421 1778 5475 illam
1798 5420 2055 5492 Hippone

360 5513 621 5571 abolevit.
639 5515 700 5568 ld
717 5530 784 5568 ex
807 5511 1049 5585 epistola
1065 5509 1366 5566 didicimus
1379 5525 1412 5564 a
1424 5511 1587 5565 nobis
1600 5525 1786 5582 nuper
1805 5515 2051 5582 reperta,

360 5617 536 5675 quam
566 5608 796 5661 sanctus
839 5602 934 5659 Vir
978 5600 1163 5659 adhuc
1200 5599 1497 5672 presbyter
1526 5600 1597 5656 ad
1626 5599 1894 5672 Alypium
1933 5600 2051 5672 jam

2166 5245 2338 5315 longo
2361 5245 2658 5300 intervallo
2688 5247 2981 5317 sequitur:
3005 5247 3182 5302 Nolite
3209 5262 3410 5312 errare,
3434 5260 3601 5313 neque
3627 5249 3906 5312 τον-πίθα-

2166 5340 2326 5400 tores,
2351 5351 2521 5402 neque
2550 5335 2712 5390 idolis
2741 5338 3048 5401 servientes,
3082 5339 3190 5389 etc.
3213 5334 3429 5400 Quibus
3449 5334 3610 5388 lectis
3630 5339 3903 5404 monuit,

2164 5425 2223 5476 ut
2253 5423 2681 5478 considerarent
2716 5425 3001 5495 quomodo
3031 5429 3264 5495 possent
3291 5423 3509 5490 audire,
3542 5424 3651 5479 Sed
3706 5425 3912 5481 abluti

2227 5531 2239 5562 ¹
2275 5528 2359 5577 Sic
2381 5529 2577 5579 habent
2599 5531 2754 5581 varias
2789 5544 2920 5594 quas
2961 5531 3330 5580 consuluimus
3351 5530 3634 5592 editiones,
3667 5545 3776 5585 nec
3811 5535 3902 5585 lu-

2163 5607 2295 5665 cide.
2326 5610 2539 5662 Rectius
2569 5611 2848 5674 legeretur,
2881 5612 3145 5664 Dominus
3178 5615 3366 5663 noster.
3541 5612 3606 5662 .M
