4008 6184
171 336 254 388 203
1636 333 1845 389 LIBER
1884 333 2209 389 TERTIUS.

162 458 272 509 estis
330 453 516 524 (Ibid,
598 471 677 522 vx,
756 446 949 523 9—ll),'
1001 454 1101 525 qui
1159 454 1340 509 adhuc
1396 455 1535 510 tales
1590 456 1858 526 concupi-

160 544 374 598 scentiae
396 544 614 610 sordes,
631 549 832 597 contra
848 559 988 614 quas
1008 544 1294 599 clauditur
1307 561 1547 616 regnum
1562 546 1856 613 cmlorum,

158 636 205 686 in
240 632 411 685 corde
454 648 580 698 suo,
632 631 903 685 interiore
952 632 1050 686 Dei
1095 633 1330 703 templo,
1377 649 1497 688 esse
1540 634 1854 705 patiuntur.

155 722 277 776 Inde
322 726 559 775 ventum
589 720 662 775 ad
702 721 843 776 illud
886 722 1220 792 capitulum,
1253 724 1696 779 Convenientibus
1734 728 1882 791 ergo

152 809 290 863 robis
343 813 403 863 in
450 825 636 875 unum,
688 813 796 863 etc.
847 809 953 877 (1d.
999 827 1075 875 x1,
1122 810 1229 876 20),
1280 826 1393 881 quo
1435 810 1672 864 recitato
1728 810 1857 865 dili-

148 898 372 967 gentius
422 897 847 952 commendavit
884 914 955 952 ne
999 898 1233 953 honesta
1281 898 1515 970 quidem
1562 903 1618 953 et
1668 899 1859 953 sobria

146 986 401 1040 convivia
439 986 608 1040 licere
648 986 707 1040 in
752 987 985 1041 ecclesia
1028 987 1322 1042 celebrari.
1374 987 1858 1042 Commemoravit

146 1076 314 1129 etiam
363 1075 658 1144 Evangelii
700 1076 1034 1147 capitulum,
1087 1076 1239 1148 quod
1269 1076 1453 1148 pridie
1498 1081 1854 1144 tractaverat,

145 1166 234 1219 ubi
262 1166 337 1219 de
361 1166 889 1237 pseudoprophetis
914 1166 1127 1220 dictum
1149 1170 1252 1232 est,
1280 1168 1367 1220 Ea:
1385 1167 1657 1233 fructibus
1678 1182 1856 1221 eorum

143 1257 469 1321 cognoscet-is
504 1270 589 1308 eos
626 1254 852 1322 (Matth.
892 1272 987 1324 vu,
1028 1255 1132 1324 16).
1181 1254 1393 1309 Deinde
1423 1255 1481 1309 in
1517 1256 1856 1310 memoriam

145 1343 428 1397 revocavit
458 1344 673 1398 fructus
702 1360 770 1397 eo
804 1344 924 1397 loco
956 1360 1074 1397 non
1106 1343 1381 1414 appellari
1413 1342 1523 1397 nisi
1553 1357 1725 1415 Opera
1756 1360 1769 1398 :
1803 1349 1857 1398 et

145 1434 375 1487 recitato
408 1432 512 1487 illo
546 1432 792 1504 capitulo
822 1433 891 1486 ad
921 1434 1163 1499 Galatas,
1195 1434 1494 1500 Manifesta
1523 1437 1700 1488 autem
1730 1438 1857 1488 sunt

143 1538 297 1592 opera
320 1526 533 1589 carnis,
568 1526 672 1576 etc.
710 1522 913 1587 (Galat.
945 1538 999 1587 ν,
1028 1524 1132 1589 19),
1162 1521 1535 1592 interrogavit
1564 1524 1852 1594 quomodo

142 1612 202 1665 de
264 1612 468 1665 fructu
522 1610 812 1665 ebrietatis
863 1610 1013 1664 inter
1069 1609 1255 1663 carnis
1313 1626 1487 1681 opera
1542 1611 1852 1666 nominatae

139 1704 591 1770 agnoscerentur
612 1698 930 1754 Christiani.
950 1699 1187 1770 Egitque
1213 1700 1663 1769 utadverterent,
1679 1718 1850 1772 quam

138 1795 280 1844 esset
311 1788 658 1859 pudendum
684 1792 855 1859 atque
883 1788 1299 1859 plangendum,
1322 1789 1473 1860 quod
1504 1790 1571 1844 de
1601 1790 1713 1845 illis
1738 1791 1851 1845 fru-

136 1880 320 1933 ctibus
351 1877 545 1932 carnis
565 1894 676 1931 non
698 1878 884 1932 solum
906 1877 1175 1949 privatim
1204 1878 1411 1941 vivere,
1434 1880 1530 1933 sed
1557 1879 1727 1934 etiam
1756 1880 1852 1935 ho-

138 1985 335 2023 norem
393 1967 655 2021 Ecclesim
702 1966 920 2021 deferre
967 1971 1286 2039 cuperent:
1339 1968 1409 2023 de
1459 1968 1851 2039 spiritualibus

134 2063 334 2112 autem
364 2055 669 2122 fructibus,
701 2056 772 2110 ad
802 2072 945 2127 quos
977 2060 1033 2110 et
1062 2056 1485 2127 Scripturarum
1513 2057 1850 2112 auctoritate

134 2154 187 2201 et
224 2146 419 2217 ipsius
459 2143 770 2215 gemitibus
805 2144 1205 2211 invitarentur,
1237 2146 1459 2200 nollent
1497 2145 1696 2200 afferre
1738 2147 1850 2200 Deo

133 2252 405 2303 munera,
430 2240 485 2288 et
513 2235 601 2288 his
626 2233 992 2305 potissimum
1011 2234 1300 2290 celebrare
1330 2236 1474 2290 festa
1503 2240 1846 2291 sanctorum.

136 2327 230 2380 llis
281 2323 533 2397 peractis
574 2323 828 2377 codicem
872 2323 1137 2386 reddidit,
1182 2329 1238 2378 et
1271 2324 1551 2396 imperata
1593 2324 1850 2379 oratione

132 2422 267 2469 ante
328 2414 529 2468 oculos
589 2412 884 2468 constituit
938 2428 1245 2467 commune
1313 2413 1655 2483 periculum,
1721 2430 1851 2468 cum

134 2504 495 2574 eoruquui
537 2502 660 2573 ejus
708 2518 858 2556 curae
912 2501 1204 2555 commissi
1259 2507 1466 2570 essent,
1512 2507 1637 2559 tum
1683 2520 1851 2558 suum

136 2594 336 2663 ipsius,
374 2591 478 2664 qui
504 2592 573 2646 de
595 2592 707 2645 illis
738 2590 1018 2645 rationem
1044 2590 1369 2646 redditurus
1387 2596 1531 2647 esset
1561 2597 1850 2664 pastorum

135 2680 396 2750 Principi
424 2696 436 2733 :
458 2695 564 2750 per
581 2680 744 2750 cujus
761 2679 1168 2749 humilitatem,
1187 2680 1439 2752 insignes
1456 2681 1851 2751 contumelias,

134 2770 354 2839 alapas,
391 2774 450 2824 et
480 2774 650 2839 sputa
678 2768 738 2823 in
766 2767 992 2836 faciem,
1027 2773 1084 2823 et
1110 2770 1352 2840 palmas,
1385 2773 1442 2824 et
1468 2770 1727 2840 spineam
1757 2786 1850 2824 co-

135 2875 366 2925 ronam,
403 2863 461 2912 et
504 2874 732 2913 crucem
772 2874 835 2913 ac
874 2859 1214 2929 sanguinem
1243 2859 1588 2931 :obsecravit,
1619 2862 1685 2913 ut
1719 2858 1766 2913 si
1794 2876 1852 2912 se

136 2948 241 3020 ipsi
263 2947 666 3017 offendissent,
690 2948 775 3001 vel
794 2947 974 3018 ipsius
996 2947 1434 3015 misererentur;
1462 2952 1519 3002 et
1538 2947 1854 3019 cogitarent

138 3037 483 3092 venerabilis
514 3037 665 3092 senis
694 3036 905 3091 Valerii
945 3037 1093 3091 circa
1120 3037 1311 3108 ipsum
1340 3036 1691 3091 ineffabilem
1721 3036 1854 3091 cha-

148 3128 397 3196 ritatem,
428 3125 532 3199 qui
561 3125 615 3181 ei
651 3125 933 3180 tractandi
972 3126 1146 3180 verba
1185 3125 1437 3180 veritatis
1470 3130 1588 3181 tam
1624 3125 1852 3196 pericu-

149 3218 318 3271 losum
354 3233 508 3271 onus
550 3220 788 3287 propter
824 3231 922 3269 eos
960 3214 1320 3286 imposuerit,
1351 3215 1546 3286 eisque
1586 3231 1736 3285 saepe
1766 3215 1851 3270 di-

140 3308 301 3373 xerit,
335 3322 473 3361 suas
497 3305 794 3360 orationes
820 3304 1110 3361 exauditas
1141 3320 1260 3360 esse
1288 3305 1357 3359 de
1382 3304 1562 3375 ipsius
1584 3304 1848 3371 adventu,

138 3413 310 3468 quem
344 3411 468 3450 non
498 3394 702 3465 utique
732 3394 799 3448 ad
832 3409 1199 3449 communem
1226 3397 1493 3460 mortem,
1517 3394 1605 3448 vel
1637 3398 1851 3463 specta~

138 3487 333 3541 culum
368 3485 577 3540 mortis
608 3501 827 3551 eorum,
859 3484 959 3539 sed
995 3484 1068 3539 ad
1106 3500 1469 3539 communem
1498 3488 1764 3539 conatum
1792 3485 1853 3539 in

137 3577 311 3630 vitam
361 3579 643 3629 asternam
684 3574 754 3629 ad
800 3590 858 3629 se
897 3574 1118 3629 venisse
1158 3573 1381 3629 laetatus
1422 3577 1521 3628 est.
1558 3576 1851 3628 Postremo

140 3666 307 3720 etiam
339 3664 512 3731 dixit,
546 3668 764 3719 certum
796 3680 854 3717 se
897 3680 1019 3717 esse
1049 3666 1107 3717 et
1145 3662 1322 3718 ﬁdere
1352 3662 1413 3717 in
1445 3663 1645 3730 Deum,
1679 3662 1851 3733 quod,

142 3756 185 3809 si
212 3756 338 3810 haec
369 3758 536 3808 tanta
565 3770 693 3825 quae
730 3752 837 3807 sibi
867 3755 1056 3808 essent
1085 3752 1226 3807 lecta
1258 3756 1315 3807 et
1343 3751 1493 3807 dicta
1521 3755 1852 3807 contemne-

143 3849 285 3911 rent,
315 3844 658 3899 visitaturus
690 3846 836 3897 esset
864 3841 925 3897 in
965 3841 1127 3912 virga
1166 3844 1222 3896 et
1246 3840 1306 3895 in
1335 3840 1585 3912 ﬂagello,
1618 3856 1721 3894 nec
1760 3856 1853 3895 eos

144 3932 532 4003 permissurus
555 3947 684 3986 cum
704 3931 813 3985 hoc
834 3930 1048 3985 mundo
1070 3929 1350 3984 damnari.
1382 3932 1499 3986 Non
1519 3944 1611 3997 ego
1642 3930 1854 3984 illorum

148 4024 443 4091 lacrumas,
502 4021 579 4075 ait
633 4020 1003 4091 Augustinus,
1043 4021 1175 4074 meis
1226 4019 1478 4087 lacrymis
1532 4020 1703 4084 movi;
1761 4018 1855 4072 sed

147 4127 262 4165 cum
310 4112 455 4164 talia
507 4110 835 4173 dicerentur,
891 4110 1070 4176 fateor
1125 4122 1306 4162 eorum
1355 4110 1481 4175 ﬂetu
1529 4110 1852 4177 praeventus,

144 4215 314 4253 meum
346 4199 622 4253 abstinere
654 4213 759 4252 non
798 4199 977 4268 potui.
1024 4200 1241 4253 Etcum
1271 4196 1394 4264 jam
1426 4198 1641 4265 pariter
1675 4196 1853 4265 ﬂevis-

144 4304 338 4355 semus,
363 4289 685 4357 plenissima
704 4302 797 4356 spe
816 4288 1156 4341 correctionis
1180 4286 1415 4353 illorum,
1448 4286 1573 4354 ﬁnis
1599 4286 1855 4340 sermonis

146 4380 247 4432 mei
272 4380 464 4447 factus
493 4380 571 4431 est
598 4375 800 4448 (Epist.
834 4378 923 4443 29,
954 4391 1010 4429 η.
1034 4373 1117 4445 7).

213 4468 263 4521 3.
310 4464 597 4520 Postridie
633 4479 767 4518 vero
805 4479 936 4518 cum
972 4461 1250 4517 illuxisset
1292 4460 1433 4531 dies,
1476 4460 1567 4515 cui
1598 4461 1858 4516 solebant

146 4556 335 4609 fauces
377 4558 721 4625 ventresque
778 4568 838 4609 se
888 4568 1111 4624 parare,
1154 4550 1485 4607 nuntiatum
1535 4554 1620 4605 est
1666 4555 1856 4605 sancto

147 4644 511 4713 Presbytero,
563 4641 908 4707 nonnullos,
960 4655 1163 4694 eorum
1218 4638 1392 4693 etiam
1451 4637 1552 4710 qui
1607 4638 1857 4691 sermoni

146 4732 405 4801 aderant,
430 4731 689 4785 nondum
721 4746 756 4784 a
792 4728 1251 4784 murmuratione
1291 4743 1562 4797 cessasse,
1605 4732 1856 4782 tantum-

146 4838 256 4893 que
284 4821 348 4875 in
379 4820 464 4875 eis
493 4820 680 4874 valere
707 4818 824 4873 vim
860 4817 1125 4890 pessima:
1154 4815 1606 4884 consuetudinis,
1640 4820 1706 4870 ut
1735 4816 1858 4886 ejus

146 4915 374 4965 tantum
421 4924 555 4963 voce
619 4912 915 4963 uterentur
975 4911 1032 4961 et
1075 4894 1374 4961 dicerent:
1425 4906 1611 4970 Quare
1652 4904 1858 4959 modo?

145 5014 258 5053 non
290 4999 453 5053 enim
483 5002 648 5052 antea
678 4997 773 5069 qui
805 4997 927 5051 haec
956 5012 1073 5050 non
1104 4993 1541 5066 prohibuerunt,
1568 4992 1860 5048 christiani

146 5105 262 5143 non
294 5087 502 5142 erant?
530 5086 652 5151 Quo
683 5086 896 5153 audito,
928 5102 1069 5157 quas
1099 5085 1344 5154 majores
1382 5083 1453 5138 ad
1483 5099 1582 5138 eos
1611 5098 1861 5136 commo-

144 5178 361 5233 vendos
391 5176 685 5231 machinas
722 5179 1091 5248 praapararet,
1122 5173 1359 5230 omnino
1392 5173 1707 5239 nesciebat;
1740 5172 1859 5227 dis-

142 5266 402 5339 ponebat
429 5271 645 5330 tamen,
676 5265 723 5319 si
757 5263 1236 5336 perseverandum
1267 5264 1552 5334 putarent,
1588 5261 1733 5315 lecto
1764 5258 1861 5315 illo

148 5358 271 5411 loco
317 5356 388 5411 de
442 5354 754 5425 Ezechiele,
807 5356 1140 5424 Explorator
1197 5353 1513 5419 absolvitur,
1555 5353 1606 5405 si
1647 5352 1862 5420 pericu-

147 5447 255 5499 lum
324 5444 750 5510 dmuntiaverit,
801 5444 1024 5497 etiamsi
1081 5443 1186 5511 illi,
1234 5441 1428 5509 quibus
1486 5441 1861 5509 denuntiatur,

144 5550 335 5587 carere
383 5534 658 5588 noluerint
722 5532 933 5601 (Ezech.
991 5546 1184 5599 χχχιιι,
1241 5532 1317 5594 9),
1371 5527 1709 5583 vestimenta
1763 5542 1866 5581 sua

146 5628 414 5679 excutere
460 5626 634 5694 atque
683 5620 992 5677 discedere.
1046 5620 1253 5676 Verum
1298 5619 1413 5674 Deo
1458 5616 1602 5672 votis
1643 5616 1765 5686 ejus
1810 5620 1867 5670 et

3574 347 3674 401 206

1967 457 2266 511 conatibus
2300 457 2539 521 favente,
2576 459 2676 530 qui
2714 459 2783 513 de
2813 460 3241 531 oppugnatione
3273 468 3509 520 vetustas
3536 482 3672 522 con-

1972 546 2285 601 suetudinis
2321 550 2616 620 conquesti
2655 555 2836 617 erant,
2869 549 3041 605 iidem
3073 552 3182 621 ipsi
3219 569 3351 607 cum
3385 554 3525 610 forte
3550 556 3670 625 jam

1970 641 2299 691 vererentur
2325 654 2396 692 ne
2426 643 2680 693 sanctum
2711 639 2906 694 Virum
2928 641 3011 695 vel
3040 640 3320 712 Hippone,
3354 643 3439 697 vel
3469 660 3503 698 a
3530 660 3672 715 prae-

1970 725 2113 778 senti
2162 726 2361 781 saltem
2410 727 2683 782 concione
2728 729 3029 785 abscedere
3087 736 3379 802 cogerent,
3429 732 3672 804 ingressi

1970 818 2104 869 sunt
2141 816 2209 870 ad
2258 832 2389 870 eum
2430 822 2560 872 ante
2602 818 2807 873 horam
2851 836 2963 891 qua
3011 821 3279 875 exedram
3312 822 3669 890 ascenderet;

1970 918 2110 973 quos
2155 904 2276 975 ipse
2322 905 2529 960 blande
2573 912 2848 977 acceptos,
2897 909 3092 978 paucis
3135 910 3322 965 verbis
3370 910 3431 966 in
3474 927 3673 966 sanam

1969 993 2308 1048 sententiam
2337 996 2627 1049 transtulit
2656 1012 2667 1049 :
2703 1000 2871 1068 atque
2910 997 3009 1052 ubi
3048 1002 3283 1053 ventum
3313 1004 3397 1055 est
3426 1002 3495 1056 ad
3527 1006 3670 1056 tem-

1968 1097 2075 1151 pus
2095 1082 2510 1153 disputationis,
2538 1086 2745 1139 omissa
2767 1086 3007 1141 lectione
3030 1103 3202 1158 quam
3226 1095 3668 1161 praeparaverat,

1969 1170 2103 1242 quia
2132 1173 2451 1227 necessaria
2473 1174 2595 1244 jam
2631 1191 2750 1229 non
2780 1175 3097 1243 videbatur,
3129 1178 3198 1232 de
3241 1179 3345 1232 hac
3382 1178 3479 1249 ipa
3516 1197 3672 1251 quee-

1969 1260 2153 1315 stione
2183 1278 2364 1331 pauca
2396 1263 2680 1333 disseruit,
2705 1264 2849 1318 nihil
2880 1281 2938 1318 se
2969 1281 3069 1320 nec
3092 1266 3319 1322 brevius
3346 1283 3451 1323 nec
3480 1269 3668 1324 verius

1965 1365 2132 1420 posse
2171 1350 2371 1405 aﬁ‘erre
2410 1353 2677 1407 adversus
2717 1370 2812 1407 eos
2851 1353 2951 1425 qui
2989 1354 3207 1425 dicunt,
3231 1357 3427 1427 ‘lQuare
3463 1359 3670 1413 modo?

1966 1438 2077 1493 nisi
2107 1444 2164 1494 et
2193 1440 2315 1511 ipse
2346 1442 2515 1508 dicat,
2550 1443 2644 1496 Vel
2684 1443 2873 1498 modo.
2908 1442 3125 1499 Deinde
3159 1461 3231 1498 ne
3271 1446 3375 1511 illi,
3410 1446 3510 1517 qui
3540 1454 3668 1501 ante

1965 1529 2053 1582 vel
2082 1531 2472 1600 permiserunt
2498 1532 2685 1587 haecce
2714 1532 2773 1586 in
2811 1536 3141 1587 sanctorum
3172 1533 3448 1589 natalitiis
3477 1536 3668 1591 convi-

1964 1617 2075 1686 via,
2110 1619 2197 1673 vel
2237 1635 2304 1673 ea
2349 1620 2657 1690 prohibere
2698 1637 2814 1675 non
2860 1621 2984 1675 ausi
3036 1626 3186 1689 sunt,
3234 1623 3429 1694 aliqua
3480 1625 3550 1678 ab
3600 1641 3667 1679 eo

1964 1706 2114 1760 afﬁci
2170 1708 2513 1764 contumelia
2568 1710 2918 1777 viderentur,
2959 1711 3223 1780 exposuit
3270 1713 3508 1783 populo,
3555 1729 3669 1784 qua

1964 1796 2293 1851 necessitate
2323 1796 2431 1851 ista
2477 1796 2537 1851 in
2582 1798 2827 1853 Ecclesia
2874 1799 3242 1854 crederentur
3281 1805 3517 1856 exorta:
3567 1802 3669 1856 sci-

1963 1886 2097 1941 licet
2123 1891 2253 1956 post
2282 1886 2702 1956 persecutiones
2731 1888 2878 1942 facta
2906 1904 3063 1959 pace,
3096 1904 3226 1941 cum
3256 1890 3440 1943 turbae
3471 1890 3666 1945 Genti-

1963 1977 2105 2031 lium
2135 1974 2194 2029 in
2223 1974 2594 2029 christianum
2634 1991 2844 2029 nomen
2872 1976 3066 2030 venire
3097 1976 3391 2046 cupientes
3419 1978 3528 2032 hoc
3556 1978 3665 2034 im-

1962 2063 2318 2133 pedirentur,
2358 2064 2506 2134 quod
2539 2063 2659 2117 dies
2695 2064 2866 2117 festos
2904 2080 3034 2118 cum
3075 2065 3239 2119 idolis
3278 2065 3394 2119 suis
3422 2067 3667 2121 solerent

1963 2152 2023 2206 in
2055 2152 2403 2206 abundantia
2440 2153 2738 2224 epularum
2774 2157 2832 2208 et
2862 2153 3134 2208 ebrietate
3172 2170 3530 2222 consumere,
3562 2172 3666 2210 nec

1961 2240 2125 2297 facile
2179 2240 2249 2295 ab
2306 2240 2395 2295 his
2453 2241 2949 2312 perniciosissimis
2995 2246 3053 2297 et
3095 2247 3213 2297 tam
3268 2243 3665 2298 vetustissimis

1963 2329 2350 2400 voluptatibus
2390 2345 2446 2383 se
2475 2335 2709 2400 possent
2747 2331 3065 2397 abstinere;
3102 2331 3288 2386 visum
3336 2332 3506 2388 fuisse
3552 2349 3668 2388 ma-

1956 2418 2178 2490 joribus
2208 2418 2438 2489 nostris,
2468 2423 2531 2473 nt
2558 2418 2691 2474 huic
2720 2420 3065 2475 inﬁrmitatis
3096 2421 3245 2491 parti
3274 2420 3506 2476 interim
3535 2438 3666 2492 par-

1962 2512 2208 2575 ceretur,
2245 2507 2482 2579 diesque
2510 2508 2705 2575 festos,
2740 2514 2869 2579 post
2914 2525 3009 2563 eos
3054 2526 3196 2580 quos
3240 2510 3665 2583 relinquebant,

1962 2596 2104 2651 alios
2125 2596 2184 2650 in
2206 2596 2484 2651 honorem
2515 2601 2841 2652 sanctorum
2871 2602 3210 2669 martyrum,
3235 2600 3323 2653 vel
3344 2616 3461 2654 non
3491 2599 3667 2654 simili

1962 2688 2280 2760 sacrilegio,
2319 2689 2577 2760 quamvis
2617 2688 2790 2743 simili
2836 2690 2974 2743 luxu
3019 2690 3401 2758 celebrarent;
3445 2696 3510 2746 ut
3543 2692 3663 2762 jam

1964 2777 2171 2833 Christi
2212 2778 2443 2832 nomine
2489 2777 2770 2847 colligatis
2815 2782 2869 2832 et
2914 2782 3089 2832 tanta:
3130 2778 3480 2833 auctoritatis
3522 2780 3665 2850 jugo

1962 2866 2203 2922 subditis
2245 2866 2512 2921 salutaria
2564 2866 2888 2921 sobrietatis
2934 2872 3219 2937 praecepta
3266 2868 3663 2935 traderentur,

1964 2953 2171 3024 quibus
2195 2951 2315 3021 jam
2344 2955 2582 3022 propter
2600 2950 2988 3022 praecipientis
3011 2950 3288 3005 honorem
3315 2967 3379 3005 ac
3398 2950 3666 3007 timorem

1962 3040 2225 3095 resistere
2264 3056 2377 3095 non
2420 3040 2719 3094 valerent:
2770 3039 3038 3111 quocirca
3078 3040 3201 3110 jam
3248 3043 3472 3111 tempus
3520 3056 3663 3108 esse,

1962 3129 2155 3201 utqui
2204 3145 2316 3184 non
2355 3145 2412 3182 se
2455 3128 2668 3184 audent
2709 3143 2918 3199 negare
2963 3128 3319 3196 christianos,
3353 3130 3669 3184 secundum

1965 3218 2169 3274 Christi
2210 3218 2563 3273 voluntatem
2606 3216 2794 3272 vivere
2843 3216 3152 3289 incipiant;
3214 3222 3277 3273 ut
3324 3234 3388 3272 ea
3434 3234 3563 3289 quae
3605 3223 3671 3274 ut

1964 3311 2152 3363 essent
2192 3307 2492 3362 christiani
2533 3323 2797 3362 concessa
2837 3312 2989 3378 sunt,
3022 3324 3154 3362 cum
3200 3307 3498 3363 christiani
3536 3312 3669 3363 sunt

1964 3401 2329 3467 respuantur.
2373 3395 2586 3451 Deinde
2623 3397 2884 3451 hortatus
2920 3400 3024 3463 est,
3055 3400 3121 3451 ut
3150 3397 3669 3451 transmarinarum

1965 3486 2360 3553 Ecclesiarum,
2410 3485 2469 3539 in
2523 3485 2730 3556 quibus
2784 3486 2873 3539 vel
2929 3485 3038 3539 ista
3089 3488 3316 3555 recepta
3370 3500 3671 3556 nunquam

1964 3579 2115 3642 sunt,
2137 3575 2225 3629 vel
2255 3576 2371 3646 jam
2405 3578 2679 3643 correcta,
2711 3573 3025 3627 imitatores
3056 3589 3114 3628 se
3144 3574 3401 3643 praebere
3433 3574 3663 3630 vellent.

1966 3666 2032 3720 Et
2057 3663 2333 3734 quoniam
2353 3662 2422 3716 de
2445 3661 2679 3716 basilica
2701 3660 2852 3716 beati
2878 3661 3029 3715 Petri
3052 3661 3293 3732 apostoli
3322 3661 3669 3732 quotidianae

1964 3750 2292 3807 vinolentia:
2330 3749 2769 3822 proferebantur
2806 3750 3096 3821 exempla;
3140 3749 3283 3805 dixit
3318 3750 3528 3821 primo,
3564 3765 3669 3804 au-

1963 3842 2111 3896 disse
2142 3856 2200 3894 se
2244 3840 2300 3894 id
2333 3854 2481 3911 saepe
2519 3854 2639 3893 esse
2685 3838 3068 3909 prohibitum,
3098 3838 3199 3892 sed
3244 3855 3375 3894 cum
3418 3845 3673 3894 remotus

1964 3929 2035 3984 sit
2065 3930 2218 3983 locus
2243 3928 2315 3983 ab
2351 3927 2601 3999 episcopi
2631 3926 3001 3994 habitatione,
3036 3931 3206 3998 atque
3241 3926 3303 3980 in
3346 3930 3507 3981 tanta
3536 3925 3671 3980 civi-

1964 4022 2078 4074 tate
2105 4026 2327 4089 ;magna
2357 4018 2430 4072 sit
2469 4016 2785 4072 carnalium
2818 4016 3147 4084 multitudo,
3174 4015 3495 4087 peregrinis
3521 4031 3671 4085 pree-

1964 4108 2184 4176 sertim,
2235 4108 2335 4179 qui
2374 4106 2507 4162 novi
2545 4105 2787 4161 subinde
2830 4105 3090 4167 veniunt,
3133 4109 3294 4160 tanto
3341 4103 3670 4169 violentius,

1966 4202 2183 4269 quanto
2227 4196 2487 4251 inscitius
2530 4195 2691 4250 illam
2737 4193 3213 4249 consuetudinem
3269 4190 3668 4255 retinentibus,

1965 4291 2085 4341 tam
2122 4285 2437 4341 immanem
2474 4288 2694 4354 pestem
2739 4283 2997 4337 nondum
3042 4279 3325 4350 compesci
3371 4278 3672 4348 sedarique

1964 4374 2241 4447 potuisse.
2290 4375 2700 4428 Verumtamen
2746 4372 2916 4443 ipsis,
2966 4370 3009 4424 si
3064 4371 3295 4424 Petrum
3346 4368 3673 4438 apostolum

1966 4466 2338 4531 honorarent,
2372 4466 2660 4533 praecepta
2689 4461 2812 4532 ejus
2840 4458 3147 4526 audienda,
3179 4461 3235 4511 et
3274 4457 3455 4512 multo
3497 4456 3673 4511 devo-

1967 4555 2080 4609 tius
2110 4553 2432 4623 epistolam,
2459 4552 2517 4607 in
2535 4567 2649 4623 qua
2676 4550 2941 4605 voluntas
2965 4549 3087 4618 ejus
3105 4546 3468 4618 perspicitur,
3500 4561 3674 4617 quam

1968 4642 2261 4698 basilicam
2314 4640 2789 4696 considerandam
2855 4653 3005 4703 esse;
3077 4634 3384 4706 statimque
3446 4639 3676 4705 accepto

1969 4729 2160 4784 codice
2188 4729 2445 4783 recitavit
2478 4745 2491 4784 :
2525 4730 2736 4785 Christo
2761 4728 2903 4780 enim
2928 4739 3092 4795 passo
3115 4739 3216 4794 pro
3241 4724 3395 4779 nobis
3424 4739 3522 4792 per
3551 4738 3675 4778 car-

1968 4834 2107 4885 nem,
2130 4822 2181 4871 et
2215 4833 2307 4873 vos
2347 4817 2531 4871 eadem
2566 4817 2888 4883 cogitatione
2930 4814 3238 4868 armamini.
3274 4813 3495 4879 Sufﬁcit
3536 4814 3677 4867 enim

1969 4907 2119 4961 vobis
2143 4910 2480 4975 praeteritum
2518 4910 2722 4974 tempus
2756 4904 3031 4959 voluntate
3069 4903 3342 4957 hominum
3366 4903 3674 4971 perfecisse,

1970 4995 2304 5049 ambulantes
2330 4998 2388 5049 in
2422 4994 2761 5060 libidinibus,
2790 4992 3096 5060 desideriis,
3123 4992 3398 5059 ebrietate,
3429 5003 3679 5045 comessa-

1973 5084 2226 5146 tionibus,
2279 5088 2328 5138 et
2368 5082 2624 5151 nefandis
2665 5082 2933 5137 idolorum
2966 5080 3317 5137 servitutibus
3354 5078 3402 5148 (Ι
3441 5080 3554 5133 Pet.
3601 5091 3673 5141 iv,

1976 5175 2025 5237 l,
2058 5174 2129 5243 3).
2162 5171 2379 5236 Quibus
2408 5170 2602 5242 gestis,
2633 5186 2761 5225 cum
2786 5186 2983 5225 omnes
3004 5185 3122 5224 uno
3155 5168 3345 5223 animo
3374 5167 3435 5220 in
3466 5165 3677 5218 bonam

1975 5262 2324 5315 voluntatem
2344 5259 2427 5314 ire
2456 5262 2782 5331 contempta
2802 5260 2955 5314 mala
2974 5255 3389 5313 consuetudine
3413 5254 3535 5325 jam
3555 5267 3675 5306 cer-

1975 5353 2155 5415 neret,
2183 5349 2444 5404 hortatus
2481 5352 2566 5402 est
2605 5352 2672 5403 ut
2708 5346 3026 5403 meridiano
3066 5352 3321 5415 tempore
3359 5340 3566 5396 divinis
3602 5340 3680 5396 le-

1974 5436 2260 5492 ctionibus
2286 5440 2344 5490 et
2363 5434 2596 5508 psalmis
2622 5434 2964 5491 interessent
2994 5450 3007 5487 :
3033 5433 3107 5487 ita
3137 5432 3299 5485 illum
3324 5428 3477 5482 diem
3498 5429 3679 5483 multo

1977 5525 2247 5581 mundius
2296 5528 2467 5596 atque
2515 5523 2790 5579 sincerius
2845 5523 3069 5593 placere
3132 5516 3568 5585 celebrandum;
3626 5522 3683 5573 et

1980 5618 2131 5670 certe
2169 5614 2237 5670 de
2276 5613 2644 5670 multitudine
2677 5608 3137 5668 convenientium
3177 5605 3339 5662 facile
3366 5622 3533 5678 posse
3574 5621 3681 5676 ap-
