4008 6184
368 402 470 455 207

362 537 585 594 parere,
619 519 718 592 qui
744 521 1015 579 mentem,
1049 521 1106 570 et
1147 515 1245 587 qui
1276 519 1531 569 ventrem
1559 518 1950 586 sequerentur.
1983 514 2066 566 lta

362 611 523 668 lectis
575 609 843 666 omnibus
886 623 1073 662 sermo
1118 606 1460 660 terminatus
1517 608 1617 658 est.
1671 601 2064 657 Pomeridiano

362 704 555 756 autem
597 699 687 754 die
715 699 899 768 major
928 712 1099 768 quam
1144 699 1274 748 ante
1307 692 1606 747 meridiem
1650 691 1831 745 adfuit
1872 690 2064 743 multi-

361 791 521 856 tudo,
552 789 748 860 eisque
806 787 874 840 ad
924 786 1149 852 horam,
1205 799 1320 854 qua
1366 781 1662 852 presbyter
1711 777 2066 849 Augustinus

363 893 494 932 cum
544 875 810 946 episcopo
859 872 1245 943 egrederetur,
1286 869 1580 938 legebatur
1630 866 1958 920 alternatim
2011 869 2068 918 et

362 965 711 1038 psallebatur
743 961 1036 1032 :ipsisque
1075 958 1317 1029 egressis
1358 957 1472 1010 duo
1512 955 1717 1026 psalmi
1746 955 1877 1008 lecti
1912 958 2063 1007 sunt.

364 1053 582 1110 Deinde
611 1049 995 1121 Augustinum
1033 1047 1296 1112 invitum,
1332 1044 1430 1116 qui
1466 1045 1586 1114 jam
1637 1043 1903 1114 cupiebat
1944 1057 2068 1112 perâ€”

365 1144 552 1196 actum
581 1154 701 1193 esse
725 1141 843 1190 tam
874 1135 1258 1206 periculosum
1285 1133 1456 1198 diem,
1491 1131 1768 1202 compulit
1790 1129 2064 1194 Valerius,

362 1234 430 1284 ut
455 1226 664 1299 aliquid
687 1225 839 1298 plebi
858 1225 1207 1296 loqueretur.
1240 1220 1448 1276 Habuit
1468 1221 1699 1275 brevem
1721 1233 2062 1282 sermonem,

363 1334 478 1389 quo
509 1315 720 1388 gratias
758 1317 951 1385 ageret
982 1314 1118 1368 Deo.
1160 1313 1225 1366 Et
1264 1309 1538 1381 quoniam
1575 1308 1636 1362 in
1667 1307 2066 1362 hmreticorum

361 1405 596 1462 basilica
625 1403 885 1459 audierat
913 1402 982 1456 ab
1013 1401 1094 1455 eis
1124 1400 1287 1454 solita
1315 1398 1570 1454 convivia
1595 1397 1904 1462 celebrata;
1937 1410 2066 1450 cum

367 1495 551 1549 adhuc
589 1509 654 1547 eo
685 1491 807 1562 ipso
853 1494 1133 1560 tempore,
1167 1504 1280 1560 quo
1325 1504 1356 1541 a
1406 1485 1710 1542 Catholicis
1754 1485 1863 1540 ista
1903 1500 2066 1554 gere-

366 1581 598 1647 bantur,
639 1579 722 1634 illi
765 1579 824 1633 in
863 1578 1080 1650 poculis
1117 1577 1494 1648 perdurarent
1529 1592 1542 1630 :
1591 1573 1753 1634 dixit,
1785 1572 1898 1628 diei
1945 1571 2068 1642 pul-

367 1669 753 1725 chritudinem
783 1667 965 1722 noctis
987 1664 1412 1736 comparatione
1440 1661 1716 1728 decorari,
1741 1665 1796 1716 et
1815 1661 2067 1715 colorem

365 1758 671 1813 candidum
709 1757 862 1828 nigri
900 1755 1186 1810 vicinitate
1230 1770 1350 1808 esse
1394 1752 1732 1824 gratiorem;
1772 1751 1853 1804 ita
1898 1765 2065 1804 suum

366 1847 679 1919 spiritualis
731 1843 1128 1900 celebrationis
1181 1847 1526 1898 conventum
1582 1840 1774 1895 minus
1829 1839 2066 1892 fortasse

364 1935 623 1991 futurum
663 1935 834 1989 fuisse
857 1933 1198 2005 jucundum,
1232 1931 1341 1986 nisi
1377 1948 1444 1985 ex
1487 1929 1598 1984 alia
1628 1933 1788 2001 parte
1827 1927 2068 1982 carnalis

363 2023 738 2095 ingurgitatio
785 2023 1184 2078 conferretur:
1244 2021 1617 2090 hortatusque
1675 2022 1762 2072 est
1812 2021 1879 2072 ut
1924 2016 2066 2071 tales

364 2114 562 2184 epulas
592 2113 870 2167 instanter
897 2115 1250 2183 appeterent,
1285 2109 1332 2163 si
1376 2112 1698 2179 gustassent
1733 2123 1904 2178 quam
1936 2123 2064 2160 sua-

363 2203 446 2258 vis
473 2207 556 2257 est
586 2201 880 2256 Dominus.
912 2204 1098 2272 Atque
1129 2199 1189 2253 in
1227 2199 1376 2253 hanc
1405 2197 1752 2252 sententiam
1791 2212 1896 2266 pro
1927 2200 2067 2250 tem-

364 2307 504 2362 pore
542 2307 671 2344 cum
703 2306 770 2344 ea
799 2305 930 2361 qua;
969 2287 1246 2342 Dominus
1285 2287 1627 2357 suggerebat
1670 2285 1820 2339 dicta
1850 2289 2063 2351 essent;

366 2389 490 2434 acta
531 2383 664 2434 sunt
690 2377 1033 2449 vespertina,
1066 2393 1196 2448 quae
1235 2375 1491 2447 quotidie
1528 2374 1784 2432 solebant
1816 2390 1828 2428 :
1873 2379 1928 2428 et
1957 2377 2068 2427 Au-

365 2469 596 2540 gustino
633 2468 932 2522 recedente
977 2466 1146 2521 simul
1191 2483 1320 2520 cum
1357 2465 1642 2536 episcopo,
1675 2464 1892 2529 fratres,
1923 2464 2066 2518 forte

365 2557 650 2624 monachi,
695 2557 892 2612 eodem
932 2557 1054 2610 loco
1094 2555 1373 2626 hymnum
1409 2553 1696 2621 dixerunt,
1731 2569 1847 2607 non
1893 2569 2068 2623 parva

364 2645 734 2701 multitudine
765 2645 1064 2716 utriusque
1085 2659 1249 2698 sexus
1280 2643 1351 2698 ad
1377 2643 1740 2697 obscuratum
1771 2641 1921 2695 diem
1953 2657 2065 2694 ma-

365 2739 540 2791 nente
569 2739 740 2806 atque
779 2733 1075 2804 psallente.
1108 2734 1304 2787 Totam
1346 2730 1428 2786 rei
1469 2731 1672 2784 seriem
1713 2730 2066 2802 Augustinus

364 2827 633 2896 prompto
663 2826 719 2877 et
755 2821 928 2876 alacri
955 2822 1146 2876 animo
1195 2820 1392 2876 retulit
1435 2837 1541 2890 per
1582 2820 1799 2873 litteras
1827 2819 1897 2873 ad
1939 2820 2067 2890 Aly-

363 2913 548 2984 pium,
583 2915 644 2966 ut
690 2911 790 2982 qui
828 2926 1037 2982 paucos
1073 2914 1204 2964 ante
1246 2910 1367 2964 dies
1413 2908 1673 2978 Hippone
1718 2907 1887 2962 simul
1935 2924 2064 2961 cum

364 3002 489 3074 ipso
540 3016 736 3072 preces
779 2999 848 3054 de
899 2998 1228 3070 accipiendo
1273 2997 1550 3052 beneficio
1601 2996 1840 3064 fuderat,
1895 2997 2065 3052 simul

364 3103 597 3159 quoque
627 3087 695 3142 de
725 3091 954 3158 accepto
985 3086 1194 3158 gratias
1227 3088 1342 3141 Deo
1369 3085 1734 3156 persolveret.

433 3179 489 3230 4,
528 3175 764 3245 Aliquot
788 3179 917 3246 post
945 3191 1170 3230 menses
1203 3175 1273 3230 ad
1313 3175 1703 3246 episcopatum
1737 3173 2064 3245 Hipponen-

362 3279 502 3329 sem,
556 3280 670 3334 quo
728 3280 786 3318 se
835 3263 1159 3334 digniorem
1203 3263 1265 3318 in
1319 3264 1440 3318 dies
1496 3265 1788 3334 praebebat
1837 3270 2064 3319 sanctus

364 3352 682 3422 Presbyter,
705 3352 964 3422 pervenit
987 3369 999 3406 :
1022 3353 1120 3406 sed
1147 3357 1456 3422 antequam
1485 3352 1655 3422 hujus
1685 3352 2063 3407 ordinationis

364 3441 488 3512 ejus
524 3446 784 3495 texamus
821 3439 1142 3505 historiam,
1176 3441 1465 3511 agendum
1496 3439 1660 3494 nobis
1690 3445 1775 3494 est
1807 3441 1875 3494 de
1907 3442 2063 3496 libris

364 3532 435 3586 ab
466 3531 590 3602 ipso
617 3531 688 3585 de
718 3530 918 3585 Libero
962 3529 1212 3584 Arbitrio
1252 3529 1474 3601 scriptis
1516 3530 1624 3584 hoc
1663 3533 1940 3600 tempore,
1975 3532 2061 3586 vel

361 3619 653 3676 absolutis.
695 3619 916 3691 Quippe
957 3619 1394 3683 Romanianum,
1427 3635 1558 3672 cum
1597 3618 1656 3672 in
1696 3618 1915 3673 Italiam
1956 3620 2060 3674 sub

357 3709 591 3765 initium
611 3708 746 3764 anni
773 3709 1156 3764 trecentesimi
1187 3707 1546 3780 nonagesimi
1571 3707 1757 3779 quinti
1777 3708 2060 3780 profectus

359 3803 462 3867 est,
497 3798 558 3854 id
582 3797 794 3870 operis,
814 3803 914 3852 aut
942 3803 1092 3853 certe
1120 3803 1235 3853 tres
1263 3799 1460 3868 libros,
1489 3814 1552 3851 ex
1585 3797 1792 3868 quibus
1823 3797 2058 3851 omnino

357 3890 599 3956 constat,
625 3901 742 3940 non
778 3885 1044 3940 habuisse
1083 3891 1324 3941 testatur
1350 3885 1702 3957 Augustinus
1727 3885 1928 3956 (Epist.
1965 3890 2054 3955 31,

354 3992 419 4032 n.
453 3977 530 4044 7),
562 3973 822 4046 quamvis
850 3990 908 4028 se
945 3977 1177 4028 cunctas
1215 3974 1638 4028 lucubrationes
1669 3990 1799 4028 suas
1830 3974 1914 4028 illi
1940 3978 2056 4028 tra-

357 4062 568 4119 didisse
614 4061 967 4116 existimaret
1009 4062 1208 4133 (Epist.
1240 4065 1330 4130 27,
1378 4079 1441 4118 n.
1488 4064 1566 4133 4).
1605 4063 1762 4117 Unde
1801 4079 1936 4117 vero
1987 4063 2057 4117 si-

353 4151 489 4208 mile
519 4155 624 4220 est,
656 4151 765 4206 hoc
807 4167 951 4222 Opus
998 4155 1133 4206 tunc
1164 4151 1459 4222 temporis,
1491 4152 1548 4206 id
1580 4156 1682 4219 est,
1714 4156 1779 4206 ut
1815 4152 2054 4206 arbitra-

354 4256 504 4306 mur,
526 4242 637 4297 hoc
649 4256 800 4295 anno
816 4240 1214 4296 trecentesimo
1229 4239 1599 4310 nonagesimo
1612 4239 1810 4310 quinto
1823 4240 2053 4295 ineunte

351 4331 610 4387 nondum
639 4329 812 4386 fuisse
841 4329 1183 4401 perfectum.
1208 4329 1355 4383 Illud
1382 4333 1594 4395 tamen,
1624 4329 1842 4383 duobus
1871 4333 2055 4399 poste-

351 4421 599 4476 rioribus
659 4419 820 4475 libris
877 4418 1132 4491 adjectis,
1179 4418 1251 4473 ad
1292 4418 1468 4472 ï¬nem
1519 4418 1705 4473 adhuc
1761 4420 2055 4489 presbyter

349 4509 616 4580 perduxit
657 4509 978 4579 (Retractat.
1025 4507 1162 4562 libro
1205 4511 1253 4574 l,
1297 4523 1423 4577 cap.
1475 4510 1527 4570 9,
1560 4523 1616 4562 Î·.
1654 4507 1704 4576 1)
1738 4523 1751 4562 :
1799 4508 2051 4579 priorem

348 4598 505 4652 enim
551 4599 746 4653 Romae
791 4614 943 4653 anno
996 4597 1394 4652 trecentesimo
1453 4596 1800 4667 octogesimo
1855 4601 2050 4651 octavo

341 4685 465 4756 jam
492 4686 812 4757 scripserat.
847 4689 962 4742 Hoc
996 4692 1162 4758 pacto
1194 4685 1320 4740 ï¬eri
1350 4685 1554 4757 potuit,
1585 4688 1647 4739 ut
1673 4685 1826 4739 hunc
1857 4701 2049 4740 secum

347 4774 738 4829 Romanianus
777 4775 1042 4830 deferret.
1090 4777 1201 4829 Hos
1244 4774 1421 4828 libros
1463 4773 1826 4844 dialogorum
1872 4774 2051 4828 instar

345 4862 686 4933 composuit,
721 4862 781 4918 in
810 4863 1018 4934 quibus
1047 4880 1368 4919 sermonem
1398 4863 1618 4918 confert
1653 4879 1781 4917 cum
1814 4862 2044 4919 Evodio.

345 4948 522 5003 Mutui
554 4949 835 5004 sermonis
880 4958 1285 5022 argumentum
1331 4957 1414 5008 est
1452 4953 1742 5023 indagatio
1787 4953 2045 5023 originis,

341 5037 495 5092 unde
532 5039 749 5092 malum
796 5039 1205 5110 proficiscatur.
1253 5042 1384 5098 Cum
1427 5042 1605 5096 adhuc
1648 5044 1825 5096 Romae
1867 5041 2044 5094 demo-

339 5141 611 5196 raremur,
641 5128 910 5183 voluimus
938 5129 1268 5197 disputando
1297 5147 1530 5199 quaerere
1554 5130 1696 5184 unde
1719 5132 1792 5184 sit
1820 5131 2039 5185 malum.

338 5217 410 5270 Et
438 5231 495 5271 eo
530 5215 686 5271 modo
729 5216 1147 5284 disputavimus,
1177 5217 1257 5270 ait
1295 5217 1668 5287 Augustinus,
1693 5222 1755 5271 ut
1779 5219 1831 5271 si
1853 5231 2043 5288 posse-

336 5319 478 5374 mus,
503 5304 566 5359 id
593 5303 739 5374 quod
762 5304 828 5358 de
854 5304 952 5358 hac
982 5319 1038 5356 re
1067 5303 1265 5357 divinae
1291 5308 1605 5360 auctoritati
1634 5306 1843 5360 subditi
1869 5306 2043 5360 crede-

339 5391 546 5461 bamus,
578 5395 742 5448 etiam
765 5391 842 5449 ad
870 5392 1282 5458 intelligentiam
1305 5399 1564 5461 nostram,
1594 5399 1856 5463 quantum
1876 5395 2042 5449 disse-

334 5481 500 5535 rendo
528 5483 830 5551 opitulante
867 5482 972 5535 Deo
1008 5495 1166 5548 agere
1198 5495 1492 5548 possemus,
1520 5484 1662 5536 ratio
1700 5483 2040 5538 considerata

333 5571 386 5621 et
432 5571 668 5626 tractata
706 5569 1044 5640 perduceret.
1073 5570 1146 5624 Et
1175 5570 1431 5638 quoniam
1459 5572 1707 5625 consistit
1734 5573 1875 5626 inter
1918 5586 2034 5638 nos,

333 5655 621 5723 diligenter
655 5662 864 5715 ratione
891 5658 1159 5726 discussa,
1189 5657 1391 5713 malum
1418 5673 1524 5714 non
1559 5664 1805 5716 emortum
1832 5661 1943 5716 nisi
1965 5676 2034 5716 ea:

1492 393 1653 448 VITA
1704 393 1767 447 S.
1818 388 2191 447 AUGUSTINI
2245 389 2575 444 EPISCOPI.

3785 386 3891 439 208

2179 511 2344 566 libero
2372 512 2666 565 voluntatis
2703 509 2965 575 arbitrio;
2996 513 3101 563 tres
3143 507 3290 573 libri,
3319 523 3450 577 quos
3487 506 3670 561 eadem
3698 507 3889 576 dispu-

2177 603 2312 654 tatio
2340 604 2570 670 peperit,
2603 601 2868 669 appellati
2890 603 3015 652 sunt
3042 597 3108 650 de
3135 597 3323 651 Libero
3357 597 3619 650 Arbitrio.
3652 595 3892 661 Quorum

2175 689 2466 742 secundum
2513 693 2562 742 et
2606 691 2823 742 tertium
2861 689 2920 740 in
2961 689 3182 754 Africa,
3229 686 3347 755 jam
3394 686 3558 738 etiam
3605 684 3892 752 Hipponeâ€”

2175 780 2344 844 Regio
2371 779 2649 846 presbyter
2688 777 2994 842 ordinatus,
3037 778 3176 830 sicut
3213 780 3337 828 tunc
3372 775 3546 842 potui,
3578 774 3890 826 terminavi.

2177 868 2238 920 In
2269 868 2352 920 his
2383 867 2538 920 libris
2569 868 2648 920 ita
2684 868 2854 920 multa
2889 866 3124 919 dissertu
3161 867 3307 929 sunt,
3339 868 3398 917 ut
3430 861 3725 916 incidentes
3759 878 3891 915 non-

2174 957 2338 1010 nulla
2393 961 2731 1024 quastiones,
2781 970 2917 1024 quas
2956 955 3041 1009 vel
3086 953 3316 1008 enodare
3353 967 3461 1006 non
3499 955 3762 1020 poteram,
3811 951 3894 1004 vel

2178 1046 2392 1113 longam
2437 1047 2932 1098 sermocinationem
2989 1045 3049 1097 in
3091 1043 3348 1112 praesenti
3389 1039 3756 1109 requirebant,
3803 1042 3884 1093 ita

2175 1134 2546 1202 differrentur,
2574 1138 2632 1188 ut
2657 1150 2724 1187 ear:
2751 1137 2982 1201 utraque
3001 1137 3182 1202 parte,
3203 1133 3286 1185 vel
3314 1147 3381 1185 ea:
3410 1129 3658 1185 omnibus
3683 1144 3892 1182 earum-

2178 1221 2296 1275 dem
2327 1225 2683 1290 quzestionum
2705 1222 2976 1291 partibus,
2996 1223 3054 1276 in
3085 1221 3280 1289 quibus
3303 1235 3407 1274 non
3423 1218 3727 1289 apparebat
3757 1217 3892 1286 quid

2171 1313 2355 1380 potius
2395 1315 2709 1378 congrueret
2763 1313 3002 1372 veritati,
3054 1311 3128 1364 ad
3185 1311 3278 1364 hoc
3325 1314 3500 1362 tamen
3544 1308 3892 1361 ratiocinatio

2176 1404 2364 1454 nostra
2409 1401 2833 1466 concluderetur,
2867 1404 2926 1454 ut
2973 1398 3249 1468 quodlibet
3289 1413 3470 1452 eorum
3507 1412 3690 1450 verum
3733 1399 3887 1458 esset,

2179 1489 2492 1544 laudandus
2523 1489 2846 1555 crederetur,
2869 1489 2952 1542 vel
2979 1490 3143 1542 etiam
3168 1487 3530 1541 ostenderetur
3559 1489 3717 1540 Deus.
3754 1485 3890 1538 Pro-

2174 1583 2296 1647 pter
2325 1591 2408 1632 eos
2450 1579 2650 1647 quippe
2685 1577 2988 1647 disputatio
3027 1577 3126 1630 illa
3154 1580 3401 1645 suscepta
3428 1580 3525 1636 est,
3565 1575 3664 1643 qui
3689 1579 3890 1642 negant

2177 1681 2244 1720 ea:
2297 1667 2464 1720 libero
2512 1667 2808 1721 voluntatis
2861 1665 3092 1719 arbitrio
3142 1665 3276 1718 mali
3321 1665 3584 1730 originem
3637 1661 3787 1724 duci,
3843 1667 3892 1715 et

2179 1756 2364 1820 Deum,
2394 1756 2445 1808 si
2473 1756 2554 1808 ita
2593 1759 2690 1822 est,
2723 1759 3012 1809 creatorem
3041 1757 3278 1809 omnium
3313 1757 3636 1807 naturarum
3664 1751 3892 1820 culpan-

2178 1841 2308 1896 dum
2349 1859 2460 1898 esse
2508 1843 2872 1898 contendunt:
2914 1859 2971 1897 eo
3012 1843 3166 1898 modo
3197 1842 3427 1896 volentes
3455 1839 3749 1895 secundum
3783 1855 3891 1893 suae

2176 1933 2475 2000 impietatis
2507 1948 2739 1987 errorem
2779 1933 3090 2002 (ÎœÎ±Î½á¿†Ï‚)á½´Ï‰á½·
3131 1934 3279 1985 enim
3309 1930 3450 1998 sunt)
3494 1927 3888 1984 immutabilem

2177 2021 2471 2091 quamdam
2510 2026 2559 2076 et
2591 2025 2693 2076 Deo
2724 2029 3040 2076 coazternam
3075 2021 3412 2075 introducere
3437 2019 3572 2072 mali
3596 2022 3882 2070 naturam.

2176 2113 2248 2164 De
2284 2112 2470 2175 gratia
2505 2126 2628 2165 vero
2663 2113 2772 2177 Dei,
2808 2127 2917 2180 qua
2954 2126 3077 2165 suos
3117 2111 3302 2164 electos
3337 2110 3415 2163 sic
3450 2107 3887 2177 praedestinavit,

2175 2203 2236 2253 ut
2279 2214 2459 2253 eorum
2497 2201 2596 2267 qui
2614 2200 2737 2268 jam
2784 2203 2842 2254 in
2871 2202 2946 2254 eis
2991 2203 3221 2254 utuntur
3267 2197 3432 2253 libero
3475 2197 3728 2260 arbitrio,
3775 2198 3890 2265 ipse

2174 2289 2337 2342 etiam
2357 2294 2630 2357 praeparet
2658 2291 2978 2356 voluntates,
3012 2289 3151 2342 nihil
3176 2289 3233 2341 in
3255 2285 3340 2341 his
3363 2285 3520 2340 libris
3543 2285 3887 2355 disputatum

2175 2380 2253 2430 est
2284 2381 2504 2446 propter
2534 2377 2629 2432 hoc
2663 2380 2945 2447 proposita
2983 2379 3293 2447 quaestione.
3341 2375 3442 2430 Ubi
3480 2379 3659 2428 autem
3687 2374 3888 2428 incidit

2177 2466 2338 2532 locus,
2371 2470 2431 2520 ut
2461 2467 2623 2536 hujus
2654 2469 2845 2534 gratiae
2880 2469 3030 2536 ï¬eret
3059 2467 3510 2530 commemoratio,
3545 2467 3889 2516 transeunter

2176 2560 2585 2610 commemorata
2629 2561 2737 2622 est;
2800 2571 2906 2610 non
2956 2557 3117 2624 quasi
3164 2554 3290 2608 inde
3331 2557 3601 2620 ageretur,
3661 2566 3885 2621 Operose

2174 2645 2589 2699 ratiocinatione
2617 2645 2860 2711 defensa.
2884 2643 3059 2698 Aliud
3086 2648 3164 2698 est
3185 2645 3326 2696 enim
3355 2657 3610 2712 quarere,
3642 2640 3786 2694 unde
3814 2643 3884 2694 sit

2175 2734 2409 2799 malum;
2441 2739 2491 2787 et
2531 2733 2687 2788 aliud
2716 2739 2794 2788 est
2837 2749 3091 2803 quaerere,
3125 2733 3266 2786 unde
3295 2732 3552 2786 redeatur
3580 2729 3654 2783 ad
3679 2731 3884 2799 pristi-

2174 2838 2323 2886 num,
2371 2824 2454 2876 vel
2494 2823 2568 2876 ad
2609 2826 2789 2892 majus
2846 2825 3199 2892 perveniatur
3265 2822 3476 2875 bonum.
3543 2819 3884 2887 Quapropter

2174 2913 2300 2963 novi
2329 2911 2568 2964 haeretici
2593 2913 2892 2978 Pelagiani,
2924 2914 3022 2980 qui
3050 2912 3277 2965 liberum
3306 2912 3382 2964 sic
3414 2913 3663 2964 asserunt
3692 2907 3884 2961 volunâ€”

2178 3001 2304 3052 tatis
2353 2999 2664 3067 arbitrium,
2704 3004 2764 3054 ut
2805 3002 2998 3066 gratiae
3041 3001 3136 3054 Dei
3189 3014 3296 3053 non
3338 2999 3653 3066 relinquant
3692 2996 3884 3064 locum,

2178 3088 2616 3156 quandoquidem
2663 3105 2782 3144 eam
2823 3088 3114 3143 secundum
3153 3089 3349 3142 merita
3384 3091 3573 3142 nostra
3615 3085 3747 3139 dari
3789 3100 3884 3139 as-

2173 3183 2379 3244 serunt,
2422 3194 2530 3233 non
2593 3194 2648 3233 se
2707 3179 2987 3245 extollant,
3048 3181 3209 3247 quasi
3263 3193 3444 3231 eorum
3508 3177 3710 3245 egerim
3762 3190 3884 3227 eau-

2174 3281 2322 3333 sam;
2365 3269 2496 3334 quia
2543 3269 2714 3321 multa
2758 3269 2816 3320 in
2862 3267 2944 3321 his
2993 3267 3151 3321 libris
3199 3266 3323 3319 dia-i
3363 3280 3466 3334 pro
3519 3265 3686 3319 libero
3739 3264 3881 3316 arbi-

2173 3357 2299 3424 trio,
2353 3372 2472 3424 qua:
2517 3358 2670 3411 illius
2742 3356 3128 3427 disputationis
3178 3370 3344 3410 causa
3398 3354 3646 3424 poscebat
3700 3354 3884 3420 (lbid.,

2172 3459 2266 3499 nn.
2304 3448 2354 3510 1,
2387 3448 2460 3509 2).

2244 3537 2297 3588 5.
2341 3535 2448 3587 Hos
2479 3532 2652 3587 libros
2670 3533 2857 3605 reipsa
2875 3533 3096 3606 profert
3113 3533 3372 3604 Pelagius
3395 3549 3408 3587 :
3432 3547 3630 3586 verum
3647 3530 3884 3586 demon-

2172 3625 2311 3676 strat
2339 3621 2714 3693 Augustinus,
2739 3623 2943 3677 eodem
2973 3639 3034 3676 se
3056 3623 3176 3676 loco
3204 3625 3620 3692 praeposterum
3649 3635 3879 3674 sensum

2171 3710 2458 3778 evertisse,
2491 3727 2663 3782 quem
2703 3711 2799 3766 ille
2834 3711 3019 3765 verbis
3061 3711 3177 3765 suis
3217 3709 3494 3781 aftingere
3531 3708 3795 3775 volebat;
3827 3715 3882 3762 et

2170 3799 2428 3870 quamvis
2458 3800 2726 3854 adversus
2751 3800 3108 3867 Manichaeos,
3141 3815 3260 3854 non
3286 3803 3484 3854 contra
3511 3797 3872 3868 Pelagianos,

2168 3889 2413 3942 necdum
2459 3893 2703 3956 exortes,
2746 3888 2897 3944 istud
2944 3906 3087 3959 opus
3133 3888 3518 3959 conscriptum
3561 3886 3732 3954 foret,
3778 3887 3874 3942 ho-

2169 3992 2298 4031 rum
2328 3982 2523 4032 tamen
2552 3978 2819 4032 hmresim
2850 3977 3076 4032 abunde
3107 3993 3165 4032 se
3205 3977 3598 4042 labefactasse;
3634 3975 3781 4030 adeo
3816 3979 3880 4029 ut

2166 4065 2212 4118 si
2253 4065 2514 4137 Pelagius
2547 4065 2667 4136 ipse
2711 4066 2972 4121 confiteri
3015 4066 3280 4135 voluerit,
3307 4065 3590 4137 quidquid
3633 4080 3704 4119 eo
3753 4065 3880 4119 loco

2167 4169 2339 4224 quem
2368 4155 2603 4225 profert,
2638 4155 2980 4222 continetur,
3012 4156 3170 4210 nulla
3198 4171 3328 4208 cum
3362 4170 3432 4208 eo
3463 4154 3566 4208 hac
3604 4153 3676 4208 de
3708 4169 3770 4208 re
3799 4154 3880 4208 fu-

2165 4247 2295 4300 tura
2341 4244 2414 4298 sit
2458 4244 2705 4314 amplius
2743 4244 3127 4299 controversia
3173 4245 3265 4313 (De
3301 4245 3519 4301 Natura
3563 4247 3616 4298 et
3658 4243 3877 4307 Gratia,

2163 4347 2257 4386 nn.
2299 4337 2356 4401 7,
2413 4333 2485 4401 8).
2544 4334 2612 4386 lli
2661 4333 2877 4404 pariter
2929 4333 3062 4388 libri
3109 4349 3306 4388 ansam
3354 4331 3637 4387 dederunt
3692 4333 3878 4386 errori

2165 4419 2780 4491 Semipelagianorum,
2815 4422 2916 4494 qui
2942 4439 3007 4476 ex
3037 4422 3106 4476 iis
3143 4421 3565 4477 contendebant
3594 4426 3876 4488 evertere,

2163 4509 2439 4580 quidquid
2471 4511 2824 4580 Augustinus
2847 4511 2914 4565 de
2945 4511 3451 4580 praedestinatione
3479 4514 3684 4581 postea
3707 4509 3875 4564 dixis-

2161 4602 2247 4652 set
2293 4600 2489 4669 (Epist.
2542 4602 2668 4668 226,
2712 4615 2766 4653 n.
2816 4599 2892 4667 8).
2950 4601 3023 4652 At
3075 4603 3302 4654 sanctus
3347 4601 3553 4654 Doctor
3603 4598 3876 4659 ostendit,

2160 4687 2384 4740 nullum
2413 4703 2508 4742 eos
2539 4704 2604 4742 ex
2643 4686 2824 4758 ipsius
2864 4689 3052 4742 verbis
3092 4688 3298 4744 ducere
3338 4704 3503 4760 posse
3533 4703 3720 4742 causa:
3756 4703 3877 4741 sum

2159 4776 2583 4846 patrocinium:
2627 4792 2730 4830 nec
2761 4792 2820 4830 se
2860 4777 3144 4832 ullatenus
3181 4776 3243 4831 in
3278 4776 3518 4831 dubium
3541 4791 3742 4830 vocare
3773 4791 3877 4828 vo-

2159 4863 2351 4932 luisse,
2385 4864 2524 4935 quin
2562 4863 2889 4935 ignorantia
2927 4871 2982 4920 et
3018 4866 3322 4921 difficultas
3353 4869 3541 4920 essent
3568 4863 3873 4934 originalis

2158 4968 2344 5023 poena:
2373 4953 2590 5024 peccati
2620 4969 2634 5008 :
2673 4958 2950 5025 praeterea
2989 4971 3069 5021 se,
3111 4958 3174 5008 ut
3210 4954 3528 5009 veritatem
3551 4957 3689 5006 tunc
3719 4956 3876 5006 tem-

2155 5042 2312 5111 poris
2341 5042 2532 5097 minus
2569 5048 2720 5098 recte
2766 5042 3160 5104 intellexisset,
3193 5060 3312 5098 non
3355 5043 3546 5098 minus
3593 5039 3668 5095 ad
3718 5040 3879 5094 illius

2153 5131 2520 5200 postmodum
2551 5131 2795 5202 cognitae
2816 5131 3210 5186 defensionem
3233 5129 3660 5202 suscipiendam
3684 5130 3878 5183 teneri

2156 5218 2251 5289 (De
2292 5221 2906 5297 Dono_perseverantia:,
2954 5236 3048 5274 nn.
3095 5223 3185 5286 26,
3236 5221 3349 5289 27).
3401 5219 3462 5273 Id
3510 5215 3704 5288 operis
3750 5221 3873 5271 Au-

2154 5307 2435 5377 gustinus,
2483 5308 2650 5363 simul
2695 5324 2759 5362 ac
2805 5307 3107 5380 episcopus
3156 5313 3377 5363 creatus
3420 5311 3524 5372 est,
3557 5305 3628 5360 ad
3675 5305 3872 5359 Pauli-

2151 5412 2292 5450 num
2339 5396 2512 5464 misit,
2564 5413 2738 5468 seque
2802 5401 3001 5467 optare
3061 5401 3322 5464 testatur,
3363 5401 3428 5450 ut
3483 5393 3720 5465 grandis
3769 5394 3873 5448 illa

2151 5484 2408 5555 quaistio,
2453 5501 2582 5556 quae
2622 5489 2708 5540 est
2745 5485 2919 5541 totius
2959 5485 3148 5558 operis
3185 5489 3613 5557 argumentum,
3646 5488 3870 5555 quanta

2149 5572 2374 5628 dicendi
2419 5573 2678 5629 ubertate
2720 5579 3013 5642 tractatur,
3043 5579 3202 5630 tanta
3241 5573 3584 5629 certitudine
3633 5577 3693 5626 et
3729 5589 3868 5642 per-

2148 5659 2450 5731 spicuitate
2477 5660 2540 5717 in
2568 5661 2656 5717 his
2687 5661 2849 5718 libris
2878 5663 3157 5719 enodetur
3183 5664 3376 5733 (Epist.
3400 5664 3491 5732 3|,
3519 5678 3578 5716 n.
3597 5660 3682 5732 â€™7),
3711 5660 3865 5715 Scri-
