4008 6184
174 230 275 281 209

173 352 277 424 psit
296 350 477 421 paulo
494 353 621 420 post
640 349 712 404 ad
726 349 1113 404 Secundinum
1134 349 1507 404 Manichaeum
1531 350 1876 416 Romanum,

171 443 215 495 si
256 440 450 510 legere
497 439 670 492 vellet
714 441 829 491 tres
869 437 1042 492 libros
1073 455 1204 493 suos
1249 439 1315 493 de
1350 438 1548 493 Libero
1598 438 1876 508 Arbitrio,

171 546 257 583 eos
298 528 460 582 Nolm
502 527 565 580 in
595 526 906 597 Campania
942 543 1119 596 penes
1149 531 1405 581 sanetum
1450 527 1754 581 Paulinum
1795 543 1880 581 re-

169 622 467 690 perturum
518 618 738 673 (Contra
783 617 1168 685 Secundinum,
1212 632 1333 686 cap.
1382 620 1485 681 ll).
1533 616 1877 686 Hieronymo

170 706 536 778 postmodum
578 706 850 772 scribens,
890 710 1048 759 notat
1093 722 1210 777 qua
1246 705 1466 759 ratione
1504 705 1563 759 in
1614 705 1767 759 hisce
1811 704 1878 759 li-

167 797 273 852 bris
302 796 375 850 de
408 795 623 849 animae
654 794 1065 861 incarnatione,
1098 811 1195 848 seu
1227 795 1296 849 de
1327 794 1535 849 animas
1567 794 1788 865 origine
1818 794 1879 848 in

163 901 420 956 corpore,
456 884 821 951 disseruerit;
854 883 997 937 nihil
1037 888 1162 939 tum
1191 885 1259 938 de
1303 883 1745 938 Priscillianistis
1783 900 1875 937 eo-

1639 225 1705 280 LI
1714 225 1852 281 BER
1889 224 2242 292 QUARTUS.

3582 234 3689 287 2l0

1990 351 2197 423 gitans,
2235 352 2303 407 de
2342 352 2551 424 quibus
2579 352 2766 407 adhuc
2793 351 2938 407 nihil
2968 350 3258 420 audierat;
3287 353 3547 423 quamvis
3564 353 3686 425 ipse

1989 442 2307 511 Augustino
2336 442 2640 497 Mediolani
2665 445 2891 512 agente,
2924 457 3161 512 magnas
3184 442 3305 512 jam
3334 446 3458 495 tum
3485 446 3687 512 tragoe-

1988 531 2109 584 dias
2140 531 2497 585 excitassent.
2543 531 2815 585 Observat
2852 531 3069 601 pariter
3116 546 3173 583 se
3213 530 3282 584 de
3322 530 3690 601 parvulorum

1992 620 2282 691 Baptismo
2326 636 2507 690 pauca
2557 620 2883 685 admodum,
2927 619 3071 673 nihil
3124 624 3317 673 autem
3354 620 3422 673 de
3467 634 3691 673 eorum-

1990 707 2120 761 dem
2152 706 2273 759 sine
2307 707 2595 776 Baptismo
2624 706 3001 761 morientium
3031 706 3419 771 damnatione,
3449 710 3516 760 ut
3560 722 3689 777 quae

1990 812 2022 849 a
2051 795 2346 864 proposito
2378 811 2479 848 suo
2525 795 2708 848 aliena
2751 799 2958 863 essent,
3000 793 3290 864 scripsisse
3330 794 3524 864 (Epist.
3566 795 3687 860 l66,

1987 898 2080 936 nn.
2113 887 2170 950 7,
2206 882 2309 950 t8).

1227 1099 1745 1221 LIBER
1864 1096 2691 1236 QUARTUS.

196 1283 249 1330 ln
289 1296 397 1344 quo
426 1280 823 1331 demonstratur
851 1281 1109 1346 quomodo
1134 1281 1184 1331 in
1212 1282 1515 1347 episcopatu
1546 1280 1731 1329 vixerit
1762 1279 2103 1342 Augustinus,
2136 1288 2188 1329 et
2217 1295 2333 1344 quas
2360 1281 2424 1332 ab
2454 1282 2783 1333 ordinatione
2815 1297 2907 1333 sua
2938 1283 3002 1332 ad
3034 1298 3226 1333 annum
3256 1282 3374 1333 inde
3397 1282 3634 1348 quintum

1808 1359 2049 1408 ediderit.

738 1602 964 1657 CAPUT
1003 1602 1298 1657 PRIMUM.

222 1696 239 1746 l
275 1692 640 1761 Augustinus
658 1708 691 1745 a
726 1693 941 1747 Valerio
969 1693 1170 1758 collega
1190 1692 1517 1761 deposcitur.
1549 1693 1582 1744 2
1607 1692 1869 1758 Megalius

216 1782 510 1835 Numidiae
559 1782 771 1851 primas
813 1783 950 1847 falsi
993 1783 1239 1835 criminis
1284 1783 1496 1835 nomine
1535 1781 1872 1835 ordinationi

214 1870 345 1937 ejus
375 1870 688 1935 intercedit,
721 1869 876 1938 cujus
906 1871 988 1923 rei
1006 1885 1131 1924 mox
1162 1885 1281 1923 eum
1302 1871 1546 1939 panitet.
1573 1872 1603 1924 3
1624 1872 1686 1924 In
1716 1884 1868 1923 suam

210 1958 630 2013 ordinationem
653 1958 869 2012 tandem
899 1958 1197 2027 aliquando
1225 1962 1487 2013 consentit
1505 1960 1868 2027 Augustinus,

209 2052 263 2101 et
301 2062 431 2101 eum
490 2048 706 2101 Valerio
752 2047 900 2101 sedet
937 2050 1295 2116 cocpiscopus.
1330 2050 1363 2101 4
1410 2049 1547 2117 Ejus
1590 2048 1867 2102 ordinatio

207 2137 379 2200 facta
424 2152 569 2189 anno
625 2138 840 2190 Domini
888 2140 1249 2192 trecentesimo
1294 2139 1639 2205 nonagesimo
1679 2139 1868 2205 quinto

207 2232 473 2279 exeunte.
524 2230 555 2280 ὅ
591 2226 839 2281 Scribens
868 2226 941 2279 ad
977 2229 1266 2280 Paulinum
1307 2227 1371 2279 de
1413 2242 1513 2281 sua
1560 2242 1678 2281 eum
1718 2226 1867 2280 ordi-

208 2318 452 2369 natione
494 2317 633 2380 facit
678 2317 972 2370 certiorem.
1022 2319 1053 2369 6
1101 2318 1198 2369 Hic
1245 2316 1310 2369 de
1351 2316 1533 2370 eadem
1567 2316 1641 2369 ad
1666 2319 1868 2371 Roma-

207 2407 458 2457 nianum
486 2405 695 2470 scribit,
720 2404 978 2473 adjuncto
1009 2406 1245 2457 carmine
1272 2404 1346 2458 ad
1369 2407 1687 2459 Licentium.

216 2496 258 2545 l.
313 2491 673 2561 Augustinus
700 2491 1018 2562 presbyteri
1057 2508 1295 2545 munere
1340 2510 1520 2547 annos
1551 2509 1860 2565 propemo-

141 2582 287 2635 dum
325 2580 588 2651 quinque
618 2580 790 2651 digne
820 2580 1173 2650 perfunctus,
1206 2581 1275 2635 ad
1308 2582 1698 2654 episcopatum
1730 2599 1864 2653 pro-

138 2669 383 2724 vehitur
407 2685 561 2722 anno
587 2670 765 2723 aetatis
790 2686 906 2723 sum
930 2670 1367 2740 quadragesimo
1390 2670 1591 2741 quinto
1610 2671 1865 2742 proxime

138 2759 447 2813 inchoato.
482 2760 643 2812 Hune
669 2758 947 2813 honorem
979 2764 1202 2813 sanctus
1230 2760 1324 2813 ille
1359 2760 1443 2813 vir
1472 2761 1576 2815 sibi
1605 2762 1722 2832 ipse
1749 2777 1865 2814 non

137 2846 443 2917 sumpsit:
477 2846 572 2899 sed
604 2847 751 2899 hanc
786 2847 882 2900 Dei
912 2863 1128 2908 curam,
1152 2847 1232 2899 ait
1266 2848 1555 2916 Paulinus,
1588 2849 1863 2902 Africanae

141 2936 426 2990 Ecclesia:
464 2939 821 3003 meruerunt,
854 2940 919 2990 ut
947 2936 1117 2990 verba
1153 2936 1402 2990 caelestia
1432 2937 1735 3008 Augustini
1767 2952 1863 2990 ore

138 3025 526 3097 perciperent
576 3025 776 3094 (Epist.
823 3027 910 3091 32,
946 3042 1000 3078 n.
1047 3028 1122 3095 2).
1178 3025 1238 3079 ld
1287 3026 1549 3080 beneﬁcii
1595 3026 1865 3080 divinitus

133 3118 429 3170 collatum
454 3118 541 3167 est
578 3113 708 3184 paci
737 3118 792 3167 et
821 3113 1057 3182 puritati
1083 3114 1268 3169 cordis
1296 3114 1455 3168 beati
1488 3114 1694 3168 Valerii
1726 3115 1866 3168 anti-

134 3206 317 3274 stitis,
353 3203 460 3275 qui
492 3218 611 3257 non
656 3202 830 3256 modo
870 3203 1028 3256 nullo
1066 3203 1127 3257 in
1171 3219 1303 3257 eum
1354 3203 1584 3257 invidiae
1632 3203 1863 3257 stimulo

135 3295 546 3366 pangebatur,
582 3292 677 3346 sed
720 3291 890 3345 etiam
933 3296 1113 3361 parta:
1154 3309 1186 3345 a
1229 3292 1565 3361 Presbytero
1611 3309 1713 3346 suo
1744 3293 1863 3363 glo-

137 3383 238 3437 riae
257 3398 393 3453 pra:
418 3379 643 3434 caeteris
662 3380 951 3434 eXSultans
967 3380 1365 3451 gratulabatur
1382 3381 1607 3449 (Possid.
1620 3421 1633 3446 ,
1657 3383 1716 3435 in
1738 3383 1867 3437 Vita

137 3473 421 3541 August.,
482 3486 530 3523 c.
584 3468 663 3539 8).
716 3468 815 3522 llle
861 3468 982 3539 ipse
1032 3468 1418 3539 Augustinum
1460 3469 1859 3540 presbyterum

136 3561 293 3614 infra
324 3575 392 3612 se
432 3573 556 3611 non
602 3573 827 3627 passus,
860 3574 1027 3611 suum
1070 3557 1193 3611 ﬁeri
1225 3557 1523 3628 collegam,
1573 3563 1630 3612 et
1672 3558 1861 3629 coepi-

135 3655 416 3721 scopatus
464 3646 753 3700 sarcinam
802 3646 993 3701 subire
1032 3648 1308 3716 compulit
1339 3650 1532 3717 (Epist.
1568 3651 1655 3709 3i,
1693 3665 1748 3703 n.
1781 3646 1858 3719 4).

138 3740 409 3793 Primum
433 3735 673 3807 quidem
703 3735 760 3789 id
791 3736 976 3789 solum
1004 3735 1298 3805 satagebat
1325 3742 1497 3807 atque
1528 3737 1864 3808 suppliciter

138 3846 168 3881 a
193 3830 311 3882 Deo
335 3824 661 3896 ﬂagitabat,
693 3829 757 3877 ut
785 3823 1169 3895 Augustinum
1194 3825 1426 3879 haberet
1447 3826 1744 3881 sacerdotii
1774 3826 1861 3881 sui

138 3929 541 3970 successorem
587 3914 779 3981 (Epist.
836 3915 921 3980 32,
969 3930 1025 3967 η.
1078 3915 1169 3973 2):
1226 3915 1323 3969 sed
1379 3932 1510 3969 eum
1564 3916 1740 3970 semel
1787 3915 1863 3970 vi-

136 4006 342 4067 disset,
381 4018 521 4057 eum
553 4000 661 4055 sibi
694 4003 1113 4072 propemodum
1146 4004 1401 4058 ablatum
1431 4021 1572 4070 esse,
1606 4010 1669 4060 ut
1699 4005 1862 4059 alteri

142 4093 416 4149 Ecclesiae
468 4092 895 4163 praeﬁceretur;
943 4108 1118 4163 seque
1160 4093 1335 4147 etiam
1380 4093 1611 4148 infirma
1651 4095 1865 4149 valetu-

139 4182 282 4236 dine
315 4180 638 4250 aﬂ‘eetaquc
673 4178 795 4248 jam
842 4182 1032 4245 mtate,
1063 4180 1131 4232 ad
1165 4195 1308 4233 onus
1340 4180 1659 4250 episcopale
1694 4181 1863 4235 susti-

140 4272 411 4325 nendum
456 4268 693 4323 alterius
738 4267 996 4338 indigere
1038 4268 1321 4335 subsidio;
1356 4269 1584 4323 secretis
1629 4269 1747 4339 egit
1773 4270 1863 4323 lit-

138 4360 281 4415 teris
316 4358 482 4429 apud
514 4356 811 4410 Aurelium
856 4356 1186 4427 episcopum
1230 4357 1757 4427 Carthaginensem,
1804 4363 1867 4411 ut

138 4447 517 4517 Augustinus
547 4445 910 4499 ordinaretur
938 4446 1259 4516 episcopus,
1294 4446 1392 4516 qui
1422 4446 1529 4500 sibi
1558 4446 1616 4500 in
1651 4447 1863 4518 Hippo-

138 4534 315 4589 nensi
346 4534 625 4588 cathedra
666 4550 779 4587 non
809 4538 926 4587 tam
955 4534 1307 4604 succederet,
1338 4550 1512 4606 quam
1552 4535 1769 4606 collega
1812 4541 1867 4590 et

136 4624 528 4696 eoepiseopus
594 4623 900 4677 accederet.
960 4623 1083 4677 Voti
1136 4640 1373 4695 compos
1423 4625 1603 4679 factus
1650 4629 1751 4691 est,
1811 4630 1866 4679 et

138 4717 299 4787 quod
358 4716 429 4768 ab
489 4715 721 4769 Aurelio
778 4715 1138 4786 exposcebat,
1208 4716 1489 4787 rescripto
1538 4716 1867 4787 impetravit

140 4804 412 4873 (Possid,
446 4806 506 4857 in
539 4806 672 4858 Vita
700 4805 961 4871 August,
986 4820 1031 4858 c.
1058 4804 1131 4873 8).

214 4897 272 4947 2.
308 4894 491 4947 Paulo
522 4898 652 4963 post
700 4893 969 4963 Megalius
1017 4891 1362 4947 Calamensis
1391 4892 1708 4963 episcopus,
1746 4897 1867 4947 tum

142 4982 377 5053 primas
424 4980 544 5033 sive
588 4979 850 5051 (deeanus
891 4980 1290 5052 episcoporum
1329 4981 1613 5035 Numidia:
1652 4982 1869 5053 Hippo-

140 5069 574 5139 nem-Regium
615 5069 788 5135 venit,
823 5070 969 5123 hanc
1010 5070 1313 5123 Ecclesium
1345 5069 1696 5125 visitaturus.
1739 5073 1870 5143 Ejus

140 5159 469 5230 priesentia
515 5158 919 5228 requirebatur
963 5160 1034 5213 ad
1083 5159 1415 5229 episcopum
1461 5159 1865 5214 ordinandum.

146 5250 358 5318 Itaque
401 5248 663 5301 Valerius
703 5253 934 5317 arrepta
976 5248 1295 5315 occasione,
1339 5248 1868 5317 Megalioeaeteris-

143 5354 269 5407 que
302 5336 649 5407 praesulibus
679 5337 779 5407 qui
800 5343 921 5391 tum
952 5337 1097 5391 forte
1122 5338 1381 5406 aderant,
1413 5338 1633 5409 totique
1669 5338 1871 5410 Hippo-

148 5427 327 5481 nensi
357 5427 534 5491 clero,
577 5429 633 5480 et
667 5426 944 5481 universae
983 5427 1133 5498 plebi
1162 5444 1331 5481 suum
1379 5428 1447 5483 de
1481 5430 1870 5499 promovendo

148 5516 228 5569 ad
266 5516 666 5587 episcopatum
696 5516 1015 5587 Augustino
1055 5516 1381 5583 consilium,
1414 5516 1633 5572 eunetis
1678 5517 1871 5572 hacte-

1983 1619 2090 1656 nus
2118 1602 2402 1674 ignotum,
2425 1604 2609 1676 aperit
2636 1604 2837 1676 (Ibid)
2875 1606 3039 1671 Quod
3070 1606 3303 1678 quidem
3330 1623 3556 1662 summo
3588 1623 3687 1681 po-

1980 1691 2103 1760 puli
2132 1694 2511 1765 omniumque
2555 1695 2927 1765 praesentium
2966 1696 3155 1751 studio
3197 1701 3252 1751 et
3299 1697 3685 1768 gratulatione

1980 1786 2303 1850 exceptum,
2333 1782 2667 1854 ingentique
2696 1785 3124 1852 acclamatione,
3164 1790 3231 1840 ut
3258 1786 3405 1841 facto
3435 1787 3685 1858 comple-

1979 1874 2156 1936 retur,
2222 1870 2540 1940 ﬂagitatum
2580 1877 2664 1926 est
2712 1872 2909 1942 (Epist.
2979 1877 3065 1941 3t,
3124 1890 3180 1927 n.
3226 1875 3300 1943 4).
3354 1876 3507 1929 Unus
3553 1892 3685 1930 cum

1981 1959 2217 2029 Megalio
2246 1961 2524 2015 renuebat
2559 1962 2931 2031 Augustinus.
2977 1961 3088 2016 Cur
3118 1966 3308 2016 autem
3335 1962 3389 2017 ei
3412 1964 3684 2035 Megalius

1978 2048 2234 2103 infensus
2277 2054 2445 2116 esset,
2494 2066 2609 2103 non
2657 2054 2917 2103 constat:
2970 2049 3027 2103 id
3077 2066 3258 2103 unum
3300 2050 3502 2121 liquet,
3548 2068 3682 2106 eum

1975 2137 2184 2191 iratum
2238 2136 2621 2191 intercessisse
2676 2138 2830 2192 illius
2878 2137 3228 2192 ordinationi
3284 2138 3505 2209 (Contra
3563 2140 3684 2195 Cre-

1977 2229 2235 2293 sconium,
2271 2228 2367 2282 lib.
2416 2229 2468 2294 3,
2500 2244 2556 2281 η.
2591 2226 2704 2297 92),
2755 2242 2973 2281 necnon
3016 2226 3305 2297 scripsisse
3359 2227 3595 2293 litteras,
3620 2226 3681 2281 in

1979 2315 2208 2386 quibus,
2234 2332 2366 2369 eum
2406 2316 2489 2370 rei
2518 2315 2837 2386 eujuspiam
2870 2315 3239 2369 insimulabat
3268 2314 3454 2385 (lbid.,
3496 2314 3589 2369 lib.
3622 2315 3679 2381 4,

1976 2420 2030 2457 η.
2064 2404 2172 2471 79).
2208 2405 2483 2468 Quarnam
2529 2421 2702 2475 porro
2735 2421 2799 2457 ea
2838 2404 3031 2463 fuerit,
3078 2403 3419 2458 nominatim
3475 2405 3531 2457 et
3571 2402 3683 2457 dis-

1976 2490 2147 2546 tincte
2201 2509 2318 2546 non
2368 2494 2721 2563 agnoscitur.
2772 2493 2923 2547 Licet
2963 2493 3115 2547 enim
3156 2492 3509 2564 Augustinus
3550 2507 3682 2562 pro-

1974 2581 2122 2634 xime
2174 2586 2304 2635 ante
2345 2599 2517 2652 quam
2566 2582 2887 2636 litterarum
2930 2581 3150 2652 Megalii
3194 2580 3473 2648 meminit,
3520 2584 3683 2634 notet

1976 2669 2318 2724 Petilianum
2355 2670 2707 2725 Donatistam
2729 2670 3075 2741 persuadere
3104 2670 3268 2737 velle,
3298 2670 3486 2740 ipsum
3513 2685 3674 2723 ama-

1972 2758 2119 2812 toria
2156 2758 2435 2813 maleﬁcia
2474 2759 2703 2812 mulieri
2748 2759 2973 2813 cuidam
3006 2759 3348 2829 praebuisse;
3389 2758 3561 2812 simul
3591 2762 3675 2812 ta-

1975 2864 2106 2901 men
2145 2848 2281 2901 satis
2323 2848 2559 2915 indicat,
2591 2848 2737 2902 hane
2778 2849 3124 2903 calumniam
3152 2849 3221 2902 ab
3250 2864 3366 2902 uno
3398 2846 3677 2902 Petiliano

1974 2937 2368 3006 excogitatam,
2386 2953 2503 2991 non
2525 2954 2590 2991 ex
2616 2938 2727 2991 illis
2749 2938 2953 2991 litteris
2988 2937 3161 2991 fuisse
3187 2936 3488 3006 repetitam
3510 2936 3669 3006 (Con-

1976 3028 2063 3078 tra
2090 3026 2226 3079 Litt.
2273 3026 2454 3089 Petil.,
2502 3026 2594 3079 lib.
2629 3028 2681 3093 3,
2712 3042 2766 3079 n.
2814 3026 2919 3097 19).
2966 3028 3101 3080 Utut
3129 3028 3231 3091 est,
3278 3028 3520 3080 testatur
3556 3025 3673 3077 Au-

1974 3113 2257 3185 gustinus,
2286 3131 2344 3169 se
2372 3115 2592 3185 Megalii
2625 3114 2863 3183 litteras,
2896 3131 2998 3169 nec
3029 3114 3077 3168 si
3107 3114 3201 3168 ille
3232 3113 3291 3168 in
3317 3112 3675 3168 accusatione

1973 3202 2332 3274 perstitisset,
2373 3203 2609 3258 minime
2654 3208 2985 3258 curaturum
3037 3203 3229 3257 fuisse.
3288 3204 3492 3257 Verum
3543 3218 3675 3257 cum

1975 3292 2247 3363 Megalius
2284 3296 2343 3347 in
2375 3292 2770 3364 episcoporum
2810 3292 3053 3347 concilio
3084 3292 3346 3364 probare,
3378 3290 3530 3362 quod
3559 3292 3673 3345 Au-

1974 3381 2205 3452 gustino
2235 3383 2539 3453 objecerat,
2584 3386 2909 3453 urgeretur,
2955 3381 3325 3436 accusationis
3366 3379 3673 3434 falsitatem

1973 3471 2224 3540 agnovit,
2268 3473 2552 3542 prolatam
2580 3489 2612 3525 a
2661 3489 2718 3525 se
2745 3470 3092 3525 calumniam
3134 3470 3341 3541 scripto
3371 3468 3672 3523 manifeste

1973 3559 2282 3625 damnavit,
2308 3564 2363 3612 et
2384 3577 2412 3613 a
2436 3564 2627 3613 saneto
2645 3558 2881 3613 concilio
2904 3557 3191 3613 commissi
3208 3558 3267 3612 in
3287 3557 3671 3628 Augustinum

1974 3647 2166 3702 delicti
2210 3648 2437 3701 veniam
2477 3647 2646 3717 petiit
2692 3648 2909 3716 (Contra
2949 3648 3218 3711 Cresc-011.,
3254 3644 3345 3698 lib.
3379 3648 3430 3713 3,
3462 3660 3525 3698 n.
3558 3643 3669 3711 92).

1972 3739 2083 3792 Nec
2112 3736 2265 3791 enim
2290 3753 2348 3790 se
2367 3736 2440 3790 ob
2459 3736 2690 3790 titulum
2715 3739 2770 3789 et
2800 3734 3138 3806 dignitatem
3163 3731 3424 3804 primatis
3453 3748 3486 3785 a
3506 3732 3673 3803 culpa

1972 3843 2071 3880 sua
2104 3826 2461 3879 emendanda
2492 3825 2811 3879 immunem
2838 3823 3145 3878 arbitratus
3166 3827 3277 3890 est;
3303 3819 3672 3899 verumillius

1970 3914 2147 3969 divini
2188 3914 2401 3967 oraculi
2440 3912 2727 3983 sapienter
2754 3911 3056 3977 meminit;
3093 3914 3304 3983 Quanto
3338 3924 3566 3977 magnus
3596 3924 3669 3976 es,

1972 4005 2201 4058 humilia
2247 4008 2296 4057 te
2323 4005 2381 4057 in
2428 4003 2691 4069 omnibus,
2724 4007 2774 4057 et
2802 4018 2981 4056 coram
3033 4004 3130 4055 Deo
3171 4001 3403 4054 invenies
3433 4000 3673 4066 gratiam

1972 4092 2159 4164 (Eccli.
2219 4109 2299 4157 ιιι,
2378 4094 2486 4156 20).
2551 4092 2905 4161 Quapropter
2956 4089 3261 4144 concilium
3315 4088 3387 4153 ei,
3448 4091 3513 4141 ut
3567 4086 3675 4141 sibi

1973 4181 2367 4251 ignosceretur
2418 4179 2715 4233 humiliter
2780 4177 3015 4247 petenti,
3066 4178 3377 4232 clementer
3429 4174 3669 4246 ignovit.

1973 4272 2136 4336 Quod
2162 4271 2363 4325 attinet
2391 4270 2463 4324 ad
2503 4270 2643 4324 illud
2675 4269 3003 4332 concilium,
3036 4269 3083 4322 si
3106 4267 3381 4338 praesules
3423 4264 3521 4335 qui
3552 4264 3673 4335 pri—

1972 4377 2133 4413 mum
2193 4360 2510 4430 Hipponem
2559 4362 2967 4427 convenerant,
3008 4372 3126 4411 non
3180 4360 3298 4409 tam
3344 4354 3673 4424 frequentes

1972 4453 2153 4515 erant,
2203 4455 2276 4517 ut.
2304 4452 2535 4518 possent
2582 4447 2887 4502 concilium
2936 4460 3309 4515 componere;
3359 4446 3447 4496 sat
3478 4441 3674 4513 magni

1974 4536 2251 4591 momenti
2276 4552 2365 4589 res
2396 4541 2516 4591 erat
2556 4537 2627 4591 ad
2665 4537 2802 4591 illud
2834 4536 2921 4590 vel
2954 4535 3027 4589 ob
3059 4549 3184 4587 eam
3227 4548 3405 4587 unam
3445 4546 3675 4586 causam

1974 4625 2443 4681 convocandum:
2480 4626 2589 4679 nisi
2616 4626 2762 4680 forte
2808 4625 3002 4696 aliqua
3031 4622 3279 4694 synodus
3312 4620 3676 4693 provincialis

1973 4715 2032 4768 in
2058 4714 2323 4768 Numidia
2343 4718 2479 4767 tunc
2508 4712 2782 4783 temporis
2810 4713 2921 4766 alia
2950 4710 3245 4766 occasione
3268 4710 3553 4765 celebrata
3581 4708 3673 4776 sit,

1975 4820 2103 4874 quae
2140 4803 2246 4857 hac
2274 4803 2398 4873 ipsa
2427 4802 2494 4856 de
2524 4817 2585 4856 re
2607 4800 2953 4872 cognoverit.
2987 4800 3164 4855 Paulo
3185 4803 3311 4870 post
3327 4796 3675 4868 Augustinus

1976 4892 2048 4946 ad
2100 4892 2471 4947 Profuturum
2525 4888 3037 4945 familiarissimum
3089 4904 3258 4943 suum
3300 4887 3550 4942 scribens
3605 4886 3677 4940 de

1976 4981 2147 5051 hujus
2191 4980 2417 5051 Megalii
2459 4979 2636 5046 obitu,
2687 4978 2796 5032 ista
2824 4979 3095 5057 continuo
3127 4976 3387 5048 subjicit:
3410 4977 3547 5045 {Non
3579 4974 3677 5029 de-

1975 5075 2101 5125 sunt
2130 5070 2413 5135 scandala,
2445 5068 2539 5123 sed
2564 5084 2733 5137 neque
2780 5071 3054 5137 refugium
3083 5084 3097 5134 ;
3138 5083 3244 5122 non
3281 5067 3471 5121 desunt
3494 5078 3678 5118 maro-

1978 5176 2081 5226 res,
2110 5160 2204 5215 sed
2240 5175 2408 5227 neque
2437 5160 2819 5213 consolationes
2856 5160 3053 5228 (Epist.
3090 5160 3177 5223 38,
3204 5173 3259 5211 n.
3292 5158 3364 5224 2).
3399 5153 3513 5209 Sub
3554 5154 3677 5206 haec

1979 5248 2173 5303 multis
2221 5247 2472 5302 ostendit
2510 5247 2655 5301 iram
2698 5264 2818 5301 esse
2860 5246 3214 5317 fugiendam,
3265 5260 3337 5297 ne
3385 5242 3503 5296 odii
3548 5246 3675 5295 tan-

1980 5338 2109 5392 dem
2149 5340 2414 5391 naturam
2444 5336 2661 5391 induat.
2719 5334 2933 5390 Deinde
2974 5332 3265 5388 concludit
3307 5345 3587 5399 asserens,
3619 5346 3678 5384 se

1982 5427 2088 5481 ista
2128 5427 2384 5481 consulto
2417 5426 2653 5495 seibere,
2697 5426 2770 5480 ob
2821 5441 2887 5479 ea
2916 5440 3045 5496 qua:
3076 5436 3260 5493 nuper
3306 5419 3414 5473 sibi
3446 5418 3681 5474 dixisset

1982 5516 2338 5573 Profuturus.
2372 5516 2531 5571 Haud
2570 5514 2780 5570 scimus
2824 5530 2896 5568 an
2923 5514 3023 5567 illa
3069 5511 3138 5566 ad
3182 5508 3404 5581 Megalii
3447 5524 3676 5565 causam
