4008 6184
346 300 438 351 211
1557 291 1724 346 VITA
1779 291 1834 345 S.
1875 290 2262 350 AUGUSTINI
2322 293 2658 350 EPISCOPI.

345 422 689 490 spectarent,
722 417 784 473 in
824 433 938 490 qua
974 415 1214 472 fortasse
1253 413 1592 470 Profuturus
1623 414 1743 486 jam
1770 418 1894 469 tum
1924 413 2046 485 epi-

343 524 568 578 scopus,
593 505 901 577 Augustini
931 504 1019 559 sui
1041 503 1180 559 olim
1200 503 1667 575 magistripartes
1687 503 2045 574 suscepisset.

343 600 485 650 (lum
509 595 590 666 (in
641 593 1071 648 Donatistarum
1104 609 1308 647 manus
1346 591 1586 663 epistola
1612 591 1837 663 Megalii
1864 590 2052 645 venis-

356 689 460 754 set,
496 700 620 739 eam
651 684 720 738 ad
760 682 1012 737 infamia:
1041 683 1229 737 labem
1277 681 1593 752 Augustino
1636 680 2050 751 aspergendam

347 775 617 830 adhibere
631 773 1160 828 tentarunt.Verum
1173 771 1325 825 haud
1340 770 1570 825 difficile
1583 768 1902 840 Augustino
1918 769 2049 838 fuit,

350 881 446 918 eos
477 862 819 918 accusatoris
855 862 941 915 sui
975 859 1374 915 retractatione
1404 859 1758 914 convincere.
1792 860 1856 913 In
1878 859 2049 912 colla-

346 953 502 1008 tione
535 951 965 1020 Carthaginensi
989 949 1319 1014 Donatistae,
1350 947 1449 1019 qui
1471 964 1697 1020 semper
1719 947 1781 1002 in
1800 948 2048 1019 aliquam

351 1041 723 1114 perturbandi
754 1040 1107 1094 occasionem
1157 1037 1560 1105 imminebant,
1595 1037 1947 1109 qumsierunt
1982 1038 2049 1091 ab

345 1129 682 1201 Augustino,
716 1127 844 1200 quis
892 1144 1024 1182 cum
1055 1127 1412 1182 ordinasset:
1455 1144 1572 1200 quo
1606 1127 1880 1182 nimirum
1917 1125 2050 1181 inde

344 1218 603 1291 litigandi
625 1234 823 1272 ansam
845 1216 1180 1288 arriperent.
1205 1218 1563 1288 Quapropter
1593 1216 1947 1287 Augustinus
1985 1232 2052 1270 ea

344 1309 412 1362 de
444 1324 525 1374 re,
559 1323 689 1378 quae
733 1307 804 1362 ad
835 1306 1187 1377 propositam
1229 1305 1603 1377 quaestionem
1635 1322 1752 1360 non
1797 1305 2050 1376 pertine-

343 1402 450 1461 ret,
505 1397 618 1452 illis
653 1395 987 1468 aliquandiu
1034 1395 1380 1466 respondere
1427 1394 1666 1450 distulit.
1710 1398 1782 1450 At
1827 1411 1954 1448 cum
1987 1411 2051 1448 ex

347 1503 448 1541 suo
479 1485 659 1558 ipsius
695 1484 924 1539 silentio
957 1501 1054 1538 eos
1087 1483 1361 1556 proiicere
1393 1485 1729 1554 adverteret,
1761 1483 1873 1538 illis
1917 1500 2050 1538 con-

348 1575 592 1629 tidenter
621 1572 932 1644 respondit,
969 1588 1026 1626 se
1059 1588 1090 1625 a
1138 1569 1374 1643 Megalio
1422 1570 1821 1642 episcoporum
1865 1571 2049 1626 Eccle-

352 1663 450 1718 siae
481 1662 774 1718 catholica:
813 1661 874 1716 in
920 1660 1187 1716 Numidia
1230 1660 1494 1732 primate,
1527 1677 1595 1715 eo
1633 1664 1892 1732 tempore
1938 1676 2052 1732 quo

350 1751 445 1807 ille
477 1751 742 1807 ordinare
770 1755 1014 1820 poterat,
1042 1749 1216 1804 fuisse
1246 1749 1606 1816 ordinatum;
1639 1765 1806 1820 posse
1836 1765 1934 1803 eos
1958 1765 2050 1802 su-

348 1858 450 1912 per
478 1842 584 1896 hac
614 1857 693 1907 re,
729 1839 1008 1911 quidquid
1039 1839 1262 1908 liberet,
1293 1854 1650 1910 expromere,
1694 1853 1936 1910 suasque
1967 1854 2053 1891 ca-

355 1930 603 1986 lumnias
628 1945 758 1984 cum
789 1928 1024 1982 veritate
1067 1931 1424 1982 connectere.
1480 1929 1637 1981 Tunc
1665 1926 1771 1993 illi,
1803 1943 1933 1981 cum
1965 1942 2050 1980 re-

345 2019 649 2092 spondere,
683 2019 781 2072 aut
815 2016 1050 2070 omnino
1095 2015 1311 2070 hiscere
1341 2031 1458 2070 non
1501 2015 1798 2084 auderent,
1829 2015 1899 2070 ad
1941 2014 2054 2069 alia

344 2106 558 2178 delapsi
593 2110 727 2161 sunt
753 2106 1064 2176 (Collatione
1085 2107 1346 2174 Carthag.
1379 2109 1431 2171 3,
1464 2120 1585 2175 cap.
1621 2106 1768 2175 2&7).
1798 2164 1800 2166 τ

417 2201 468 2253 3.
504 2198 574 2252 Ut
597 2195 980 2266 Augustinum
1007 2194 1354 2265 inaugurare
1385 2194 1680 2264 Megalius,
1704 2193 1783 2247 sic
1804 2190 2052 2248 vicissim

347 2284 682 2357 inaugurari
719 2283 1073 2356 Augustinus
1115 2283 1412 2337 recusabat
1465 2282 1780 2352 (Possidius,
1816 2285 1875 2336 in
1926 2283 2053 2336 Vita

347 2373 668 2444 Augustini,
691 2390 737 2428 c.
771 2373 846 2445 8).
881 2373 991 2427 Nec
1017 2372 1171 2426 enim
1200 2371 1391 2426 minor
1417 2375 1539 2425 erat
1565 2371 1737 2441 hujus
1767 2369 2054 2424 modestia

351 2469 405 2520 et
433 2463 656 2535 religio,
687 2478 861 2534 quam
881 2466 968 2516 tot
986 2460 1297 2515 illustrium
1315 2459 1590 2528 virorum,
1616 2460 1716 2530 qui
1738 2465 1906 2514 aetate
1931 2459 2048 2524 illa,

353 2558 414 2607 ut
443 2552 835 2623 episcopatum
865 2549 1236 2620 susciperent,
1269 2549 1430 2603 sicuti
1463 2549 1678 2615 scribit,
1709 2549 2054 2603 tenebantur

351 2641 534 2705 inviti,
566 2640 1040 2712 perducebantur,
1073 2638 1533 2704 includebantur,
1565 2637 2049 2704 custodiebantur,

351 2730 718 2802 patiebantur
747 2732 905 2784 tanta
932 2743 1061 2799 qua:
1093 2727 1359 2782 nolebant
1390 2727 1569 2782 donec
1605 2726 1685 2781 eis
1713 2727 1932 2782 adesset
1954 2743 2052 2781 vo-

352 2821 540 2874 luntas
560 2818 902 2890 suscipiendi
928 2817 1119 2888 operis
1148 2817 1282 2871 boni
1308 2819 1509 2886 (Epist.
1548 2820 1666 2879 173,
1703 2834 1758 2870 n.
1791 2818 1864 2884 2).
1913 2817 2052 2870 Nam

352 2914 739 2981 praeterquam
767 2907 922 2980 quod
955 2906 1294 2978 episcopalis
1315 2905 1608 2977 dignitatis
1627 2922 1769 2960 onus
1792 2905 2052 2960 reformi-

352 2999 540 3062 dabat,
573 2998 682 3069 ipsi
711 2996 975 3052 veniebat
1010 2996 1069 3050 in
1103 2999 1374 3062 mentem,
1410 2995 1478 3049 ab
1520 2993 1776 3049 Ecclesiae
1809 3011 2053 3049 consuc-

354 3088 551 3142 tudine
582 3087 907 3154 abborrere,
952 3088 1013 3139 ut
1041 3084 1266 3139 vivente
1296 3083 1479 3138 adhuc
1507 3083 1775 3155 episcopo
1805 3083 1950 3137 alius
1980 3083 2056 3137 ei-

357 3177 486 3230 dem
521 3174 780 3230 Ecclesiae
811 3173 1219 3245 praeﬁceretur.
1259 3171 1476 3228 Certior
1504 3177 1696 3227 tamen
1746 3173 1924 3226 factus
1974 3176 2058 3227 est

356 3265 411 3318 id
446 3279 658 3317 novum
690 3266 745 3316 et
765 3262 1017 3316 insolens
1047 3276 1161 3314 non
1192 3277 1333 3326 esse,
1359 3260 1598 3330 prolatis
1628 3260 1739 3331 ipsi
1767 3260 2054 3332 plurimis,

357 3368 474 3405 non
503 3349 781 3405 Africanis
801 3349 992 3411 modo,
1022 3348 1119 3402 sed
1143 3347 1542 3402 transmarinis
1565 3348 1738 3402 etiam
1761 3349 2054 3420 exemplis,

358 3439 566 3511 quibus
597 3437 782 3493 omnis
831 3436 1120 3493 excusatio
1159 3435 1210 3490 ei
1236 3436 1514 3507 praeclusa
1544 3440 1628 3491 est
1654 3437 1976 3507 (Possidius,
2000 3440 2058 3492 in

360 3532 493 3585 Vita
521 3529 841 3596 Augustini,
875 3543 920 3582 c.
965 3529 1018 3593 8,
1059 3530 1111 3581 et
1139 3527 1506 3593 Augustinus,
1537 3529 1720 3596 Epist.
1763 3530 1850 3592 31,
1883 3543 1938 3582 n.
1982 3529 2054 3593 4).

361 3622 501 3676 Cum
528 3618 706 3690 igitur
747 3615 942 3672 divino
973 3615 1208 3670 consilio
1244 3615 1615 3670 vehementer
1654 3613 1882 3669 timeret
1909 3615 2059 3669 obsi-

358 3713 526 3777 stere,
559 3707 606 3762 si
627 3707 780 3780 quod
800 3710 954 3761 tanta
982 3705 1242 3778 praesulis
1265 3703 1353 3758 sui
1373 3703 1647 3759 charitate
1664 3708 1938 3776 tantoque
1956 3721 2058 3775 po-

358 3798 479 3869 puli
505 3797 694 3852 studio
725 3794 832 3850 sibi
869 3795 1247 3860 deferebatur,
1281 3793 1496 3848 diutius
1521 3798 1837 3861 recusaret;
1870 3793 2058 3866 publi-

359 3887 440 3941 cis
469 3902 670 3940 corum
702 3884 849 3938 votis
875 3900 939 3937 ac
969 3882 1264 3937 desideriis
1295 3881 1549 3936 divinam
1575 3882 1681 3937 sibi
1711 3883 2062 3938 voluntatem

360 3972 683 4029 denuntiari
702 3971 962 4026 credidit.
986 3970 1358 4040 Dedititaque
1377 3986 1604 4039 manus,
1627 3975 1887 4026 etcuram
1905 3990 1969 4027 ac
1981 3972 2062 4027 di-

361 4061 590 4134 gnitatis
635 4058 972 4131 episcopalis
1013 4057 1264 4130 insignia
1303 4059 1551 4130 suscepit
1588 4060 1820 4116 invitus.
1855 4061 2061 4118 Scribit

363 4153 631 4208 Paulinus
661 4151 729 4205 ab
746 4149 850 4203 hac
870 4147 1141 4204 inusitata
1165 4147 1524 4202 ordinatione
1541 4165 1751 4204 novum
1771 4150 1921 4206 illius
1944 4151 2064 4223 epi-

361 4240 618 4314 scopatui
659 4239 1019 4311 splendorem
1070 4253 1134 4292 ac
1181 4237 1352 4292 decus
1391 4237 1723 4305 accessisse;
1777 4255 1877 4294 nec
1905 4241 2063 4312 prius

360 4333 468 4387 hoc
497 4329 654 4386 credi
695 4327 972 4400 potuisse,
1005 4341 1180 4398 quam
1224 4326 1389 4382 ﬁeret
1441 4327 1630 4397 (Apud
1674 4329 2060 4396 Augustinum,

361 4423 536 4491 Epist.
573 4423 660 4486 32,
691 4435 748 4472 η.
780 4421 853 4483 2).
899 4417 962 4472 Id
994 4431 1129 4470 sane
1158 4421 1493 4486 conceptam
1524 4416 1594 4470 de
1622 4417 1926 4487 Augustini
1956 4417 2062 4472 do-

361 4509 543 4564 ctrina
597 4513 654 4562 et
705 4507 919 4578 pietate
973 4503 1455 4560 existimationem
1502 4505 1926 4575 comprobabat.
1991 4507 2063 4560 Ea

363 4603 554 4652 tamen
595 4595 880 4651 ordinatio
925 4594 1274 4667 reprehensa
1303 4599 1406 4661 est,
1455 4599 1511 4649 et
1549 4593 1671 4666 ipse
1708 4595 2062 4666 Augustinus

362 4690 484 4741 tum
512 4685 704 4752 verbo,
725 4690 850 4739 tum
868 4684 1079 4756 scripto
1101 4684 1390 4738 confessus
1410 4686 1513 4750 est,
1546 4683 1603 4738 id
1624 4688 1818 4738 octavo
1836 4684 2063 4740 concilii

365 4774 577 4831 Nicaeni
603 4790 817 4829 canone
843 4773 1014 4828 fuisse
1037 4772 1392 4844 prohibitum
1425 4773 1622 4843 (Epist.
1656 4775 1780 4838 213,
1812 4789 1864 4828 η.
1895 4775 1972 4844 4).
2005 4773 2064 4829 in

363 4882 477 4937 quo
497 4867 688 4919 sancta
705 4862 803 4917 illa
819 4863 1066 4934 synodus
1083 4862 1219 4917 satis
1235 4864 1430 4934 aperte
1449 4861 1714 4924 declarat,
1732 4861 2062 4932 primariam

365 4969 528 5006 suam
559 4951 936 5006 intentionem
969 4967 1095 5005 eam
1123 4968 1264 5018 esse,
1295 4953 1361 5006 ut
1398 4949 1602 5005 unicus
1628 4951 1861 5006 cuilibet
1889 4954 2062 5007 eccle-

332 5044 336 5048 ’
361 5041 457 5096 sia:
489 5039 681 5113 praesit
709 5038 1027 5111 episcOpus,
1060 5040 1192 5095 licet
1221 5040 1528 5112 aliquando
1556 5040 1904 5096 contrarium
1935 5042 2056 5098 tieri

333 5130 679 5203 permittat.
733 5129 942 5183 Verum
991 5145 1095 5182 nec
1135 5130 1474 5200 Augustino,
1521 5146 1624 5184 nec
1661 5130 1882 5185 Valerio
1927 5136 2063 5187 tunc

361 5217 638 5290 temporis
677 5220 878 5272 notum
928 5219 1048 5268 erat
1093 5215 1237 5270 illud
1283 5216 1507 5271 concilii
1547 5217 1858 5285 decretum,
1909 5217 2060 5288 quod

331 5313 336 5318 ’
361 5308 460 5363 ubi
490 5307 671 5374 scivit,
700 5305 928 5360 concilii
954 5304 1304 5359 sanctionem
1334 5311 1592 5361 accurate
1624 5306 1885 5362 servavit.
1921 5307 2058 5360 Nam

362 5403 556 5453 auctor
571 5395 805 5470 quidem
822 5395 1021 5454 fuit,ut
1032 5396 1700 5467 statueretur,episcopos
1718 5395 2058 5460 Donatistas,

363 5487 461 5556 qui
491 5487 558 5542 ad
587 5485 845 5542 Ecclesiae
876 5483 1339 5540 communionem
1368 5485 1640 5552 redirent,
1673 5486 1866 5540 sedere
1896 5501 2060 5556 posse

363 5591 493 5630 cum
523 5577 784 5650 episcopo
805 5575 1102 5640 catholico,
1136 5573 1280 5628 sicut
1306 5573 1606 5628 concilium
1635 5575 1925 5630 Nicaenum
1958 5576 2061 5629 No-

3753 304 3852 352 L’l'.’

2157 415 2396 470 vatianis
2421 416 2796 489 permiserat:
2820 432 3016 472 verum
3045 421 3255 490 praeter
3273 419 3449 489 hujus
3484 420 3709 490 generis
3733 437 3858 492 per.

2157 518 2314 557 raros
2343 519 2523 569 casus,
2555 503 2613 558 in
2644 503 2852 575 quibus
2880 504 3097 559 intlicta
3127 504 3520 560 ecclesiasticae
3545 506 3860 577 disciplinae

2156 593 2325 663 plaga
2355 593 2556 664 majori
2586 592 3063 648 reconciliationis
3093 593 3242 648 bono
3273 595 3499 649 abunde
3527 612 3859 667 compensa-

2157 685 2334 748 retur,
2359 698 2471 736 non
2491 682 2814 753 patiebatur
2841 681 2896 736 id
2925 683 2996 737 ab
3017 681 3143 736 aliis
3171 682 3321 749 ﬁeri,
3351 685 3514 753 cujus
3533 683 3722 754 ipsum
3746 701 3862 755 pw-

2159 769 2396 825 nitebat.
2426 771 2811 836 Quamobrem
2855 786 2986 826 cum
3018 771 3396 826 arbitraretur
3434 774 3860 844 procurandum

2159 857 2266 912 sibi
2295 874 2414 912 esse
2456 857 2694 912 Heraclii
2728 858 3046 930 presbyteri
3078 859 3442 927 electionem,
3473 859 3572 931 qui
3600 859 3708 915 sibi
3743 877 3867 915 suc-

2158 946 2414 1015 cederet;
2451 963 2583 1001 eum
2622 952 2817 1002 tamen
2855 948 3254 1020 presbyterum
3285 947 3544 1020 reliquit,
3575 965 3681 1004 nec
3710 949 3864 1004 illius

2159 1035 2586 1090 ordinationem
2631 1035 2918 1107 promovit
2984 1037 3174 1108 (Ibid.,
3222 1053 3316 1092 nn.
3389 1039 3444 1105 4,
3495 1041 3568 1106 5).
3623 1038 3760 1092 Hinc
3805 1045 3866 1093 et

2159 1123 2302 1178 illud
2323 1128 2593 1180 statutum
2626 1123 2686 1178 in
2715 1124 2972 1179 conciliis
3004 1124 3377 1180 sanciendum
3400 1125 3640 1192 curavit,
3668 1130 3732 1181 ut
3756 1141 3858 1180 or-

2158 1212 2420 1268 diuandis
2445 1213 2706 1268 omnium
2737 1213 2964 1269 decreta
2996 1215 3227 1269 Patrum
3250 1215 3320 1270 ab
3351 1214 3679 1270 ordinatore
3700 1215 3863 1286 lege-

2158 1307 2356 1357 rentur
2396 1304 2712 1373 (Possidius,
2745 1306 2802 1358 in
2835 1305 2964 1358 Vita
3001 1304 3324 1373 Augustini,
3353 1322 3397 1360 c.
3427 1305 3502 1374 8).
3547 1306 3737 1358 Exstat
3765 1305 3866 1358 de-

2159 1396 2378 1447 cretum
2416 1392 2560 1448 illud
2606 1392 2665 1447 in
2712 1392 2953 1447 concilio
2994 1393 3431 1463 Carthaginensi
3472 1393 3665 1460 tertio,
3702 1394 3868 1464 cujus

2160 1481 2361 1536 tertius
2387 1497 2569 1536 canon
2597 1483 2655 1536 in
2687 1482 2972 1538 decimum
3012 1486 3274 1538 octavum
3305 1482 3528 1539 Codicis
3566 1483 3865 1538 Africano-

2159 1587 2287 1626 rum
2318 1587 2602 1626 canonum
2632 1570 2877 1627 insertus
2905 1571 3028 1627 haec
3051 1572 3224 1627 habet
3254 1589 3266 1627 :
3300 1574 3512 1628 Placuit
3538 1577 3600 1627 ut
3631 1572 3868 1628 ordina-

2162 1663 2230 1716 tis
2248 1662 2508 1730 episcopis
2524 1661 2607 1715 vel
2625 1661 2833 1715 clericis
2851 1663 3008 1731 prius
3026 1662 3094 1716 ab
3112 1661 3518 1718 ordinatoribus
3533 1663 3646 1716 suis
3657 1663 3870 1732 placita

2160 1751 2501 1806 conciliorum
2545 1751 2771 1805 auribus
2816 1766 2996 1806 eorum
3042 1751 3394 1817 inculcentur,
3435 1767 3502 1804 ne
3546 1767 3603 1806 se
3645 1751 3870 1820 aliquid

2160 1844 2346 1893 contra
2374 1843 2581 1894 statuta
2607 1840 2821 1894 concilii
2845 1841 3038 1906 fecisse
3063 1841 3323 1910 pamiteat
3353 1841 3570 1905 (Labbe,
3603 1838 3869 1897 Concilio-

2159 1944 2281 1982 rum
2316 1928 2626 1985 Collectione
2670 1931 2933 1996 maxima,
2967 1934 3106 1984 tomo
3139 1932 3194 1997 2,
3236 1945 3372 1999 pag.
3412 1931 3599 1998 1057);
3638 1928 3776 1992 sive,
3810 1931 3872 1982 nt

2160 2016 2373 2087 legitur
2403 2016 2462 2071 in
2487 2016 2727 2071 concilio
2759 2016 3192 2088 Carthaginensi
3223 2017 3412 2081 tertio,
3445 2019 3631 2089 capite
3661 2017 3868 2073 tertio:

2160 2107 2382 2160 Placuit
2425 2111 2488 2161 ut
2521 2107 2911 2162 ordinandis...
2967 2109 3179 2163 decreta
3217 2109 3631 2163 conciliorum...
3680 2108 3873 2173 fecisse

2161 2201 2407 2251 asserunt
2431 2196 2618 2265 (Ibid.,
2647 2213 2779 2267 pag.
2811 2200 2986 2266 1167).

2231 2285 2284 2338 4.
2303 2285 2430 2339 Haec
2442 2283 2714 2339 nimirum
2732 2285 2839 2340 fuit
2855 2285 3150 2357 Augustini
3167 2283 3750 2357 promotio,cujusille
3763 2301 3871 2340 me-

2165 2373 2406 2428 moriam
2428 2373 2733 2444 quotannis
2753 2375 3080 2429 renovabat.
3100 2375 3595 2440 Quemadmodum
3615 2374 3730 2429 illis
3745 2379 3862 2430 tem

2161 2461 2397 2533 poribus
2409 2463 2590 2518 facere
2603 2469 3010 2518 consueverant
3027 2464 3186 2519 Urbis
3202 2481 3433 2536 quoque
3447 2463 3754 2530 antistites,
3771 2463 3873 2536 qui

2162 2549 2439 2621 plurimos
2459 2552 2528 2606 ad
2555 2551 2700 2606 hanc
2728 2551 3112 2607 celebritatem
3131 2552 3427 2624 episcopos
3454 2551 3870 2607 convocabant.

2165 2639 2428 2710 Legimus
2446 2640 2616 2694 etiam
2633 2640 2928 2712 episcopos
2943 2641 3262 2696 Donatistas
3276 2641 3342 2696 ad
3359 2641 3552 2712 Optati
3572 2641 3661 2696 sui
3683 2641 3876 2696 Gildo-

2120 2733 2134 2747 '
2163 2727 2322 2782 niani
2342 2728 2604 2783 natalitia
2623 2730 2946 2801 frequentes
2970 2731 3271 2784 convenire
3298 2730 3495 2784 solitos
3517 2731 3723 2800 (Epist.
3751 2732 3872 2790 108.

2162 2833 2217 2871 η.
2252 2822 2281 2872 5
2307 2837 2320 2882 ;
2351 2821 2550 2875 Contra
2578 2821 2812 2874 Litteras
2842 2821 3119 2879 Pctiliani,
3143 2820 3238 2873 lib.
3280 2824 3332 2886 2,
3365 2837 3414 2873 η.
3448 2822 3557 2890 53).
3591 2818 3874 2876 Anniver-

2163 2906 2345 2959 sarius
2401 2905 2507 2960 iste
2556 2906 2675 2961 dies
2731 2907 3173 2962 consecrationis
3224 2907 3531 2978 Augustini
3581 2907 3872 2962 universa:

2162 2995 2398 3065 quidem
2427 2994 2629 3049 Africae,
2652 2995 3103 3066 jucundissimus
3129 3001 3269 3062 erat,
3301 2997 3463 3067 cujus
3500 2996 3738 3066 publica
3773 2998 3872 3050 lae-

2164 3084 2290 3138 titia
2317 3102 2351 3138 a
2397 3084 2636 3139 Paulino
2671 3101 2932 3155 expressa
2960 3085 3134 3140 fuisse
3164 3084 3391 3140 videtur
3426 3085 3488 3140 in
3526 3101 3595 3139 ea
3623 3087 3875 3156 gratula-

2164 3173 2342 3242 tione,
2374 3190 2546 3245 quam
2578 3178 2806 3245 accepto
2836 3175 3009 3246 hujus
3038 3173 3410 3229 ordinationis
3443 3173 3650 3229 nuntio
3682 3174 3875 3229 statim

2164 3262 2338 3317 edidit
2367 3262 2484 3316 suis
2520 3262 2590 3317 ad
2641 3263 3026 3334 Augustinum
3060 3263 3286 3333 litteris,
3316 3263 3373 3317 in
3422 3263 3632 3334 quibus
3664 3264 3773 3320 bas
3817 3265 3876 3318 in

2164 3368 2326 3406 voces
2349 3352 2738 3424 gratahundus
2769 3352 3054 3424 erumpit:
3084 3355 3430 3408 Exsultemus
3460 3359 3512 3408 et
3541 3354 3790 3408 laetemur
3820 3356 3878 3407 in

2165 3456 2222 3496 eo
2249 3443 2345 3510 qui
2369 3443 2509 3509 facit
2539 3442 2821 3496 mirabilia
2844 3443 3008 3509 solus,
3041 3446 3090 3496 et
3113 3445 3212 3512 qui
3231 3445 3372 3509 facit
3400 3445 3680 3498 unanimes
3713 3443 3875 3497 habi-

2168 3534 2284 3583 tare
2303 3533 2360 3584 in
2381 3530 2556 3598 domo,
2578 3533 2834 3600 quoniam
2847 3533 2962 3601 ipse
2973 3531 3212 3601 respemit
3230 3533 3587 3586 humilitatem
3602 3537 3873 3592 nostram,

2167 3624 2215 3673 et
2245 3621 2495 3674 uisitauit
2523 3621 2582 3674 in
2613 3620 2744 3675 bono
2768 3621 2975 3690 plebem
2993 3635 3177 3675 suam:
3214 3623 3310 3690 qui
3327 3623 3500 3676 erexit
3519 3636 3688 3676 cornu
3707 3623 3767 3674 in
3789 3621 3877 3675 do-

2168 3724 2251 3762 mo
2281 3708 2460 3763 David
2496 3712 2660 3779 pueri
2703 3711 2808 3774 sui,
2840 3714 2890 3764 et
2936 3725 3078 3764 nunc
3113 3711 3379 3765 exultavit
3418 3725 3583 3765 cornu
3621 3711 3877 3764 Ecclesia:

2167 3815 2277 3852 suae
2301 3801 2360 3852 in
2389 3799 2561 3854 electis
2590 3801 2723 3866 suis,
2753 3804 2814 3853 ut
2843 3814 3044 3854 cornua
3067 3803 3428 3869 peccatorum,
3460 3802 3600 3854 sicut
3622 3815 3728 3869 per
3747 3814 3877 3868 pro-

2163 3889 2384 3957 phetam
2423 3888 2667 3958 spondet,
2701 3875 2794 3943 hoc
2823 3893 2920 3954 est,
2960 3891 3389 3955 Donatistarum,
3418 3889 3875 3945 Manichaeorum-

2170 3993 2270 4046 que
2295 3978 2606 4044 confringat
2627 3977 2812 4047 (Apud
2830 3978 3092 4045 August.,
3115 3980 3289 4048 Epist.
3316 3981 3402 4045 32,
3425 3994 3485 4032 n.
3511 3981 3592 4046 2).
3616 3979 3750 4032 Haec
3773 3995 3874 4032 au-

2169 4069 2281 4119 tem
2298 4065 2572 4120 festivitas
2585 4064 2904 4136 Augustino
2928 4065 3189 4120 maeroris
3206 4065 3396 4136 potius
3410 4065 3727 4120 ettristitiae
3750 4067 3879 4122 dies

2169 4159 2308 4219 erat,
2343 4170 2473 4208 cum
2511 4153 2701 4208 oneris
2729 4153 2910 4225 ipsius
2939 4154 3194 4209 humeris
3235 4154 3510 4226 impositi,
3543 4158 3600 4209 et
3627 4155 3878 4210 rationis

2171 4245 2284 4298 Deo
2307 4243 2608 4298 reddendae
2630 4243 2962 4297 memoriam
2985 4243 3108 4315 ejus
3142 4244 3332 4299 animo
3350 4244 3761 4316 permolestam
3799 4262 3880 4300 re-

2168 4331 2414 4386 fricaret.
2468 4332 2532 4385 Et
2561 4347 2673 4402 quo
2713 4330 2885 4386 fiebat
2913 4335 3078 4386 aetate
3114 4331 3454 4402 provectior,
3503 4348 3574 4392 eo
3610 4337 3880 4387 mentem

2167 4419 2351 4474 acrius
2388 4419 2682 4491 pungebat
2723 4419 2822 4473 illa
2864 4419 3150 4490 cogitatio.
3200 4421 3389 4474 Exstat
3434 4420 3584 4474 hanc
3633 4420 3696 4474 in
3749 4437 3879 4476 rem

2171 4507 2435 4579 egregius
2459 4525 2576 4579 prie.
2602 4506 2822 4561 cmteris
2853 4523 3041 4562 sermo
3073 4508 3260 4578 (Serm.
3297 4511 3416 4570 339,
3456 4524 3513 4562 η.
3547 4509 3592 4575 1)
3632 4508 3707 4562 ad
3743 4511 3878 4580 ple-

2170 4595 2301 4649 bem
2331 4595 2454 4666 ipso
2489 4594 2579 4648 die
2613 4593 2950 4665 episcopalis
2978 4593 3356 4649 ordinationis
3383 4593 3504 4666 ejus
3530 4593 3790 4662 habitus,
3822 4597 3878 4650 in

2169 4700 2282 4756 quo
2310 4684 2558 4737 natalem
2581 4682 2806 4736 Domini
2822 4682 3124 4737 imminere
3144 4682 3282 4737 dicit
3309 4682 3499 4753 (Ibid.,
3521 4698 3577 4738 n.
3610 4681 3686 4752 3).
3716 4683 3882 4738 Facit

2171 4774 2291 4828 huic
2320 4771 2659 4838 observatio,
2693 4775 2754 4825 ut
2778 4771 3264 4827 consecrationem
3292 4771 3438 4842 ejus,
3470 4787 3646 4842 quam
3675 4770 3740 4825 in
3772 4773 3882 4827 hu-

2163 4862 2260 4933 jus
2287 4861 2423 4915 anni
2450 4860 3210 4932 trecentesiminonagesimi
3233 4859 3422 4932 quinti
3451 4862 3626 4915 tinem
3654 4862 3881 4916 referre

2172 4951 2355 5005 visum
2379 4955 2483 5020 est,
2529 4966 2698 5006 nemo
2729 4949 3014 5022 putaverit
3058 4950 3434 5022 rejiciendam
3469 4950 3616 5004 ultra
3649 4967 3879 5006 annum

2171 5039 2636 5094 trecentesimum
2689 5039 3129 5110 nonagesimum
3187 5044 3433 5108 sextum,
3479 5038 3698 5111 quippe
3745 5057 3884 5096 cum

2171 5146 2322 5185 anno
2350 5128 2750 5184 trecentesimo
2781 5128 3154 5199 nonagesimo
3195 5128 3439 5199 septimo
3480 5128 3886 5184 sanctionibus

2170 5217 2393 5272 concilii
2430 5217 2894 5288 Carthaginensis
2932 5216 3109 5287 tertii,
3140 5216 3231 5272 die
3275 5216 3615 5288 septembris
3659 5218 3881 5288 prima,

2170 5306 2257 5360 vel
2286 5306 2514 5378 augusti
2544 5306 2818 5377 \igesima
2849 5310 3043 5361 octava
3063 5305 3332 5362 celebrati
3362 5305 3777 5377 subscripserit
3802 5308 3887 5362 in-

2171 5401 2256 5450 ter
2295 5395 2594 5468 episcopos
2631 5396 3019 5466 Augustinus:
3060 5413 3174 5469 quo
3204 5396 3377 5452 etiam
3417 5396 3767 5467 impulsore,
3821 5402 3888 5450 ut

2170 5475 2436 5552 diximus,
2463 5486 2572 5540 fuit
2599 5485 2658 5541 in
2689 5504 2754 5540 ea
2779 5487 2996 5556 synodo
3025 5486 3423 5557 constitutum,
3441 5489 3505 5541 ut
3533 5486 3884 5544 ordinandis

2169 5575 2450 5647 episcopis
2480 5576 2564 5631 vel
2593 5575 2810 5631 clericis
2835 5575 3059 5630 decreta
3089 5575 3457 5632 conciliorum
3489 5576 3882 5648 praelegeren-
