4008 6184
171 221 280 272 213

174 347 281 398 tur.
317 342 398 396 Ne
421 342 620 394 tamen
639 337 742 392 illa
761 335 1044 392 ordinatio
1074 337 1324 407 ponatur
1342 339 1473 391 ante
1494 337 1758 392 eumdem
1779 353 1880 392 an-

173 447 302 485 num
350 427 832 483 trecentesimum
882 424 1329 495 nonagesimum
1369 429 1614 492 sextum,
1658 427 1882 481 obstare

172 520 472 574 videbatur
503 517 614 572 alia
632 515 976 581 observatio,
1001 515 1138 586 quia
1160 514 1421 568 videlicet
1439 514 1715 569 librorum
1739 533 1882 587 quos

172 609 470 679 episcopus
503 604 838 671 elaboravit,
867 605 927 658 in
950 603 1098 673 ipso,
1127 607 1189 656 ut
1210 601 1486 673 loquitur,
1521 602 1882 673 episcopatus

173 700 252 754 sui
276 697 544 764 exordio,
568 696 744 769 primi
768 699 903 750 sunt
923 694 1036 748 duo
1058 694 1130 748 ad
1157 692 1592 763 Simplicianum
1627 694 1882 749 Mediola-

169 804 426 853 nensem,
465 802 640 859 quem
671 789 729 840 et
751 784 812 838 in
844 783 1083 854 epistola
1111 781 1549 852 nuncupatoria,
1582 787 1638 836 et
1665 782 1723 836 in
1752 781 1883 836 libri

167 875 454 948 principio
488 859 992 946 patrem‘appellat
1017 886 1032 924 :
1069 886 1183 941 quo
1210 885 1341 924 eum
1371 871 1538 924 titulo
1559 869 1750 942 putari
1774 887 1882 940 po-

166 971 274 1022 test
302 980 642 1029 exornasse,
678 961 833 1034 quod
865 961 988 1032 jam
1029 958 1390 1014 successisset
1426 957 1749 1025 Ambrosio,
1783 957 1882 1029 qui

170 1061 360 1110 tamen
393 1070 462 1108 ex
493 1053 599 1108 hac
628 1050 742 1106 vita
775 1067 887 1104 non
936 1047 1178 1104 decessit
1221 1047 1331 1102 nisi
1363 1064 1514 1102 anno
1547 1046 1881 1102 trecentesi-

163 1161 256 1199 mo
286 1141 674 1213 nonagesimo
705 1138 971 1210 septimo,
1014 1136 1199 1208 pridie
1227 1153 1407 1190 nonas
1440 1136 1653 1208 aprilis.
1697 1137 1880 1200 Quare

163 1237 296 1288 dum
319 1229 638 1303 Augustini
661 1227 944 1283 ordinatio
962 1225 1426 1282 trecentesimum
1446 1225 1880 1297 nonagesimum

163 1327 388 1377 sextum
422 1335 645 1375 annum
669 1317 877 1373 Christi
903 1316 1256 1388 praecessisse
1280 1315 1506 1381 dicitur,
1540 1331 1670 1368 cum
1701 1331 1882 1368 annos

161 1408 598 1479 propemodum
624 1407 771 1460 duos
815 1404 1086 1460 feriatum
1111 1405 1268 1458 nulla
1292 1403 1442 1459 edita
1488 1403 1880 1458 lucubratione

162 1498 487 1553 traduxisse
518 1496 813 1550 fatendum
842 1493 1067 1548 videtur
1102 1509 1116 1548 :
1152 1495 1304 1564 quod
1334 1493 1582 1564 profecto
1611 1492 1698 1546 vix
1730 1490 1879 1545 credi

161 1587 342 1660 possit
372 1587 446 1641 de
479 1589 672 1639 sancto
694 1584 793 1638 illo
818 1584 1068 1648 doctore,
1097 1582 1196 1653 qui
1219 1598 1402 1649 curas,
1439 1597 1580 1652 quas
1611 1581 1884 1635 fratribus

159 1677 274 1732 suis
315 1675 664 1746 impendere
705 1673 1026 1740 tenebatur,
1075 1671 1134 1725 in
1165 1672 1272 1725 hoc
1300 1670 1662 1741 potissimum
1703 1687 1758 1724 se
1785 1685 1884 1740 po-

160 1782 295 1820 nere
343 1765 508 1830 dixit,
537 1767 602 1817 ut
629 1761 699 1815 iis
730 1765 784 1816 et
809 1762 1007 1832 lingua
1051 1764 1107 1814 ct
1136 1760 1266 1813 stilo
1300 1776 1421 1825 suo,
1453 1776 1594 1831 quas
1631 1758 1792 1830 bigas
1820 1758 1882 1812 in

156 1873 218 1909 eo
245 1854 512 1909 charitas
543 1851 808 1923 agitabat.
848 1849 1092 1904 maxime
1125 1849 1363 1903 serviret
1390 1851 1480 1920 (De
1509 1851 1734 1915 Trinit,
1759 1849 1795 1902 ι.
1828 1851 1881 1917 3,

154 1958 207 1994 η.
247 1946 326 2012 1).
363 1943 776 1994 Verumtamen
809 1942 1050 2008 Prosper
1079 1938 1146 1992 ad
1179 1938 1333 1992 hunc
1363 1953 1578 1991 annum
1609 1939 1882 1990 trecente-

153 2031 380 2084 simum
415 2029 858 2100 nonagesimum
879 2027 1144 2099 quintum
1175 2025 1256 2081 ita
1285 2025 1515 2080 scribit:
1539 2027 1880 2092 Augustinus

153 2122 313 2174 beati
334 2120 377 2174 Α
391 2120 620 2173 mbrosii
634 2118 1046 2188 discipul-us,vir
1067 2118 1238 2171 multa
1249 2115 1513 2183 facundia
1530 2115 1881 2182 doctrinaque

150 2210 454 2275 excellens,
489 2208 926 2278 Hippone-Regio
952 2209 1012 2259 in
1057 2206 1256 2272 Africa
1285 2207 1562 2274 episcopus
1592 2203 1882 2258 ordinatur

153 2299 428 2368 (Prosper
453 2299 509 2350 in
531 2297 782 2352 Chronic.
807 2294 880 2348 ad
900 2310 1103 2348 annum
1126 2293 1272 2364 395).
1301 2294 1594 2363 Quotquot
1612 2290 1882 2362 Augusti-

151 2389 210 2442 ni
239 2390 420 2459 gesta
460 2385 829 2456 scripserunt,
861 2385 1009 2438 hanc
1046 2383 1186 2437 adeo
1219 2397 1542 2452 expressam
1573 2380 1878 2435 auctorita-

153 2482 276 2530 tem
319 2476 479 2529 velut
517 2473 794 2545 epocham
834 2471 1299 2543 chronologicam
1353 2477 1537 2525 ratam
1598 2475 1654 2524 et
1707 2470 1878 2524 ﬁxam

155 2564 533 2634 minimeque
581 2562 813 2617 dubiam
857 2560 1199 2617 habuerunt.
1253 2561 1448 2630 Itaque
1490 2563 1550 2613 ut
1580 2575 1651 2612 ne
1683 2559 1752 2612 ab
1784 2558 1881 2612 illa

153 2671 258 2708 nos
298 2651 688 2714 discedamus,
724 2664 1045 2720 quaeremus
1085 2652 1281 2718 postea
1313 2664 1424 2718 quo
1455 2652 1713 2716 tempore
1745 2663 1879 2700 con-

153 2742 364 2814 scripti
417 2741 530 2795 sint
569 2739 702 2795 libri
758 2739 827 2793 ad
877 2737 1338 2809 Simplicianum;
1394 2753 1563 2792 curve
1603 2736 1721 2803 ille,
1751 2735 1882 2791 licet

153 2832 351 2886 adhuc
388 2829 713 2901 presbyter,
755 2826 933 2898 patris
982 2826 1368 2898 appellatione
1421 2825 1628 2896 dignus
1683 2823 1880 2880 haberi

153 2919 424 2992 potuerit
457 2919 532 2972 ab
563 2915 880 2987 Augustino
895 2915 1016 2987 jam
1049 2915 1334 2986 episcopo.

222 3016 288 3065 5.
339 3010 656 3078 Comperto
707 3010 966 3076 tempore
997 3003 1375 3058 ordinationis
1405 3003 1710 3073 Augustini
1748 3019 1878 3074 per-

155 3100 438 3171 spicuum
471 3100 579 3164 est,
609 3094 864 3162 potuisse
896 3095 1216 3148 Romanum
1246 3095 1301 3147 et
1327 3091 1571 3162 Agilem,
1606 3108 1710 3162 per
1741 3108 1882 3162 quos

156 3188 445 3244 Paulinus
493 3183 841 3256 posteriores
887 3184 955 3238 ad
1013 3199 1146 3238 eum
1190 3183 1407 3238 litteras
1452 3182 1706 3250 miserat,
1748 3182 1882 3238 huic

155 3273 596 3334 consecrationi
624 3273 917 3328 interesse.
952 3275 1058 3327 Per
1085 3271 1337 3327 hiemem
1368 3273 1522 3327 haud
1561 3271 1732 3327 dubie
1765 3288 1878 3326 non

158 3372 294 3423 sunt
323 3363 612 3436 regressi,
640 3363 736 3416 sed
775 3361 967 3433 potius
994 3361 1226 3416 ineunte
1256 3379 1388 3416 vere
1419 3361 1555 3416 anni
1597 3366 1879 3416 trecente-

159 3454 291 3508 simi
325 3450 706 3522 nonagesimi
734 3451 906 3517 sexti;
953 3449 1116 3504 citius
1146 3453 1360 3519 tamen,
1393 3466 1455 3504 ac
1486 3451 1654 3504 vellet
1691 3451 1882 3519 Augu-

159 3545 348 3599 stinus
385 3559 398 3595 :
435 3557 543 3596 nec
591 3557 691 3595 eos
736 3539 832 3594 ille
881 3539 1000 3594 sine
1051 3541 1304 3595 molestia
1345 3538 1578 3605 dimisit,
1621 3538 1881 3610 quamvis

153 3633 338 3687 unius
389 3628 622 3685 Paulini
686 3627 973 3682 revisandi
1021 3628 1203 3698 gratia
1242 3627 1430 3682 redire
1492 3629 1871 3681 maturarent.

166 3724 339 3776 Tanto
373 3721 571 3788 utique
602 3717 921 3772 dimittendi
945 3721 1100 3770 erant
1124 3717 1369 3779 velocius,
1403 3715 1481 3771 ait
1507 3715 1879 3786 Augustinus,

164 3815 372 3880 quanto
401 3808 559 3862 vobis
590 3807 884 3876 impensius
914 3806 1126 3859 obedire
1148 3805 1451 3874 cupiebant.
1479 3806 1582 3861 Sed
1607 3810 1806 3873 quanto
1823 3805 1884 3859 id

163 3899 461 3968 cupiebant
497 3897 696 3963 magis,
721 3900 869 3949 tanto
890 3909 981 3949 vos
1006 3895 1158 3948 nobis
1173 3897 1495 3963 praesentius
1522 3895 1879 3948 erchibebant:

163 4003 218 4041 eo
244 3989 460 4056 quippe
494 3984 834 4050 indicabant,
867 3999 1028 4052 quam
1062 3983 1231 4037 chara
1259 3988 1439 4036 vestra
1461 3985 1671 4036 viscera
1689 3987 1879 4037 essent.

169 4078 343 4130 Tanto
376 4076 558 4142 igitur
587 4089 672 4126 eos
703 4074 882 4126 minus
915 4072 1187 4125 dimittere
1216 4071 1543 4137 volebamus,
1570 4075 1770 4140 quanto
1788 4071 1883 4141 ju-

165 4169 306 4220 stius
338 4169 404 4218 ut
429 4163 838 4218 dimitterentur
865 4161 1167 4215 instabant.
1200 4159 1454 4214 Tradidit
1477 4159 1556 4213 eis
1586 4159 1883 4229 epistolam

167 4254 417 4309 Paulino
469 4255 528 4306 et
581 4250 864 4305 Therasim
909 4249 1264 4320 inscriptam,
1313 4264 1427 4318 qua
1472 4247 1885 4317 posterioribus

170 4341 384 4398 litteris
409 4358 444 4395 a
468 4339 706 4394 Paulino
746 4337 989 4408 acceptis
1031 4336 1426 4407 respondebat.
1450 4335 1560 4388 Nec
1580 4334 1638 4388 in
1660 4335 1763 4388 hac
1788 4335 1888 4388 mi-

171 4447 282 4484 nus
310 4437 583 4484 tenerum
616 4443 752 4498 erga
782 4443 913 4481 eum
945 4442 1220 4488 amorem,
1258 4423 1518 4478 minusve
1539 4424 1744 4478 ardens
1765 4424 1887 4492 ejus

175 4515 700 4577 videndi_studium
733 4515 1068 4582 testabatur,
1103 4531 1274 4586 quam
1307 4513 1367 4567 in
1389 4512 1625 4584 epistola
1655 4529 1756 4584 per
1782 4513 1889 4568 lto-

174 4608 518 4663 manianum
543 4605 752 4660 delata.
789 4606 863 4659 De
887 4622 990 4658 sua
1019 4603 1086 4658 ad
1113 4603 1507 4674 episcopatum
1531 4601 1887 4674 promotione

173 4697 486 4752 certiorem
526 4711 662 4749 eum
692 4693 838 4758 fecit,
888 4697 953 4748 ut
980 4690 1066 4747 illi
1095 4691 1462 4763 signiﬁcaret,
1505 4709 1562 4746 se
1589 4691 1658 4746 de
1696 4692 1884 4762 profe-

173 4787 366 4839 ctione
395 4784 460 4838 in
492 4783 739 4850 Italiam,
773 4782 894 4853 ejus
921 4781 1206 4836 invisendi
1252 4797 1440 4848 causa,
1489 4780 1735 4850 cogitare
1775 4795 1888 4833 non

176 4889 368 4945 posse,
415 4876 598 4943 utque
635 4870 825 4942 ipsum
877 4869 1272 4924 ecclesiasticis
1301 4868 1452 4923 curis
1481 4867 1886 4940 expeditiorem

179 4963 463 5032 (nondum
499 4959 655 5014 enim
687 4959 984 5030 episcopus
1014 4963 1137 5013 erat
1185 4957 1471 5027 Paulinus)
1513 4958 1580 5012 ad
1611 4957 1891 5027 trajicien-

179 5053 323 5107 dum
345 5051 407 5105 in
440 5049 690 5104 Africam
723 5047 1005 5114 invitaret,
1038 5052 1156 5102 tam
1189 5047 1261 5101 ad
1304 5046 1391 5100 sui
1438 5051 1889 5117 casterorumque

181 5139 480 5202 solatium,
524 5136 625 5207 qui
648 5136 798 5190 dona
822 5135 1094 5190 divinitus
1126 5136 1183 5189 in
1214 5151 1345 5188 eum
1376 5135 1577 5189 collata
1607 5135 1888 5190 miraban-

181 5233 276 5282 tur
299 5249 315 5295 ;
346 5244 522 5299 quam
555 5227 624 5280 ad
650 5242 848 5280 eorum
879 5225 1321 5291 institutionem,
1348 5223 1446 5296 qui
1473 5241 1536 5278 ea
1557 5224 1784 5278 credere
1805 5225 1891 5278 vel

183 5335 303 5372 non
335 5320 625 5389 poterant,
659 5315 744 5370 vel
778 5315 1069 5382 nolebant,
1103 5313 1212 5368 nisi
1249 5314 1407 5384 prius
1438 5313 1623 5384 ipsum
1656 5313 1891 5384 ejusque

183 5423 456 5476 sponsam
478 5408 793 5476 praesentes
813 5403 1188 5458 intuerentur.
1219 5405 1292 5456 Eo
1312 5419 1488 5472 usque
1507 5401 1890 5472 progreditur,

188 5499 250 5546 ut
279 5494 427 5548 dicat
453 5510 466 5547 :
492 5494 679 5548 Nescio
710 5493 759 5545 si
788 5491 1085 5560 quidquam
1114 5489 1513 5544 misericordias
1534 5490 1889 5558 agitis,quam

1624 216 1837 272 LIBER
1879 216 2226 283 QUARTUS.

3582 219 3687 273 214

1989 340 2040 392 si
2065 342 2272 393 tantum
2304 340 2484 394 nolitis
2519 340 2683 394 latere
2722 339 2868 408 quod
2897 340 3028 393 tales
3072 341 3218 406 estis,
3251 344 3514 408 quantum
3554 341 3685 395 tates

1989 443 2099 482 esse
2134 429 2379 482 voluistis
2423 429 2619 498 (Epist.
2655 431 2742 495 31,
2775 444 2864 482 nn.
2893 432 2945 494 3,
2977 427 3046 495 6).
3080 428 3210 498 Ejus
3235 427 3497 483 charitati
3527 445 3684 483 com-

1989 517 2220 572 mendat
2262 533 2507 587 puerum
2541 516 2857 587 (Vetustino
2886 533 3098 570 nomen
3129 519 3294 586 erat),
3330 516 3431 587 qui
3474 533 3604 570 reus
3631 523 3688 572 et

1990 604 2164 659 miser
2200 605 2372 659 fuisse
2417 604 2654 660 videtur.
2709 605 3130 660 Romanianum
3176 603 3394 675 pariter
3448 605 3688 678 ejusque

1990 693 2172 747 tilium
2205 693 2701 747 commendatione
2749 693 2902 764 apud
2947 693 3109 746 illum
3154 709 3256 747 sua
3288 692 3478 764 juvari
3509 692 3686 764 cupit.

1988 784 2121 838 Tres
2141 784 2318 837 libros
2347 800 2480 836 suos
2503 783 2570 836 de
2595 783 2796 837 Libero
2819 782 3068 853 Arbitrio
3089 782 3160 837 ad
3188 782 3454 836 eumdem
3483 781 3683 838 mittit.

1991 871 2176 942 Exigit
2202 871 2468 936 vicissim,
2501 875 2565 926 ut
2593 887 2765 943 quem
2809 871 3054 925 scribere
3085 870 3380 926 dicebatur
3419 872 3689 926 adversus

1990 961 2246 1032 Paganos
2273 960 2766 1025 commentarium,
2805 959 2872 1014 ad
2902 976 2960 1013 se
2990 959 3341 1014 transmittat
3362 976 3493 1014 cum
3523 959 3684 1014 libris

1989 1050 2206 1121 aliquot
2234 1049 2543 1115 Ambrosii,
2573 1048 2782 1121 quibus
2799 1051 3023 1102 sanctus
3050 1048 3144 1102 ille
3167 1048 3369 1103 doctor
3386 1047 3687 1119 imperitos

1990 1139 2267 1211 quosdam
2295 1143 2350 1193 et
2379 1138 2674 1208 superbos,
2707 1137 2942 1192 forsitan
2973 1137 3362 1208 philosophos.
3398 1137 3496 1210 qui
3531 1138 3687 1193 Chri-

1989 1232 2142 1282 stum
2181 1228 2248 1282 de
2293 1226 2545 1282 Platonis
2589 1227 2748 1281 libris
2777 1226 3076 1298 profecisse
3106 1226 3545 1292 contendebant,
3588 1243 3685 1281 co-

1989 1317 2307 1389 piosissimc
2352 1316 2636 1372 refutavit.
2693 1317 2891 1370 Nullus
2938 1331 3007 1369 ex
3057 1315 3145 1370 his
3191 1313 3476 1369 Ambrosii
3526 1312 3686 1368 libris

1992 1407 2158 1462 modo
2190 1410 2446 1479 superest
2475 1405 2666 1473 nobis;
2692 1405 2786 1460 sed
2805 1408 2995 1459 tamen
3027 1420 3142 1471 eos,
3175 1421 3304 1458 cum
3333 1402 3687 1474 Augustinus

1989 1513 2140 1567 saepe
2172 1496 2328 1550 velut
2357 1495 2616 1566 cognitos
2641 1494 2853 1561 laudet,
2880 1494 3034 1548 haud
3057 1492 3226 1548 dubie
3254 1510 3285 1546 a
3314 1491 3550 1547 Paulino
3580 1490 3688 1546 sibi

1989 1587 2191 1640 missos
2221 1585 2455 1655 accepit.
2491 1584 2700 1639 Orabat
2747 1599 2977 1655 quoque
3009 1582 3334 1650 Paulinum,
3366 1585 3427 1636 ut
3454 1596 3685 1653 panem,

1991 1691 2163 1744 quem
2194 1674 2476 1744 mittebat,
2506 1673 2754 1744 benigne
2782 1671 3082 1742 acciperet.
3118 1670 3394 1726 Eumdem
3425 1668 3686 1725 omnium

1990 1764 2230 1818 fratrum
2279 1764 2392 1817 Deo
2445 1761 2814 1816 servientium
2867 1764 3099 1815 nomine
3156 1759 3459 1828 salutabat,
3508 1757 3689 1829 ipsius

1990 1853 2162 1908 etiam
2194 1852 2347 1908 beati
2377 1850 2584 1906 Valerii
2613 1850 2820 1917 verbis,
2853 1865 3025 1921 quem
3056 1849 3242 1903 adhuc
3264 1852 3488 1920 patrem
3518 1863 3687 1902 suum

1990 1946 2303 2014 nuncupat,
2356 1941 2572 2012 quique
2621 1939 2845 2008 eodem,
2877 1955 2990 2010 quo
3018 1939 3161 2009 ipse,
3205 1937 3432 1992 Paulini
3461 1935 3687 1990 videndi

1989 2033 2175 2089 studio
2213 2033 2512 2104 ﬂagrabat.
2557 2030 2619 2086 Ei
2663 2035 2944 2102 prasterea
2981 2027 3169 2084 Severi
3199 2025 3537 2082 Milevitanae
3586 2028 3685 2081 Ec-

1990 2123 2173 2177 clesite
2205 2121 2472 2176 antistitis
2502 2120 2813 2174 ofﬁciosam
2837 2117 3224 2173 urbanitatem
3252 2115 3505 2170 exhibet.
3542 2116 3688 2180 Qua-

1989 2217 2224 2284 propter
2251 2210 2404 2265 haud
2422 2209 2657 2278 scimus,
2689 2225 2762 2264 an
2792 2208 2946 2263 idem
2966 2207 3206 2262 Severus
3228 2205 3320 2271 sit,
3345 2205 3446 2276 qui
3465 2204 3687 2259 litteras

1990 2301 2059 2355 ad
2089 2300 2393 2356 Paulinum
2423 2299 2593 2354 simul
2624 2298 2781 2354 dedit
2813 2314 2824 2352 :
2861 2295 3140 2368 siquidem
3164 2294 3338 2349 iidem
3360 2291 3688 2363 fratres,qui

1990 2388 2293 2461 Augustini
2321 2387 2620 2458 epistolam
2651 2390 2705 2442 et
2743 2385 2899 2441 illius
2919 2383 3293 2440 ordinationis
3323 2381 3589 2437 nuntium
3615 2380 3687 2436 ad

1991 2478 2291 2534 Paulinum
2323 2477 2668 2544 detulerunt,
2703 2476 2918 2531 litteras
2957 2474 3170 2546 pariter
3199 2461 3527 2528 sanctofum
3556 2469 3686 2542 epi-

1991 2584 2287 2640 scoporum
2333 2566 2568 2633 Aurelii,
2601 2565 2809 2637 Alypii,
2843 2562 3154 2631 Profuturi,
3188 2566 3244 2617 et
3271 2560 3464 2617 Severi
3495 2559 3684 2616 eidem

1989 2658 2360 2712 reddiderunt
2391 2657 2590 2727 (Epist.
2617 2659 2704 2722 3'2,
2735 2672 2791 2708 n.
2825 2656 2889 2724 1).
2925 2653 3106 2708 Facile
3135 2657 3326 2706 tamen
3357 2649 3686 2722 contingere

1989 2746 2196 2818 potuit,
2229 2749 2292 2800 ut
2321 2745 2476 2799 idem
2522 2745 2780 2808 Severus,
2814 2742 2912 2813 qui
2939 2742 3128 2812 primo
3172 2738 3510 2795 urbanitatis
3559 2743 3686 2793 tan-

1989 2841 2112 2891 tum
2141 2852 2257 2889 suae
2287 2833 2474 2889 ofﬁcia
2513 2849 2618 2904 per
2644 2831 3032 2903 Augustinum
3085 2831 3288 2884 offerre
3318 2829 3554 2884 Paulino
3587 2845 3684 2880 vo-

1990 2927 2190 2992 luerat,
2224 2923 2471 2994 quadam
2499 2925 2696 2992 postea
2743 2919 3078 2974 necessitate
3099 2918 3428 2988 compulsus
3450 2916 3520 2970 ad
3553 2931 3685 2970 eum

1991 3015 2112 3086 ipse
2143 3012 2452 3084 scripserit.

2061 3087 2132 3158 6(
2160 3103 2283 3158 Jam
2331 3098 2604 3156 Paulinus
2643 3099 2748 3154 hos
2779 3098 2979 3152 fratres
3007 3094 3232 3167 Agilem
3277 3098 3334 3150 et
3363 3094 3684 3167 Romanum

1989 3193 2174 3248 adhuc
2221 3193 2501 3262 praesente
2549 3187 2905 3243 Romaniano
2963 3185 3432 3258 praestolabatur;
3484 3198 3684 3238 verum

1989 3281 2220 3336 nonnisi
2238 3285 2368 3352 post
2387 3279 2542 3334 illius
2559 3277 2867 3333 discessum
2895 3277 3265 3331 advenerunt.
3293 3271 3570 3329 Postridie
3593 3271 3688 3327 ad-

1989 3373 2192 3424 ventus
2242 3368 2473 3422 illorum
2502 3364 2860 3422 Romaniano
2901 3363 3147 3433 scripsit,
3178 3365 3243 3416 ut
3271 3377 3403 3416 eum
3431 3360 3498 3415 de
3526 3363 3686 3430 opta-

1989 3457 2222 3514 tissimis
2238 3455 2455 3512 nuntiis
2484 3453 2729 3525 acceptis
2753 3453 2962 3507 faceret
2984 3451 3308 3515 certiorem,
3333 3447 3462 3502 etin
3483 3446 3687 3518 primis

1992 3549 2059 3603 de
2089 3545 2393 3619 Augustini
2423 3545 2493 3600 ad
2515 3544 2907 3615 episcopatum
2937 3539 3331 3610 provectione;
3364 3554 3477 3608 qua
3501 3537 3570 3590 de
3600 3552 3683 3598 re,

1991 3641 2162 3709 prout
2191 3639 2450 3690 sanctum
2479 3633 2666 3687 virum
2696 3631 2950 3696 decebat,
2973 3628 3316 3700 gratulatur.
3357 3624 3571 3680 Deinde
3605 3623 3686 3678 Li-

1991 3725 2240 3781 centium
2273 3724 2640 3777 vehementer
2663 3721 2951 3785 hortatur;
2984 3733 3157 3790 quem
3183 3731 3289 3788 per
3316 3719 3538 3786 patrem
3568 3712 3687 3784 pri-

1991 3831 2149 3869 mum
2178 3811 2506 3884 alloquitur,
2531 3827 2596 3866 ac
2612 3814 2738 3882 post
2755 3809 2945 3880 ipsum
2963 3812 3078 3862 tam
3095 3807 3281 3861 soluta
3298 3820 3471 3876 quam
3493 3803 3688 3858 stricta

1990 3902 2247 3956 oratione
2268 3900 2594 3974 compellat,
2627 3915 2741 3970 quo
2771 3895 3249 3970 ﬂagrantissimae,
3277 3897 3339 3948 ut
3367 3892 3465 3957 ait,
3497 3895 3690 3963 Augu-

1993 3992 2124 4046 stini
2157 3989 2544 4055 sollicitudini,
2570 4003 2744 4061 quam
2782 3988 2842 4042 in
2888 3983 3305 4057 posterioribus
3345 3981 3548 4037 litteris
3571 3981 3689 4036 suis

1993 4083 2314 4148 renovarat,
2363 4079 2572 4133 faceret
2602 4077 2756 4132 satis.
2798 4075 2968 4146 Optat
3012 4077 3074 4129 ut
3118 4074 3239 4127 haec
3272 4070 3499 4126 Domini
3529 4069 3685 4136 tuba,

1993 4187 2105 4242 qua
2130 4186 2234 4242 per
2261 4168 2649 4238 Augustinum
2675 4167 2917 4232 intonat,
2949 4162 3135 4218 cordis
3178 4161 3334 4215 illius
3365 4159 3552 4229 pulset
3580 4174 3686 4212 au-

1993 4245 2194 4315 ditum.
2229 4260 2425 4329 Sperat
2448 4257 2619 4311 etiam
2648 4271 2752 4326 pro
2782 4271 2883 4308 sua
2911 4255 2972 4307 in
3003 4255 3181 4307 Deum
3207 4245 3687 4314 ﬁducia,carnalia

1995 4349 2165 4418 hujus
2194 4346 2567 4402 adolescentis
2613 4349 2764 4410 vota,
2798 4342 2932 4398 ﬁdei
2960 4347 3014 4395 et
3048 4339 3193 4394 votis
3229 4335 3538 4408 Augustini
3567 4351 3687 4390 ces-

1996 4453 2154 4503 sura;
2198 4435 2289 4489 cui
2333 4434 2596 4488 videlicet
2641 4432 2785 4486 nihil
2835 4435 2980 4486 esset
3023 4425 3332 4498 antiquius,
3376 4439 3550 4496 quam
3603 4426 3689 4490 ut,

1996 4543 2169 4598 quem
2215 4522 2573 4579 Romaniano
2618 4521 2768 4592 patri
2797 4520 3034 4590 dignum
3065 4517 3344 4588 genuerat
3373 4513 3432 4570 in
3462 4513 3690 4583 litteris,

1995 4599 2148 4671 hunc
2170 4619 2225 4670 et
2248 4613 2354 4668 sibi
2376 4613 2487 4684 ipsi
2514 4611 2686 4682 digne
2713 4607 2974 4666 ﬁliumin
2997 4606 3216 4663 Christo
3245 4607 3475 4678 pareret
3495 4603 3693 4675 (Apud

1995 4707 2254 4773 August.,
2287 4704 2463 4772 Epist.
2506 4703 2618 4771 3'2).
2670 4699 2916 4756 Dubium
2962 4712 3079 4752 non
3110 4698 3212 4762 est,
3245 4693 3386 4766 quin
3415 4691 3690 4748 Paulinus

1995 4792 2300 4864 Augustini
2347 4791 2601 4864 epistolae
2644 4786 3024 4860 responderit,
3072 4790 3129 4840 et
3158 4783 3301 4856 quin
3331 4783 3474 4838 illud
3498 4781 3691 4837 nobile

1996 4899 2099 4954 per
2137 4881 2453 4936 amicorum
2505 4884 2764 4934 mutuam
2809 4876 3134 4931 societatem
3176 4878 3231 4928 et
3266 4871 3690 4930 commercium.

1999 4971 2154 5042 quod
2187 4969 2486 5040 utriusque
2529 4967 2712 5038 pietas
2757 4966 3008 5039 fecerat,
3037 4965 3298 5018 accurate
3326 4959 3692 5030 studioseque

1997 5059 2215 5114 foverit.
2253 5059 2425 5129 Cujus
2475 5056 2522 5110 si
2568 5071 2747 5127 pauca
2801 5053 2964 5108 nobis
3013 5051 3253 5122 vestigia
3297 5047 3606 5120 supersint,
3635 5047 3690 5099 id

2001 5155 2327 5219 temporum
2359 5147 2472 5200 fato
2501 5144 2871 5200 tribuendum
2897 5146 3011 5196 est:
3034 5141 3122 5195 ha:
3151 5137 3434 5212 siquidem
3463 5136 3691 5198 litterae,

2001 5242 2062 5292 ut
2090 5243 2146 5292 et
2171 5236 2297 5290 alite
2326 5235 2666 5302 innumerae,
2694 5233 3045 5289 exciderunt.
3077 5232 3360 5287 Caeterum
3389 5223 3695 5296 Augustini

2001 5329 2068 5382 ad
2102 5325 2406 5380 Paulinum
2443 5325 2658 5380 litteras
2702 5341 2817 5378 non
2846 5324 3041 5394 plures
3070 5324 3197 5376 octo
3217 5319 3379 5373 notat
3408 5313 3697 5369 Possidius

2003 5417 2082 5486 (In
2108 5416 2370 5480 Indicuto,
2402 5432 2523 5486 cap.
2554 5421 2636 5486 7);
2687 5431 2859 5487 quem
2900 5412 2960 5468 in
2989 5411 3172 5467 editis-
3201 5420 3506 5475 numerum
3547 5420 3699 5459 nunc

2004 5505 2299 5561 habemus.
