4008 6184
322 239 427 292 215

1009 356 1233 413 CAPUT
1273 358 1343 412 II.

205 484 234 510 .
331 450 350 501 1
385 447 514 514 Quis
543 445 741 501 anima:
770 444 987 500 habitus
1021 450 1163 512 erat,
1187 447 1346 515 quive
1373 459 1542 500 mores
1567 443 1867 512 Augustini
1904 443 2023 511 jam

398 536 658 605 episcopi.
697 538 728 587 2
752 535 826 588 In
859 535 1202 589 solitudinem
1238 537 1428 602 fugere
1455 535 1770 604 prohibetur
1797 547 1832 586 a
1870 533 1973 585 Deo
2007 545 2019 582 :

403 625 520 693 ejus
547 623 752 678 delicia
779 628 906 678 sunt
933 624 1229 693 Scriptura:
1251 626 1346 678 Dei
1364 628 1414 678 et
1441 639 1634 678 vacare
1658 627 1778 678 Deo.
1814 624 1844 675 3
1876 621 2023 687 Qua-

402 716 469 769 lis
499 715 548 767 ei
584 714 757 768 cultus
783 715 1023 782 corporis
1054 715 1111 767 in
1140 713 1375 768 vestibus
1404 716 1455 766 et
1481 711 1852 766 calceamentis
1883 723 2026 762 acce-

401 808 527 874 ptus
570 805 756 870 fuerit.
807 803 840 856 4
884 801 1010 868 Qum
1055 803 1181 872 ejus
1201 816 1404 856 mensa.
1441 804 1470 855 5
1503 800 1754 856 Manibus
1785 797 2027 868 quotidie

400 892 615 962 aliquid
639 892 858 961 operari
883 891 1058 958 vellet,
1085 893 1135 944 si
1156 906 1257 961 per
1283 890 1640 944 valetudinem
1669 893 1720 944 et
1745 903 1843 958 per
1872 902 2038 942 occa--

395 983 643 1052 pationes
669 982 867 1034 liceret.
905 981 935 1032 6
965 981 1189 1048 Inﬁrma
1215 978 1468 1033 valetudo
1497 980 1670 1049 ipsius
1717 983 1767 1032 et
1808 992 2027 1046 occupa-

402 1072 588 1124 tiones.
621 1073 652 1122 7
700 1067 1029 1123 Clericorum
1069 1070 1456 1122 monasterium
1496 1069 1556 1122 in
1585 1068 1844 1138 episcopii
1873 1066 2026 1121 domo

399 1161 659 1214 instituit.
692 1158 783 1214 Ad
811 1160 1016 1213 Latum
1052 1161 1209 1213 istius
1238 1161 1380 1226 forte
1407 1159 1723 1213 monasterii
1750 1159 2027 1211 alumnum

401 1247 648 1318 epistola.
701 1250 733 1302 8
771 1249 836 1301 In
875 1262 932 1300 eo
972 1249 1296 1301 monasterio
1342 1248 1666 1314 regulariter
1711 1250 1760 1300 et
1800 1251 2027 1314 anguste

401 1353 519 1392 cum
547 1338 660 1392 suis
691 1337 900 1392 clericis
928 1338 1181 1390 convivii.
1213 1339 1243 1390 9
1283 1337 1357 1390 Ut
1385 1351 1440 1390 se
1467 1335 1683 1405 gerebat
1711 1351 1840 1404 erga
1865 1337 2025 1402 femi-

400 1442 500 1481 nas
530 1441 544 1480 :
575 1425 783 1480 nullam
813 1440 876 1479 ne
906 1423 1123 1492 quidem
1160 1439 1227 1478 ea:
1257 1426 1665 1493 consanguineis
1695 1424 1940 1480 habitare
1969 1426 2027 1478 in

406 1532 508 1571 sua
537 1515 690 1570 domo
718 1529 913 1584 passus
946 1518 1041 1568 est.
1905 1505 1910 1509 ’

407 1608 457 1659 1.
491 1603 820 1675 Episcopale
850 1618 992 1656 onus
1022 1601 1244 1673 imponi
1264 1600 1371 1656 sibi
1392 1617 1508 1656 non
1539 1601 1695 1674 prius
1716 1618 1913 1674 passus
1943 1605 2027 1655 est

336 1691 704 1764 Augustinus,
740 1707 910 1762 quam
943 1691 1313 1746 constitutum
1342 1691 1653 1747 haberetin
1679 1690 2026 1758 animo,aata-

331 1784 448 1836 tem
472 1797 634 1836 suam
651 1780 709 1834 in
733 1780 935 1834 officiis
961 1781 1033 1836 ad
1051 1780 1106 1835 id
1120 1780 1537 1852 pertinentibus
1567 1786 1746 1835 totam
1779 1780 2023 1851 exigere.

333 1870 474 1926 Hinc
495 1871 556 1925 in
585 1870 807 1942 reliqua
835 1869 946 1924 vita
973 1869 1121 1925 nihil
1150 1871 1380 1924 molitus
1410 1886 1664 1942 unquam
1685 1869 1861 1941 aliud,
1882 1870 2030 1924 nihil

335 1976 634 2031 aggressus
674 1959 1013 2029 reperietur,
1045 1957 1155 2013 nisi
1185 1959 1343 2031 quod
1382 1959 1505 2030 ejus
1535 1959 1592 2014 in
1635 1959 1836 2014 fratres
1875 1977 2027 2027 suos,

333 2064 478 2119 quos
507 2050 572 2101 ut
602 2046 863 2102 dominos
887 2048 1240 2114 observabat,
1263 2047 1509 2102 charitas
1529 2053 1858 2119 exposceret
1880 2049 2032 2120 (Con-

333 2140 463 2204 fess.
498 2137 590 2190 lib.
626 2138 709 2201 10,
744 2151 863 2206 cap.
897 2137 950 2190 4.
981 2152 1037 2190 n.
1072 2137 1142 2204 6).
1177 2136 1282 2191 Sed
1313 2141 1619 2208 antequam
1645 2138 1806 2208 juxta
1826 2137 2030 2192 seriem

340 2240 626 2279 annorum
653 2224 966 2288 videamus,
1001 2224 1208 2296 quibus
1238 2225 1547 2293 laboribus,
1573 2231 1715 2296 quot
1733 2226 1956 2298 scriptis
1980 2233 2035 2282 et

335 2311 895 2386 peregrinationibus
923 2313 1085 2368 illum
1128 2314 1409 2369 fraternus
1457 2332 1615 2369 amor
1643 2315 2029 2386 implicuerit;

343 2402 678 2473 colligemus
705 2401 798 2456 hic
827 2403 1103 2456 nonnulla
1145 2403 1213 2458 de
1252 2403 1406 2458 illius
1431 2421 1535 2475 pro
1566 2404 1811 2459 Ecclesia
1838 2406 2032 2476 gestis,

338 2507 466 2561 quae
491 2489 654 2545 nobis
675 2490 742 2544 ad
761 2495 977 2544 certum
1008 2491 1266 2546 ordinem
1287 2496 1611 2564 temporum
1638 2509 1899 2549 revocare
1920 2511 2035 2549 non

339 2578 486 2632 licet.
522 2579 592 2634 Ut
629 2581 822 2632 autem
860 2578 930 2632 ab
961 2579 1041 2632 cis
1070 2596 1199 2650 quas
1241 2580 1309 2634 ad
1334 2580 1516 2650 ipsius
1545 2597 1732 2635 mores
1761 2586 2032 2652 spectant,

339 2667 606 2722 narrandi
638 2666 910 2722 faciamus
955 2667 1227 2736 initium;
1270 2669 1455 2740 qualis
1504 2675 1650 2724 esset
1678 2670 1886 2726 animus
1917 2688 2036 2726 suae

341 2754 572 2810 habitus
591 2754 780 2824 primo
803 2753 1158 2825 episcopatus
1179 2755 1268 2810 sui
1289 2757 1816 2828 tempore,ipsemet
1837 2759 1900 2813 in
1921 2759 2036 2813 suis

343 2843 810 2899 Confessionibus
839 2859 990 2898 anno
1017 2844 1084 2898 ab
1119 2843 1297 2915 ipsius
1327 2845 1686 2900 ordinatione
1716 2851 1920 2918 quarto
1950 2848 2035 2902 vel

343 2933 543 3006 quinto
566 2933 750 3003 editis,
771 2934 828 2988 in
847 2935 1024 2989 oculis
1043 2939 1462 3006 conspectuque
1479 2937 1739 2991 omnium
1757 2938 2034 3008 exposuit.

349 3024 491 3078 Nam
515 3039 642 3077 cum
664 3023 855 3093 jacere
885 3027 1134 3094 cuperet,
1165 3024 1441 3095 nulloque
1465 3023 1618 3079 inter
1637 3025 1899 3081 homines
1919 3042 2038 3082 esse

347 3127 611 3177 numero,
637 3127 788 3181 aegre
809 3112 1119 3167 admodum
1140 3112 1358 3168 ferebat
1379 3113 1476 3167 Vir
1495 3119 1744 3183 sanctus,
1769 3131 1826 3170 se
1842 3121 2040 3170 contra

349 3199 410 3254 in
444 3215 542 3253 ore
573 3199 832 3254 omnium
861 3200 1092 3266 versari,
1125 3206 1295 3272 atque
1316 3201 1488 3256 etiam
1514 3208 1723 3258 sancta:
1745 3219 2041 3259 conversa-

357 3287 529 3343 tionis
568 3288 800 3342 nomine
830 3304 1055 3343 summo
1087 3289 1326 3360 dignum
1351 3290 1566 3345 honore
1595 3291 1812 3348 haberi.
1843 3294 2040 3364 Itaque

350 3393 416 3432 ne
441 3377 505 3432 de
531 3392 586 3433 se
613 3379 902 3447 quisquam
923 3378 1220 3444 hominum,
1249 3378 1328 3433 ait
1349 3379 1652 3446 Possidius,
1685 3396 1855 3451 supra
1875 3399 2041 3450 quam

349 3481 405 3522 se
433 3481 544 3522 esse
569 3469 809 3534 noverat,
859 3466 1112 3534 crederet,
1155 3483 1261 3522 non
1303 3469 1474 3522 solum
1504 3469 1682 3538 qualis
1708 3474 1832 3524 ante
1853 3486 2038 3540 perce-

342 3560 499 3626 ptam
526 3557 765 3622 gratiam
795 3557 988 3624 fuerit,
1009 3555 1104 3609 sed
1134 3559 1295 3610 etiam
1322 3558 1502 3625 qualis
1524 3557 1645 3627 jam
1668 3563 1885 3628 sumpta
1903 3562 2042 3614 vive-

345 3644 759 3711 ret,dcsignavit
776 3644 1157 3714 (Possidius,in
1181 3646 1307 3700 Vita
1321 3645 1580 3715 August,
1601 3648 1657 3700 in
1675 3649 1886 3718 Praef.)
1911 3648 2040 3702 Cer-

346 3734 519 3788 ncbat
546 3737 826 3803 praeterea
854 3733 1047 3786 multis
1090 3732 1256 3786 bouis
1289 3733 1644 3802 Christianis,
1688 3735 1788 3808 qui
1831 3737 2044 3808 pariter

353 3821 482 3891 quis
512 3825 766 3891 tempore
798 3820 922 3890 ipso
971 3821 1397 3876 Confessionum
1436 3840 1669 3878 suarum
1701 3830 1849 3880 esset
1877 3843 2044 3881 nosse

349 3912 644 3978 cuperent,
669 3913 896 3978 gratum
919 3907 1201 3962 facturum
1232 3926 1290 3963 se
1312 3925 1428 3964 non
1450 3910 1572 3965 sine
1592 3928 1801 3984 magno
1821 3914 2040 3971 fructu:

350 3995 633 4067 siquidem
657 3994 699 4048 ii
725 3999 781 4049 et
810 3995 1022 4065 gratias
1053 3997 1169 4050 Deo
1195 3999 1374 4052 acturi
1393 3999 1461 4053 de
1488 3999 1776 4071 donisipsi
1796 4003 2033 4067 collatis,

349 4088 406 4138 et
432 4083 740 4156 perspectis
768 4083 891 4154 ejus
915 4085 1078 4139 malis
1107 4101 1213 4156 pro
1245 4087 1368 4157 ipso
1397 4089 1654 4160 rogaturi
1673 4096 1860 4146 essent
1881 4091 2037 4162 (Con-

351 4175 483 4241 fess.
518 4173 613 4228 lib.
640 4176 724 4240 10,
757 4190 877 4244 cap.
905 4176 957 4241 3,
996 4190 1054 4229 n.
1093 4175 1170 4246 4).
1215 4176 1470 4233 Primum
1509 4194 1645 4250 ergo
1677 4179 1724 4234 is
1769 4179 1909 4252 ipse,
1943 4181 2043 4253 qui

349 4262 436 4317 vir
465 4263 850 4318 sanctissimus
889 4279 953 4318 ac
983 4264 1104 4336 ejus
1134 4265 1282 4336 apud
1314 4267 1492 4321 Deum
1523 4268 1712 4323 meriti
1738 4285 1857 4325 esse
1886 4270 2040 4326 vide-

349 4356 527 4419 retur,
556 4352 616 4407 in
643 4369 755 4424 quo
784 4352 946 4408 facile
971 4353 1216 4425 quisque
1236 4370 1392 4424 spem
1417 4358 2044 4430 reponeret,proﬁtetur

349 4443 526 4494 totam
577 4457 735 4510 spem
783 4457 943 4496 suam
991 4441 1223 4496 nonnisi
1272 4442 1332 4497 in
1379 4460 1589 4516 magna
1616 4447 1776 4502 valde
1826 4447 2046 4502 miseri-

349 4527 542 4583 cordia
589 4529 688 4584 Dei
725 4530 892 4586 sitam
923 4547 1072 4598 esse;
1107 4531 1177 4586 ab
1205 4531 1302 4587 illo
1332 4548 1390 4588 se
1435 4538 1628 4603 petere
1672 4539 1736 4589 ut
1765 4535 1863 4590 det
1891 4536 2042 4608 quod

341 4615 527 4688 jubet,
555 4621 722 4689 atque
747 4619 852 4674 hoc
880 4624 1044 4690 pacto
1071 4621 1225 4693 quod
1256 4621 1391 4676 velit
1410 4621 1608 4692 jubeat
1636 4639 1650 4677 :
1683 4622 1825 4678 scire
1855 4639 2042 4693 se,ne-

348 4705 565 4760 minem
592 4723 755 4778 posse
786 4725 904 4763 esse
934 4710 1340 4778 continentem,
1369 4709 1475 4765 nisi
1502 4713 1647 4766 Deus
1673 4712 1803 4768 det:
1829 4713 2041 4786 quippe

348 4811 478 4850 cum
502 4811 608 4866 per
634 4796 997 4854 continentiae
1027 4800 1358 4856 mandatum
1389 4800 1555 4856 nobis
1586 4801 2042 4873 prmcipiaturuit

347 4883 686 4956 colligamur
713 4889 770 4940 et
792 4886 1120 4958 redigamur
1145 4890 1205 4944 in
1229 4906 1432 4957 unum,
1466 4907 1498 4945 a
1523 4907 1636 4963 quo
1665 4890 1726 4945 in
1752 4892 1931 4946 multa
1953 4893 2046 4947 de-

347 4971 617 5028 fluximus
648 4972 804 5044 (quia
830 4974 1093 5032 videlicet
1120 4977 1169 5032 is
1199 4978 1389 5034 minus
1414 4981 1591 5035 Deum
1616 4981 2040 5052 amat,quicum

345 5062 458 5116 Deo
486 5059 703 5133 aliquid
733 5066 910 5130 amat,
943 5064 1098 5134 quod
1125 5082 1236 5121 non
1264 5071 1500 5140 propter
1530 5070 1708 5124 Deum
1737 5069 1937 5137 amat);
1970 5069 2042 5123 ad

344 5149 486 5206 illud
511 5149 866 5222 implendum
896 5167 955 5206 se
975 5168 1078 5223 per
1106 5170 1164 5208 se
1197 5171 1311 5210 non
1341 5157 1621 5228 sufficere,
1655 5157 1752 5212 sed
1781 5157 2041 5228 indigere

345 5244 409 5294 ut
431 5242 503 5296 ab
532 5241 658 5312 ipso
704 5240 818 5295 Deo
859 5241 1218 5297 accendatur.
1272 5245 1314 5301 Ο
1354 5262 1524 5312 amor,
1575 5246 1672 5313 ait,
1713 5249 1811 5318 qui
1838 5263 2043 5317 semper

344 5330 501 5385 ardes
530 5334 581 5385 et
608 5346 888 5402 nunquam
912 5333 1306 5401 emstingueris!
1333 5335 1592 5391 Charitas
1617 5340 1756 5392 Deus
1785 5353 2041 5399 meus,ac-

291 5474 302 5480 ,
343 5408 513 5472 conde
539 5435 620 5475 me
645 5421 1072 5478 .Continentiam
1092 5422 1284 5492 jubes;
1332 5423 1406 5478 da
1435 5425 1580 5492 quod
1600 5425 1779 5496 jubes,
1829 5431 1878 5480 el
1909 5427 2040 5495 jube

343 5507 488 5578 quod
515 5509 599 5563 vis
628 5508 813 5579 (lbid.,
839 5526 962 5582 cap.
985 5513 1075 5579 29,
1107 5527 1161 5566 η.
1202 5512 1318 5582 40).
1355 5512 1570 5569 Deinde
1600 5531 1930 5586 quanquam
1962 5515 2033 5570 ad

1531 233 1706 292 VITA
1744 231 1797 289 S.
1840 229 2226 288 AUGUSTINI
2274 227 2616 286 EPlSCOPI.

3722 236 3835 288 216

2135 367 2261 406 eam
2292 352 2499 407 animae
2525 352 2826 407 sanitatem
2860 352 2980 423 jam
3011 351 3203 407 divino
3249 367 3488 407 munere
3525 354 3840 425 perductus

2136 444 2301 508 esset,
2328 445 2394 497 ut
2423 441 2777 497 confidenter
2809 442 2922 496 Deo
2951 441 3188 511 diceret,
3220 444 3338 498 Non
3367 443 3553 506 dubia,
3578 445 3671 498 sed
3688 451 3843 500 certa

2136 533 2476 598 conscientia,
2518 534 2757 594 Domine,
2793 547 2914 586 amo
2957 541 3006 586 te
3051 531 3231 600 (Ibid.,
3283 547 3403 602 cap.
3439 536 3491 599 6,
3523 549 3577 587 η.
3608 537 3658 598 8)
3700 550 3714 588 :
3745 538 3841 588 at-

2134 625 2326 675 tamen
2356 621 2564 676 multos
2591 625 2646 675 et
2674 637 2914 692 magnos
2937 637 3056 675 esse
3074 621 3378 690 languores
3408 637 3537 676 suos
3557 623 3840 693 agnoscit,

2136 710 2344 780 quibus
2400 708 2666 764 sanandis
2717 709 3035 764 necessaria
3101 708 3173 763 sit
3244 708 3600 764 medicinalis
3654 710 3843 782 gratia

2136 798 2343 852 Christi
2366 796 2687 854 Mediatoris
2709 798 2894 869 (Ibid.,
2919 813 3039 869 cap.
3073 800 3164 867 43,
3194 815 3248 853 n.
3275 799 3386 868 68).
3415 800 3557 853 Nam
3575 799 3836 871 turpium

2137 903 2328 942 rerum
2359 887 2637 956 imagines
2667 891 2721 941 et
2740 887 2930 942 vivere
2953 887 3136 942 adhuc
3156 886 3214 941 in
3238 904 3341 942 sua
3367 888 3642 942 memoria
3671 893 3841 943 testa-

2133 980 2250 1047 tur,
2290 981 2345 1032 et
2383 976 2489 1032 sibi
2520 993 2835 1044 occursare,
2866 976 3127 1048 vigilanti
3157 976 3392 1048 quidem
3423 981 3677 1032 carentes
3703 977 3840 1032 viri-

2137 1065 2262 1133 bus,
2291 1064 2352 1119 in
2382 1064 2596 1120 somnis
2624 1069 2816 1120 autem
2846 1080 2963 1120 non
2993 1065 3176 1119 solum
3201 1081 3380 1136 usque
3411 1065 3478 1120 ad
3501 1065 3834 1120 delectatio-

2136 1171 2288 1220 nem,
2323 1153 2420 1208 sed
2451 1153 2622 1208 etiam
2654 1170 2833 1225 usque
2850 1154 2921 1208 ad
2952 1151 3386 1208 consensionem
3413 1153 3742 1226 factumque
3773 1154 3845 1208 si-

2137 1244 2464 1299 millimum.
2485 1244 2822 1314 Quanquam
2842 1258 2992 1314 saepe
3015 1242 3188 1297 etiam
3205 1241 3265 1297 in
3285 1241 3502 1297 somnis
3517 1243 3840 1311 resistebat,

2137 1335 2193 1387 et
2217 1331 2305 1387 sui
2335 1347 2557 1386 memor
2601 1330 2904 1404 propositi,
2959 1335 3133 1404 atque
3176 1331 3237 1386 in
3265 1349 3333 1388 eo
3361 1331 3677 1390 castissime
3704 1349 3843 1405 per—

2137 1437 2393 1488 manens,
2424 1421 2648 1475 nullum
2679 1420 2886 1476 talibus
2914 1420 3195 1476 illecebris
3226 1421 3311 1476 vel
3341 1421 3635 1476 dormiens
3665 1422 3844 1477 adhi-

2136 1510 2306 1566 bebat
2331 1526 2622 1565 assensum
2646 1509 2828 1582 (lbid.,
2851 1526 2972 1580 cap.
3000 1512 3090 1576 20,
3121 1526 3178 1565 η.
3213 1511 3322 1581 tl).
3357 1511 3481 1576 Quo
3515 1510 3575 1565 in
3629 1527 3846 1583 genere

2137 1599 2276 1654 mali
2322 1599 2509 1654 adhuc
2546 1616 2604 1654 se
2642 1616 2762 1654 esse
2809 1599 3186 1671 comperiens,
3240 1599 3318 1653 sic
3365 1600 3684 1656 exsultabat
3712 1617 3844 1656 cum

2137 1691 2385 1743 tremore
2414 1687 2476 1743 in
2499 1704 2568 1743 eo
2598 1689 2753 1760 quod
2776 1688 2858 1743 illi
2882 1689 3030 1743 Deus
3052 1689 3379 1756 donaverat,
3410 1693 3475 1743 ut
3504 1688 3565 1744 in
3595 1706 3661 1743 eo
3693 1689 3848 1761 quod

2139 1777 2630 1834 inconsummatus
2659 1782 2782 1832 erat
2807 1779 3047 1848 lugeret.
3082 1778 3274 1849 Pergit
3295 1778 3366 1832 ad
3390 1777 3544 1833 aliud
3575 1780 3847 1834 tentatio-

2140 1867 2227 1923 nis
2249 1883 2453 1939 genus,
2477 1867 2631 1938 quod
2654 1883 2718 1921 ex
2741 1866 2949 1921 edendi
2965 1871 3021 1921 et
3037 1866 3617 1922 bibendinecessitate
3638 1867 3849 1924 oritur.

2144 1957 2255 2010 Hoc
2301 1955 2534 2027 quidem
2566 1973 2599 2010 a
2642 1957 2757 2010 Deo
2799 1955 3035 2010 edoctus
3067 1960 3206 2021 erat,
3257 1961 3321 2010 ut
3356 1956 3848 2027 quemadmodum

2143 2045 2575 2110 medicamenta,
2651 2045 2730 2098 sic
2798 2044 3071 2099 alimenta
3137 2049 3466 2115 sumpturus
3553 2046 3851 2101 accederet

2144 2136 2325 2207 (Ibid,
2365 2151 2487 2205 cap.
2542 2138 2630 2202 31,
2672 2151 2726 2190 n.
2760 2136 2845 2203 44)
2882 2151 2894 2188 :
2930 2135 3026 2189 sed
3057 2135 3193 2189 dum
3224 2135 3290 2189 ad
3323 2133 3578 2205 quietem
3616 2135 3852 2190 satieta-

2143 2224 2215 2279 tis
2263 2241 2329 2278 ex
2359 2223 2693 2295 indigentiae
2742 2224 2999 2279 molestia
3033 2223 3329 2291 transibat,
3363 2225 3422 2278 in
3447 2223 3572 2295 ipso
3603 2223 3853 2279 transitu

2144 2312 2252 2384 ipsi
2284 2312 2660 2368 insidiabatur
2700 2311 2936 2384 laqueus
2988 2313 3481 2383 concupiscentiae.
3531 2311 3680 2377 Quia
3719 2329 3852 2367 cum

2135 2409 2295 2474 "saepe
2324 2402 2606 2456 incertum
2644 2401 2736 2469 sit,
2787 2405 2979 2456 utrum
3030 2401 3213 2456 adhuc
3252 2401 3566 2456 necessaria
3596 2402 3856 2473 corporis

2145 2511 2280 2548 cura
2320 2493 2635 2548 subsidium
2688 2497 2865 2563 petat,
2921 2510 2992 2546 an
3032 2492 3351 2565 voluptaria
3380 2492 3712 2564 cupiditatis
3741 2492 3853 2546 fal-

2146 2582 2289 2637 lacia
2333 2580 2718 2636 ministerium
2770 2585 3034 2652 suppetat
3088 2597 3100 2634 :
3151 2580 3224 2634 ad
3273 2581 3382 2634 hoc
3431 2579 3715 2634 incertum
3761 2579 3854 2634 hi-

2147 2671 2370 2727 larescit
2415 2669 2614 2725 infelix
2651 2669 2863 2737 anima,
2911 2674 2966 2724 et
3005 2669 3064 2724 in
3095 2686 3161 2724 eo
3203 2673 3492 2742 praeparat
3535 2668 3852 2724 excusatio-

2147 2760 2236 2815 nis
2290 2758 2694 2831 patrocinium,
2744 2759 3000 2830 gaudens
3055 2774 3172 2812 non
3221 2773 3496 2830 apparere
3547 2757 3689 2829 quid
3717 2758 3857 2813 satis

2148 2846 2220 2900 sit
2251 2845 2628 2901 moderationi
2654 2845 3018 2915 valetudinis,
3048 2851 3114 2900 ut
3143 2847 3377 2900 obtentu
3409 2845 3607 2900 salutis
3641 2847 3853 2901 obum-

2147 2934 2273 2989 bret
2301 2935 2594 3005 negotium
2638 2935 2960 3006 voluptatis.
3010 2935 3105 2989 His
3143 2935 3557 2990 tentationibus
3588 2936 3853 3007 quotidie

2148 3023 2460 3077 conabatur
2506 3023 2792 3089 resistere,
2845 3027 2900 3078 et
2945 3023 3245 3078 invocabat
3294 3024 3586 3079 dexteram
3643 3025 3748 3080 Dei
3785 3025 3856 3079 ad

2149 3112 2386 3167 salutem
2419 3129 2612 3180 suam;
2645 3118 2703 3167 et
2732 3113 2801 3167 ad
2829 3130 2962 3168 eum
3006 3113 3290 3168 referebat
3319 3117 3492 3168 aestus
3529 3130 3684 3183 suos,
3716 3113 3857 3185 quia

2150 3201 2451 3257 consilium
2483 3201 2589 3256 sibi
2621 3202 2690 3256 de
2719 3203 2824 3256 hac
2855 3219 2914 3256 re
2941 3219 3056 3256 non
3081 3203 3284 3259 stabat.
3319 3203 3384 3257 Et
3412 3202 3642 3274 quidem
3673 3203 3859 3258 ebrie-

2149 3295 2235 3346 tas
2259 3290 2428 3361 longe
2446 3294 2566 3345 erat
2585 3291 2655 3344 ab
2681 3307 2747 3344 eo
2777 3307 2790 3345 :
2815 3291 3046 3362 crapula
3059 3295 3250 3346 autem
3280 3307 3701 3364 nonnunquam
3731 3291 3859 3346 sub-

2152 3379 2388 3450 repebat
2434 3379 2508 3447 ei,
2563 3379 2796 3449 crapula
2850 3385 3047 3434 tamen
3091 3396 3178 3447 ea,
3213 3397 3326 3452 qua
3355 3396 3473 3435 non
3501 3396 3598 3434 cor
3641 3379 3857 3452 ipsum,

2153 3468 2246 3523 sed
2280 3468 2510 3522 affectus
2542 3473 2599 3522 et
2627 3468 2906 3538 languens
2938 3469 3263 3524 stomachus
3291 3469 3351 3523 in
3388 3469 3651 3540 perfectis
3681 3470 3860 3524 etiam

2153 3556 2485 3613 Christianis
2538 3555 2847 3626 aliquando
2891 3562 3177 3628 gravatur.
3235 3557 3496 3612 Ebriosus
3550 3573 3861 3629 nunquam

2151 3645 2260 3700 fuit
2292 3662 2305 3700 :
2341 3645 2491 3717 quod
2525 3646 2637 3700 Deo
2663 3662 2895 3717 prorsus
2924 3651 3220 3717 acceptum
3262 3647 3455 3702 refert.
3503 3648 3567 3701 lu
3596 3645 3686 3700 his
3718 3663 3859 3718 ergo

2152 3733 2564 3788 tentationibus
2592 3733 2836 3805 positus,
2859 3735 3110 3790 certabat
3139 3734 3394 3806 quotidie
3418 3735 3689 3790 adversus
3718 3751 3861 3790 con-

2154 3821 2558 3892 cupiscentiam
2580 3821 2784 3876 edendi
2817 3825 2874 3877 et
2896 3821 3132 3876 bibendi
3158 3839 3170 3876 :
3199 3838 3444 3893 cumque
3465 3838 3582 3876 non
3606 3821 3665 3876 id
3688 3827 3861 3889 esset,

2155 3911 2306 3982 quod
2339 3910 2513 3965 semel
2542 3909 2875 3981 praecidere,
2916 3913 2972 3965 et
3000 3910 3068 3964 de
3099 3926 3213 3982 quo
3241 3909 3480 3964 ulterius
3525 3926 3640 3965 non
3692 3911 3864 3966 attin-

2151 3999 2336 4070 gendo
2368 3999 2674 4053 decernere
2707 4003 2929 4070 posset;
2960 3998 3108 4054 freni
3149 3999 3393 4070 gutturis
3419 4003 3742 4070 temperata
3774 4017 3864 4054 re-

2153 4087 2438 4142 laxatione
2471 4092 2527 4142 et
2554 4087 2959 4143 constrictione
2989 4087 3222 4144 tenendi
3253 4091 3433 4142 erant.
3460 4088 3566 4143 Sed
3595 4089 3864 4144 nondum

2153 4176 2201 4231 is
2231 4181 2370 4244 erat,
2404 4177 2501 4248 qui
2541 4193 2654 4232 non
2685 4181 2985 4248 raperetur
3037 4177 3463 4249 aliquantulum
3493 4183 3651 4232 extra
3681 4183 3866 4234 metas

2153 4265 2500 4321 necessitatis
2533 4281 2546 4321 :
2579 4282 2642 4321 ac
2668 4265 3040 4321 nihilominus
3063 4266 3468 4338 magniﬁcabat
3495 4283 3706 4321 nomen
3733 4267 3860 4334 Dei,

2153 4371 2346 4426 quem,
2379 4354 2480 4427 qui
2516 4355 2652 4410 vicit
2696 4355 2987 4421 saeculum,
3035 4372 3142 4427 pro
3190 4355 3368 4427 ipsius
3413 4355 3658 4426 peccatis
3691 4355 3866 4412 inter-

2151 4445 2418 4516 pellabat,
2451 4460 2759 4498 numerans
2789 4443 2977 4515 ipsum
3008 4444 3157 4499 inter
3184 4444 3416 4500 infirma
3446 4445 3708 4499 membra
3734 4462 3863 4501 cor-

2151 4533 2306 4606 poris
2331 4532 2436 4588 sui.
2465 4533 2622 4598 Quod
2654 4533 2722 4588 ad
2751 4532 3076 4588 illecebram
3109 4534 3352 4589 odorum
3380 4534 3648 4605 pertinet,
3681 4534 3752 4588 de
3796 4552 3866 4590 ea

2152 4633 2267 4671 non
2296 4616 2587 4688 satagebat
2614 4616 2785 4671 nimis
2837 4633 2850 4671 :
2896 4633 3024 4673 cum
3049 4617 3293 4688 jucundi
3332 4618 3597 4673 abessent
3625 4618 3862 4687 odores,

2152 4723 2270 4760 non
2298 4705 2656 4777 requirebat;
2689 4722 2821 4761 cum
2863 4707 3150 4772 adessent,
3179 4722 3296 4761 non
3327 4708 3654 4779 respuebat,
3686 4724 3865 4779 para-

2152 4799 2244 4850 tus
2273 4795 2352 4850 eis
2371 4811 2598 4866 semper
2625 4810 2835 4850 carere.
2870 4795 2978 4850 Sed
3006 4794 3266 4866 quamvis
3284 4794 3366 4850 ita
3403 4795 3511 4850 sibi
3542 4793 3865 4866 videretur,

2152 4893 2258 4948 hac
2287 4891 2348 4947 in
2372 4907 2432 4946 re
2459 4896 2650 4947 tamen
2674 4891 2790 4947 falli
2820 4908 2879 4946 se
2901 4892 3140 4948 timebat
3175 4907 3190 4947 :
3221 4892 3434 4965 quippe
3459 4908 3590 4948 cum
3623 4908 3761 4948 eum
3788 4893 3868 4948 la-

2150 4984 2297 5037 teret
2322 4981 2558 5036 facultas
2589 4998 2690 5036 sua
2721 4997 2848 5053 quae
2877 4980 2936 5034 in
2962 4980 3085 5051 ipso
3115 4985 3259 5050 erat,
3289 4985 3347 5036 et
3367 4981 3594 5036 animus
3615 4980 3776 5052 illius
3796 4983 3868 5037 de

2151 5070 2366 5125 viribus
2395 5069 2511 5124 suis
2539 5069 2662 5141 ipse
2693 5069 2800 5125 sibi
2844 5086 2957 5124 non
2986 5069 3151 5124 facile
3182 5069 3530 5125 credendum
3563 5069 3868 5126 existima-

2152 5164 2265 5227 ret;
2313 5158 2448 5231 quia
2476 5158 2632 5230 quod
2676 5159 2844 5222 inest,
2896 5159 3241 5230 plerumque
3288 5160 3571 5214 occultum
3602 5164 3710 5225 est,
3753 5160 3869 5214 nisi

2152 5247 2502 5320 experientia
2529 5249 2896 5303 manifestum
2923 5247 3041 5303 tiat.
3073 5249 3403 5320 Voluptates
3446 5247 3675 5302 aurium
3709 5253 3870 5303 tena-

2151 5337 2270 5392 cius
2301 5354 2434 5392 eum
2466 5337 2923 5408 implicaverant,
2955 5341 3014 5392 et
3041 5336 3492 5408 subjugaverant
3525 5336 3665 5390 :sed
3718 5338 3874 5392 Deus

2151 5425 2460 5480 resolveret
2515 5430 2572 5481 et
2627 5425 2968 5481 liberaverat
3014 5443 3168 5482 eum.
3220 5427 3377 5482 Tunc
3427 5441 3565 5497 ergo
3596 5425 3656 5479 in
3689 5426 3876 5496 sonis,

2153 5531 2298 5587 quos
2341 5514 2597 5571 animant
2625 5515 2816 5571 divina
2847 5515 3093 5588 eloquia,
3124 5531 3254 5572 cum
3287 5515 3446 5571 suavi
3475 5518 3532 5570 et
3556 5515 3878 5573 artificiosa
