4008 6184
160 268 247 318 217
1614 271 1824 328 LIBER
1876 270 2235 339 QUARTUS.

171 404 290 443 voce
336 393 666 459 cantantur,
699 388 1121 462 aliquantulum
1151 392 1563 465 acquiescebat,
1590 411 1704 449 non
1742 394 1871 465 qui-

168 479 283 533 dem
312 484 380 533 ut
411 479 681 549 haereret,
714 480 813 535 sed
842 484 906 535 ut
934 496 1064 535 eum
1093 482 1262 537 vellet
1300 488 1574 554 surgeret.
1610 486 1875 539 Attamen

168 567 471 639 aliquando
498 569 629 639 plus
652 569 760 623 sibi
786 569 1083 625 videbatur
1111 570 1342 625 honoris
1367 572 1433 626 iis
1460 572 1613 626 sonis
1658 574 1869 627 tribue-

167 674 235 723 re,
266 674 448 729 quam
478 659 736 724 deceret;
773 659 908 713 dum
941 659 1079 729 ipsis
1109 660 1316 714 sanctis
1348 660 1511 715 dictis
1551 661 1872 731 religiosius

164 752 211 799 et
254 747 557 801 ardentius
605 747 846 802 sentiret
902 748 1117 803 moveri
1164 749 1423 803 animum
1468 751 1528 804 in
1577 750 1869 804 flammam

168 834 405 906 pietatis,
451 852 579 890 cum
618 836 696 890 ita
744 842 1069 905 cantantur,
1099 856 1273 910 quam
1319 839 1513 894 sinon
1562 840 1639 894 ita
1686 846 1871 894 cauta-

166 930 355 978 rentur
430 925 671 993 (Ibidem,
732 942 854 996 cap.
914 929 1001 993 33,
1058 944 1114 981 n.
1182 927 1292 998 49).
1355 930 1497 983 Nam
1569 928 1869 983 delectatio

166 1012 341 1067 carnis
394 1030 549 1085 sa‘pe
606 1030 739 1067 eum
804 1016 1054 1083 fallebat,
1114 1016 1249 1071 dum
1300 1016 1580 1071 rationem
1637 1022 1871 1089 propter

163 1118 329 1173 quam
361 1108 654 1157 meruerat
693 1103 942 1172 admitti,
968 1103 1141 1159 etiam
1176 1122 1529 1177 priecurrere
1561 1122 1625 1161 ac
1664 1107 1868 1162 ducere

160 1195 479 1245 conaretur.
516 1192 600 1246 Ita
626 1191 685 1245 in
716 1192 805 1246 his
830 1193 1100 1263 peccabat
1128 1210 1245 1249 non
1275 1195 1544 1261 sentiens,
1578 1195 1676 1251 sed
1707 1199 1866 1266 post-

162 1295 221 1333 ea
247 1279 550 1334 sentiebat.
583 1280 905 1353 Aliquando
943 1282 1091 1336 hanc
1122 1283 1303 1354 ipsam
1334 1284 1614 1339 fallaciam
1644 1300 1862 1351 cavens,

160 1367 381 1422 errabat
412 1367 595 1423 nimia
624 1370 942 1437 severitate,
976 1386 1039 1425 ac
1067 1372 1227 1426 valde
1260 1371 1572 1439 interdum,
1608 1378 1668 1426 ut
1694 1373 1868 1427 melos

160 1472 323 1510 omne
350 1456 774 1512 cantilenarum
806 1457 1089 1525 suavium,
1123 1459 1330 1530 quibus
1361 1459 1687 1515 Davidicum
1714 1461 1867 1533 psal-

158 1544 361 1598 terium
391 1544 819 1616 frequentatur,
855 1546 924 1601 ab
955 1547 1192 1602 auribus
1222 1548 1337 1602 suis
1368 1548 1650 1603 removeri
1676 1550 1866 1617 vellet,

157 1638 325 1706 atque
364 1632 547 1704 ipsius
584 1634 876 1703 Ecclesiae;
912 1635 1204 1708 tutiusque
1238 1636 1345 1691 sibi
1377 1636 1667 1693 videretur
1714 1638 1870 1711 quod

156 1722 218 1777 de
246 1722 641 1778 Alexandrino
683 1723 950 1795 episcopo
989 1725 1298 1780 Athanasio
1338 1743 1488 1797 saepe
1518 1726 1624 1781 sibi
1654 1726 1869 1782 dictum

154 1813 519 1882 meminerat,
552 1812 651 1884 qui
692 1817 807 1867 tam
856 1814 1081 1869 modico
1125 1815 1275 1869 ﬂexu
1317 1815 1465 1869 vocis
1506 1816 1750 1871 faciebat
1778 1828 1869 1871 so-

155 1918 287 1955 nare
317 1902 599 1956 lectorem
628 1902 854 1972 psalmi,
885 1908 949 1957 ut
981 1903 1379 1973 pronuntianti
1420 1904 1660 1959 vicinior
1701 1910 1868 1972 esset,

154 2006 331 2061 quam
362 1990 611 2043 canenti.
645 1991 1049 2044 Verumtamen
1095 2008 1225 2045 cum
1271 1991 1745 2047 reminiscebatur
1789 1995 1868 2047 la-

148 2096 378 2150 crymas
413 2096 557 2150 quas
584 2079 809 2134 fuderat
834 2079 903 2134 ad
933 2085 1134 2134 cantus
1164 2081 1421 2135 Ecclesiae
1452 2081 1511 2135 in
1540 2082 1871 2153 primordiis

150 2174 511 2239 recuperata:
544 2167 678 2222 fidei
701 2185 837 2235 suae,
865 2174 1264 2242 quantumque
1291 2171 1656 2241 postmodum
1682 2187 1871 2225 move-

146 2263 333 2323 retur,
366 2274 486 2312 non
532 2262 721 2327 cantu,
754 2258 849 2312 sed
892 2259 1061 2313 rebus
1101 2275 1231 2330 qua:
1278 2264 1597 2327 cantantur,
1631 2276 1760 2314 cum
1803 2260 1868 2313 li-

148 2347 330 2418 quida
352 2363 490 2401 voce
512 2351 566 2400 et
584 2346 1119 2402 convenientissima
1143 2348 1528 2403 modulatione
1550 2352 1869 2415 cantantur,

149 2451 430 2506 magnam
461 2434 709 2490 instituti
738 2436 910 2507 hujus
940 2436 1249 2491 utilitatem
1280 2454 1474 2492 rursus
1507 2438 1866 2508 agnoscebat.

148 2526 298 2579 Cum
328 2529 528 2579 autem
552 2524 658 2579 sibi
681 2525 978 2592 accideret,
1004 2530 1067 2580 ut
1091 2525 1279 2597 ipsum
1303 2527 1430 2597 plus
1450 2532 1667 2594 cantus,
1698 2542 1870 2598 quam

152 2631 241 2668 res
275 2629 412 2685 quae
442 2614 669 2668 canitur
696 2620 980 2681 moveret;
1014 2615 1318 2686 poenaliter
1347 2633 1404 2670 se
1438 2632 1670 2687 peccare
1698 2632 1872 2687 agno-

148 2704 369 2771 scebat,
400 2708 458 2757 et
487 2707 624 2757 tunc
648 2703 845 2757 mallet
863 2719 979 2757 non
1012 2703 1207 2759 audire
1237 2708 1579 2758 cantantem.
1617 2708 1749 2759 Ecce
1780 2705 1874 2759 ubi

146 2810 290 2859 sum,
328 2792 452 2847 ait:
484 2796 603 2861 ﬂete
632 2808 853 2859 mecum,
888 2798 937 2847 et
961 2809 1063 2862 pro
1102 2809 1183 2848 me
1208 2794 1349 2858 ﬂete,
1381 2796 1478 2864 qui
1506 2795 1719 2864 aliquid
1749 2795 1873 2849 boni

145 2882 427 2937 vobiscum
472 2883 619 2935 intus
668 2884 835 2949 agitis
874 2881 1015 2935 unde
1054 2884 1207 2949 facta
1249 2883 1565 2952 procedunt.
1601 2885 1741 2940 Nam
1779 2886 1876 2953 qui

146 2988 253 3025 non
297 2972 496 3040 agitis,
545 2986 651 3025 non
696 2985 807 3025 vos-
838 2971 945 3025 haec
984 2974 1192 3025 movent
1242 2971 1437 3040 (Ibid.,
1493 2988 1546 3026 n.
1599 2971 1709 3043 50).
1762 2972 1870 3026 Re-

140 3060 391 3114 sistebat
435 3075 672 3130 quoque
718 3059 1142 3114 seductionibus
1201 3060 1521 3127 oculorum,
1577 3065 1633 3115 et
1686 3060 1871 3131 erige-

137 3149 241 3203 bat
273 3149 348 3203 ad
404 3149 590 3203 Deum
639 3148 955 3203 invisibiles
1000 3149 1213 3204 oculos.
1264 3151 1328 3204 Et
1366 3149 1598 3221 quidem
1635 3150 1873 3222 pulchra

138 3239 392 3310 trajecta
421 3254 527 3309 per
570 3237 792 3292 animas
838 3238 897 3292 in
930 3254 1132 3293 manus
1170 3238 1502 3294 artiﬁciosas
1533 3242 1765 3294 noverat
1802 3239 1870 3294 ab

135 3327 243 3381 illa
282 3326 732 3399 pulchritudine
772 3326 986 3394 venire,
1020 3343 1149 3399 quae
1189 3344 1359 3400 super
1388 3328 1607 3382 animas
1646 3332 1747 3393 est,
1781 3328 1872 3382 cui

140 3416 495 3488 suspirabat
522 3415 720 3469 anima
759 3415 881 3487 ejus
911 3416 1001 3471 die
1046 3432 1110 3470 ac
1153 3421 1337 3472 nocte.
1374 3416 1555 3471 Etiam
1591 3415 1715 3470 istis
1744 3417 1872 3487 pul-

135 3506 300 3559 chris
333 3520 603 3575 gressum
647 3503 987 3569 innectebat,
1025 3521 1198 3570 quem
1240 3506 1389 3560 Deus
1418 3506 1733 3560 evellebat:
1776 3522 1870 3557 ca-

136 3592 425 3663 piebatur
455 3590 882 3660 miserabiliter,
912 3596 969 3646 et
1000 3594 1145 3647 Deus
1172 3594 1452 3648 evellebat
1488 3592 1870 3647 misericordi-

134 3686 261 3748 ter;
297 3680 619 3752 aliquando
658 3697 775 3735 non
814 3680 1175 3749 sentientem,
1208 3682 1343 3753 quia
1372 3682 1701 3753 suspensius
1728 3681 1869 3736 inci-

139 3771 343 3835 derat;
394 3769 714 3840 aliquando
765 3786 894 3823 cum
946 3770 1167 3839 dolore,
1219 3770 1354 3839 quia
1396 3771 1517 3841 jam
1566 3771 1873 3826 inhaeserat

141 3860 348 3928 (Ibid.,
382 3874 510 3928 cap.
538 3859 628 3924 34,
660 3873 751 3912 nn.
776 3862 866 3927 52,
896 3858 1007 3929 53).
1030 3860 1156 3914 Jam
1179 3858 1226 3913 si
1257 3860 1326 3914 de
1356 3859 1694 3914 curiositatis
1719 3876 1872 3914 mor-

140 3948 214 4001 bo
247 3947 471 4019 agitur,
505 3946 688 4000 multa
718 3946 1057 4018 praeciderat
1086 3952 1144 4002 et
1173 3964 1203 4002 a
1234 3965 1336 4003 suo
1367 3949 1534 4003 corde
1562 3948 1873 4021 dispulerat

142 4036 517 4109 Augustinus
548 4064 558 4089 ε
605 4052 721 4090 non
761 4040 957 4091 tamen
994 4037 1239 4092 audebat
1284 4037 1492 4104 dicere,
1525 4038 1683 4092 nulla
1720 4054 1781 4091 re
1813 4054 1871 4092 se

145 4128 447 4180 intentum
486 4124 615 4179 ﬁeri
660 4125 730 4180 ad
768 4126 1139 4197 spectandum
1184 4130 1239 4180 et
1269 4142 1414 4180 vana
1461 4143 1598 4180 cura
1640 4127 1871 4198 capien-

148 4216 311 4269 dum.
364 4215 511 4269 Eum
535 4213 659 4284 jam
706 4214 929 4269 theatra
973 4231 1093 4269 non
1141 4214 1462 4286 rapiebant,
1495 4232 1599 4269 nec
1637 4216 1874 4269 curabat

148 4320 324 4358 nosse
382 4302 664 4357 transitus
715 4302 996 4371 siderum;
1047 4320 1152 4358 nec
1203 4304 1395 4358 anima
1440 4304 1561 4375 ejus
1616 4320 1872 4376 unquam

149 4408 437 4463 responsa
467 4390 731 4462 quaesivit
759 4393 1125 4461 umbrarum;
1159 4392 1356 4447 omnia
1385 4392 1660 4464 sacrilega
1687 4409 1871 4447 sacra-

152 4486 356 4535 menta
386 4480 797 4537 detestabatur.
841 4482 1063 4553 Agebat
1100 4487 1294 4537 autem
1324 4481 1612 4547 inimicus,
1645 4482 1873 4554 quantis

156 4574 388 4641 poterat
417 4570 855 4641 suggestionum
894 4570 1434 4638 machinationibus,
1466 4587 1595 4626 cum
1628 4588 1718 4639 eo,
1749 4575 1811 4626 ut
1841 4588 1874 4626 a

161 4660 275 4713 Deo
307 4658 543 4730 signum
572 4657 807 4731 aliquod
836 4664 1061 4730 peteret
1088 4676 1101 4715 :
1136 4660 1233 4715 sed
1264 4677 1294 4713 a
1321 4663 1514 4713 sancto
1542 4660 1673 4713 Viro
1703 4660 1872 4731 longe

159 4751 283 4801 erat
311 4746 425 4801 ista
466 4747 762 4802 consensio
807 4748 988 4819 (Ibid,
1024 4764 1143 4819 cap.
1188 4750 1275 4815 35,
1317 4764 1373 4802 n.
1417 4749 1524 4818 56).
1573 4748 1870 4802 Verumta-

162 4853 294 4891 men
328 4836 386 4890 in
413 4835 611 4890 multis
633 4836 1035 4893 minutissimis
1060 4838 1233 4892 rebus
1262 4836 1561 4891 curiositas
1584 4837 1706 4908 ejus
1737 4854 1875 4908 quo-

160 4926 301 4980 tidie
329 4925 680 4992 tentabatur,
713 4930 770 4980 et
798 4942 949 4997 saepe
980 4926 1296 4981 labebatur.
1329 4924 1546 4997 Saepius
1576 4930 1873 4980 narrantes

162 5014 357 5069 inania
387 5014 579 5085 primo
604 5014 770 5086 quasi
797 5015 1099 5083 tolerabat,
1130 5030 1203 5070 ne
1238 5014 1553 5069 offenderet
1579 5014 1870 5085 inﬁrmos;

162 5103 369 5158 deinde
394 5103 674 5175 paulatim
712 5104 955 5158 libenter
991 5104 1336 5159 advertebat.
1385 5105 1595 5159 Canem
1638 5119 1871 5158 curren-

164 5197 280 5246 tem
310 5196 440 5264 post
466 5192 727 5263 leporem
749 5194 871 5264 jam
903 5210 1020 5248 non
1050 5193 1339 5264 spectabat
1358 5208 1489 5247 cum
1514 5191 1575 5246 in
1596 5192 1744 5247 circo
1771 5192 1871 5247 ﬁe-

165 5286 287 5335 ret:
324 5285 382 5335 at
409 5297 547 5336 vero
574 5282 635 5335 in
666 5297 829 5353 agro,
860 5282 908 5336 si
937 5298 1069 5337 casu
1097 5281 1389 5348 transiret,
1423 5282 1711 5336 avertebat
1739 5297 1872 5336 eum

164 5370 419 5425 fortassis
450 5376 509 5425 et
537 5370 607 5425 ab
643 5371 839 5443 aliqua
877 5387 1084 5442 magna
1111 5370 1477 5442 cogitatione,
1511 5375 1682 5443 atque
1713 5370 1784 5425 ad
1814 5387 1872 5425 se

166 5460 539 5515 convertebat
567 5460 668 5515 illa
696 5460 949 5529 venatio,
980 5476 1095 5515 non
1127 5459 1359 5531 quidem
1401 5458 1623 5513 deviare
1663 5474 1871 5530 cogens

160 5564 394 5620 corpore
417 5548 669 5620 jumenti
714 5547 807 5603 cui
847 5548 991 5605 forte
1028 5546 1320 5615 insideret,
1354 5547 1450 5603 sed
1481 5546 1665 5603 cordis
1708 5547 1843 5605 incli

3514 256 3751 339 '218'

1988 396 2243 453 natione.
2285 398 2425 452 Eum
2467 412 2694 469 quoque
2732 397 2888 452 domi
2929 399 3221 455 sedentem
3252 401 3437 457 stellio
3467 420 3690 462 muscas

1985 491 2236 556 captans,
2270 488 2358 541 vel
2397 503 2605 541 aranea
2646 486 2860 540 retibus
2898 487 3014 541 suis
3051 488 3334 545 irruentes
3363 490 3683 562 implicans,

1983 574 2266 629 intentum
2306 575 2565 629 faciebat.
2616 576 2897 647 Pergebat
2942 578 3176 649 quidem
3223 579 3294 634 ad
3337 580 3687 639 laudandum

1987 664 2185 726 Deum,
2272 668 2583 718 creatorem
2662 663 2966 718 miriﬁcum
3051 670 3222 738 atque
3305 668 3687 725 ordinatorem

1983 753 2263 819 omnium,
2311 754 2405 807 sed
2450 770 2566 806 non
2614 753 2746 807 inde
2795 754 3048 809 intentus
3080 772 3199 810 esse
3244 755 3572 829 incipiebat.
3626 761 3691 815 Et

1979 842 2185 895 talibus
2244 841 2358 895 vita
2428 842 2549 912 ejus
2604 843 2775 912 plena
2832 848 2972 906 erat,
3044 848 3099 898 et
3161 862 3277 899 una
3333 863 3461 917 spes
3537 847 3681 918 ejus,

1981 948 2184 1003 magna
2230 932 2391 985 valde
2448 932 2835 986 misericordia
2886 933 2983 986 Dei
3040 933 3226 1005 (lbid.,
3288 952 3348 990 n.
3416 938 3527 1001 57).
3588 938 3685 992 Sa-

1980 1025 2211 1076 naverat
2280 1020 2545 1092 primitus
2616 1036 2746 1075 euru
2801 1022 2950 1075 Deus
3006 1039 3040 1076 a
3094 1023 3330 1079 libidine
3392 1025 3684 1081 vindican-

1978 1110 2082 1164 di:
2138 1126 2250 1179 quo
2312 1109 2593 1180 propitius
2667 1110 2832 1164 ﬁeret
2887 1110 3059 1165 etiam
3134 1114 3350 1167 caeteris
3420 1115 3688 1171 omnibus

1978 1193 2099 1263 ejus
2131 1193 2553 1265 iniquitatibus.
2595 1193 3019 1265 Compresserat
3048 1211 3081 1248 a
3108 1195 3315 1250 timore
3345 1214 3447 1251 suo
3488 1215 3686 1269 super-

1978 1281 2130 1336 biam
2163 1282 2303 1353 ejus,
2338 1288 2392 1338 et
2421 1283 2869 1337 mansuefecerat
2894 1282 3033 1355 jugo
3066 1300 3166 1339 suo
3204 1286 3481 1341 cervicem
3528 1289 3685 1358 ejus;

1978 1368 2054 1424 ita
2077 1376 2137 1425 ut
2145 1371 2266 1442 jam
2291 1371 2433 1427 illud
2457 1371 2708 1443 portanti
2728 1373 2855 1427 lene
2868 1376 3016 1427 esset
3036 1374 3224 1444 (Ibid,
3245 1390 3365 1444 cap.
3393 1378 3479 1442 36,
3502 1392 3556 1430 η.
3578 1377 3684 1446 58).

1980 1460 2088 1515 Sed
2138 1460 2320 1515 laudis
2360 1462 2627 1516 humanas
2678 1461 2991 1516 tentatione
3034 1462 3291 1533 quotidie
3337 1464 3683 1532 tentabatur,

1980 1548 2101 1604 sine
2127 1550 2441 1606 cessatione
2471 1551 2814 1606 tentabatur.
2852 1554 2930 1606 Tu
2958 1554 3121 1612 nosti,
3156 1552 3341 1623 inquit
3384 1552 3455 1606 ad
3484 1554 3688 1623 Deum,

1980 1637 2045 1692 de
2066 1639 2164 1693 hac
2194 1656 2252 1693 re
2283 1640 2357 1693 ad
2386 1644 2435 1693 te
2463 1642 2719 1709 gemitum
2748 1640 2924 1695 cordis
2952 1644 3058 1696 mei
3086 1644 3135 1695 el
3163 1643 3391 1709 ﬂumina
3420 1643 3692 1697 oculorum

1980 1743 2233 1782 meorum.
2268 1730 2448 1797 Neque
2488 1730 2628 1782 enim
2677 1730 2844 1795 facile
2888 1730 3097 1797 colligo,
3141 1745 3305 1798 quam
3333 1732 3434 1784 sim
3482 1731 3551 1785 ab
3581 1733 3691 1786 ista

1978 1821 2124 1885 peste
2152 1817 2496 1884 mundatior;
2526 1822 2574 1871 et
2599 1819 2827 1871 multum
2859 1820 3015 1872 timeo
3047 1821 3255 1873 occulta
3280 1835 3416 1885 mea,
3451 1835 3569 1889 quae
3593 1835 3688 1873 no-

1980 1909 2108 1958 runt
2129 1906 2270 1959 oculi
2294 1907 2395 1971 tui,
2423 1907 2528 1959 mei
2546 1910 2722 1960 autem
2746 1922 2871 1960 non.
2897 1907 3198 1962 Contristor
3230 1907 3529 1976 aliquando
3569 1909 3689 1962 lau-

1982 1995 2141 2048 dibus
2170 1996 2322 2063 meis,
2354 2010 2473 2049 cum
2498 1996 2582 2049 vel
2622 2010 2684 2048 ea
2725 1994 3024 2048 laudantur
3060 1998 3117 2048 in
3146 2011 3226 2049 me
3263 1997 3320 2049 in
3351 1996 3546 2065 quibus
3575 1999 3691 2065 ipse

1980 2085 2118 2137 mihi
2153 2083 2444 2153 displiceo;
2475 2084 2557 2138 vel
2598 2086 2761 2137 etiam
2808 2084 2945 2138 bona
2973 2086 3185 2138 minora
3230 2088 3281 2138 et
3322 2086 3463 2139 levia
3503 2086 3682 2154 pluris

1979 2174 2339 2238 aestimantur,
2363 2188 2527 2242 quam
2553 2172 2876 2227 aestimanda
2905 2177 3049 2227 sunt.
3082 2173 3189 2229 Sed
3207 2188 3396 2227 rursus
3422 2174 3563 2227 unde
3582 2177 3689 2229 scio

1982 2276 2053 2314 an
2077 2264 2369 2329 propterea
2398 2259 2475 2314 sic
2506 2261 2741 2329 afﬁcior,
2764 2262 2895 2330 quia
2924 2261 3045 2314 nolo
3074 2260 3139 2314 de
3169 2277 3249 2313 me
3267 2262 3384 2330 ipso
3414 2276 3447 2314 a
3467 2276 3555 2316 me
3582 2262 3692 2315 dis-

1981 2351 2180 2404 sentire
2208 2348 2544 2403 laudatorem
2584 2363 2786 2413 meum;
2819 2364 2924 2402 non
2965 2350 3097 2417 quia
3125 2350 3273 2403 illius
3314 2350 3551 2403 utilitate
3579 2366 3691 2403 mo-

1981 2453 2122 2501 veor,
2155 2436 2250 2491 sed
2278 2439 2411 2508 quia
2439 2436 2624 2491 eadem
2656 2437 2793 2491 bona
2823 2452 2941 2506 qua
2969 2438 3108 2491 mihi
3128 2439 3185 2491 in
3224 2453 3304 2491 me
3329 2438 3565 2506 placent,
3590 2438 3686 2506 ju-

1981 2526 2252 2581 cundiora
2280 2527 2416 2579 mihi
2443 2530 2570 2580 sunt
2599 2540 2719 2580 cum
2746 2530 2797 2580 et
2822 2527 2982 2580 alteri
3001 2527 3259 2596 placent?
3288 2526 3454 2582 Video
3482 2542 3585 2581 non
3608 2542 3691 2583 me

1983 2615 2237 2670 laudibus
2257 2618 2387 2669 meis
2411 2620 2633 2685 propter
2650 2631 2749 2683 me,
2778 2616 2874 2669 sed
2888 2620 3111 2686 propter
3125 2617 3372 2686 promimi
3398 2618 3692 2671 utilitatem

1981 2707 2183 2759 moveri
2216 2709 2484 2774 oportere.
2536 2706 2608 2759 Et
2643 2709 2828 2759 utrum
2869 2706 2951 2758 ita
2997 2707 3117 2771 scit,
3148 2707 3341 2760 nescio.
3377 2706 3560 2761 Sermo
3603 2720 3691 2759 ore

1978 2793 2285 2863 procedens,
2313 2798 2364 2847 et
2399 2794 2553 2859 facta
2594 2808 2713 2861 qua:
2753 2794 3088 2847 innotescunt
3130 2794 3451 2861 hominibus,
3496 2795 3690 2848 habent

1984 2884 2326 2936 tentationem
2359 2883 2873 2951 periculosissimum
2915 2883 2982 2937 ab
3021 2898 3200 2936 amore
3237 2882 3437 2949 laudis,
3481 2885 3579 2953 qui
3617 2884 3691 2937 ad

1977 2974 2256 3040 privatam
2297 2971 2594 3039 quamdam
2636 2972 3004 3025 emcellmtiam
3048 2973 3320 3025 contrahit
3356 2971 3688 3026 emendicata

1982 3061 2285 3129 suffragia;
2320 3063 2493 3113 imitat
2522 3063 2572 3113 et
2601 3075 2720 3114 cum
2766 3075 2801 3113 a
2844 3075 2926 3113 me
2970 3062 3029 3114 in
3056 3075 3138 3114 me
3167 3062 3444 3129 arguitur,
3474 3075 3531 3114 eo
3569 3060 3686 3128 ipso

1983 3164 2086 3218 quo
2125 3150 2413 3216 arguitur;
2455 3151 2504 3201 et
2544 3162 2683 3217 swpe
2727 3148 2879 3203 homo
2910 3148 2975 3203 de
3004 3150 3121 3218 ipso
3159 3163 3313 3203 vanae
3341 3150 3527 3215 gloriae
3565 3164 3687 3203 con-

1983 3241 2187 3307 temptu
2214 3238 2409 3291 vanius
2433 3238 2704 3304 gloriatur
2735 3236 2919 3306 (Ibid.,
2949 3252 3068 3308 cap.
3099 3240 3188 3304 37,
3218 3253 3273 3292 η.
3301 3238 3513 3307 60-63).
3542 3235 3693 3291 Alibi

1983 3327 2156 3381 etiam
2202 3325 2340 3397 quid
2384 3326 2455 3380 ab
2494 3326 2747 3381 humana
2776 3326 2942 3381 laude
2980 3325 3197 3394 timeat,
3229 3342 3328 3380 cur
3365 3343 3490 3380 eam
3520 3326 3689 3397 plane

1983 3432 2097 3469 non
2130 3414 2365 3481 abnuat,
2399 3419 2501 3468 aut
2537 3430 2652 3485 qua
2687 3413 2911 3468 ratione
2940 3414 3073 3468 inde
3107 3414 3405 3480 afﬁciatur,
3443 3415 3693 3469 declarat

1980 3505 2041 3558 in
2085 3504 2237 3558 hunc
2285 3503 2569 3557 modum:
2620 3504 2924 3557 Periculum
2971 3518 3145 3557 meum
3189 3509 3287 3571 est,
3322 3505 3371 3557 si
3412 3503 3691 3557 attendam

1982 3593 2241 3662 quomodo
2284 3592 2545 3657 laudatis,
2573 3595 2621 3644 ct
2652 3592 2985 3645 dissimulem
3033 3591 3291 3658 quomodo
3328 3593 3545 3645 vivatis.
3596 3590 3692 3644 Ille

1982 3685 2159 3734 autem
2204 3682 2371 3745 novit,
2426 3679 2523 3733 sub
2563 3679 2714 3748 cujus
2763 3679 2930 3732 oculis
2984 3679 3190 3747 loquor,
3235 3680 3342 3732 imo
3388 3678 3484 3732 sub
3534 3679 3690 3748 cujus

1981 3770 2147 3824 oculis
2168 3770 2356 3835 cogito,
2382 3784 2487 3823 non
2508 3783 2589 3822 me
2615 3771 2725 3821 tam
2754 3767 3012 3821 delectari
3029 3766 3283 3822 laudibus
3309 3767 3687 3836 popularibus,

1982 3874 2145 3926 quam
2177 3858 2457 3912 stimulari
2480 3861 2530 3911 et
2559 3858 2692 3923 angi
2721 3856 2981 3925 quomodo
3000 3857 3189 3911 vivant
3218 3858 3317 3927 qui
3332 3872 3412 3910 me
3438 3856 3685 3911 laudant.

1980 3947 2231 4002 Laudari
2258 3950 2437 4001 autem
2478 3962 2512 4000 a
2550 3947 2690 4000 male
2726 3946 3031 4001 viventibus
3058 3946 3196 4009 nolo,
3232 3946 3511 4013 abhorreo,
3546 3946 3688 4000 dete-

1981 4039 2125 4091 stor:
2167 4036 2343 4091 dolori
2379 4036 2517 4090 mihi
2545 4039 2642 4101 est,
2673 4050 2780 4089 non
2822 4036 3111 4103 voluptati.
3158 4033 3408 4089 Laudari
3443 4038 3621 4088 autem
3658 4049 3693 4086 a

1984 4125 2108 4180 bene
2131 4126 2454 4192 viventibus,
2491 4126 2542 4178 si
2581 4124 2760 4178 dicam
2793 4126 2934 4191 nolo,
2966 4126 3226 4188 mentior;
3257 4126 3308 4178 si
3337 4124 3514 4177 dicam
3550 4124 3688 4188 volo,

1982 4216 2137 4268 timeo
2155 4229 2221 4267 ne
2241 4215 2343 4268 sim
2366 4212 2661 4269 inanitatis
2683 4215 3042 4282 appetentior,
3065 4228 3229 4281 quam
3248 4211 3562 4266 soliditatis.
3588 4213 3693 4265 Er-

1982 4318 2047 4371 go
2094 4302 2228 4371 quid
2272 4302 2498 4358 dicam?
2541 4304 2642 4360 Nec
2677 4303 2830 4371 plene
2869 4302 3005 4363 volo,
3052 4316 3145 4355 nec
3189 4301 3343 4369 plene
3382 4300 3522 4353 nolo.
3572 4301 3691 4355 Non

1978 4391 2134 4460 plene
2168 4391 2306 4454 volo,
2346 4406 2412 4444 ne
2452 4392 2508 4444 in
2557 4390 2718 4445 laude
2763 4392 3001 4445 humana
3038 4390 3343 4460 pericliter;
3393 4403 3500 4442 non
3532 4388 3691 4457 plene

1979 4480 2121 4546 nolo,
2152 4494 2217 4533 ne
2245 4481 2457 4548 ingrati
2483 4481 2595 4533 sint
2637 4478 2833 4548 quibus
2870 4477 3107 4548 pradico
3140 4477 3331 4547 (Serm.
3365 4479 3490 4543 339,
3523 4492 3574 4530 η.
3613 4477 3687 4547 l).

1984 4569 2299 4636 Postremo,
2328 4569 2479 4638 quod
2502 4567 2574 4622 ad
2604 4567 2745 4621 illud
2769 4566 2923 4620 aliud
2950 4564 3279 4620 tentationis
3306 4566 3545 4633 malum,
3576 4582 3690 4637 quo

1983 4657 2321 4712 inanescunt
2348 4656 2449 4730 qui
2496 4658 2722 4729 placent
2753 4654 2862 4709 sibi
2901 4654 2970 4709 de
3014 4670 3096 4724 se,
3137 4657 3233 4709 aut
3275 4653 3345 4709 de
3396 4653 3495 4708 Dei
3524 4653 3691 4708 bonis

1981 4746 2146 4817 quasi
2174 4746 2313 4813 suis,
2340 4750 2440 4802 aut
2458 4750 2735 4817 tanquam
2761 4760 2828 4798 ex
2856 4742 3076 4797 meritis
3099 4744 3237 4811 suis,
3266 4746 3364 4797 aut
3383 4744 3537 4796 velut
3564 4741 3693 4796 aliis

1982 4836 2297 4891 invidentes
2326 4851 2412 4903 ea,
2445 4834 2800 4890 afﬁciebatur
2827 4833 2949 4903 ipse
2978 4837 3229 4888 tremore
3259 4832 3462 4898 cordis,
3490 4835 3546 4886 et
3577 4832 3692 4886 vul-

1982 4941 2120 4979 nera
2150 4941 2252 4979 sua
2280 4923 2462 4996 magis
2494 4922 2732 4979 subinde
2772 4937 2805 4976 a
2834 4923 2950 4977 Deo
2983 4922 3192 4989 sanari,
3227 4938 3401 4993 quam
3433 4919 3541 4976 sibi
3572 4936 3690 4974 non

1982 5012 2169 5085 inﬁigi
2201 5012 2482 5067 sentiebat
2512 5012 2942 5082 (Confessionum
2966 5011 3061 5066 lib.
3100 5014 3185 5078 10,
3214 5027 3335 5080 cap.
3371 5013 3458 5077 39,
3484 5026 3542 5063 η.
3575 5010 3685 5078 65.)

2051 5105 2105 5157 2.
2150 5101 2254 5156 Ubi
2284 5118 2342 5154 se
2375 5099 2607 5170 agnovit
2635 5100 3039 5170 confessusque
3071 5103 3157 5153 est
3198 5102 3425 5152 sanctus
3455 5096 3687 5166 Episco-

1982 5206 2090 5262 pus
2128 5188 2217 5244 his
2254 5189 2440 5243 omnis
2484 5187 2709 5260 generis
2744 5186 2985 5259 peccatis
3034 5186 3366 5251 obnoxium,
3410 5182 3688 5254 quidquid

1984 5280 2215 5335 tandem
2242 5278 2340 5332 alii
2367 5278 2437 5333 de
2464 5278 2586 5349 ejus
2615 5277 2899 5349 probitate
2931 5292 2993 5331 ac
3016 5276 3221 5330 merito
3250 5272 3513 5337 sentiant,
3544 5270 3687 5325 adeo

1984 5385 2101 5423 non
2142 5367 2557 5422 contemnenda
2596 5366 2695 5422 illa
2736 5365 2994 5431 ducebat,
3043 5370 3109 5419 ut
3135 5362 3326 5435 potius
3365 5362 3600 5415 testetur
3627 5375 3687 5415 se

1986 5460 2146 5513 tanto
2190 5456 2397 5511 timore
2444 5472 2783 5511 concussum
2831 5455 3024 5521 fuisse,
3064 5457 3131 5507 ut
3169 5452 3238 5505 de
3270 5448 3595 5520 arripienda
3627 5447 3685 5502 in

1989 5544 2355 5605 solitudinem
2396 5544 2529 5617 fuga
2567 5543 2849 5617 cogitarit.
2891 5542 3223 5599 Conterritus
3272 5539 3502 5607 peccatis
3538 5540 3672 5594 meis
