4008 6184
324 240 427 291 ‘2i9
488 260 511 281 ο

323 359 531 432 inquit,
563 360 614 413 et
639 356 774 413 mole
800 358 1031 413 miseriae
1064 371 1211 425 mea,
1238 358 1578 426 agitaveram
1613 357 1673 410 in
1709 353 1886 420 corde,
1909 367 2026 408 me-

321 451 635 518 ditatusque
656 450 871 515 fueram
889 449 1084 516 fugam
1107 448 1165 502 in
1184 447 1558 513 solitudinem;
1584 445 1679 500 sed
1692 442 2027 515 prohibuisti

323 556 421 607 me,
452 543 501 593 et
529 537 861 608 conﬁrmasti
880 552 968 591 me
995 536 1176 591 dicens
1210 551 1223 590 :
1258 554 1286 586 ‹‹
1315 534 1442 590 Ideo
1466 550 1569 604 pro
1595 532 1838 588 omnibus
1867 530 2023 587 Chri-

322 633 437 684 stus
455 632 697 683 mortuus
722 629 801 681 est
819 629 879 680 ut
898 627 995 695 qui
1012 627 1219 690 vivunt,
1236 624 1356 695 jam
1377 639 1483 678 non
1502 623 1609 678 sibi
1628 623 1841 687 vivant,
1864 619 1957 674 sed
1977 619 2029 672 ei

325 719 421 787 qui
446 731 547 787 pro
566 717 701 786 ipsis
730 718 972 769 mortuus
1001 718 1079 768 est
1109 713 1177 784 (ΙΙ
1206 714 1326 770 Cor.
1361 728 1412 778 v,
1440 710 1547 780 14).
1581 708 1732 764 Nihil
1755 724 1891 779 ergo
1919 705 2027 761 sibi

325 805 608 876 reliquum
640 819 761 858 esse
791 800 1073 874 cognovit,
1109 799 1219 854 nisi
1257 804 1322 854 ut
1362 798 1422 854 in
1453 799 1632 853 Deum
1656 796 1901 868 jactaret
1927 811 2024 849 cu-

324 910 446 948 ram
483 909 664 959 suam,
697 896 762 947 ut
784 890 999 945 viveret
1034 889 1461 958 (Confessionum
1491 886 1584 942 lib.
1640 887 1725 953 lO,
1755 887 1895 955 ‘cap.
1933 886 2024 952 43,

321 998 375 1037 n.
409 981 520 1052 70).
552 981 714 1036 Filios
744 985 882 1047 tuos,
915 977 1014 1045 ait,
1040 993 1150 1033 esse
1175 978 1397 1032 voluisti
1433 975 1675 1031 dominos
1708 989 1869 1041 meos,
1901 975 2026 1043 qui-

322 1072 418 1125 bus
440 1069 664 1139 jussisti
690 1072 749 1123 ut
794 1069 1048 1129 serviam,
1083 1068 1134 1121 si
1170 1066 1287 1121 volo
1318 1070 1487 1120 tecum
1530 1064 1595 1119 de
1638 1067 1686 1119 te
1714 1065 1915 1118 vivere.
1957 1063 2027 1118 Et

322 1160 416 1213 hoc
454 1158 591 1212 mihi
625 1157 845 1211 verbum
874 1160 1026 1210 tuum
1061 1170 1259 1225 parum
1287 1158 1425 1217 erat,
1457 1156 1507 1209 si
1535 1152 1797 1223 loquendo
1833 1152 2027 1223 praeei-

320 1251 487 1316 peret,
519 1248 631 1302 nisi
659 1251 707 1301 et
724 1246 977 1313 faciendo
997 1247 1238 1316 praeiret.
1267 1247 1335 1300 Et
1363 1259 1457 1314 ego
1477 1243 1539 1298 id
1558 1258 1659 1311 ago
1678 1244 1845 1310 factis
1869 1247 1919 1297 et
1947 1241 2030 1296 di-

321 1340 451 1404 ctis;
484 1336 544 1390 id
591 1350 691 1403 ago
722 1335 819 1390 sub
849 1336 953 1389 alis
999 1335 1106 1389 tuis
1153 1335 1314 1388 nimis
1357 1347 1476 1387 cum
1519 1334 1730 1401 ingenti
1767 1332 2025 1401 periculo,

326 1426 436 1480 nisi
464 1427 598 1495 quia
623 1424 722 1479 sub
752 1424 856 1478 alis
885 1424 994 1478 tuis
1015 1423 1121 1477 sibi
1146 1421 1369 1477 subdita
1392 1425 1469 1476 est
1486 1422 1673 1476 anima
1696 1435 1837 1487 mea,
1861 1423 1912 1474 et
1941 1420 2027 1474 in-

322 1515 554 1582 ﬁrmitas
577 1528 697 1568 mea
727 1512 829 1568 tibi
854 1516 984 1567 nota
1008 1515 1086 1567 est
1115 1510 1300 1581 (lbid.,
1331 1525 1451 1581 cap.
1483 1510 1537 1578 4,
1568 1525 1626 1565 n.
1660 1509 1733 1580 6).
1771 1507 2028 1580 Denique

323 1601 411 1657 vix
459 1601 767 1673 aliquando
814 1600 1116 1667 sufﬁceret,
1158 1602 1224 1655 ut
1267 1598 1422 1666 dicit,
1467 1598 1687 1653 calamo
1730 1596 2030 1652 enuntiare

323 1691 517 1748 omnia
547 1690 647 1745 Dei
672 1690 1054 1756 hortamenta,
1087 1703 1285 1744 omnes
1323 1692 1572 1743 terrores
1601 1690 1660 1742 et
1685 1685 2027 1741 consolatio-

324 1797 425 1836 nes
455 1784 511 1836 et
538 1778 1002 1852 gubernationes,
1034 1777 1242 1849 quibus
1270 1792 1402 1831 eum
1443 1777 1514 1831 ad
1543 1776 1899 1831 subeundam
1928 1791 2028 1846 pa-

323 1868 549 1924 storalis
601 1867 774 1923 ofﬁcii
831 1866 1114 1922 sarcinam
1170 1864 1438 1937 perduxit
1509 1865 1695 1936 (Ibid.,
1764 1865 1858 1919 lib.
1941 1867 2027 1933 ll,

322 1974 443 2028 cap.
469 1961 525 2027 2,
553 1972 609 2011 n.
652 1955 731 2025 2).
773 1955 848 2009 Eo
887 1953 1227 2009 constitutus
1255 1954 1400 2021 loco,
1431 1969 1563 2008 cum
1592 1952 1653 2008 in
1682 1952 1875 2008 divina
1903 1952 2029 2022 lege

323 2045 586 2102 meditari
613 2043 751 2101 olim
780 2044 1182 2113 inardesceret,
1211 2043 1445 2098 nolebat
1467 2042 1526 2097 in
1547 2040 1703 2098 aliud
1727 2042 1901 2097 horas
1923 2041 2029 2096 dif-

326 2138 527 2202 fluere,
561 2151 703 2206 quas
749 2150 784 2188 a
811 2131 1245 2188 necessitatibus
1273 2131 1391 2186 sive
1434 2130 1729 2186 reﬁciendi
1776 2129 2030 2201 corporis

325 2224 434 2291 sui,
475 2223 592 2278 sive
636 2220 921 2281 serviendi
958 2218 1291 2276 hominibus
1337 2235 1489 2274 curas
1538 2235 1657 2274 suas
1693 2217 2029 2285 commissis,

328 2312 538 2369 liberas
578 2309 907 2367 inveniebat
938 2325 951 2365 :
1001 2308 1251 2365 maxime
1281 2323 1413 2363 cum
1442 2323 1501 2363 se
1531 2306 1816 2380 ejusmodi
1844 2306 2030 2362 studio

327 2418 446 2457 non
497 2400 607 2457 sibi
662 2399 790 2471 soli,
849 2399 944 2454 sed
997 2399 1265 2454 fraterna:
1314 2396 1580 2452 cbaritati
1633 2396 1804 2452 simul
1853 2396 2029 2467 prod-

326 2505 446 2543 esse
500 2491 741 2560 optaret.
792 2488 973 2544 Casta:
1038 2485 1258 2542 delicias
1320 2485 1498 2557 ipsius
1562 2489 1724 2541 erant
1780 2484 2032 2556 Scriptu-

326 2594 407 2632 τω
455 2576 583 2644 Dei;
634 2575 795 2647 cujus
836 2591 943 2630 vox
991 2574 1171 2645 ipsius
1226 2573 1525 2646 gaudium,
1574 2573 1739 2645 cujus
1787 2589 1897 2627 vox
1950 2571 2031 2627 illi

327 2669 451 2721 erat
504 2680 677 2737 super
740 2663 1089 2719 affluentiam
1158 2663 1520 2735 voluptatum
1591 2662 1776 2733 (Ibid.,
1833 2678 1889 2717 n.
1952 2663 2028 2731 3).

328 2754 715 2826 Praeterquam
758 2753 914 2826 quod
951 2752 1014 2807 in
1060 2768 1256 2807 rerum
1300 2752 1474 2808 etiam
1517 2755 1839 2808 creatarum
1891 2767 2033 2806 con-

327 2842 673 2899 sideratione
724 2844 901 2898 Deum
961 2858 1248 2915 quaerens,
1314 2857 1379 2897 ac
1434 2841 1506 2896 de
1575 2838 1845 2897 omnibus
1901 2856 2032 2895 eum

322 2931 647 2999 consulens,
680 2947 754 2985 an
783 2930 916 2999 sint,
946 2930 1089 3003 quid
1126 2930 1261 2994 sint,
1290 2934 1347 2986 et
1383 2929 1586 3003 quanti
1616 2945 1862 3003 quaeque
1892 2945 2032 3001 pen-

326 3020 511 3075 denda
545 3020 680 3086 sint,
712 3020 981 3075 audiebat
1014 3019 1299 3074 dicentem
1338 3036 1402 3074 ac
1433 3019 1756 3090 jubentem.
1789 3021 1861 3074 Et
1898 3033 2037 3088 sape

326 3110 478 3164 istud
498 3111 667 3177 facio,
694 3107 914 3179 inquit;
942 3109 1036 3163 hoc
1060 3124 1142 3162 me
1171 3108 1416 3174 delectat,
1445 3109 1581 3162 etab
1612 3108 1914 3162 actionibus
1944 3092 2034 3162 nc-

328 3199 597 3253 cessitatis
618 3201 881 3267 quantum
902 3197 1152 3251 relaxari
1166 3212 1410 3266 possum,
1431 3197 1505 3251 ad
1524 3199 1685 3252 istam
1707 3197 2036 3267 voluptatem

328 3290 562 3357 refugio.
595 3289 779 3358 Neque
814 3288 875 3341 in
919 3287 1003 3342 his
1032 3287 1277 3342 omnibus
1307 3303 1425 3356 quae
1446 3302 1726 3357 percurro,
1760 3287 2035 3343 consulens

330 3383 398 3444 te,
428 3376 641 3431 invenio
668 3378 843 3430 tutum
874 3375 1044 3430 locum
1073 3376 1269 3430 animm
1288 3390 1438 3441 mese,
1467 3376 1580 3431 nisi
1604 3377 1663 3430 in
1692 3379 1761 3443 te,
1794 3390 1898 3444 quo
1927 3376 2033 3431 col-

328 3467 574 3534 ligantur
602 3478 800 3535 sparsa
834 3479 974 3533 mea,
1003 3479 1096 3519 nec
1127 3480 1163 3518 a
1193 3467 1242 3519 te
1266 3463 1570 3534 quidquam
1596 3464 1812 3520 recedat
1838 3479 1905 3519 ea:
1932 3480 2031 3518 me.

326 3559 399 3612 Et
416 3554 715 3626 aliquando
740 3555 1060 3610 intromittis
1085 3570 1167 3610 me
1191 3555 1251 3608 in
1269 3553 1520 3624 affectum
1546 3553 1776 3609 multum
1801 3554 2034 3609 inusita-

326 3650 440 3701 tum
468 3646 757 3711 introrsus,
786 3643 862 3698 ad
888 3644 1065 3699 nescio
1091 3641 1255 3713 quain
1279 3642 1652 3709 dulcedinem;
1685 3658 1805 3714 quae
1832 3644 1884 3697 si
1908 3658 2035 3712 per-

323 3736 544 3803 ficiatur
570 3735 632 3788 in
660 3747 763 3799 me,
793 3733 972 3787 nescio
1002 3732 1140 3801 quid
1167 3732 1291 3799 erit,
1323 3732 1469 3802 quod
1495 3730 1614 3788 vita
1641 3734 1751 3787 ista
1780 3748 1888 3788 non
1914 3733 2033 3786 erit.

327 3822 434 3878 Sed
472 3821 653 3876 recido
681 3823 741 3874 in
787 3821 898 3875 haec
939 3823 1252 3876 aerumnosis
1295 3821 1642 3891 ponderibus,
1673 3825 1723 3876 et
1766 3820 2040 3876 resorbeor

325 3911 536 3976 solutis,
567 3914 618 3963 et
656 3912 870 3975 teneor;
909 3914 961 3964 et
999 3911 1231 3965 multum
1276 3912 1393 3978 ﬂeo,
1424 3910 1519 3965 sed
1558 3909 1787 3964 multum
1824 3912 2035 3963 teneor:

328 4002 540 4053 tantum
568 3996 971 4053 consuetudinis
1010 4000 1228 4054 sarcina
1266 3999 1568 4067 degravat!
1601 4000 1699 4065 Hic
1724 4012 1837 4053 esse
1863 3998 2036 4053 valeo,

327 4104 420 4144 nec
446 4087 603 4155 volo;
634 4087 749 4142 illic
772 4087 915 4155 volo,
944 4103 1040 4143 nec
1059 4089 1243 4155 valeo;
1273 4090 1437 4143 miser
1459 4087 1746 4157 utrobique
1773 4086 1936 4158 (Ibid.
1970 4087 2038 4141 li-

327 4178 420 4234 bro
461 4179 545 4246 l0,
575 4192 694 4247 cap.
734 4177 826 4243 40,
862 4192 917 4232 n.
960 4179 1078 4247 65).
1119 4178 1196 4232 Ex
1234 4192 1350 4249 quo
1381 4178 1562 4232 Deum
1592 4175 1892 4243 didicerat,
1923 4191 2040 4231 non

326 4268 538 4323 frustra
566 4270 901 4322 manentem
928 4281 1063 4321 eum
1089 4264 1337 4321 habebat
1356 4265 1415 4321 in
1436 4282 1538 4322 sua
1565 4266 1844 4322 memoria
1874 4281 1889 4320 :
1919 4264 2037 4320 illic

327 4370 461 4412 eum
500 4355 845 4423 inveniebat,
876 4358 934 4411 et
969 4353 1357 4411 delectabatur
1398 4355 1460 4410 in
1501 4372 1597 4412 eo.
1644 4357 1742 4411 Hae
1778 4359 1923 4424 sunt,
1957 4354 2042 4409 in-

329 4446 581 4518 quiebat.
610 4451 811 4502 sanctas
829 4446 1037 4502 deliciae
1062 4461 1210 4513 meae,
1244 4461 1379 4517 quas
1409 4446 1626 4501 donasti
1642 4446 1801 4514 mihi,
1831 4446 2043 4503 miseri.

331 4534 517 4590 cordia
542 4538 638 4589 tua
660 4537 952 4607 respiciens
968 4539 1348 4607 paupertatem
1374 4550 1546 4590 meam
1576 4534 1766 4607 (Ibid.,
1797 4550 1918 4605 cap.
1948 4536 2039 4603 24,

332 4639 387 4678 η.
421 4622 531 4693 35).

400 4714 454 4767 3.
494 4711 655 4776 Quod
688 4712 759 4768 ad
790 4714 1009 4769 cultum
1036 4712 1291 4786 corporis
1332 4711 1538 4768 attinet
1569 4727 1583 4767 :
1618 4713 1800 4769 Vestes
1830 4711 1950 4782 ejus
1991 4716 2040 4766 et

315 4800 688 4863 .calceamenta
707 4802 793 4856 vel
820 4802 1075 4858 lectualia
1101 4818 1168 4859 ea:
1195 4802 1470 4858 moderato
1498 4803 1816 4872 competenti
1845 4800 2039 4856 habitu

325 4892 503 4958 erant,
532 4903 624 4945 nec
659 4888 845 4944 nitida
884 4891 1135 4958 nimium,
1166 4905 1260 4947 nec
1298 4890 1510 4961 objecta
1532 4890 1875 4961 plurimum:
1910 4890 2041 4959 quia

330 4977 416 5032 his
445 4976 764 5046 plerumque
807 4978 892 5033 vel
931 4977 1140 5048 iactare
1166 4993 1222 5034 se
1256 4979 1546 5033 insolenter
1585 4979 1821 5033 homines
1849 4978 2037 5044 solent,

314 5066 408 5121 .vel
434 5064 698 5134 abjicere;
731 5081 800 5120 ea:
830 5071 1060 5138 utroque
1085 5083 1194 5123 non
1222 5084 1341 5138 quae
1367 5068 1507 5123 Jesu
1543 5067 1768 5133 Christi,
1797 5065 1893 5121 sed
1920 5081 2041 5135 quae

326 5168 427 5210 sua
455 5158 583 5209 sunt
611 5152 778 5208 iidem
819 5160 1148 5222 quaerentes:
1180 5160 1239 5210 at
1275 5158 1377 5211 iste
1414 5156 1654 5226 (sanctus
1691 5153 2035 5225 Episcopus),

327 5249 391 5297 ut
417 5244 564 5315 dimi,
589 5242 826 5300 medium
849 5243 1078 5310 tenebat,
1107 5261 1276 5315 neque
1300 5247 1361 5301 in
1385 5245 1664 5300 deatteram
1688 5259 1857 5313 neque
1883 5245 1941 5297 in
1967 5245 2039 5297 si-

326 5333 562 5390 nistrum
598 5332 876 5390 declinans
922 5332 1241 5403 (Possidius,
1280 5337 1341 5391 in
1389 5336 1518 5392 Vita
1553 5335 1813 5402 August,
1841 5348 1888 5388 c.
1929 5334 2035 5392 22).

335 5420 543 5478 Scribit
584 5423 938 5496 Augustinus
980 5423 1157 5479 moris
1206 5423 1399 5492 fuisse,
1438 5428 1505 5480 ut
1550 5423 1826 5480 interiora
1871 5420 2041 5477 vesti-

332 5516 527 5568 menta
568 5514 719 5569 linea
759 5518 965 5575 essent,
1006 5512 1288 5568 exteriora
1330 5514 1532 5569 lanea:
1585 5530 1759 5586 seque
1789 5512 1879 5568 his
1923 5527 2040 5565 ver-

1404 187 1409 191 .
1506 230 1679 287 VlTA
1731 230 1787 285 s.
1845 227 2231 287 AUGUSTINI
2289 224 2628 283 EPISCOPI.

3732 225 3837 277 2'20

2132 350 2241 418 bis,
2272 349 2709 405 vestimentorum
2736 351 3061 413 nostrorum,
3088 360 3221 401 cum
3249 342 3376 399 aliis
3406 343 3840 416 comprehendit

2132 440 2328 510 (Serm.
2380 441 2561 504 37,11.
2602 434 2682 508 6).
2731 434 2902 491 Aliud
2952 450 3183 507 quoque
3223 434 3482 505 gestabat
3518 431 3839 488 indumenti

2134 545 2335 601 genus,
2384 526 2663 599 byrrhum
2706 528 2888 586 vocat.
2920 540 3036 597 quo
3077 523 3206 578 laici
3250 524 3466 595 pariter
3510 524 3838 578 utebantur.

2137 619 2318 674 Habes
2347 617 2409 672 in
2446 616 2697 689 quodam
2729 630 2991 670 sermone
3018 614 3209 668 locum
3240 613 3311 668 de
3340 612 3689 667 vestimentis
3720 611 3841 682 ejns

2133 722 2268 761 sane
2314 704 2789 778 pulcherrimum.
2834 705 3015 770 Nemo,
3063 703 3275 774 inquit,
3314 702 3403 757 det
3449 703 3728 771 byrrhum,
3761 700 3844 752 rel

2132 812 2304 851 meam
2331 797 2590 862 tunicam,
2621 810 2714 849 seu
2751 793 2967 862 aliquid
3004 794 3118 847 nisi
3145 794 3204 847 in
3244 808 3515 846 commune
3549 808 3561 845 :
3602 791 3666 845 de
3701 804 3840 844 com-

2131 886 2285 940 muni
2311 885 2516 955 accipio
2545 887 2596 939 et
2631 884 2770 937 mihi
2795 884 2925 953 ipsi,
2957 898 3077 937 cum
3116 884 3286 936 sciam
3317 896 3591 936 commune
3627 896 3708 934 me
3736 879 3841 933 ha-

2134 974 2253 1029 bere
2279 975 2410 1030 velle
2456 971 2730 1044 quidquid
2767 971 2946 1026 habeo.
2985 972 3118 1028 Nolo
3165 971 3303 1025 talia
3345 971 3539 1040 offerat
3565 971 3839 1029 Sanctitas

2134 1068 2335 1128 vestra,
2377 1061 2573 1131 quibus
2610 1077 2705 1130 ego
2750 1061 2893 1117 solus
2932 1061 3094 1130 quasi
3130 1059 3401 1114 decentius
3439 1064 3597 1126 utar;
3646 1062 3840 1131 offerat

2134 1152 2291 1219 mihi,
2322 1152 2474 1207 verbi
2500 1152 2704 1220 gratia,
2732 1150 2997 1220 byrrhum
3015 1150 3339 1219 pretiosum;
3369 1150 3512 1216 forte
3540 1150 3685 1205 decet
3714 1154 3834 1222 epi-

2134 1257 2374 1312 scopum,
2406 1240 2654 1311 quamvis
2684 1254 2791 1294 non
2819 1239 3000 1293 deceat
3027 1237 3509 1306 Augustinum,‘id
3537 1243 3635 1306 est,
3667 1240 3842 1295 homi-

2134 1346 2254 1386 nem
2278 1344 2593 1400 pauperem,
2621 1328 2688 1382 de
2706 1328 3040 1399 pauperibus
3062 1330 3272 1382 natum.
3304 1326 3463 1382 Modo
3487 1327 3690 1383 dicturi
3714 1336 3847 1387 sunt

2137 1421 2390 1484 homines,
2424 1420 2555 1488 quia
2591 1419 2775 1473 inveni
2810 1418 3076 1487 pretiosas
3105 1420 3292 1483 vestes,
3326 1432 3462 1486 quas
3492 1432 3597 1473 non
3628 1421 3840 1488 potuis-

2136 1525 2245 1566 sem
2281 1508 2474 1563 habere
2492 1508 2575 1562 vel
2604 1508 2664 1561 in
2704 1506 2857 1561 domo
2881 1507 3063 1576 patris
3091 1506 3215 1570 mei,
3247 1506 3331 1560 vel
3358 1508 3419 1559 in
3460 1505 3559 1560 illa
3596 1509 3851 1562 saeculari

2132 1598 2469 1669 professione
2487 1611 2623 1651 mea.
2652 1597 2772 1653 Non
2800 1594 2945 1650 decet
2969 1609 2982 1648 :
3013 1595 3173 1649 talem
3200 1593 3358 1648 debeo
3387 1594 3599 1661 habere,
3632 1596 3849 1664 qualem

2134 1702 2372 1757 possum,
2407 1687 2458 1741 si
2495 1700 2601 1740 non
2639 1684 2909 1750 habuerit,
2939 1683 3113 1750 fratri
3147 1696 3258 1736 meo
3299 1681 3452 1736 dare.
3498 1682 3721 1749 Qualem
3746 1698 3849 1753 po-

2140 1779 2240 1829 test
2265 1774 2461 1829 habere
2471 1772 2776 1844 presbyter,
2800 1772 3014 1841 qualem
3039 1775 3214 1841 potest
3236 1771 3428 1825 habere
3453 1770 3698 1835 decenter
3727 1771 3850 1826 dia-

2138 1879 2300 1920 conus
2328 1868 2378 1918 et
2407 1863 2790 1927 subdiaconus,
2825 1862 2985 1916 talem
3012 1860 3129 1915 volo
3158 1861 3431 1930 accipere;
3462 1862 3595 1929 quia
3624 1862 3685 1914 in
3714 1877 3853 1915 eom-

2137 1970 2295 2010 mune
2322 1955 2549 2024 accipio.
2581 1953 2643 2008 Si
2667 1953 2790 2023 quis
2819 1952 3089 2006 meliorem
3115 1950 3345 2017 dederit,
3375 1950 3546 2004 vendo
3581 1965 3594 2004 :
3628 1950 3776 2020 quod
3801 1955 3853 2004 et

2135 2047 2317 2113 facere
2344 2044 2513 2109 soleo;
2544 2046 2605 2097 ut
2634 2040 2853 2113 quando
2880 2055 2986 2095 non
3013 2042 3187 2110 potest
3213 2040 3375 2094 vestis
3397 2054 3505 2094 esse
3527 2040 3848 2101 communis.

2133 2136 2373 2204 pretium
2420 2134 2583 2188 vestis
2638 2132 2811 2202 possit
2847 2145 2958 2186 esse
3003 2144 3292 2184 commune.
3347 2127 3549 2196 Vende,
3594 2133 3644 2183 et
3692 2143 3851 2195 erogo

2138 2223 2492 2295 pauperibus.
2525 2223 2587 2277 Si
2621 2222 2716 2276 hoc
2746 2234 2864 2274 eum
2898 2219 3143 2285 delectat,
3178 2222 3241 2273 ut
3267 2233 3361 2287 ego
3399 2218 3652 2283 habeam;
3689 2219 3851 2273 talem

2140 2314 2229 2368 det
2256 2312 2400 2368 unde
2426 2327 2533 2367 non
2560 2310 2884 2365 erubescam.
2916 2311 3112 2363 Fateor
3141 2307 3282 2362 enim
3310 2307 3480 2375 vobis,
3514 2307 3581 2362 de
3602 2310 3854 2379 pretiosa

2137 2405 2280 2457 veste
2308 2400 2554 2456 erubesco
2583 2414 2595 2453 :
2630 2400 2762 2468 quia
2785 2413 2892 2453 non
2921 2397 3066 2452 decet
3096 2397 3233 2451 hanc
3267 2397 3678 2466 professionem,
3711 2397 3853 2451 hanc

2141 2491 2577 2555 admonitionem,
2618 2503 2725 2543 non
2772 2487 2918 2542 decet
2963 2488 3072 2541 hac
3116 2486 3374 2552 membra,
3414 2501 3520 2541 non
3566 2485 3717 2541 decet
3757 2488 3853 2541 hos
3939 2530 3947 2541 .

2141 2595 2302 2637 canos
2334 2580 2522 2651 (Serm.
2547 2578 2671 2639 356,
2697 2592 2752 2631 n.
2802 2576 2902 2646 13).
2937 2575 3080 2630 Cum
3121 2579 3313 2629 sancta
3352 2574 3617 2646 quaedam
3658 2575 3844 2648 virgo,

2140 2668 2235 2725 cui
2262 2668 2484 2740 Sapidzr
2518 2682 2752 2732 nomen,
2784 2665 2854 2720 de
2884 2662 3168 2719 Timothei
3196 2663 3386 2718 fratris
3411 2662 3519 2731 sui,
3553 2664 3855 2735 Carthagi~

2142 2757 2334 2814 nensis
2364 2755 2610 2823 diaconi,
2640 2758 2823 2824 morte
2853 2752 3185 2826 gravissime
3216 2753 3454 2820 doleret,
3487 2753 3714 2825 rogavit
3741 2756 3857 2809 Au-

2141 2830 2457 2918 gustinum,
2486 2847 2554 2901 ut
2581 2844 2652 2899 ad
2671 2842 2761 2897 sui
2790 2841 3058 2897 solatium
3079 2841 3353 2909 tunicam,
3375 2857 3550 2913 quam
3580 2840 3701 2895 suis
3730 2841 3856 2912 ipsa

2142 2935 2408 2993 manibus
2428 2934 2501 2993 ad
2521 2948 2689 2988 usum
2711 2929 2970 3003 germani
2990 2929 3079 2984 sui
3097 2934 3375 2998 texuerat,
3397 2930 3699 3003 acciperet.
3726 2932 3853 2985 Non

2142 3023 2338 3081 renuit
2351 3026 2580 3079 sanctus
2595 3020 2831 3087 Prassul,
2847 3035 2918 3075 ne
2934 3019 3091 3074 illam
3105 3019 3487 3086 contristaret,
3503 3035 3687 3091 eaque
3704 3018 3856 3074 tuni-

2143 3132 2208 3171 ca
2231 3130 2369 3170 usus
2398 3117 2501 3168 est.
2535 3112 2696 3167 Illam
2726 3114 2923 3166 tamen
2959 3125 3062 3180 per
3108 3108 3323 3163 litteras
3352 3108 3616 3163 hortatus
3646 3113 3753 3173 est,
3792 3114 3858 3163 ut

2143 3203 2407 3259 meliores
2439 3218 2473 3256 a
2500 3200 2613 3257 ﬁde
2642 3215 2746 3254 sua
2774 3197 3189 3253 consolationes
3215 3200 3454 3269 peteret,
3486 3200 3661 3269 atque
3690 3215 3725 3251 a
3752 3214 3858 3268 spe

2144 3291 2371 3347 vivendi
2401 3288 2711 3362 aliquando
2751 3304 2881 3343 cum
2909 3287 3102 3350 fratre,
3136 3286 3207 3341 de
3237 3286 3399 3358 cujus
3427 3291 3643 3341 aeterna
3672 3287 3856 3341 felici-

2144 3384 2259 3436 tate
2287 3396 2405 3437 non
2436 3377 2767 3433 dubitanter
2794 3375 3053 3448 loquitur
3080 3376 3282 3446 (Epist.
3325 3378 3451 3444 263,
3482 3391 3536 3430 n.
3574 3376 3646 3446 l).
3688 3376 3857 3440 Quod

2144 3467 2217 3523 ad
2246 3467 2632 3522 calceamenta
2670 3464 2937 3537 pertinet,
2971 3480 3087 3519 non
3130 3463 3533 3531 arbitrabatur,
3574 3463 3764 3519 teneri
3797 3482 3857 3518 se

2145 3556 2219 3613 ad
2249 3554 2587 3612 servandam
2623 3553 2789 3626 juxta
2833 3552 3087 3609 litteram
3131 3569 3330 3609 eorum
3368 3553 3778 3609 inhibitionem
3826 3572 3860 3608 a

2146 3645 2366 3703 Christo
2394 3643 2637 3700 Domino
2670 3643 2906 3713 factam;
2931 3659 3060 3697 cum
3091 3658 3158 3698 ex
3184 3642 3521 3714 Evangelico
3551 3659 3860 3714 cognosce-

2146 3738 2253 3803 ret,
2286 3732 2573 3790 Christum
2601 3732 2792 3805 ipsum
2834 3731 3012 3787 fuisse
3044 3731 3358 3787 calceatum
3391 3748 3404 3786 :
3436 3732 3542 3786 hoc
3572 3731 3683 3786 sibi
3713 3731 3861 3786 sola-

2146 3824 2210 3879 tii
2239 3822 2601 3895 proponebat
2648 3821 2711 3876 in
2747 3820 2979 3894 inﬁrma
3014 3820 3360 3887 valetudine,
3393 3836 3520 3893 quae
3560 3820 3734 3892 hujus
3774 3820 3859 3875 illi

2148 3910 2444 3967 levaminis
2483 3910 2876 3966 necessitatem
2914 3908 3267 3981 imponebat.
3301 3908 3483 3965 Simul
3521 3926 3724 3964 eorum
3757 3909 3863 3981 qui

2145 4002 2299 4057 nudo
2329 3999 2477 4071 pede
2505 4000 2890 4067 ambularent,
2922 3997 3318 4054 fortitudinem
3357 3998 3586 4053 amabat
3614 3998 3859 4067 (Confes-

2146 4092 2357 4145 sionum
2385 4089 2479 4145 lib.
2516 4092 2568 4155 9,
2602 4104 2721 4158 cap.
2756 4091 2810 4155 6,
2848 4104 2904 4143 n.
2936 4088 3054 4159 li):
3097 4104 3202 4143 nec
3233 4091 3427 4143 tamen
3468 4087 3863 4159 evangelicam

2148 4179 2335 4250 legem
2356 4178 2461 4233 hac
2491 4176 2550 4232 in
2575 4194 2638 4233 re
2659 4176 2979 4233 accuratius
3007 4177 3080 4232 ob
3106 4176 3240 4245 illis,
3272 4192 3443 4249 quam
3466 4193 3500 4231 a
3523 4192 3584 4231 se
3601 4176 3862 4248 impleri,

2149 4272 2248 4322 aut
2287 4283 2384 4322 eos
2432 4270 2737 4339 propterea
2782 4266 3125 4321 insolescere
3161 4266 3405 4337 superba
3435 4264 3646 4320 duritia
3690 4282 3861 4337 posse

2149 4355 2548 4412 arbitrabatur.
2589 4356 2653 4410 In
2688 4354 3020 4428 hujusmodi
3054 4355 3226 4411 rebus
3256 4354 3441 4419 bonis,
3474 4353 3575 4409 sed
3614 4353 3861 4410 minime

2150 4444 2502 4513 necessariis,
2559 4447 2678 4501 tam
2748 4461 2843 4500 eos
2904 4445 3004 4517 qui
3055 4445 3182 4500 illas
3245 4445 3629 4510 observarent,
3680 4460 3863 4516 quam

2150 4534 2251 4607 qui
2301 4550 2417 4590 non
2466 4533 2852 4602 observarent,
2904 4533 3179 4589 charitate
3227 4532 3432 4589 sociari
3478 4532 3733 4599 volebat;
3797 4537 3865 4589 ut

2148 4639 2397 4697 quorum
2449 4625 2687 4678 externa
2742 4622 3132 4695 discreparent
3178 4638 3374 4694 opera,
3424 4637 3626 4678 eorum
3682 4623 3863 4678 corda

2149 4712 2348 4769 eodem
2404 4727 2597 4767 amore
2658 4712 3082 4783 conflagrarent
3157 4711 3350 4783 (Serm.
3425 4714 3546 4778 lOl,
3602 4726 3725 4782 cap.
3806 4715 3862 4778 6,

2146 4818 2202 4856 η.
2229 4801 2301 4869 7).

2216 4891 2271 4946 4.
2313 4889 2502 4945 Mensa
2525 4903 2662 4944 usus
2691 4891 2777 4943 est
2805 4886 3017 4961 frugali
3045 4891 3102 4943 et
3130 4903 3322 4960 parca,
3353 4888 3411 4943 in
3439 4904 3554 4962 qua
3581 4888 3731 4945 nihil
3764 4906 3862 4946 su-

2145 4978 2456 5050 perﬂuum,
2498 4977 2641 5033 nihil
2679 4994 2798 5034 non
2838 4978 3232 5049 moderatum;
3276 4994 3405 5050 quae
3434 4978 3668 5051 quidem
3707 4979 3867 5034 inter

2147 5067 2304 5122 olera
2350 5070 2407 5121 et
2447 5066 2765 5138 legumina,
2796 5066 2969 5122 etiam
3016 5083 3215 5122 carnes
3262 5067 3571 5139 aliquando
3620 5074 3868 5140 propter

2147 5154 2422 5228 hospites,
2464 5156 2553 5211 vel
2591 5172 2851 5228 quosque
2882 5155 3249 5223 infirmiores,
3283 5171 3510 5227 semper
3540 5160 3737 5212 autem
3784 5159 3867 5212 vi-

2148 5259 2288 5298 num
2319 5242 2565 5299 habebat
2593 5245 2907 5315 (Possidius,
2939 5248 2998 5300 in
3048 5248 3176 5302 Vita
3214 5247 3478 5316 August.,
3508 5261 3556 5301 c.
3602 5245 3716 5316 22).
3755 5248 3866 5303 Ne-

2148 5349 2258 5404 que
2284 5331 2440 5388 enim
2463 5333 2891 5390 immunditiam
2911 5334 3159 5406 opsonii,
3182 5334 3279 5391 sed
3302 5333 3741 5391 immunditiam
3768 5353 3868 5391 eu-

2150 5420 2400 5492 piditatis
2425 5420 2698 5491 timebat;
2728 5426 2791 5479 ut
2820 5422 2921 5495 qui
2950 5424 3121 5480 sciret
3148 5438 3381 5479 omnem
3407 5421 3503 5478 Dci
3531 5428 3868 5480 creaturam

2153 5510 2357 5587 bonam
2404 5528 2547 5581 esse,
2579 5516 2635 5567 et
2673 5511 3010 5567 sanctiﬁcari
3052 5528 3156 5584 per
3199 5513 3434 5567 verbum
3487 5511 3588 5568 Dei
3636 5517 3695 5568 et
3744 5531 3868 5569 ora-
