4008 6184
322 277 432 331 223

316 397 490 452 modo
521 394 836 451 destinatus
865 393 1062 466 (Epist.
1100 398 1272 462 77,12.
1328 396 1382 462 2,
1407 399 1457 451 et
1501 399 1680 468 Epist.
1727 400 1818 467 78,
1858 413 1914 452 n.
1947 397 2022 466 2).

318 487 397 540 De
430 486 582 540 Laeto
631 500 861 557 quoque
909 483 1290 552 adolescente,
1345 484 1446 556 qui
1495 486 1758 558 perfectae
1795 485 1924 540 vitae
1953 484 2025 540 ti-

319 571 601 627 rocinium
631 571 786 642 apud
823 569 1211 642 Augustinum
1241 577 1528 644 posuerat,
1585 578 1641 628 et
1693 571 2028 645 aliquandiu

323 676 455 714 cum
489 675 554 714 eo
579 662 887 723 manserat,
948 662 1044 712 aut
1071 658 1130 712 in
1173 659 1296 729 ejus
1325 659 1516 728 domo,
1574 662 1620 715 si
1659 660 1851 729 laicos,
1885 677 2028 732 quos

326 747 617 803 clericatui
648 747 989 812 destinabat,
1021 747 1080 800 in
1129 763 1252 801 eam
1296 748 1642 820 admitteret,
1684 749 1836 804 idem
1874 749 2030 821 quod

321 836 392 892 de
423 836 531 907 Spe
562 835 888 890 existimare
916 835 1066 889 licet.
1105 836 1287 890 Laetus
1316 836 1412 890 ille
1442 837 1621 891 animi
1674 837 1764 891 sui
1802 837 2020 892 fervore

317 925 627 980 maximam
656 923 928 978 fratribus
969 923 1228 978 laetitiam
1272 926 1562 981 attulerat.
1604 925 2017 981 Animadvertit

317 1019 511 1069 tamen
561 1012 936 1084 Augustinus,
996 1028 1128 1066 eum
1179 1012 1507 1069 domesticis
1558 1015 1710 1069 curis
1761 1033 1796 1070 a
1831 1015 2025 1070 divino

319 1101 510 1156 studio
539 1101 912 1168 retardatum,
941 1101 1080 1156 ferri
1107 1101 1300 1172 potius
1339 1107 1392 1158 et
1421 1103 1552 1158 duci
1591 1120 1622 1159 a
1651 1121 1815 1160 cruce
1844 1121 1945 1160 sua
1974 1109 2033 1160 et

318 1188 502 1244 carnis
543 1205 659 1243 suae
706 1187 1060 1257 inﬁrmitate,
1108 1206 1284 1261 quam
1329 1189 1490 1246 illam
1520 1191 1666 1247 ferre
1699 1209 1761 1246 ac
1803 1192 2026 1248 ducere.

322 1277 385 1331 Et
410 1277 598 1351 reipsa
623 1281 850 1332 coactus
881 1281 966 1333 est
1007 1279 1078 1333 ab
1135 1278 1453 1350 Augustino
1484 1281 1791 1349 discedere,
1842 1285 1898 1336 et
1927 1281 2030 1336 do-

321 1381 480 1420 mum
507 1383 668 1420 suam
697 1371 981 1437 repetere,
1029 1370 1092 1421 ut
1120 1383 1210 1421 res
1251 1368 1592 1423 domesticas
1639 1374 2029 1442 componeret,

320 1470 387 1509 ea
443 1460 634 1510 mente
673 1459 738 1510 ut
770 1457 914 1527 jugo
964 1455 1274 1510 mundanae
1329 1455 1615 1511 servitutis
1648 1473 1920 1525 .excusso,
1973 1473 2032 1510 se

319 1543 561 1598 vinculis
592 1543 888 1615 sapientiae
920 1544 1082 1599 daret
1110 1544 1263 1600 ultro
1307 1545 1838 1617 constringendum.
1871 1547 2032 1600 Atta-

322 1649 454 1688 men
485 1632 640 1687 domi
669 1649 786 1686 sua:
816 1632 1078 1704 plurimis
1107 1632 1519 1688 tentationibus
1548 1633 1904 1689 conﬂictatus
1926 1639 2029 1690 est.

323 1721 555 1792 Reperit
576 1721 689 1776 illic
727 1721 873 1776 servi
906 1723 1123 1794 fugam,
1153 1727 1398 1777 mortem
1431 1722 1788 1794 ancillarum,
1819 1739 2031 1794 aegram

319 1809 564 1865 fratrum
603 1810 1014 1878 valetudinem,
1061 1817 1116 1866 et
1162 1812 1448 1883 praecipue
1479 1813 1755 1884 lacrymas
1796 1812 2014 1880 matris,

326 1915 456 1971 quae
485 1915 618 1952 eum
647 1897 928 1954 irretitum
951 1901 1022 1954 ab
1050 1900 1313 1955 instituto
1330 1917 1500 1955 cursu
1529 1901 1845 1969 revocabat,
1877 1901 2030 1966 Qua-

318 1992 552 2059 propter
615 1987 684 2040 ad
739 1988 942 2044 fratres
1008 2005 1142 2044 suos
1199 1988 1610 2062 (Hipponensis
1665 1989 2029 2054 monasterii,

323 2093 424 2131 seu
450 2077 724 2134 laicorum
765 2095 868 2132 seu
907 2078 1284 2148 clericorum),
1316 2079 1534 2150 aliquid
1575 2079 1760 2133 solatii
1806 2077 2027 2133 sollici-

319 2165 614 2221 tudinibus
665 2166 780 2220 suis
835 2166 1181 2236 quaesiturus
1235 2168 1536 2240 epistolam
1585 2168 1764 2235 misit,
1813 2168 1876 2222 in
1919 2183 2032 2239 qua

323 2253 652 2310 insinuabat
669 2254 994 2310 desiderare
1024 2273 1082 2310 se
1115 2255 1332 2310 litteras
1362 2257 1692 2329 Augustini.
1733 2258 1892 2310 Hunc
1929 2255 2028 2310 do-

320 2342 407 2396 lor
433 2342 502 2396 de
531 2342 742 2399 infelici
775 2348 926 2399 statu
961 2345 1098 2399 Laeti
1127 2349 1438 2416 conceptus
1485 2345 1621 2400 satis
1650 2345 1912 2416 urgebat,
1961 2347 2028 2398 ut

326 2429 506 2502 ipsius
539 2431 817 2488 desiderio
848 2449 966 2487 non
996 2438 1254 2504 negaret,
1283 2434 1439 2506 quod
1492 2451 1550 2488 se
1579 2433 1806 2489 videbat
1843 2433 2032 2490 oflicio

327 2521 534 2577 debere
573 2521 881 2578 charitatis.
916 2523 1387 2578 Ardentissimam
1419 2523 1598 2594 igitur
1629 2523 1698 2577 ad
1729 2539 1860 2577 eum
1891 2522 2030 2577 scri-

324 2610 437 2682 psit
466 2611 763 2682 epistolam
798 2611 1000 2682 (Epist.
1027 2613 1173 2683 243),
1223 2628 1336 2684 qua
1392 2613 1556 2667 illum
1593 2612 1930 2667 hortabatur
1958 2611 2027 2666 ad

325 2701 684 2754 terrenarum
731 2716 927 2755 rerum
977 2705 1390 2772 contemptum,
1422 2705 1479 2756 et
1525 2701 1595 2756 ad
1640 2700 1835 2755 matris
1867 2716 2025 2755 amo-

324 2803 446 2843 rem
507 2788 770 2843 charitati
827 2789 1033 2845 Christi
1103 2793 1158 2844 et
1223 2789 1502 2857 Ecclesiae,
1574 2804 1805 2861 suaeque
1862 2787 2030 2843 saluti

272 2949 278 2955 _
321 2877 812 2947 postponendum.
852 2877 1061 2932 Suadet
1089 2877 1282 2948 itaque
1308 2882 1371 2932 ut
1397 2878 1692 2933 facultates
1715 2894 1844 2932 suas
1864 2875 2031 2931 matri

324 2969 381 3019 et
409 2964 732 3019 domesticis
758 2965 892 3030 suis,
926 2965 974 3019 si
1000 2966 1194 3021 forsan
1223 2966 1310 3021 his
1338 2966 1983 3038 indigeantﬁrelinquat
2014 2983 2028 3034 ;

328 3055 452 3107 tum
482 3052 596 3107 illis
643 3053 912 3108 nuntium
968 3055 1221 3109 remittat
1252 3071 1265 3109 :
1298 3071 1371 3109 ne
1423 3056 1704 3126 majorem
1741 3055 2031 3110 tristitiam

322 3143 554 3213 torpore
580 3157 682 3196 suo
711 3141 980 3196 fratribus
1008 3143 1212 3214 pariat,
1255 3161 1428 3215 quam
1452 3144 1712 3198 laetitiam
1742 3145 2031 3200 alacritate

323 3229 567 3301 pristina
594 3228 844 3283 dederat.
881 3230 1070 3284 Monet
1093 3234 1158 3284 ut
1187 3232 1374 3284 studio
1425 3233 1838 3303 cognoscendae
1890 3233 2033 3288 veri-

324 3318 456 3372 tatis
485 3321 664 3384 vacet,
696 3332 935 3390 seseque
973 3319 1045 3374 ad
1091 3319 1433 3390 evangelicae
1480 3320 1902 3390 praedicationis
1940 3321 2025 3376 of-

325 3405 521 3462 ﬁcium
551 3411 882 3477 comparet;
916 3406 1217 3461 Ecclesium
1265 3405 1805 3480 indigere-auxilio,
1838 3414 1904 3464 ut
1933 3410 2028 3465 ad-

329 3510 524 3552 versus
551 3495 804 3549 hostium
833 3511 1070 3550 suorum
1105 3495 1369 3551 incursus
1399 3501 1815 3568 propugnatur,
1862 3503 2033 3570 atque

327 3588 393 3638 ut
445 3584 667 3656 parvuli
724 3585 846 3656 ejus
898 3585 1023 3652 ﬁlii,
1083 3590 1277 3640 contra
1341 3587 1722 3658 quorumdam
1778 3588 2033 3642 ﬁliorum

327 3689 563 3728 suorum
589 3672 874 3746 ignaviam
919 3680 1090 3746 atque
1121 3679 1434 3748 torporem,
1468 3676 1708 3731 aliorum
1754 3675 2031 3743 ﬁliorum,

327 3777 576 3833 quorum
609 3777 639 3816 θ
669 3777 910 3817 numero
940 3767 1078 3827 erat,
1112 3765 1300 3820 calore
1350 3765 1670 3820 foveantur.
1697 3765 1774 3819 Ex
1820 3764 2028 3836 quibus

328 3849 597 3921 colligere
646 3849 797 3917 licet,
853 3866 985 3905 eum
1039 3852 1299 3908 Ecclesiae
1364 3852 1683 3909 ministerio
1727 3853 1902 3908 fuisse
1957 3853 2028 3908 ab

331 3937 654 4008 Augustino
692 3930 1040 3992 destinatum
1054 3981 1067 3995 .

404 4027 458 4080 8.
488 4025 628 4080 Cum
658 4024 838 4097 igitur
861 4026 1215 4098 Augustinus
1245 4026 1306 4083 in
1332 4028 1608 4100 episcopii
1637 4029 1808 4086 domo
1838 4047 2032 4086 secum

329 4114 563 4171 clericos
593 4131 726 4170 suos
762 4113 1018 4184 haberet,
1047 4132 1178 4171 cum
1206 4117 1410 4173 iisdem
1463 4119 1710 4174 formam
1755 4119 1884 4174 vitae
1923 4119 2035 4191 pri-

327 4221 554 4260 morum
607 4204 1065 4262 Christianorum
1112 4203 1480 4279 Jerosolymis
1522 4207 1873 4278 degentium,
1906 4209 2036 4280 qui-

335 4295 443 4350 bus
469 4299 634 4350 erant
663 4294 856 4350 omnia
874 4295 1221 4365 communia,
1248 4296 1390 4351 nihil
1411 4297 1734 4369 proprium,
1754 4302 2036 4369 quantum

327 4390 570 4457 poterat,
603 4386 928 4441 sectabatur
956 4386 1148 4458 (Serm.
1192 4388 1314 4454 355,
1346 4402 1393 4442 c.
1431 4391 1480 4456 l,
1511 4403 1566 4442 n.
1600 4391 1672 4454 2;
1710 4388 1881 4444 Serm.
1909 4390 2032 4456 356,

327 4489 385 4528 n.
423 4475 491 4544 1).
526 4475 588 4528 In
618 4474 770 4528 illius
808 4475 1074 4531 societate
1103 4475 1248 4532 nulli
1274 4477 1484 4531 licebat
1511 4493 1680 4532 suum
1703 4476 1918 4548 aliquid
1945 4477 2034 4531 di-

329 4577 477 4626 cere,
512 4562 612 4616 sed
641 4563 834 4618 omnia
863 4565 1133 4620 omnibus
1159 4569 1323 4620 erant
1370 4564 1698 4619 communia
1730 4580 1744 4619 :
1787 4569 1843 4618 et
1867 4568 2034 4635 quot-

335 4655 479 4722 quot
506 4651 566 4705 in
595 4667 720 4706 eam
745 4653 1216 4725 admittebantur,
1247 4653 1392 4708 hanc
1422 4653 1530 4709 sibi
1559 4655 1744 4724 legem
1781 4653 2040 4707 sciebant

338 4739 668 4811 impositam
689 4742 888 4811 (Serm.
918 4746 1039 4811 355,
1072 4759 1118 4798 c.
1139 4746 1252 4812 2,n.
1286 4746 1356 4809 2;
1388 4744 1559 4799 Serm.
1587 4746 1711 4813 356,
1738 4759 1792 4796 n.
1828 4743 1905 4812 2).
1936 4742 2039 4796 Nc-

333 4844 447 4901 que
467 4845 600 4884 vero
630 4830 813 4884 ullum
834 4830 1133 4887 ordinabat
1147 4831 1434 4900 clericum,
1448 4830 1561 4885 nisi
1590 4831 1687 4902 qui
1715 4846 1908 4886 secum
1921 4831 2025 4886 sub

337 4934 403 4973 ea
433 4918 760 4974 conditione
781 4934 1012 4975 manere
1042 4921 1211 4976 vellet
1242 4936 1256 4976 :
1291 4925 1355 4976 ut
1392 4921 1438 4974 si
1471 4919 1600 4992 quis
1637 4919 1974 4974 descisceret
2005 4935 2036 4974 e

329 5007 651 5080 proposito,
694 5007 779 5062 illi
801 5008 1134 5063 clericatum
1166 5010 1436 5077 auferret,
1479 5025 1728 5081 eumque
1757 5008 1913 5074 velut
1952 5025 2036 5063 sa-

325 5113 440 5154 cra:
478 5095 761 5151 societatis
788 5102 1084 5168 susceptas,
1136 5102 1193 5152 et
1249 5104 1458 5154 sanctae
1506 5097 1880 5169 professionis
1939 5097 2039 5152 de-

331 5191 609 5242 sertorem
646 5185 716 5241 de
747 5184 923 5254 gradu
955 5187 1228 5257 dejiceret
1279 5188 1472 5257 (Serm.
1517 5192 1644 5257 356,
1697 5203 1789 5241 nn.
1836 5189 1891 5256 6,
1927 5187 2035 5254 14).

333 5272 423 5330 Sic
468 5291 668 5331 omnes
718 5273 911 5329 clerici
967 5291 1099 5329 cum
1161 5292 1228 5331 eo
1293 5292 1574 5348 pauperes
1621 5280 1801 5341 erant,
1867 5274 2038 5329 simul

332 5367 724 5436 prmstolantes
753 5361 1207 5419 misericordiam
1266 5365 1368 5419 Dei
1415 5382 1480 5420 ex
1514 5365 1790 5420 reditibus
1818 5379 2039 5435 posses-

337 5450 568 5510 sionum
600 5453 880 5521 Ecclesiae,
913 5453 999 5508 vel
1043 5467 1107 5506 ex
1153 5452 1535 5511 oblationibus
1575 5453 1855 5520 ﬁdelium,
1913 5469 2041 5524 qua:

342 5539 584 5616 singulis
611 5561 715 5621 pro
744 5545 1019 5620 cujusque
1050 5541 1371 5616 indigentia
1395 5543 1880 5600 distribuebantur
1899 5543 2048 5610 (Pos-

1583 274 1757 332 VITA
1797 273 1851 330 S.
1895 270 2282 331 AUGUSTINI
2324 270 2662 328 EPISCOPI.

3726 266 3841 321 224

2133 396 2330 464 sidius,
2364 399 2422 450 in
2450 398 2583 452 Vita
2639 394 2957 464 Augustini,
3011 407 3056 448 ο.
3089 391 3199 463 23).
3233 389 3450 456 Quibus
3502 389 3692 461 aliqua
3744 408 3845 446 res

2134 485 2430 540 familiaris
2468 489 2609 550 erat,
2642 501 2768 539 eam
2815 487 2915 538 aut
2953 497 3190 554 erogare
3233 478 3606 551 pauperibus,
3639 484 3732 533 aut
3770 480 3836 533 in

2136 591 2436 629 commune
2477 574 2755 640 conferre,
2799 577 2896 627 aut
2916 570 3119 644 quovis
3149 570 3320 625 modo
3351 567 3641 622 remittere
3672 571 3839 620 tene-

2135 665 2342 719 bantur
2374 664 2556 731 (Serm.
2589 666 2710 731 355,
2741 678 2797 716 n.
2839 665 2913 730 2).
2949 660 3057 726 Qui
3095 659 3237 714 nihil
3290 657 3668 722 contulerant,
3719 672 3843 710 non

2136 753 2600 808 discernebantur
2650 753 2721 807 ab
2769 751 2850 805 cis
2892 751 2993 822 qui
3036 749 3255 821 aliquid
3285 746 3607 803 attulissent
3651 747 3840 812 (Serm.

2137 846 2262 911 356,
2293 859 2348 899 η.
2395 842 2467 913 8).
2527 841 2584 896 Si
2637 857 2783 912 quos
2821 855 3003 910 aegros
3050 843 3150 892 aut
3203 854 3267 892 ex
3316 835 3518 891 morbo
3575 833 3844 888 convale-

2137 933 2354 984 scentes
2375 928 2676 984 necessitas
2697 933 2927 999 cogeret
2939 931 3070 981 ante
3101 927 3302 980 horam
3323 923 3554 996 prandii
3583 923 3834 988 reticere,

2138 1035 2252 1073 non
2283 1018 2621 1089 prohibebat
2675 1017 2910 1089 quidem
2966 1015 3316 1087 Augustinus
3371 1013 3441 1068 iis
3479 1011 3629 1067 mitti
3685 1010 3841 1083 quod

2139 1105 2382 1160 aliorum
2413 1105 2597 1177 pietas
2627 1104 2936 1172 offerebat;
2989 1104 3087 1158 sed
3117 1121 3213 1158 eos
3241 1101 3547 1174 prandium
3600 1103 3700 1154 aut
3727 1115 3842 1152 cas-

2138 1210 2272 1249 nam
2303 1200 2460 1250 extra
2506 1209 2731 1248 sumere
2779 1209 2894 1247 non
2941 1191 3310 1263 permittebat
3365 1190 3548 1262 (Ibid.,
3613 1205 3669 1243 n.
3725 1186 3840 1257 l3).

2140 1285 2280 1340 Cum
2320 1284 2390 1338 iis
2418 1300 2643 1356 semper
2679 1282 3030 1352 Augustinus
3075 1298 3192 1336 una
3228 1280 3420 1348 domo,
3463 1295 3579 1334 una
3618 1292 3844 1339 mensa,

2140 1373 2578 1446 sumptibusque
2608 1371 3014 1428 communibus
3073 1371 3332 1426 alebatur
3370 1373 3428 1424 et
3470 1367 3845 1422 vestiebatur.

2141 1463 2379 1518 Nolebat
2396 1463 2604 1517 habere
2625 1461 2920 1534 quidpiam
2945 1459 3055 1516 nisi
3090 1474 3416 1526 commune,
3464 1457 3554 1511 vel
3580 1455 3848 1527 accipere

2140 1552 2253 1607 nisi
2282 1552 2343 1607 in
2368 1567 2672 1607 commune
2705 1567 2719 1606 :
2753 1555 2810 1606 et
2839 1551 2885 1605 si
2916 1549 3043 1622 quis
3069 1548 3285 1621 aliquid
3320 1546 3452 1618 ipsi,
3491 1545 3645 1618 quod
3684 1561 3848 1599 com-

2140 1658 2314 1697 mune
2355 1658 2477 1696 esse
2521 1657 2637 1696 non
2684 1644 2894 1712 posset,
2945 1639 3212 1706 offerret;
3271 1637 3430 1702 illud,
3475 1639 3539 1690 ut
3592 1633 3850 1707 pretium

2141 1735 2287 1786 esset
2329 1746 2653 1799 commune,
2687 1728 2984 1784 vendebat.
3034 1727 3567 1797 Indisciplinationes
3613 1739 3847 1793 quoque,

2139 1822 2220 1876 ait
2246 1819 2551 1888 Possidius,
2587 1823 2635 1874 et
2673 1819 3124 1888 transgressiones
3167 1831 3384 1872 suorum
3413 1831 3448 1869 a
3473 1814 3662 1881 regula
3699 1817 3854 1866 recta

2139 1916 2190 1965 et
2230 1909 2520 1977 honestate,
2569 1908 2831 1977 arguebat
2876 1912 2927 1962 et
2974 1906 3258 1971 tolerabat,
3315 1908 3578 1975 quantum
3630 1901 3855 1955 decebat

2139 2003 2189 2054 et
2227 1999 2502 2069 oportebat
2531 2013 2544 2052 :
2578 2000 2636 2051 in
2667 1998 2868 2052 talibus
2888 1993 3165 2071 przjcipue
3193 1995 3382 2049 ddbens
3413 2009 3478 2047 ne
3517 1992 3852 2060 cujusquam

2140 2104 2229 2143 cor
2257 2088 2619 2141 declinaretur
2645 2088 2702 2141 in
2721 2086 2885 2140 verba
2912 2086 3159 2154 maligna
3204 2084 3278 2138 ad
3306 2081 3644 2138 excusandas
3677 2096 3851 2134 excu-

2139 2178 2371 2232 sationes
2419 2177 2477 2229 in
2514 2176 2772 2245 peccatis.
2833 2177 2902 2229 Et
2939 2173 3070 2228 dum
3112 2175 3338 2241 quisque
3384 2171 3601 2239 offerret
3649 2183 3854 2222 munus

2139 2282 2294 2322 suum
2334 2265 2408 2318 ad
2436 2265 2628 2328 altare,
2657 2269 2707 2319 et
2737 2265 2851 2318 illic
2896 2263 3211 2317 recordatus
3259 2262 3454 2328 fuisset
3489 2258 3634 2329 quod
3670 2259 3855 2324 frater

2131 2369 2268 2409 suus
2299 2353 2515 2408 haberet
2543 2352 2761 2424 aliquid
2789 2351 3048 2406 adversus
3091 2352 3263 2418 illum,
3293 2347 3710 2418 relinquendum
3739 2362 3854 2400 esse

2141 2457 2334 2497 munus
2363 2446 2486 2497 ante
2514 2443 2706 2509 altare,
2731 2446 2893 2511 atque
2916 2440 3150 2496 eundum
3176 2455 3279 2509 quo
3319 2440 3492 2506 fratri
3534 2436 3855 2491 reconcilie-

2143 2537 2266 2597 tur;
2299 2536 2348 2585 et
2399 2536 2522 2585 tunc
2577 2530 2920 2595 veniendum,
2971 2534 3020 2584 et
3050 2543 3245 2584 munus
3298 2527 3371 2581 ad
3400 2528 3576 2581 altare
3604 2525 3853 2594 offeren-

2141 2620 2287 2674 dum.
2349 2621 2410 2676 Si
2462 2636 2584 2675 vero
2649 2623 2764 2690 ipse
2817 2620 3077 2673 adversus
3134 2619 3366 2684 fratrem
3421 2630 3582 2670 suum
3628 2611 3855 2681 aliquid

2141 2710 2378 2775 haberet,
2411 2711 2678 2779 corripere
2698 2725 2815 2763 eum
2847 2708 3033 2762 debere
3062 2710 3120 2762 in
3135 2711 3297 2778 parte
3321 2722 3334 2772 ;
3362 2710 3412 2760 et
3439 2707 3489 2760 si
3515 2719 3636 2760 eum
3665 2702 3855 2755 audis-

2139 2804 2235 2865 set,
2265 2801 2506 2853 lucratus
2538 2803 2672 2853 esset
2701 2814 2858 2853 suum
2885 2801 3116 2866 fratrem
3147 2813 3160 2850 :
3192 2798 3280 2850 sin
3320 2797 3519 2861 minus,
3573 2792 3855 2846 adhiben-

2139 2889 2268 2942 dum
2294 2903 2403 2942 esse
2444 2903 2610 2942 unum
2667 2891 2762 2940 aut
2806 2886 2939 2941 duos
2975 2901 2987 2940 :
3021 2885 3165 2954 quod
3191 2886 3242 2938 si
3281 2889 3330 2938 et
3361 2887 3506 2954 ipsos
3552 2886 3857 2936 contemne-

2139 2981 2239 3044 ret,
2274 2978 2566 3031 Ecclesiam
2592 2975 2994 3030 adhibendam:
3027 2977 3113 3030 sin
3140 2989 3264 3028 vero
3302 2978 3352 3028 el
3399 2973 3522 3027 huic
3563 2986 3671 3025 non
3724 2969 3858 3024 obe-

2140 3065 2301 3131 diret,
2353 3071 2486 3120 esset
2532 3065 2620 3119 illi
2670 3069 2728 3118 ut
2784 3065 3026 3118 ethnicus
3079 3068 3130 3118 et
3183 3062 3527 3132 publicanus.
3585 3062 3655 3114 Et
3712 3059 3859 3112 illud

2140 3153 2364 3222 addens,
2422 3159 2483 3207 ut
2526 3155 2702 3220 fratri
2768 3154 3020 3222 peccanti
3073 3155 3124 3206 et
3173 3153 3384 3206 veniam
3439 3149 3664 3220 petenti,
3733 3163 3850 3201 non

2144 3245 2357 3312 septies,
2387 3242 2482 3296 sed
2510 3243 2816 3312 septuagies
2845 3242 3040 3310 septies
3069 3239 3320 3294 delictum
3371 3239 3671 3305 relaxetur,
3706 3238 3858 3290 sicut

2149 3333 2377 3400 quisque
2407 3347 2440 3384 a
2464 3333 2687 3384 Domino
2727 3329 2969 3399 quotidie
2996 3329 3104 3384 sibi
3125 3329 3371 3398 postulat
3400 3328 3648 3381 relaxari
3693 3324 3859 3394 (Pos-

2139 3419 2342 3486 sidius,
2377 3423 2432 3473 in
2470 3419 2598 3473 Vita
2626 3419 2947 3485 Augustini,
2985 3433 3030 3472 c.
3065 3416 3177 3488 25).
3226 3416 3384 3471 Istud
3437 3414 3690 3486 profecto
3723 3414 3860 3466 Pos-

2141 3508 2321 3563 sidius
2359 3509 2510 3562 inter
2540 3507 2845 3578 Augustini
2871 3511 2993 3562 acta
3021 3522 3137 3561 non
3165 3506 3239 3560 ob
3269 3505 3424 3560 aliud
3473 3504 3692 3571 retulit,
3741 3504 3862 3558 nisi

2141 3601 2205 3652 ut
2227 3598 2351 3669 ejus
2395 3596 2689 3668 propriam
2730 3597 3038 3668 quamdam
3089 3594 3532 3650 sollicitudinem
3564 3592 3858 3647 studium-

2142 3698 2252 3754 que
2283 3682 2734 3746 commendaret,
2768 3697 2882 3753 quo
2903 3680 3163 3736 videlicet
3188 3683 3414 3734 sanctus
3444 3676 3761 3748 Episcopus
3797 3677 3860 3731 in

2142 3771 2248 3826 hoc
2279 3771 2528 3826 maxime
2558 3769 2944 3838 incumbebat,
2977 3773 3042 3824 ut
3079 3769 3221 3824 citra
3246 3766 3642 3840 exceptionem
3673 3767 3860 3821 ullam

2141 3859 2326 3930 ﬁeret,
2367 3860 2520 3932 quod
2547 3877 2613 3914 ea
2644 3860 2713 3914 de
2741 3876 2800 3913 re
2836 3858 3109 3913 Dominus
3139 3861 3332 3913 noster
3360 3855 3682 3926 imperavit.

2211 3953 2264 4004 9.
2317 3951 2663 4003 Feminarum
2729 3950 2878 4003 intra
2943 3947 3159 4002 domum
3215 3947 3328 4016 ejus
3389 3946 3544 3999 nulla
3608 3960 3862 4014 unquam

2139 4042 2454 4092 conversata
2483 4042 2579 4105 est,
2612 4037 2765 4092 nnlla
2795 4038 3018 4097 mansit,
3051 4051 3116 4090 ne
3145 4035 3364 4104 quidem
3402 4049 3662 4103 germana
3702 4049 3863 4088 soror

2142 4142 2260 4196 quae
2281 4127 2450 4179 vidua
2479 4129 2582 4180 Deo
2632 4127 2863 4180 serviens
2898 4126 3064 4179 multo
3117 4129 3350 4193 tempore
3409 4137 3578 4193 usque
3606 4137 3672 4176 en
3711 4122 3863 4177 diem

2141 4215 2319 4269 obitus
2383 4216 2472 4268 sui
2519 4216 2820 4284 praeposita
2865 4214 3192 4268 ancillarum
3251 4213 3346 4267 Dei
3396 4213 3576 4276 via-it;
3616 4210 3715 4264 sed
3763 4227 3864 4265 nec

2135 4307 2331 4374 patrui
2357 4304 2609 4373 suiﬁliae,
2643 4308 2693 4358 et
2740 4305 2939 4370 fratris
2978 4305 3094 4357 suis
3139 4303 3287 4371 ﬁliw,
3321 4316 3440 4370 qua:
3488 4301 3705 4370 pariter
3753 4302 3864 4354 Deo

2140 4393 2443 4448 serviebant
2477 4408 2489 4446 :
2521 4408 2657 4462 quas
2685 4406 2944 4462 personas
2974 4396 3283 4446 sanctorum
3323 4392 3697 4459 episcoporum
3727 4404 3861 4443 con-

2143 4483 2269 4536 cilia
2297 4484 2357 4536 in
2386 4483 2623 4551 exceptis
2664 4485 2978 4550 posuerunt.
3039 4480 3257 4534 Dicebat
3297 4495 3443 4544 vero.
3477 4479 3610 4548 quia
3645 4479 3752 4532 etsi
3797 4478 3866 4532 de

2142 4585 2321 4624 sorore
2373 4575 2425 4624 et
2478 4569 2730 4638 neptibus
2777 4583 2954 4624 secum
3001 4567 3452 4624 commorantibus
3495 4567 3647 4621 nulla
3701 4569 3866 4621 nasci

2139 4661 2318 4727 posset
2373 4657 2522 4711 mala
2567 4658 2846 4726 suspicio;
2909 4661 3088 4712 tamen
3144 4657 3401 4725 quoniam
3451 4655 3559 4708 illa
3611 4669 3868 4722 personae

2142 4749 2257 4801 sine
2297 4747 2425 4800 aliis
2454 4747 2772 4800 necessariis
2809 4759 3088 4814 secumque
3113 4743 3454 4798 manentibus
3477 4744 3702 4810 feminis
3751 4759 3868 4798 esse

2145 4851 2251 4890 non
2279 4839 2516 4905 possent,
2567 4840 2616 4888 et
2659 4834 2803 4905 quod
2850 4833 2924 4887 ad
2969 4849 3058 4888 eas
3109 4834 3231 4888 alia:
3261 4834 3425 4887 etiam
3451 4848 3484 4886 a
3507 4833 3649 4898 foris
3681 4830 3866 4886 intra-

2142 4929 2280 4990 rent,
2314 4924 2381 4978 de
2412 4925 2497 4978 his
2523 4938 2680 4994 posse
2708 4923 3088 4993 o/fendiculum
3121 4926 3216 4976 aut
3243 4922 3566 4976 scandalum
3596 4922 3869 4990 inﬁrmio-

2143 5013 2296 5067 ribus
2347 5013 2537 5078 nasci;
2597 5015 2646 5065 et
2700 5012 2823 5066 illos
2868 5013 2965 5081 qui
3007 5025 3126 5065 cum
3189 5012 3434 5079 episcopo
3491 5009 3574 5062 vel
3625 5009 3872 5078 quolibet

2145 5102 2336 5156 clerico
2361 5102 2510 5168 forte
2530 5105 2830 5168 manerent,
2863 5115 2930 5154 ea:
2959 5100 3070 5154 illis
3091 5099 3339 5152 omnibus
3375 5098 3712 5164 feminarum
3739 5113 3871 5167 per-

2146 5191 2291 5243 sonis
2321 5204 2476 5258 posse
2500 5204 2611 5243 una
2662 5189 3121 5243 commorantibus
3177 5188 3260 5241 vel
3290 5186 3738 5252 adventantibus,
3774 5191 3873 5240 aut

2149 5278 2534 5332 tentationibus
2561 5281 2814 5332 humanis
2840 5280 3038 5347 perire,
3074 5281 3171 5330 aut
3200 5280 3339 5331 certe
3387 5276 3542 5328 malis
3587 5275 3872 5328 hominum

2147 5367 2540 5435 suSpicionibus
2587 5370 2817 5436 pessime
2869 5366 3171 5435 diffamari.
3226 5365 3301 5420 0b
3333 5364 3427 5418 hoc
3473 5379 3598 5431 ergo
3628 5363 3868 5422 dicebat,

2149 5469 2428 5522 nunquam
2454 5454 2642 5509 debere
2669 5457 2905 5522 feminas
2935 5469 3054 5509 cum
3083 5453 3252 5510 servis
3284 5453 3399 5518 Dei,
3433 5453 3600 5506 etiam
3623 5454 3870 5507 castissi-

2154 5543 2274 5610 mis,
2317 5558 2427 5597 una
2468 5559 2682 5600 manere
2730 5545 2906 5611 domo,
2970 5559 3054 5611 ne,
3104 5547 3163 5597 ut
3219 5543 3426 5596 dictum
3478 5545 3576 5608 est,
3637 5541 3869 5613 aliquod
