4008 6184
202 294 291 346 2‘25
1658 295 1873 351 LIBER
1929 293 2286 363 QUARTUS.

197 415 507 471 scandalum
575 422 673 472 aut
751 417 1132 486 offendiculum
1197 420 1299 474 tali
1361 420 1602 490 exemplo
1663 424 1896 490 ponetur

196 507 579 575 inﬁrmioribus
611 527 628 564 :
657 513 707 562 et
736 511 785 561 si
811 510 954 576 forte
977 509 1046 562 ab
1075 509 1350 578 aliquibus
1377 513 1619 578 feminis,
1645 515 1705 564 ut
1732 510 1894 564 vide-

191 602 353 661 retur,
385 598 471 651 vel
499 582 854 666 salutaretur,
880 598 1205 665 rogabatur;
1238 614 1518 669 nunquam
1543 602 1659 654 sine
1685 601 1892 654 clericis

188 687 406 740 testibus
441 686 516 740 ad
544 701 662 740 eum
698 687 1003 756 intrabant,
1042 689 1124 742 vel
1161 689 1306 743 solus
1343 705 1462 743 cum
1494 689 1623 744 solis
1652 703 1893 758 unquam

185 781 254 829 est
282 776 520 843 locutus,
557 791 650 831 nec
688 778 740 831 si
775 781 1096 832 secretorum
1143 778 1357 848 aliquid
1402 781 1682 834 interesset
1729 779 1888 851 (Ibid.

182 881 221 920 c.
250 867 369 936 26).

857 955 1082 1010 CAPUT
1122 956 1221 1011 III.

187 1047 200 1096 ί
235 1044 588 1110 Augustinus
633 1057 842 1112 semper
883 1046 1065 1098 animo
1113 1045 1248 1098 liber
1295 1045 1352 1098 in
1380 1045 1628 1100 Ecclesiae
1655 1059 1766 1099 suae
1792 1043 1890 1098 bo-

243 1134 334 1185 nis
382 1132 864 1188 administrandis.
925 1136 957 1186 2
996 1135 1058 1188 In
1101 1133 1296 1187 iisdem
1334 1133 1468 1188 data
1495 1135 1760 1200 facultate
1788 1149 1889 1187 au-

243 1220 442 1287 gendis
475 1225 742 1289 quantum
785 1222 994 1276 alienus
1031 1221 1098 1275 ub
1142 1223 1288 1276 omni
1318 1222 1636 1291 cupiditate.
1671 1225 1701 1277 3
1734 1222 1889 1277 Obla-

244 1309 422 1362 tiones
468 1311 596 1378 pius
635 1310 904 1380 approbat
942 1314 993 1364 et
1029 1312 1279 1380 suscipit.
1321 1312 1354 1365 4
1393 1313 1572 1379 Ipsius
1602 1315 1652 1365 et
1694 1311 1891 1379 Alypii

241 1396 310 1449 de
342 1399 613 1452 Honorati
640 1399 944 1468 presbyteri
980 1398 1293 1454 haereditate
1331 1415 1494 1467 quam
1525 1399 1888 1468 discrepantes

240 1488 549 1542 sententiae.
626 1491 657 1542 5
731 1490 998 1544 Basilicus
1064 1493 1115 1544 et
1185 1487 1576 1543 ivenodochium
1649 1489 1890 1543 construi

240 1580 430 1630 curat.

245 1667 294 1717 ί.
339 1666 546 1717 Domus
580 1664 828 1719 Ecclesize
855 1680 1060 1728 curam,
1088 1679 1401 1735 omnemque
1422 1665 1784 1720 substantiam
1813 1665 1888 1719 ad

170 1755 310 1806 vices
341 1753 740 1808 valentioribus
763 1754 972 1808 clericis
991 1754 1274 1822 delegabat
1294 1759 1344 1808 et
1364 1754 1610 1809 credebat
1632 1755 1882 1826 (Possid.,

165 1843 217 1894 in
247 1843 386 1898 Vita
419 1843 680 1911 August,
710 1857 758 1897 c.
791 1845 910 1913 24).
965 1842 1188 1914 Singuli
1216 1859 1321 1913 per
1349 1858 1588 1910 annum,
1622 1847 1684 1898 ut
1742 1843 1887 1897 vide-

167 1936 280 1997 tur,
319 1930 578 2000 spatium
602 1930 658 1984 id
683 1931 961 2000 muneris,
985 1931 1073 1986 cui
1095 1931 1493 2003 praepositum:
1511 1948 1726 1987 nomen
1741 1937 1882 2000 erat,

161 2021 444 2087 obibant;
477 2021 688 2092 quibus
719 2021 892 2075 etiam
921 2025 1184 2076 mutuam
1214 2039 1438 2077 sumere
1476 2023 1778 2094 pecuniam
1809 2023 1884 2077 li-

158 2109 332 2163 cebat
361 2111 565 2181 (Serm.
609 2112 733 2176 356,
775 2127 830 2164 n.
867 2112 972 2179 15).
1007 2111 1130 2182 Ipse
1158 2127 1439 2180 nunquam
1481 2113 1704 2179 clavem,
1739 2128 1881 2166 nun-

158 2216 332 2270 quam
361 2201 630 2254 annulum
654 2203 711 2254 in
739 2215 904 2254 manu
947 2201 1176 2255 habens:
1223 2201 1318 2255 sed
1357 2202 1424 2255 ab
1458 2201 1655 2256 eisdem
1694 2201 1882 2256 domus

154 2293 480 2359 praepositis
505 2295 700 2344 cuncta
724 2295 776 2343 et
804 2294 1022 2359 accepta
1041 2295 1092 2344 et
1119 2295 1341 2357 erogata
1370 2291 1738 2347 notabantur:
1765 2306 1883 2359 qua:

157 2394 308 2433 anno
336 2379 600 2448 completo
647 2377 820 2432 eidem
857 2378 1249 2444 recitabantur,
1282 2394 1386 2447 quo
1417 2381 1667 2446 sciretur,
1699 2394 1881 2448 quan-

159 2474 277 2522 tum
315 2472 622 2537 acceptam,
675 2472 1042 2538 quantumque
1094 2468 1468 2536 dispensatum
1522 2470 1738 2535 fuisset,
1799 2468 1882 2522 vel

158 2557 302 2627 quid
326 2556 763 2626 dispensandum
790 2559 1164 2624 remansisset,-
1187 2561 1236 2611 et
1259 2559 1315 2610 in
1344 2559 1530 2611 multis
1553 2558 1730 2611 titulis
1756 2572 1880 2611 ma-

157 2650 241 2714 gis
273 2647 429 2700 illius
462 2648 753 2716 praepositi
781 2646 971 2700 domus
1012 2645 1179 2717 ﬁdem
1202 2661 1448 2714 sequens,
1483 2662 1647 2715 quam
1669 2647 1877 2716 probu-

159 2742 274 2790 tum
304 2737 834 2804 munifestatumque
877 2750 1210 2804 cognoscens.
1254 2738 1499 2800 Domum,
1532 2751 1746 2804 agrum,
1787 2733 1879 2791 seu
1930 2791 1933 2795 .

156 2826 350 2878 villam
391 2840 678 2893 nunquam
720 2840 887 2878 emere
934 2825 1122 2879 voluit.
1157 2825 1219 2879 In
1250 2825 1318 2878 iis
1360 2840 1588 2894 quoque,
1621 2840 1740 2895 quae
1776 2827 1878 2880 Ec-

153 2916 324 2969 clesia
348 2913 590 2968 habebat
619 2918 669 2968 et
691 2913 1027 2983 possidebat,
1059 2915 1298 2968 intentus
1330 2928 1530 2980 amore,
1566 2914 1650 2968 vel
1694 2914 1876 2982 impli-

157 3008 311 3059 catus
340 3018 454 3058 non
492 3006 614 3057 erat
659 3019 672 3056 :
714 3002 809 3056 sed
835 3002 1134 3071 majoribus
1175 3003 1376 3071 magis,
1407 3017 1470 3056 ac
1498 3003 1877 3071 spiritualibus

151 3107 456 3162 suspensus
480 3096 533 3144 et
556 3092 823 3146 inhaerens
862 3091 1039 3158 rebus,
1070 3092 1168 3146 vix
1198 3091 1498 3160 aliquando
1527 3105 1582 3145 se
1601 3092 1780 3160 ipsum
1803 3092 1878 3146 ad

153 3182 253 3234 illa
299 3181 635 3250 temporalia
680 3180 749 3234 ab
780 3184 1098 3234 aeternorum
1149 3182 1474 3248 cogitatione
1501 3180 1791 3235 relaxabut
1827 3187 1877 3236 et

153 3269 198 3323 ιι
215 3271 484 3340 ponebat.
520 3270 728 3336 Quibus
759 3270 850 3322 ille
878 3269 1159 3338 dispositis
1187 3274 1238 3323 et
1285 3269 1582 3340 ordinatis,
1615 3274 1876 3338 tanquam

151 3377 187 3413 a
216 3359 383 3413 rebus
421 3359 769 3414 mordacibus
800 3373 864 3412 ac
892 3359 1149 3427 molestis,
1189 3360 1360 3412 animi
1388 3373 1664 3413 recursum
1693 3358 1767 3413 ad
1796 3361 1878 3414 in-

156 3451 365 3502 teriora
391 3446 597 3501 mentis
621 3451 671 3500 et
695 3449 980 3516 superiora
1006 3447 1264 3514 faciebat,
1285 3463 1389 3518 quo
1409 3449 1492 3502 vel
1521 3448 1587 3502 de
1610 3449 1874 3503 invenien-

156 3537 243 3591 dis
272 3537 490 3591 divinis
519 3535 677 3590 rebus
723 3538 1002 3603 cogitaret,
1037 3537 1120 3590 vel
1149 3535 1215 3590 de
1231 3537 1356 3606 jam
1397 3538 1630 3592 inventis
1659 3537 1876 3606 aliquid

156 3626 416 3690 dictaret,
449 3629 550 3678 aut
572 3629 710 3678 certe
737 3641 804 3679 ea:
818 3625 939 3693 jam
958 3625 1179 3678 dictatis
1201 3630 1363 3693 atque
1387 3627 1730 3696 transcriptis
1761 3627 1874 3681 ali-

156 3715 294 3785 quid
323 3713 657 3769 emendaret.
690 3715 759 3768 Et
789 3713 850 3767 id
876 3713 1070 3780 agebat
1094 3712 1158 3768 in
1179 3713 1266 3768 die
1292 3714 1562 3778 laborans,
1585 3717 1708 3769 etin
1727 3719 1874 3770 nocte

157 3805 479 3858 lucubrans.
509 3805 583 3858 Et
619 3806 737 3856 erat
787 3807 1048 3871 tanquam
1078 3803 1177 3856 illa
1211 3803 1622 3870 religiosissima
1667 3805 1870 3868 Maria,

157 3898 352 3964 typum
399 3896 621 3961 gestans
657 3905 902 3960 supernae
931 3892 1200 3958 Ecclesiae,
1232 3890 1297 3944 de
1327 3907 1436 3961 qua
1472 3894 1736 3961 scriptum
1772 3897 1871 3963 est,

157 3981 300 4050 quod
342 3981 555 4036 sederet
583 3980 658 4034 ad
694 3979 858 4050 pedes
904 3981 1130 4048 Domini,
1166 3984 1330 4050 atque
1357 3982 1570 4035 intenta
1599 3981 1716 4050 ejus
1745 3997 1872 4034 ver-

158 4073 280 4128 bum
305 4073 533 4127 audiret
563 4070 814 4138 (Possid.,
849 4072 907 4125 in
953 4073 1081 4128 Vita
1105 4072 1280 4139 Aug.,
1310 4087 1355 4126 c.
1389 4072 1504 4141 24).
1541 4070 1872 4126 Videbimus

157 4161 307 4216 intra
336 4177 475 4216 eum
504 4160 928 4232 possessionum
976 4159 1234 4214 Ecclesiae
1278 4175 1396 4214 suae
1426 4157 1870 4214 administratio-

159 4266 294 4304 nem
330 4266 568 4322 prorsus
610 4248 878 4320 abjicere,
927 4253 1098 4320 atque
1146 4247 1216 4302 iis
1261 4247 1503 4302 omnino
1547 4247 1747 4302 cedere
1773 4261 1870 4300 vo-

160 4339 335 4393 luisse
381 4339 565 4409 (Ibid.,
615 4354 660 4393 c.
711 4339 820 4406 23).
859 4339 958 4392 Ille
988 4337 1110 4409 ipse
1140 4353 1314 4408 opum
1343 4341 1722 4407 contemptus,
1755 4351 1869 4406 quo

153 4431 274 4500 jam
307 4427 446 4483 inde
475 4445 510 4481 a
539 4444 643 4482 sua
675 4427 1039 4482 conversione
1085 4427 1379 4482 facultates
1423 4441 1552 4480 suas
1608 4423 1872 4496 pauperi-

158 4519 264 4572 bus
288 4517 572 4588 erogavit,
601 4515 655 4571 ei
683 4516 862 4572 totius
903 4515 1279 4587 Hipponensis
1303 4513 1502 4587 populi
1527 4513 1870 4568 benevolen-

158 4604 299 4658 tiam
347 4603 750 4658 conciliaverat
797 4605 991 4674 (Epist.
1048 4607 1170 4673 126,
1217 4621 1272 4658 n.
1303 4607 1352 4673 7)
1389 4619 1402 4657 :
1438 4617 1567 4673 qua:
1603 4600 1780 4655 virtus
1807 4599 1869 4654 in

161 4692 278 4758 illo,
327 4707 397 4746 ex
443 4708 558 4764 quo
605 4696 828 4746 creatus
878 4697 963 4746 est
1014 4691 1334 4763 episcopus,
1392 4689 1701 4745 imminuta
1750 4704 1868 4743 non

158 4779 285 4836 fuit.
323 4780 469 4835 Nam
515 4781 776 4853 quamvis
826 4780 1086 4836 Ecclesiae
1132 4781 1280 4836 bona
1324 4796 1383 4835 re
1430 4796 1531 4834 sua
1572 4777 1864 4848 familiari,

159 4886 336 4942 quam
380 4869 696 4938 dimiserat,
750 4871 930 4926 multo
974 4870 1195 4943 majora
1235 4869 1530 4941 possidere
1555 4868 1864 4935 videretur,

156 4976 360 5014 eorum
404 4964 600 5016 tamen
652 4959 1010 5015 solummodo
1067 4959 1403 5014 distributor
1449 4963 1506 5014 et
1533 4973 1866 5013 uaconomus

155 5052 299 5104 erat.
324 5049 513 5115 Quare
544 5065 675 5103 cum
705 5048 1010 5121 aliquando
1039 5048 1100 5102 in
1130 5047 1459 5119 cupiditatis
1479 5047 1861 5118 suspicionem

153 5137 297 5192 {also
355 5138 626 5204 venisset,
682 5139 859 5192 Deum
891 5137 1080 5210 ipsum
1130 5135 1308 5191 animi
1337 5135 1425 5190 sui
1463 5139 1666 5191 testem
1693 5135 1864 5190 adhi-

155 5227 282 5282 buit
305 5247 322 5282 :
350 5231 489 5282 Deus
519 5229 670 5282 testis
709 5231 805 5294 est,
838 5226 1047 5298 inquit,
1093 5228 1257 5282 istam
1308 5241 1515 5280 omnem
1560 5240 1740 5280 rerum
1788 5240 1866 5280 ec-

151 5316 582 5371 clesiasticarum
606 5317 1063 5386 procurationem,
1107 5331 1340 5386 quarum
1380 5313 1650 5370 credimur
1677 5329 1864 5370 amare

151 5405 513 5474 dominatum,
562 5410 791 5476 propter
845 5407 1155 5460 servitutem
1188 5421 1351 5475 quam
1406 5405 1565 5461 debeo
1603 5405 1868 5460 charitati

149 5498 392 5559 fratrum
419 5501 472 5550 et
503 5497 690 5549 timori
716 5496 834 5562 Dei,
867 5495 1093 5549 tolerare
1131 5509 1233 5561 me,
1272 5510 1380 5549 non
1422 5495 1760 5572 umare;_ita
1805 5499 1866 5548 ut

151 5600 235 5654 ea,
257 5587 310 5641 si
332 5586 486 5641 salvo
512 5585 696 5654 ofﬁcio
713 5583 939 5654 possim,
969 5598 1152 5639 carere
1176 5583 1474 5640 desiderem
1494 5582 1686 5657 (Ibid.,
1707 5597 1764 5640 n.
1790 5582 1866 5654 9).

3603 314 3706 366 226

2009 419 2191 476 Videri
2220 421 2406 478 adhuc
2433 429 2692 494 possunt,
2727 441 2877 497 quae,
2914 424 2982 479 ad
3014 424 3354 482 refellendas
3394 430 3706 487 Donatista-

2002 525 2130 564 rum
2185 512 2518 581 calumnias,
2581 530 2752 584 super
2797 515 2904 568 liac
2947 530 3006 568 re
3052 514 3269 580 scribit,
3316 518 3609 573 occasione
3640 521 3709 574 le-

2002 613 2162 669 gum,
2191 616 2321 671 quae
2368 603 2772 658 ecclesiasticas
2800 603 3032 658 illorum
3071 605 3458 674 possessiones
3489 607 3710 680 episco-

2000 688 2094 759 pis
2119 690 2376 746 Ecclesia:
2407 693 2699 748 catholicae
2732 693 3086 748 addicebant.
3169 741 3172 744 .

2071 780 2120 832 2.
2179 780 2384 834 Verum
2438 798 2506 836 ex
2550 782 2672 852 ejus
2717 782 2894 854 gestis
2932 781 3161 854 clarius,
3196 799 3371 855 quam
3403 799 3471 840 ex
3516 786 3704 841 verbis

2000 866 2278 936 elucebat,
2331 875 2608 942 quantum
2655 888 2688 925 a
2725 872 2982 944 pecuniae
3011 872 3324 944 cupiditate
3352 890 3562 930 vacuus
3593 876 3707 931 exi-

1999 958 2192 1010 steret.
2249 958 2390 1012 Cum
2449 959 2604 1014 enim
2646 960 2852 1031 aliquis
2900 961 3160 1014 Ecclesia:
3210 962 3509 1034 quidpiam
3536 969 3705 1019 testa-

2001 1047 2193 1098 mento
2227 1045 2488 1117 legasset,
2518 1047 2768 1101 malebat
2786 1047 2929 1102 illud
2951 1047 3059 1102 sibi
3082 1048 3293 1115 offerri,
3324 1065 3498 1121 quam
3517 1066 3623 1121 per
3645 1067 3703 1106 se
3784 1088 3787 1091 -

1999 1131 2170 1202 exigi.
2202 1136 2340 1190 Nam
2378 1139 2428 1188 et
2469 1138 2683 1205 aliquas
2722 1153 2843 1190 eum
2883 1137 3222 1192 hzereditates
3252 1155 3523 1194 recusasse
3549 1143 3702 1195 novi-

1997 1237 2134 1289 mus,
2169 1222 2249 1276 ait
2291 1224 2598 1292 Possidius,
2649 1241 2754 1279 non
2788 1228 2920 1294 quia
2955 1228 3293 1296 pauperibus
3335 1230 3554 1284 inutiles
3591 1245 3702 1284 esse

1992 1316 2228 1380 possent,
2261 1313 2355 1367 sed
2379 1316 2633 1383 quoniam
2656 1315 2869 1383 justum
2901 1318 2951 1368 et
2978 1331 3190 1384 aequum
3228 1331 3338 1370 esse
3377 1317 3613 1384 videbat,
3641 1321 3700 1371 ut

1996 1411 2031 1448 a
2058 1403 2388 1454 mortuorum
2412 1401 2495 1454 vel
2519 1403 2670 1471 ﬁliis,
2711 1403 2794 1456 vel
2821 1404 3159 1472 parentibus,
3189 1405 3271 1458 vel
3300 1406 3562 1473 affinibus
3589 1421 3702 1460 mu-

1995 1487 2080 1550 gis
2103 1486 2532 1557 possiderentur,
2582 1489 2778 1557 quibus
2824 1506 2914 1545 eas
2962 1491 3264 1560 deﬁcientes
3305 1492 3577 1547 dimittere
3608 1509 3700 1548 no-

1997 1573 2212 1630 luerunt
2242 1577 2489 1646 (Possid.,
2524 1580 2582 1632 in
2611 1581 2740 1635 Vita
2765 1579 3038 1648 August”
3071 1595 3115 1635 c.
3146 1580 3254 1649 24).
3291 1581 3357 1635 Et
3386 1581 3456 1636 ad
3485 1580 3545 1634 id
3575 1597 3701 1658 nar-

1994 1662 2156 1717 rabat
2203 1666 2420 1720 Aurelii
2473 1666 2936 1738 Carthagineusis
2989 1669 3225 1732 factum,
3253 1669 3404 1739 quod
3435 1669 3700 1724 omnibus

1993 1751 2221 1806 virtutis
2250 1754 2540 1824 specimen
2583 1756 2924 1827 praebuerat.
2955 1757 3127 1823 Quum
3159 1758 3456 1825 laudabile,
3489 1757 3698 1827 aiebat,

1990 1843 2199 1908 factum
2218 1845 2396 1897 sancti
2415 1849 2463 1898 et
2484 1845 2778 1899 venerandi
2805 1847 3044 1916 episcopi
3061 1846 3280 1900 Aurelii
3300 1847 3696 1915 Carthaginen-

1990 1931 2086 1994 sis,
2121 1931 2381 1998 quomodo
2428 1933 2674 2001 implevit
2715 1934 2961 1988 omnibus
3002 1936 3098 2003 qui
3126 1933 3323 2002 sciunt,
3356 1950 3412 1989 os
3443 1935 3697 1992 laudibus

1990 2018 2127 2074 Dei?
2155 2020 2394 2086 Quidam
2435 2037 2554 2076 cum
2599 2021 2744 2092 filios
2783 2038 2889 2076 non
2935 2022 3175 2089 haberet,
3224 2038 3394 2092 neque
3429 2028 3696 2092 speraret,

1991 2123 2075 2162 res
2113 2123 2240 2163 suas
2279 2125 2454 2164 omnes
2482 2115 2682 2166 retento
2721 2112 2830 2165 sibi
2854 2113 3145 2178 usufructu
3173 2111 3398 2166 donavit
3425 2113 3693 2168 Ecclesiae.

1991 2199 2126 2254 Nati
2151 2203 2277 2253 sunt
2306 2201 2394 2253 illi
2423 2201 2551 2269 ﬁlii,
2581 2205 2632 2254 et
2672 2200 2916 2254 reddidit
2956 2202 3256 2270 Episcopus
3303 2216 3395 2255 nec
3448 2203 3701 2270 opinanti

1991 2303 2110 2355 quae
2147 2288 2235 2342 illc
2262 2287 2578 2344 donaverat.
2608 2291 2672 2343 In
2709 2294 2971 2359 potestate
3001 2290 3231 2344 habebat
3260 2291 3558 2360 Episcopus
3589 2307 3694 2345 non

1988 2375 2242 2444 reddere;
2274 2377 2369 2432 sed
2388 2379 2517 2448 jure
2542 2379 2674 2446 fori,
2707 2394 2814 2433 non
2835 2380 2965 2449 jure
2987 2380 3106 2449 poli
3138 2380 3332 2449 (Serm.
3368 2382 3493 2446 355,
3532 2395 3586 2434 n.
3619 2379 3692 2449 5).

1991 2466 2120 2519 Haec
2150 2482 2383 2538 quoque
2415 2468 2614 2538 regula
2646 2467 2944 2523 retinenda
2993 2467 3104 2538 ipsi
3153 2467 3465 2536 videbatur,
3503 2471 3565 2522 ut
3593 2484 3693 2540 pa-

1987 2555 2110 2621 tris,
2144 2555 2243 2626 qui
2269 2555 2456 2611 ﬁlium
2481 2573 2651 2612 suum
2680 2557 2860 2612 iratus
2887 2557 3319 2625 exhaeredasset,
3354 2573 3473 2611 non
3525 2556 3696 2612 susci-

1987 2648 2149 2715 peret
2175 2645 2590 2713 haereditatem,
2639 2647 2737 2702 sed
2768 2646 2889 2701 ﬁlio
2919 2646 3204 2702 redderet.
3266 2646 3424 2701 Unde
3467 2645 3692 2700 consilii

1988 2730 2078 2784 sui
2107 2731 2389 2787 rationem
2410 2734 2563 2805 plebi
2585 2751 2703 2790 sua:
2723 2735 3069 2803 redditurus,
3094 2735 3171 2790 sic
3195 2750 3322 2790 eam
3343 2735 3651 2806 compellat
3674 2752 3686 2790 :

1984 2821 2147 2875 Pater
2170 2823 2221 2876 si
2246 2824 2464 2891 viveret,
2495 2839 2602 2878 non
2625 2840 2745 2879 eum
2779 2824 3093 2894 placarem?
3123 2840 3229 2879 non
3253 2827 3302 2878 ei
3328 2826 3503 2893 ﬁlium
3535 2840 3690 2880 suum

1984 2911 2330 2966 reconciliare
2377 2912 2662 2968 deberem?
2702 2913 2970 2980 Quomodo
2999 2928 3123 2982 ergo
3171 2929 3289 2968 cum
3317 2914 3430 2983 ﬁlio
3454 2929 3550 2968 suo
3573 2915 3690 2967 volo

1985 3003 2046 3052 ut
2098 2999 2293 3054 habeat
2337 3017 2547 3071 pacem,
2602 3002 2757 3071 cujus
2814 3007 3008 3072 appeto
3061 3000 3472 3057 haereditatem?
3530 3003 3691 3056 Plane

1986 3088 2205 3158 quando
2233 3090 2433 3145 donavi
2459 3091 2592 3159 ﬁlio,
2618 3091 2762 3160 quod
2792 3093 2968 3147 iratus
2997 3096 3155 3162 pater
3181 3092 3411 3146 moriens
3437 3090 3686 3154 abstulit,

1989 3176 2113 3231 bene
2125 3179 2235 3244 feci
2265 3195 2278 3232 :
2305 3179 2546 3247 laudent,
2579 3182 2677 3248 qui
2702 3181 2917 3247 volunt;
2944 3186 3201 3250 parcant,
3228 3182 3324 3250 qui
3347 3179 3575 3234 laudare
3599 3195 3690 3234 no-

1987 3264 2125 3320 lunt.
2175 3266 2531 3340 Quandoque
2585 3268 2758 3323 etiam
2787 3269 3088 3324 verebatur
3115 3267 3481 3324 haereditates
3511 3267 3685 3322 susci-

1984 3370 2144 3426 pere,
2194 3371 2266 3411 ne
2321 3356 2468 3412 forte
2519 3357 3004 3413 sollicitudinibus
3035 3362 3092 3414 et
3128 3357 3350 3413 damnis
3383 3357 3684 3413 Ecclesium

1985 3443 2364 3516 implicarent.
2419 3447 2780 3518 Quapropter
2822 3447 2926 3501 hac
2972 3446 3034 3500 in
3093 3463 3153 3500 re
3200 3462 3386 3517 neque
3439 3446 3685 3516 laudari,

1985 3549 2171 3606 neque
2209 3535 2520 3605 vituperari
2551 3537 2792 3592 volebat.
2825 3537 3098 3604 Boni/acii
3142 3535 3528 3603 hereditatem,
3589 3535 3688 3590 in-

1985 3623 2130 3694 quit,
2179 3627 2448 3693 suscipere
2501 3626 2680 3691 nolui;
2736 3640 2842 3679 non
2889 3624 3283 3691 misericordia,
3325 3623 3422 3679 sed
3475 3626 3682 3680 timore.

1984 3713 2398 3766 Navicularium
2440 3714 2591 3767 nolui
2638 3727 2748 3768 esse
2787 3713 3081 3768 Ecclesium
3111 3713 3334 3768 Christi.
3366 3712 3526 3766 Multi
3561 3716 3688 3766 sunt

1983 3801 2223 3871 quidem,
2282 3805 2380 3871 qui
2403 3805 2568 3858 etiam
2613 3803 2678 3858 de
2705 3803 2936 3858 navibus
2988 3806 3296 3872 acquirunt.
3335 3805 3532 3858 Tamen
3575 3817 3686 3857 una

1983 3893 2205 3946 tentatio
2260 3897 2412 3960 esset,
2446 3895 2550 3947 iret
2577 3895 2756 3960 navis,
2789 3897 2839 3947 et
2867 3895 3231 3961 nuufruguret
3271 3909 3284 3947 :
3331 3893 3565 3947 homines
3611 3891 3686 3945 ad

1982 3983 2245 4035 tormenta
2269 3981 2459 4036 daturi
2487 3997 2720 4051 eramus,
2751 3987 2811 4037 ut
2837 3982 2902 4036 de
2929 3983 3288 4038 submersione
3316 3983 3475 4036 navis
3503 3995 3686 4036 secun-

1979 4067 2110 4122 dum
2159 4070 2595 4124 consuetudinem
2647 4076 2997 4141 quaereretur,
3031 4077 3081 4126 et
3119 4076 3494 4140 torquerentur
3522 4086 3557 4123 a
3585 4070 3684 4140 ju-

1979 4157 2095 4212 dice
2120 4160 2216 4226 qui
2243 4163 2414 4213 essent
2456 4159 2522 4212 de
2564 4161 2816 4228 ﬂuctibus
2845 4161 3106 4215 liberati?
3131 4159 3242 4214 Sed
3277 4175 3384 4214 non
3413 4174 3497 4214 eos
3523 4159 3682 4212 dure-

1977 4260 2143 4300 mus:
2177 4247 2324 4300 nullo
2366 4251 2527 4316 pacto
2569 4249 2709 4301 enim
2756 4249 2851 4302 hoc
2904 4249 3085 4314 facere
3126 4247 3329 4301 deceret
3366 4247 3680 4302 Ecclesium.

1979 4336 2124 4392 Onus
2175 4352 2300 4405 ergo
2343 4337 2526 4406 ﬁscale
2570 4338 2936 4406 persolveret?
2983 4337 3088 4393 Sed
3132 4337 3274 4391 unde
3314 4336 3682 4406 persolveret?

1976 4426 2272 4480 Enthecam
2317 4425 2472 4480 nobis
2522 4425 2715 4480 habere
2751 4442 2858 4480 non
2893 4427 3032 4495 licet.
3082 4427 3256 4480 Locus
3285 4425 3378 4480 hic
3407 4441 3474 4480 ex
3507 4425 3577 4479 iis
3600 4425 3682 4480 in-

1976 4514 2276 4598 telligitur,
2325 4530 2454 4586 quae
2493 4515 2780 4570 habentur
2809 4514 2868 4569 in
2892 4515 3023 4586 jure
3078 4515 3360 4583 Romano;
3401 4514 3680 4570 nimirum

1977 4619 2074 4657 eos
2105 4603 2204 4674 qui
2233 4605 2588 4658 frumentum
2612 4603 2914 4674 publicum
2945 4604 3186 4658 Romam
3222 4608 3322 4658 aut
3356 4603 3681 4658 Constanti-

1973 4692 2236 4763 nopolim
2291 4693 2657 4748 transvehere
2713 4696 3068 4756 tenerentur,
3101 4692 3475 4748 navicularios
3506 4693 3680 4748 fuisse

1974 4783 2310 4852 appellatos,
2373 4782 2722 4853 illorumque
2752 4781 3009 4836 heredes
3041 4781 3230 4836 eidem
3261 4780 3423 4836 oneri
3462 4797 3679 4836 succes-

1973 4869 2131 4926 sisse.
2175 4870 2337 4935 Quod
2381 4870 2429 4924 si
2476 4869 2844 4941 naufragium
2887 4869 3204 4939 accidisset,
3235 4871 3370 4926 fisco
3402 4870 3678 4926 damnum

1972 4964 2246 5030 praestare
2279 4959 2654 5031 cogebantur,
2693 4959 2802 5014 nisi
2833 4959 3119 5032 jacturam
3147 4959 3272 5015 sola
3295 4958 3350 5014 vi
3379 4963 3680 5031 tempesta-

1972 5046 2063 5114 tis,
2100 5063 2217 5103 non
2246 5048 2414 5119 culpa
2442 5063 2566 5114 sua,
2598 5047 2905 5120 contigisse
2939 5048 3349 5120 approbarent.
3389 5048 3457 5102 Ut
3486 5051 3676 5102 autem

1971 5136 2144 5208 hujus
2182 5137 2265 5191 rei
2295 5135 2472 5191 ﬁdem
2502 5135 2775 5204 facerent,
2807 5137 3008 5192 saltem
3049 5137 3166 5193 duo
3208 5137 3298 5192 vel
3326 5141 3442 5191 tres
3487 5138 3677 5214 nautae

1973 5225 2147 5281 dandi
2194 5229 2357 5280 erant
2389 5225 2450 5280 in
2503 5225 2904 5298 qumstionem,
2937 5231 2994 5281 et
3020 5226 3083 5282 in
3108 5225 3309 5297 primis
3338 5224 3672 5289 navarchus,

1974 5314 2074 5386 qui
2127 5313 2492 5386 naufragium
2539 5314 2770 5370 fecerat.
2806 5315 3156 5370 Vocabulum
3195 5318 3388 5369 autem
3439 5313 3677 5367 entheca

1974 5403 2118 5458 nihil
2171 5402 2325 5458 aliud
2377 5419 2443 5458 eo
2473 5402 2581 5458 loci
2622 5408 2810 5474 sonat,
2853 5420 3028 5476 quam
3057 5419 3212 5476 gaza:
3244 5400 3673 5474 repositorium,

1975 5509 2106 5548 cum
2135 5491 2328 5548 statim
2353 5491 2560 5548 subdat
2587 5493 2942 5566 Augustinus
2975 5508 2989 5546 :
3020 5493 3140 5549 Non
3165 5495 3242 5546 est
3271 5493 3411 5546 enim
3439 5493 3680 5562 episcopi

1976 5597 2192 5639 servare
2219 5597 2438 5655 aurum,
2478 5586 2529 5638 et
2578 5597 2829 5639 revocare
2865 5598 2901 5636 a
2951 5595 3006 5636 se
3041 5579 3400 5637 mendicantis
3455 5595 3676 5636 manum
