4008 6184
332 316 428 368 2°27
1553 302 1720 358 VITA
1777 302 1832 356 S.
1896 300 2278 356 AUGUSTINI
2342 300 2682 354 El’lStItll’l.

336 436 520 506 (1bid.,
566 450 657 488 nn.
705 429 766 500 li,
803 433 877 502 5).
943 431 1071 484 Erat
1133 434 1322 482 tamen
1371 426 1690 496 Augustino
1749 424 2034 496 quoddam

336 521 810 595 gazophylacium
841 517 1192 591 excipiendis
1222 517 1476 570 ﬁdelium
1503 514 1906 579 oblationibus,
1940 513 2038 567 sed

334 612 476 668 illud
516 612 574 666 in
616 625 935 683 pauperum
983 623 1120 664 usus
1157 606 1315 662 brevi
1359 603 1797 659 exhauriebatur
1853 602 2037 674 (Ibid,

338 717 394 756 n.
432 701 536 769 l3).

409 794 459 845 3.
497 787 904 860 lmprobabant
947 784 1233 852 nonnulli,
1281 781 1432 854 quod
1480 779 1842 836 haereditates
1889 795 2041 849 aegre

339 878 668 950 susciperet.
719 878 888 931 Erant
937 874 1037 946 qui
1081 873 1604 935 obmurmurarent,
1647 873 1702 923 et
1729 867 1869 922 nihil
1901 867 2042 938 Hip-

339 966 580 1039 ponensi
631 963 888 1020 Ecclesia:
929 963 1071 1017 hanc
1117 962 1190 1016 ob
1229 976 1459 1015 causam
1490 957 1692 1014 donari
1731 972 2043 1029 quereren-

339 1063 459 1112 tur.
524 1057 637 1110 Iloc
667 1069 963 1108 murmure
995 1053 1136 1106 adeo
1166 1069 1199 1105 a
1230 1050 1450 1104 ratione
1480 1049 1664 1103 alieno
1696 1064 1811 1102 non
1847 1061 2044 1101 move-

341 1146 510 1200 batur
547 1143 898 1212 Augustinus
930 1141 1064 1195 :sed
1103 1158 1204 1194 sua
1235 1156 1365 1194 eum
1397 1137 1676 1208 sapientia
1701 1135 2045 1208 quibusdam

345 1235 405 1288 in
450 1233 622 1287 rebus
669 1232 852 1286 facere
885 1231 1283 1301 compellebat,
1331 1228 1483 1299 quod
1528 1226 1590 1281 in
1641 1225 1768 1280 aliis
1807 1225 2047 1279 minime

338 1324 566 1378 faceret.
619 1321 731 1375 Etsi
759 1321 916 1375 enim
947 1319 1258 1373 oblationes
1302 1318 1390 1372 vel
1437 1317 1760 1388 probrosas,
1811 1315 1898 1369 vel
1947 1315 2046 1367 Ec-

341 1411 526 1467 clesia:
573 1426 769 1481 graves
825 1409 1208 1478 molestasque
1268 1405 1569 1476 respuebat
1611 1421 1624 1459 :
1673 1402 2049 1475 proﬁtebatur

343 1506 537 1556 tamen
564 1515 620 1551 se
663 1497 979 1551 oblationes
1010 1500 1228 1549 sanctas
1267 1494 1583 1565 suscipere;
1617 1498 1674 1547 et
1701 1493 1890 1563 reipsa
1917 1491 2046 1563 plu-

343 1605 435 1645 res
462 1589 517 1643 id
550 1587 775 1658 generis
804 1586 1054 1657 suscepit
1082 1585 1272 1656 (Ibid.,
1301 1601 1356 1638 n.
1387 1585 1464 1652 4).
1496 1583 1552 1637 Si
1583 1582 1711 1654 quis
1744 1581 1919 1652 igitur
1951 1581 2047 1635 Ec-

343 1677 526 1734 clesiae
574 1676 660 1729 vel
709 1675 964 1742 donaret,
1019 1674 1106 1728 vel
1155 1677 1496 1728 testamento
1539 1672 1757 1740 legaret
1786 1671 2047 1740 domum,

344 1771 443 1822 aut
460 1781 683 1838 agrum,
708 1769 804 1818 aut
825 1764 1036 1830 villam,
1067 1780 1183 1818 non
1215 1761 1641 1832 respuebat,sed
1665 1759 1869 1831 suscipi
1887 1760 2049 1830 jube-

345 1859 443 1912 bat
472 1854 725 1924 (Possid,
758 1856 816 1907 in
855 1855 980 1908 Vita
1013 1854 1272 1920 August,
1300 1868 1344 1906 c.
1373 1853 1480 1915 29}.
1503 1851 1850 1921 Frequenter
1877 1847 2046 1902 etiam

345 1945 538 2000 ﬁdeles
564 1941 988 2010 commonebat,
1019 1945 1083 1996 ut
1113 1940 1402 1995 Christum
1435 1940 1491 1994 in
1523 1954 1764 1993 numero
1796 1937 2047 1991 ﬁliorum

345 2033 640 2099 haberent,
684 2036 740 2086 et
783 2030 843 2085 in
884 2034 1104 2102 partem
1153 2028 1504 2084 hmreditatis
1547 2031 1846 2094 vocarent;
1897 2027 2046 2098 quod

345 2121 444 2177 ubi
491 2121 777 2184 fecissent,
842 2119 989 2173 hanc
1044 2118 1288 2172 libenter
1323 2117 1646 2188 portionem
1705 2114 2049 2186 suscipiebat

347 2211 536 2282 (Serm.
571 2212 694 2274 3555,
734 2225 789 2263 n.
824 2209 899 2278 4).
934 2209 1036 2261 Eos
1088 2206 1305 2277 pariter
1334 2205 1688 2272 hortabatur,
1719 2209 1782 2258 ut
1827 2203 2046 2259 curiose

344 2298 764 2370 perquirerent,
800 2313 870 2350 an
897 2295 1042 2350 servi
1076 2295 1174 2350 Dei
1205 2299 1262 2348 et
1291 2293 1552 2349 Ecclesiae
1579 2293 1827 2347 ministri
1854 2292 2047 2364 aliqua

346 2404 407 2442 re
437 2387 783 2457 indigerent,
825 2389 882 2439 et
911 2401 1108 2439 eorum
1130 2400 1324 2455 preces
1349 2383 1690 2438 liberalitate
1721 2399 1824 2437 sua
1851 2399 2048 2454 quam-

347 2476 599 2548 primum
646 2473 1031 2544 praevenirent
1077 2474 1298 2542 (Enarr.
1347 2475 1406 2526 in
1455 2473 1602 2528 Psal.
1654 2489 1766 2537 cm,
1799 2487 1954 2526 serm.
1991 2476 2042 2536 3,

347 2583 440 2621 nn.
492 2569 576 2633 10,
631 2568 739 2634 l2).
793 2563 936 2618 Illud
987 2567 1176 2616 autem
1209 2579 1275 2616 eo
1317 2561 1588 2616 libentius
1616 2559 1856 2626 dicebat,
1894 2559 2044 2631 quod

349 2653 617 2710 omnibus
664 2654 1020 2724 exploratum
1069 2657 1234 2717 esset,
1289 2667 1421 2705 eum
1466 2651 1570 2705 hac
1611 2649 1668 2704 in
1717 2666 1776 2703 re
1809 2649 2044 2703 minime

349 2759 570 2813 curare,
625 2746 686 2796 ut
736 2743 880 2796 hanc
930 2741 987 2794 in
1033 2741 1220 2810 ipsum
1265 2738 1702 2793 beneﬁcentiam
1752 2742 1806 2792 et
1849 2753 2042 2792 curam
2087 2776 2092 2782 ς

348 2832 683 2887 adhiberent
713 2832 933 2902 (Enarr.
964 2832 1021 2883 in
1053 2830 1196 2886 Psal.
1233 2845 1429 2894 cxm'n,
1462 2845 1516 2883 n.
1555 2832 1639 2894 l7,
1679 2831 1730 2882 et
1755 2829 1956 2882 Enarr.
1989 2829 2046 2879 in

346 2922 492 2977 Psal.
525 2937 636 2986 cm,
686 2935 844 2986 serm,
889 2922 940 2985 3,
971 2934 1024 2972 η.
1072 2921 1175 2988 12).
1214 2917 1320 2973 Sed
1365 2923 1414 2972 et
1451 2919 1516 2972 de
1544 2917 1776 2984 neglecto
1806 2933 1840 2970 a
1870 2916 2045 2984 ﬁdeli-

348 3011 444 3065 bus
493 3010 883 3079 gomphylacio
913 3013 962 3063 et
1001 3009 1307 3076 secretario,
1351 3007 1491 3060 unde
1542 3008 1710 3060 altari
1745 3006 2047 3060 necessaria

344 3100 678 3166 inferuntur,
721 3096 958 3151 Possidii
1010 3097 1177 3150 verba
1226 3100 1377 3161 sunt,
1406 3095 1702 3163 aliquando
1731 3097 1790 3148 in
1829 3095 2048 3149 ecclesia

348 3188 565 3255 loquens
605 3175 953 3248 admonebat;
1005 3184 1148 3253 quod
1203 3187 1367 3238 etiam
1413 3185 1780 3238 beatissimum
1817 3184 2044 3239 Ambro-

347 3278 487 3330 sium
515 3290 570 3330 se
597 3280 856 3344 praesente
883 3276 940 3327 in
971 3275 1190 3327 ecclesia
1228 3277 1546 3328 tractavisse
1568 3273 1720 3327 nobis
1750 3273 2047 3341 aliquando

345 3365 607 3420 retulerat
633 3364 857 3435 (Possid.
886 3367 943 3418 in
984 3365 1112 3420 Vita
1149 3364 1410 3429 August,
1456 3380 1502 3420 c.
1547 3365 1654 3433 24).
1687 3364 1951 3418 Securius
1982 3380 2046 3418 ac

345 3454 528 3508 tutius
574 3453 860 3522 censebat,
889 3453 1006 3507 sola
1035 3457 1377 3506 testamento
1418 3453 1622 3524 legata,
1658 3468 1828 3524 quam
1860 3452 2047 3507 haere-

347 3543 551 3598 ditates
593 3542 844 3612 integras
883 3541 953 3596 ab
1003 3541 1246 3596 Ecclesia
1276 3541 1529 3613 suscipi:
1560 3540 1920 3596 hazreditates
1963 3545 2044 3595 ta-

348 3649 479 3687 men
518 3631 809 3686 interdum
857 3629 1218 3701 suscipiebat,
1265 3634 1331 3685 ut
1369 3629 1582 3686 luliani
1628 3629 2044 3695 hereditatem,

345 3721 500 3793 quod
541 3720 699 3774 nulla
742 3719 902 3789 prole
948 3719 1144 3775 relicta
1184 3719 1416 3774 obiisset
1464 3719 1650 3788 (Serm.
1706 3723 1829 3786 355,
1876 3735 1931 3773 n.
1966 3721 2042 3785 4).

345 3810 578 3880 Quidam
607 3812 769 3862 etiam
797 3824 863 3861 ea:
903 3809 1177 3862 honoratis
1228 3810 1678 3878 Hipponensium,
1719 3808 1817 3874 ait,
1860 3808 2048 3861 Possi-

345 3897 492 3964 dius,
550 3897 702 3965 apud
759 3897 1141 3963 Carthaginem
1184 3899 1384 3960 vivens,
1426 3897 1674 3951 Ecclesiae
1714 3898 2050 3965 Hipponmsi

341 3984 727 4056 possessionem
767 3985 967 4038 donare
1011 3985 1202 4052 coluit,
1256 3989 1306 4040 et
1361 3986 1628 4051 confectas
1674 3985 1907 4046 tabulas,
1941 3985 2049 4038 sibi

344 4079 635 4144 usu/ructu
677 4080 898 4138 retento,
948 4077 1090 4130 ultro
1121 4076 1290 4130 eidem
1319 4081 1516 4131 sancte
1544 4079 1808 4131 memoria:
1854 4078 2046 4142 Augu-

344 4169 487 4222 stino
510 4167 661 4221 misit
693 4182 706 4220 :
741 4166 896 4234 cujus
926 4167 1016 4219 ille
1048 4166 1368 4220 oblationem
1406 4167 1630 4220 libenter
1658 4169 1882 4236 accepit,
1919 4182 2045 4220 con-

345 4257 630 4325 gratulans
658 4257 708 4309 ei
735 4255 880 4324 quod
909 4259 1119 4310 aeterna
1150 4270 1260 4309 suae
1288 4270 1485 4310 memor
1523 4259 1656 4310 esset
1681 4256 1896 4310 salutis.
1936 4257 2042 4311 Ve-

343 4361 464 4400 rum
483 4350 608 4415 post
634 4346 843 4414 aliquot
885 4359 1054 4398 annos
1087 4344 1239 4399 nobis
1271 4345 1416 4412 forte
1443 4361 1562 4400 cum
1599 4345 1778 4400 eodem
1806 4347 2045 4400 cominus

341 4437 668 4501 constitutis,
698 4449 811 4490 ecce
839 4435 929 4488 ille
953 4433 1182 4488 donator
1207 4435 1415 4488 litteras
1434 4450 1532 4502 per
1550 4449 1707 4488 suum
1721 4436 1894 4504 ﬁlium
1925 4436 2044 4490 mit-

345 4527 479 4589 tens,
534 4525 746 4589 rogavit
775 4527 836 4576 ut
863 4524 971 4578 illae
1007 4522 1357 4577 donationum
1397 4522 1592 4577 tabulze
1618 4539 1714 4578 suo
1750 4524 2044 4579 redderen-

345 4617 435 4666 tur
463 4613 605 4680 ﬁlio;
633 4612 966 4682 pauperibus
994 4626 1116 4666 vero
1145 4611 1442 4680 erogandos
1471 4611 1677 4666 diremit
1703 4613 1900 4667 solidos
1925 4629 2044 4667 cen-

347 4705 478 4754 tum.
511 4701 622 4766 Quo
662 4701 752 4754 ille
802 4707 1020 4756 sanctus
1063 4704 1295 4771 cognito,
1345 4704 1625 4770 ingemuit,
1661 4703 1924 4756 hominem
1962 4705 2045 4759 vel

342 4790 566 4857 [ina-isse
591 4788 952 4856 donationem,
993 4791 1074 4844 vel
1111 4807 1230 4844 eum
1265 4789 1330 4843 de
1369 4790 1500 4844 bono
1526 4806 1679 4859 opere
1705 4792 2040 4860 painituisse,

344 4881 394 4930 et
423 4882 631 4946 quanta
653 4879 857 4947 potuit,
880 4880 983 4931 Deo
1013 4883 1326 4946 suggerente
1361 4878 1512 4933 cordi
1545 4879 1682 4948 ejus,
1718 4894 1834 4932 cum
1867 4878 2046 4934 dolore

343 4969 518 5021 animi
558 4982 625 5020 ea:
653 4967 836 5022 eadem
869 4969 1239 5035 refragatione
1267 4967 1432 5036 dixit,
1466 4971 1525 5022 in
1560 4968 1710 5022 illius
1731 4969 1934 5022 scilicet
1956 4971 2043 5023 in-

343 5058 704 5127 crepationem
758 5060 809 5110 et
859 5059 1236 5112 correctionem
1283 5073 1296 5111 :
1347 5061 1397 5110 et
1452 5055 1688 5123 tabulas,
1758 5071 1895 5124 quas
1953 5057 2045 5112 ille

342 5151 528 5216 sponte
556 5147 799 5211 miserat,
830 5160 926 5198 nec
969 5145 1326 5212 desideratas,
1368 5161 1462 5200 nec
1490 5150 1731 5214 exactas,
1761 5147 2043 5214 confestim

342 5235 614 5303 reddidit;
653 5235 1046 5306 pecuniamque
1094 5237 1248 5291 illam
1278 5239 1506 5305 respuit,
1555 5239 1718 5304 atque
1763 5237 2042 5306 rescriptis

343 5325 600 5390 eumdem,
635 5327 777 5379 sicut
809 5325 1066 5393 oportuit,
1107 5328 1157 5378 et
1202 5327 1389 5392 arguit
1434 5330 1483 5377 et
1510 5325 1803 5394 corripuit;
1850 5324 2040 5379 admo-

343 5426 472 5466 nens
500 5419 560 5468 ut
599 5413 664 5467 de
699 5429 801 5468 sua
828 5411 1170 5466 simulatione
1209 5415 1292 5466 uel
1328 5415 1618 5482 iniquitate
1643 5429 1761 5468 cum
1784 5417 2044 5484 paeniten-

345 5502 433 5554 tiae
464 5502 768 5557 humilitate
797 5505 899 5556 Deo
948 5503 1306 5568 satisfaceret,
1334 5517 1400 5555 ne
1427 5517 1544 5556 cum
1571 5511 1682 5556 tam
1718 5506 1879 5570 gravi
1907 5503 2041 5558 deli-

345 5592 427 5643 cto
466 5587 531 5643 de
558 5590 747 5644 saeculo
799 5591 970 5646 exiret
1006 5589 1264 5660 (Possid.,
1296 5591 1354 5644 in
1386 5592 1517 5647 Vita
1548 5591 1807 5660 August,
1840 5607 1892 5648 c.
1929 5592 2038 5662 2t).

3750 303 3861 355 ‘2‘28

2217 426 2270 479 4.
2303 423 2548 488 Quidam
2583 426 2916 490 Honoratus,
2965 421 3322 478 facultatibus
3360 422 3476 478 suis
3504 439 3625 479 non
3663 402 3868 479 dimis.

2150 514 2243 580 sis,
2274 515 2331 567 in
2361 513 2688 585 Tagastensi
2719 513 2979 568 coenobio
3023 513 3397 568 monasticam
3427 514 3604 568 vitam
3631 515 3851 585 ample-

2151 620 2276 672 xus,
2307 607 2675 675 postmodum
2710 603 2770 657 in
2811 603 3110 658 Thiavensi
3155 602 3398 658 Ecclesia
3434 604 3736 675 presbyter
3760 620 3860 658 or-

2153 693 2379 748 dinatus
2408 699 2510 749 est.
2545 696 2674 750 Post
2705 695 2829 764 ejus
2873 694 3096 749 obitum
3128 694 3469 748 Thiaveuses
3496 693 3650 749 illius
3677 693 3848 759 bona,

2152 781 2268 838 sive
2296 783 2404 838 hoc
2433 800 2549 838 uno
2579 783 2832 853 nomine,
2864 784 3017 856 quod
3038 783 3188 854 apud
3213 782 3369 854 ipsos
3397 784 3690 856 presbyter
3719 783 3862 838 fuis-

2153 876 2237 926 set
2266 871 2580 940 ordinatus,
2621 873 2735 927 sive
2763 873 2955 944 aliquo
2987 871 3314 926 donationis
3342 872 3509 927 titulo
3538 873 3643 926 sibi
3669 871 3852 927 vindi-

2153 966 2373 1016 carunt.
2400 963 2606 1017 Contra
2630 978 2760 1017 vero
2779 961 3016 1034 Alypius
3033 961 3155 1016 hate
3176 961 3328 1016 bona
3354 961 3698 1016 monasterio
3723 978 3850 1023 suo,

2156 1051 2309 1123 quod
2344 1051 2663 1106 Honoratus
2693 1051 2753 1106 in
2784 1067 2850 1105 eo
2880 1049 3258 1105 monasticum
3292 1050 3489 1105 fuisset
3519 1049 3846 1104 institutum

2157 1145 2418 1208 sectatus,
2450 1158 2700 1196 asserere
2745 1141 3066 1207 nitebatur;
3095 1145 3151 1196 et
3191 1158 3323 1196 cum
3366 1141 3680 1196 monachus
3710 1141 3854 1195 nihil

2158 1231 2452 1302 proprium
2476 1231 2763 1302 possidere
2793 1231 3016 1298 debeat,
3049 1230 3329 1302 quidquid
3349 1231 3445 1285 ille
3468 1230 3855 1298 habuisset,ad

2160 1320 2568 1374 monasterium
2598 1336 2764 1374 suum
2787 1319 3071 1390 pertinere
3101 1319 3499 1374 contendebat.
3533 1319 3629 1374 Sin
3657 1321 3857 1375 decer-

2159 1412 2394 1461 neretur
2423 1408 2732 1462 monachos
2768 1424 2930 1480 posse
2961 1407 3260 1479 quidpiam
3300 1407 3614 1478 possidere,
3668 1407 3859 1461 locum

2159 1495 2229 1550 iis
2254 1495 2376 1550 dari
2402 1497 2472 1552 ad
2504 1497 3047 1568 procrastinandam,
3081 1501 3358 1568 quantum
3381 1500 3630 1568 possent,
3663 1512 3860 1549 rerum

2161 1601 2394 1640 suarum
2441 1585 2846 1640 venditionem.
2880 1586 2992 1639 Hac
3021 1585 3088 1640 de
3133 1601 3301 1639 causa
3329 1585 3600 1640 Thiavam
3630 1601 3690 1638 se
3729 1601 3861 1639 cum

2157 1675 2360 1746 Alypio
2393 1675 2631 1729 contulit
2659 1675 3011 1746 Augustinus
3041 1691 3054 1729 :
3089 1675 3187 1728 sed
3217 1690 3347 1729 cum
3376 1675 3651 1746 temporis
3675 1690 3860 1745 angu-

2160 1765 2281 1818 stim
2313 1769 2619 1836 utrumque
2645 1763 2743 1819 diu
2772 1764 2876 1818 hac
2905 1763 2972 1818 de
2997 1780 3055 1818 re
3083 1763 3398 1818 deliberare
3428 1779 3544 1818 non
3571 1762 3859 1829 sivissent,

2151 1853 2292 1925 juri,
2337 1854 2490 1925 quod
2532 1854 2872 1908 Thiavenses
2911 1852 3019 1907 sibi
3064 1852 3443 1920 vindicabant,
3491 1851 3816 1907 intercessit
3851 1873 3865 1917 ;

2157 1943 2424 2014 visusque
2477 1946 2557 1996 est
2605 1941 2874 2013 probasse
2913 1941 3254 1996 sententiam
3301 1940 3512 2012 Alypii,
3546 1940 3646 2012 qui
3697 1940 3865 1994 dimi-

2157 2030 2309 2085 diam
2340 2030 2622 2084 bonorum
2646 2028 2912 2084 Honorati
2936 2033 3155 2100 partem
3180 2028 3863 2098 Thiavensibus,alteram

2157 2135 2290 2174 vero
2321 2119 2683 2191 pauperibus,
2715 2118 2822 2172 hoc
2860 2123 2945 2173 est
2975 2117 3264 2172 monachis
3294 2117 3536 2172 coenobii
3567 2117 3656 2172 sui
3685 2119 3865 2187 Taga-

2159 2208 2380 2270 stensis,
2414 2207 2598 2263 addici
2618 2207 2868 2274 volebat;
2902 2209 2980 2262 sic
3011 2211 3202 2262 tamen
3234 2212 3298 2262 ut
3323 2207 3436 2261 illis
3459 2206 3704 2262 dimidia
3730 2223 3864 2277 pars

2158 2313 2329 2370 quam
2361 2297 2469 2352 ista
2497 2297 2774 2352 divisione
2804 2297 3152 2363 amitterent,
3180 2297 3250 2350 ab
3277 2296 3597 2367 Augustino
3627 2295 3863 2351 aliunde

2152 2387 2574 2458 provideretur.
2618 2387 2742 2441 Non
2769 2386 2979 2458 placuit
3015 2385 3424 2440 Thiavensibus
3467 2385 3572 2439 ista
3604 2386 3861 2455 partitio.

2156 2475 2304 2539 Quin
2333 2475 2502 2528 etiam
2534 2474 2796 2528 videntur
2835 2473 3196 2528 insimulasse
3231 2472 3523 2543 Alypium,
3555 2472 3722 2543 quasi
3754 2472 3865 2525 mi-

2157 2582 2264 2619 nus
2300 2565 2406 2619 hac
2435 2563 2492 2619 in
2526 2581 2584 2619 re
2617 2563 2966 2636 aequitatem,
3009 2579 3183 2635 quam
3213 2578 3342 2617 suas
3377 2561 3558 2634 ipsius
3609 2561 3866 2616 rationes

2157 2654 2571 2726 commodeque
2598 2653 2935 2709 attenderet.
2959 2653 3024 2708 In
3045 2668 3113 2707 eo
3143 2657 3335 2706 tamen
3365 2656 3514 2706 statu
3539 2655 3868 2705 controver-

2157 2742 2238 2797 sia
2267 2748 2402 2797 tunc
2449 2742 2557 2797 ista
2582 2743 2777 2797 relicta
2807 2746 2909 2798 est.
2941 2743 3152 2796 Verum
3183 2757 3314 2796 cum
3351 2739 3707 2812 Augustinus
3737 2747 3867 2811 post

2156 2831 2401 2886 reditum
2432 2847 2661 2887 causam
2689 2831 2857 2886 istam
2887 2836 3181 2886 momento
3213 2847 3314 2884 suo
3340 2830 3441 2884 diu
3469 2829 3864 2900 ponderasset,

2157 2921 2298 2976 vidit
2334 2921 2491 2976 illam
2541 2926 2919 2976 controversae
2970 2920 3228 2992 pecuniae
3276 2919 3645 2991 partitionem
3679 2920 3865 2990 suspi-

2157 3011 2318 3065 cione
2347 3011 2672 3083 cupiditatis
2699 3027 2815 3066 non
2835 3027 3042 3077 carere,
3077 3025 3428 3082 prorsusque
3460 3008 3723 3064 redolere
3750 3010 3863 3063 ho-

2157 3099 2360 3168 mines,
2393 3099 2492 3172 qui
2509 3100 2574 3154 de
2597 3099 2924 3172 pecuniario
2946 3099 3269 3163 commodo,
3295 3114 3412 3152 non
3441 3097 3510 3152 de
3534 3097 3760 3168 justitia
3786 3098 3869 3151 la-

2155 3187 2428 3243 borarent
2458 3206 2470 3244 :
2504 3188 2583 3243 sic
2611 3189 2859 3243 incidere
2889 3204 2946 3242 se
2973 3187 3034 3242 in
3057 3203 3186 3243 eam
3216 3186 3351 3241 mali
3373 3186 3646 3257 speciem,
3680 3202 3714 3238 a
3745 3202 3866 3257 qua

2157 3294 2258 3332 nos
2309 3277 2614 3348 Apostolus
2659 3277 2826 3346 jubet
2880 3277 3164 3332 abstinere
3217 3277 3259 3346 (Ι
3304 3276 3486 3330 Thess.
3533 3291 3582 3336 v,
3623 3274 3742 3344 22);
3782 3277 3864 3329 la-

2156 3367 2288 3422 bem
2327 3382 2384 3420 se
2414 3365 2775 3437 praesulibus,
2819 3365 2920 3437 qui
2950 3365 3144 3436 magni
3174 3365 3324 3436 apud
3371 3364 3650 3436 populum
3693 3371 3868 3418 erant

2159 3455 2428 3522 nominis,
2459 3471 2789 3526 aspergere;
2823 3471 2995 3526 seque
3029 3455 3393 3508 inﬁrmorum
3442 3452 3649 3507 animis
3696 3469 3867 3507 mor-

2156 3549 2270 3599 tem
2305 3544 2537 3612 inferre,
2567 3559 2814 3614 quorum
2841 3544 2910 3598 ad
2932 3545 3176 3597 salutem
3204 3541 3504 3613 permagni
3532 3541 3867 3608 interesset,

2157 3631 2655 3702 persuasissimum
2683 3631 2913 3696 habere,
2942 3631 3214 3701 prmsules
3242 3629 3300 3684 in
3342 3629 3745 3699 hujuscemodi
3771 3645 3867 3684 re-

2157 3721 2262 3775 bus
2293 3720 2520 3775 sordida
2561 3719 2818 3791 pecunia:
2847 3719 3159 3790 cupiditate
3190 3735 3302 3772 non
3341 3717 3491 3773 duci.
3533 3717 3700 3782 Quod
3737 3719 3874 3790 qui-

2156 3810 2286 3864 dem
2316 3813 2450 3863 tunc
2479 3808 2753 3879 temporis
2798 3824 2866 3862 eo
2908 3807 3090 3878 magis
3135 3807 3448 3861 cavendum
3495 3810 3637 3872 erat,
3703 3807 3871 3878 quod

2156 3915 2343 3970 nuper
2368 3898 2426 3952 hi
2449 3897 2648 3970 populi
2677 3896 2969 3952 catholicm
2992 3896 3115 3968 paci
3146 3895 3532 3964 accessissent,
3558 3899 3694 3967 post
3715 3897 3872 3952 mul-

2158 3991 2246 4042 tos
2288 3987 2508 4041 labores
2537 4003 2604 4040 ea
2633 3986 2701 4041 de
2731 4002 2900 4040 causa
2928 3988 3248 4055 susceptos;
3289 3999 3537 4056 quorum
3565 3982 3868 4055 particeps

2155 4076 2216 4130 in
2249 4076 2450 4146 primis
2491 4076 2675 4130 fuerat
2709 4075 3080 4146 Augustinus,
3134 4090 3264 4128 cum
3295 4077 3532 4128 testatur
3573 4089 3633 4126 se
3675 4073 3749 4127 ab
3801 4074 3872 4127 iis

2157 4166 2483 4220 nullatenus
2504 4181 2666 4236 posse
2689 4163 3023 4219 desciscere.
3049 4163 3338 4219 Possidius
3359 4163 3479 4232 ipse
3503 4161 3671 4216 binas
3700 4167 3878 4216 notat

2155 4253 2460 4325 Augustini
2492 4254 2706 4308 litteras
2735 4253 2804 4308 ad
2831 4253 3168 4308 Thiavenses
3194 4255 3391 4306 contra
3422 4250 3748 4305 Donatistae
3788 4254 3871 4316 (In

2153 4343 2352 4407 Indic.,
2383 4359 2503 4414 cap.
2547 4344 2616 4411 3).
2652 4342 2813 4407 Quod
2853 4341 3055 4396 attinet
3083 4340 3155 4395 ad
3197 4340 3652 4400 incommodum.
3702 4343 3872 4411 quod

2154 4432 2392 4504 Alypius
2421 4432 2480 4486 in
2529 4431 2617 4486 his
2667 4430 2830 4486 bonis
2884 4429 3145 4486 Ecclesia
3197 4428 3497 4484 Thiavensi
3529 4427 3874 4484 addicendis

2153 4521 2398 4587 videbat,
2430 4525 2666 4592 propter
2701 4521 2848 4574 hanc
2884 4519 3096 4574 scilicet
3124 4535 3376 4588 causam,
3407 4518 3558 4590 quod
3589 4520 3874 4574 monachi

2153 4611 2423 4666 nuntium
2456 4609 2620 4664 bonis
2651 4609 2767 4662 suis
2800 4607 3088 4663 remittere
3120 4612 3474 4674 tenerentur,
3503 4607 3639 4661 satis
3669 4607 3873 4662 anim-

2154 4699 2486 4755 advertebat
2510 4698 2861 4769 Augustinus
2909 4697 2967 4753 id
3007 4697 3355 4752 incommodi
3391 4696 3452 4752 in
3491 4696 3597 4751 ista
3625 4713 3874 4768 quoque

2155 4788 2434 4844 divisione
2479 4786 2748 4859 reperiri;
2795 4787 2875 4842 ita
2917 4790 2983 4841 ut
3019 4786 3208 4841 minus
3238 4785 3478 4858 periculi
3508 4785 3630 4840 fore
3659 4802 3874 4841 cense-

2153 4883 2260 4945 ret,
2321 4878 2365 4932 si
2429 4877 2572 4932 nihil
2642 4875 2876 4931 omnino
2931 4874 3352 4935 ,Thiavensihus
3425 4874 3869 4930 concederetur.

2151 4966 2398 5021 Aliunde
2440 4965 2722 5020 rationem
2769 4963 2959 5035 Alypii
2999 4978 3114 5018 non
3142 4963 3330 5017 valere
3363 4962 3775 5030 arbitrabatur,
3813 4968 3879 5019 et

2152 5053 2212 5108 iu
2253 5052 2342 5108 his
2382 5051 2643 5107 civilibus
2681 5051 2846 5105 bonis
2874 5050 3144 5105 standum
3189 5066 3310 5104 esse
3340 5049 3579 5121 putabat
3607 5048 3874 5121 imperio

2151 5142 2348 5213 legum
2373 5141 2652 5207 civilium;
2680 5141 2844 5211 juxta
2873 5155 3013 5211 quas
3053 5139 3320 5194 monachi
3357 5138 3468 5193 illis
3506 5139 3878 5210 temporibus

2151 5248 2241 5287 res
2270 5247 2399 5286 suas
2437 5230 2795 5298 obtinebant,
2838 5229 3016 5285 donec
3057 5244 3154 5285 eas
3192 5227 3603 5298 vendidissent,
3632 5234 3738 5283 aut
3767 5246 3876 5284 ea-

2152 5339 2281 5377 rum
2330 5321 2699 5377 donationem
2747 5318 3011 5374 fecissent
3051 5334 3065 5374 :
3125 5317 3266 5372 adeo
3304 5320 3370 5373 ut
3394 5317 3695 5372 monachis
3727 5323 3873 5374 ante

2151 5411 2512 5467 constitutam
2557 5408 2926 5465 donationem
2958 5407 3354 5475 morientibus,
3400 5422 3520 5460 non
3568 5412 3876 5462 monaste-

2150 5500 2448 5568 rium,.sed
2475 5498 2680 5572 privati
2711 5499 3042 5554 earumdem
3073 5514 3141 5552 ex
3169 5499 3362 5569 legum
3391 5495 3873 5568 prtescriptohae-

2155 5589 2319 5647 redes
2344 5589 2723 5646 succederent.
2759 5588 2932 5661 Cujus
2957 5587 3043 5643 rei
3068 5587 3286 5660 aliquot
3327 5586 3588 5658 exempla
3621 5600 3880 5656 praeces-
