4008 6184
170 327 260 380 229
1636 320 1751 374 LIB

1636 320 1848 376 LIBER
1905 319 2237 387 QUARTUS

169 451 376 500 serant.
437 444 795 516 Augustinus
852 443 1028 514 igitur
1085 442 1416 510 mon’achos,
1477 441 1636 512 prius
1693 459 1867 514 quam

167 535 580 606 reciperentur,
631 535 701 588 ad
731 550 926 588 rerum
975 549 1209 587 suarum
1240 532 1621 586 venditionem
1651 536 1748 585 aut
1775 532 1867 586 do-

163 625 454 679 nationem
496 623 755 694 astringi,
806 623 966 676 valde
1015 621 1328 693 probabat:
1381 621 1466 674 sin
1502 637 1560 675 re
1602 636 1705 675 sua
1751 638 1866 676 non

163 713 394 768 vendita
427 729 530 767 nec
558 729 664 784 per
711 711 1087 767 donationem
1120 711 1178 764 in
1217 709 1549 782 quempiam
1592 710 1866 766 translata

159 806 544 867 morerentur,
591 818 791 856 eorum
843 801 991 855 bona
1037 800 1184 871 juris
1231 799 1407 853 civilis
1452 797 1614 870 sequi
1660 798 1866 853 debere

157 892 583 964 praescriptum,
622 895 686 945 nt
723 891 997 962 praesules
1045 889 1116 943 ab
1165 886 1291 958 ipsa
1333 887 1508 942 etiam
1537 885 1864 958 cupiditatis

157 983 342 1053 specie
375 997 611 1053 prorsus
648 981 810 1035 vacui
849 983 906 1034 et
932 978 1064 1050 puri
1095 976 1421 1043 existerent,
1455 979 1510 1030 et
1540 977 1686 1031 hanc
1712 974 1862 1029 inte-

157 1068 385 1138 gritatis
417 1070 631 1124 famam
673 1067 1081 1139 dispensationi
1119 1083 1238 1121 sum
1279 1069 1574 1136 tantopere
1600 1080 1862 1119 necessa-

156 1159 301 1212 riam
351 1158 463 1212 sibi
501 1162 791 1212 servarent
820 1156 1186 1211 incolumem.
1218 1156 1293 1209 Ex
1326 1155 1431 1208 hac
1465 1153 1682 1223 regula,
1715 1151 1865 1205 bona

156 1247 439 1300 Honorati
469 1247 540 1300 ad
575 1246 914 1301 Thiaveuses
952 1244 1336 1316 pertinebant.
1380 1242 1489 1298 Sed
1520 1247 1585 1297 ut
1631 1257 1697 1296 ea
1725 1241 1865 1294 falsa

155 1337 384 1391 fuisset:
439 1335 712 1406 quoniam
748 1335 902 1389 illius
940 1333 1152 1389 falsitas
1195 1331 1604 1387 Thiavensibus
1636 1330 1865 1385 demon-

157 1425 324 1479 strari
356 1441 480 1479 non
505 1428 745 1495 poterat,
772 1423 947 1477 satius
977 1438 1096 1476 esse
1119 1421 1386 1476 censebat
1408 1418 1780 1490 Augustinus,
1811 1423 1866 1472 et

156 1531 352 1568 eorum
392 1513 713 1568 inﬁrmitati
745 1511 1004 1584 obsequi,
1036 1515 1092 1566 et
1109 1509 1438 1565 offensionis
1471 1508 1713 1563 vitandae
1736 1523 1865 1578 gra-

119 1657 124 1662 ,
154 1603 228 1656 tia
259 1603 476 1656 horum
502 1601 786 1656 bonorum
825 1599 1244 1670 possessionem
1282 1598 1393 1652 illis
1422 1597 1640 1652 cedere.
1679 1597 1863 1650 Move-

153 1693 322 1746 batur
349 1691 620 1761 exemplo
657 1688 873 1744 Christi
913 1687 1164 1754 Domini,
1217 1686 1318 1758 qui
1349 1685 1657 1754 tributum,
1689 1701 1721 1738 a
1751 1699 1864 1754 quo

153 1780 276 1851 ipse
313 1780 568 1834 liberum
597 1795 654 1833 se
686 1777 972 1849 professus
1003 1782 1108 1843 est,
1147 1790 1272 1830 eam
1305 1774 1376 1828 ob
1401 1789 1631 1828 causam
1659 1771 1868 1842 persol-

152 1871 257 1934 vit;
293 1869 446 1922 sicut
483 1873 541 1922 et
569 1867 740 1938 gestis
768 1865 1046 1938 Apostoli,
1079 1864 1180 1936 qui
1209 1869 1274 1918 ut
1302 1864 1469 1918 famae
1509 1879 1625 1916 suae
1668 1877 1868 1915 consu-

154 1960 318 2024 leret,
358 1959 422 2011 in
450 1957 576 2030 ipso
610 1955 865 2011 Ecclesiae
891 1956 1021 2021 jure
1053 1953 1308 2026 pepercit
1336 1951 1600 2018 inﬁrmis,
1634 1955 1689 2030 et
1719 1950 1869 2005 debi-

153 2053 281 2101 tum
315 2027 670 2117 stipendium
712 2043 1021 2116 aliquando
1053 2059 1168 2098 non
1203 2041 1408 2113 exegit.
1443 2027 1711 2106 Quamvis
1752 2043 1866 2093 Au-

153 2153 226 2206 gu
235 2135 347 2189 stin
359 2153 390 2188 u
401 2153 426 2189 s
444 2136 532 2190 his
548 2134 861 2188 rationibus
883 2133 1154 2187 adductus
1173 2132 1229 2186 id
1244 2146 1583 2202 persuasum
1597 2128 1833 2183 haberet
1854 2148 1869 2195 ;

153 2233 352 2279 tamen
388 2242 460 2278 ne
492 2224 552 2278 in
575 2223 914 2278 sententiam
943 2237 1104 2276 suam
1135 2220 1440 2292 proclivior
1477 2223 1715 2286 erraret,
1748 2234 1869 2271 rem

155 2315 458 2369 Samsucio
489 2314 750 2384 episc0po
783 2311 1049 2365 Turrensi
1081 2310 1362 2380 exposuit,
1405 2309 1572 2380 eique
1604 2308 1660 2362 id
1692 2323 1867 2361 unum

155 2404 379 2473 retulit,
413 2403 568 2475 quod
592 2403 715 2474 ipse
731 2418 860 2456 cum
882 2400 1086 2471 Alypio
1109 2399 1357 2472 primum
1383 2398 1684 2453 statuisset.
1710 2397 1869 2451 Sam-

163 2495 352 2548 sucius
395 2492 456 2546 in
505 2491 837 2546 liberalibus
869 2489 1101 2560 quidem
1149 2488 1354 2562 litteris
1399 2504 1516 2542 non
1560 2487 1871 2542 admodum

169 2583 523 2647 exercitatus,
555 2581 650 2635 sed
680 2597 812 2634 vera
843 2578 954 2632 fide
985 2578 1264 2645 eruditus,
1299 2577 1371 2632 ad
1403 2578 1527 2632 haec
1557 2575 1867 2644 exhorruit,

173 2676 220 2726 et
245 2677 365 2725 tam
397 2670 611 2724 foedam
633 2685 752 2723 rem
785 2669 1087 2739 cujuslibet
1108 2667 1222 2722 vita
1242 2671 1297 2722 et
1317 2667 1572 2721 moribus
1592 2664 1874 2735 indignis-

169 2760 391 2824 simam,
433 2759 496 2812 in
527 2757 832 2829 Augustini
861 2762 918 2811 et
946 2756 1135 2828 Alypii
1167 2761 1419 2810 mentem
1449 2755 1670 2809 venisse
1703 2754 1874 2808 mira-

164 2855 245 2903 tus
285 2854 396 2902 est.
443 2848 804 2918 Quapropter
832 2846 1205 2918 Augustinus,
1240 2849 1304 2900 ut
1330 2844 1724 2899 hzereditatem
1756 2845 1874 2897 llo-

159 2940 345 2992 norati
396 2937 808 2992 Thiavensibus
839 2935 1076 2990 omnino
1120 2935 1366 3002 cederet,
1411 2931 1634 3003 scripsit
1675 2932 1745 2986 ad
1777 2948 1874 2986 eos

159 3029 490 3099 epistolam,
523 3041 697 3098 quam
740 3027 812 3080 ad
842 3024 1107 3096 Alypium
1139 3023 1370 3092 direxit,
1400 3038 1610 3092 rogans
1642 3024 1704 3075 ut
1748 3020 1875 3074 sub-

159 3119 437 3189 scriptam
485 3117 553 3170 ad
599 3132 696 3170 eos
739 3115 1171 3186 quamprimum
1215 3111 1650 3168 transmitteret.
1692 3109 1873 3164 Simul

159 3209 237 3262 illi
270 3206 553 3274 rationes,
597 3203 806 3276 quibus
853 3205 922 3258 ad
955 3202 1294 3257 sententiam
1334 3199 1672 3255 mutandam
1702 3199 1873 3253 indu-

160 3302 277 3350 ctus
309 3300 420 3362 est,
457 3294 710 3364 graviter
731 3293 988 3364 exponit.
1029 3294 1182 3347 Hanc
1213 3307 1444 3363 quoque
1463 3290 1720 3360 regulam
1747 3290 1876 3344 reti-

159 3386 280 3440 neri
315 3385 462 3450 vult,
500 3386 559 3435 ut
589 3381 870 3452 quidquid
900 3383 1030 3452 jure
1057 3380 1210 3434 civili
1246 3379 1435 3434 clerici
1467 3379 1662 3448 fuerit,
1685 3378 1753 3432 ad
1785 3378 1872 3450 ip-

160 3473 272 3526 sius
304 3469 617 3526 Ecclesiam
653 3469 954 3539 pertineat.
1005 3468 1199 3538 Neque
1229 3483 1360 3520 vero
1404 3466 1588 3538 ponit,
1620 3466 1708 3520 vel
1735 3465 1792 3520 id
1820 3466 1875 3520 vi

159 3559 494 3616 donationis
521 3562 689 3612 antea
710 3557 1032 3612 constitutae
1055 3555 1205 3623 fieri;
1229 3557 1315 3610 vel
1342 3557 1694 3610 Honoratum
1714 3555 1876 3626 quid-

161 3667 333 3723 quam
367 3649 440 3703 de
477 3649 647 3703 rebus
677 3645 794 3701 suis
839 3645 1121 3701 statuisse.
1158 3646 1413 3700 Canones
1451 3649 1645 3699 tamen
1674 3643 1873 3700 Antio-

161 3740 329 3795 cheni
359 3739 548 3810 (Cone.
595 3738 846 3792 Antioch.
889 3751 1089 3790 canone
1127 3736 1227 3804 24;
1270 3735 1470 3804 Labbe,
1521 3739 1645 3790 tom.
1687 3735 1740 3800 2,
1773 3749 1871 3803 pp.

162 3834 281 3897 57!,
316 3832 449 3894 580,
493 3831 614 3892 etc.)
664 3831 722 3880 et
772 3825 1166 3896 I-lipponenses
1216 3823 1424 3896 (Codice
1455 3825 1654 3880 Canon.
1687 3824 1872 3890 Afric.

162 3936 275 3974 can.
311 3920 404 3989 32)
449 3915 796 3987 permittunt
823 3914 1041 3969 clericis
1068 3929 1189 3980 sua,
1228 3911 1439 3984 quibus
1467 3911 1660 3979 velint,
1697 3911 1873 3966 relin-

162 4025 367 4080 quere;
401 4021 512 4061 nec
541 4021 737 4059 eorum
787 4003 1045 4058 Ecclesiis
1089 4002 1382 4070 addicunt,
1415 4001 1522 4054 nisi
1554 4018 1682 4072 quae
1716 4000 1875 4054 cleri-

163 4103 320 4151 catus
346 4095 438 4149 sui
465 4099 722 4165 tempore
743 4092 980 4147 nomine
1009 4107 1112 4146 suo
1141 4091 1616 4161 comparaverint.
1643 4089 1878 4144 Videtur

165 4203 334 4258 porro
367 4186 496 4239 haec
536 4183 774 4237 facultas
805 4181 1147 4253 quibusdam
1196 4179 1369 4234 veluti
1407 4178 1674 4232 cancellis
1717 4183 1874 4248 post-

167 4276 404 4330 modum
448 4272 624 4327 fuisse
660 4271 952 4338 restricta;
1002 4270 1362 4341 legimusque
1392 4267 1699 4322 concilium
1742 4267 1875 4322 Car-

165 4365 506 4435 thaginense
528 4361 761 4416 tertium
784 4360 970 4415 idibus
984 4357 1322 4429 septembris
1343 4356 1710 4421 celebratum,
1726 4370 1876 4408 anno

165 4450 738 4526 quadringentesimo
776 4450 985 4522 primo,
1017 4449 1171 4520 ipsos
1211 4446 1386 4502 etiam
1417 4444 1711 4515 episcopos
1742 4461 1876 4498 ana-

166 4556 415 4609 themate
451 4556 797 4623 percurtere,
826 4550 926 4618 qui
953 4548 1190 4612 alienos,
1214 4547 1300 4602 vel
1332 4545 1502 4601 etiam
1535 4544 1876 4615 consangui-

167 4661 299 4698 neos
331 4659 472 4697 suos
523 4641 767 4712 gentiles
816 4644 914 4694 aut
947 4637 1249 4694 hmreticos
1290 4635 1551 4691 Ecclesiae
1599 4633 1878 4705 praetulis-

164 4738 293 4786 sent
317 4731 514 4800 (Ibid,
561 4746 682 4784 can.
716 4728 826 4800 8t).
862 4730 1073 4782 Forsan
1115 4741 1345 4798 quoque
1384 4725 1698 4780 decretum'
1723 4722 1877 4777 istud

163 4821 222 4876 in
260 4819 682 4894 posterioribus
705 4818 955 4873 conciliis
979 4816 1396 4888 ampliﬁcatum
1425 4818 1529 4881 est,
1558 4817 1614 4868 et
1634 4812 1877 4882 alicujus

164 4908 522 4982 imperatorii
564 4907 734 4962 edicti
771 4904 1103 4961 auctoritate
1146 4904 1497 4958 roboratum.
1543 4901 1704 4966 Quod
1741 4917 1876 4955 vero

163 5005 421 5072 speraret
441 4998 703 5069 Alypius,
718 4995 1100 5066 Augustinum
1120 4992 1419 5049 dimidiam
1437 4995 1679 5064 partem,
1703 5006 1877 5062 quam

161 5087 580 5143 Thiavensibus
611 5085 848 5140 concedi
885 5083 1128 5148 volebat,
1161 5081 1509 5136 monasterio
1539 5077 1876 5151 Tagastensi

165 5177 622 5247 persoluturum,
671 5179 910 5229 testatur
943 5171 1320 5242 Augustinus,
1357 5170 1520 5224 modo
1559 5169 1615 5224 id
1642 5167 1879 5239 Alypius

160 5267 379 5336 justum
428 5282 552 5320 esse
603 5264 822 5335 liquido
863 5261 1184 5335 perspiciat,
1238 5273 1355 5314 non
1399 5259 1610 5313 abuere
1659 5274 1747 5325 se;
1780 5257 1879 5311 sed

167 5372 292 5409 cum
325 5354 593 5410 habuerit
619 5351 992 5417 redditurum,
1027 5350 1084 5404 id
1116 5353 1218 5416 est,
1251 5364 1381 5402 cum
1410 5352 1566 5402 tanta
1595 5345 1703 5401 sibi
1732 5347 1878 5400 elee-

168 5459 407 5515 mosyna
437 5441 760 5511 obvenerit,
791 5445 857 5496 ut
902 5439 1035 5494 hinc
1081 5456 1147 5493 ea
1191 5452 1418 5492 summa
1448 5436 1724 5504 detracta,
1763 5451 1880 5490 non

168 5532 358 5587 minor
377 5549 557 5605 quam
582 5530 818 5604 aequalis
835 5545 968 5601 pars
996 5544 1100 5600 pro
1127 5542 1369 5582 numero
1381 5526 1626 5580 fratrum
1656 5523 1728 5579 ad
1750 5523 1880 5594 Hip-

168 5636 419 5688 ponense
461 5619 881 5678 monasterium
926 5617 1244 5690 perveniat.
1289 5614 1668 5682 Quandonam
1705 5629 1878 5686 porro

3577 328 3682 380 230

1977 443 2281 514 contigerit
2321 447 2440 498 tota
2479 443 2599 497 haec
2646 442 3031 498 controversia
3062 447 3263 514 (Epist.
3310 446 3420 518 83),
3451 446 3708 518 ignora--

1977 548 2124 588 mus.
2158 533 2220 587 Id
2255 548 2432 586 unum
2465 532 2664 603 liquet,
2693 532 3051 587 Samsucium
3081 533 3462 606 episcopalem
3489 537 3681 592 sedem

1977 621 2228 677 tenuisse
2279 621 2444 676 initio
2492 621 2851 692 episcopatus
2893 622 3221 693 Augustini,
3266 640 3456 696 neque
3499 625 3566 679 de
3614 643 3680 681 eo

1978 712 2291 783 quidquam
2319 710 2625 782 comperiri
2655 715 2783 784 post
2805 727 3019 766 annum
3048 712 3681 785 quadringentesimum

1978 800 2306 870 septimum.

2047 892 2098 943 ὅ.
2139 888 2407 954 Quamvis
2435 888 2579 960 ipse,
2612 905 2743 943 cum
2770 889 3028 944 animum
3062 890 3130 944 ab
3157 890 3317 944 omni
3345 889 3679 962 cupiditate,

1977 978 2121 1034 etab
2144 978 2473 1050 importuno
2493 977 2859 1050 negotiorum
2879 980 3134 1034 tumultu
3158 980 3404 1034 maxime
3428 980 3679 1034 alienum

1976 1072 2216 1138 gereret,
2249 1084 2548 1139 nunquam
2588 1069 2845 1135 domum,
2881 1085 3103 1139 agrum,
3139 1072 3236 1123 aut
3264 1069 3458 1123 villam
3490 1087 3680 1123 emere

1979 1157 2217 1212 voluerit
2266 1157 2524 1227 (Possid.,
2570 1160 2629 1212 in
2686 1159 2814 1213 Vita
2866 1159 3122 1226 August,
3174 1174 3219 1212 c.
3279 1159 3418 1230 2i);
3453 1158 3679 1213 cuidam

1975 1249 2168 1300 tamen
2208 1262 2238 1301 e
2282 1246 2499 1300 clericis
2532 1246 2648 1300 suis
2687 1231 2975 1301 auctorem
3019 1265 3076 1301 se
3122 1246 3297 1301 fuisse
3340 1251 3581 1302 testatur
3609 1249 3679 1302 ad

1977 1335 2391 1406 possessionem
2430 1335 2681 1408 aliquam
2727 1334 2785 1390 in
2826 1335 3081 1390 Ecclesiae
3121 1337 3488 1391 commodum
3526 1353 3681 1390 com-

1974 1425 2332 1495 parandam:
2382 1425 2480 1479 sed
2529 1441 2596 1478 eo
2644 1428 2838 1478 tamen
2883 1424 3141 1490 consilio,
3185 1429 3246 1479 ut
3289 1425 3333 1478 si
3383 1425 3574 1480 forsan
3622 1427 3681 1480 in

1975 1514 2156 1585 gradu
2188 1531 2306 1568 non
2337 1514 2686 1586 persisteret,
2718 1531 2819 1568 sua
2849 1513 2900 1567 ei
2925 1513 3204 1585 possessio
3237 1513 3592 1583 redderetur,
3618 1520 3687 1570 ut

1975 1601 2085 1672 ipsi
2106 1603 2342 1674 ejusque
2364 1603 2804 1674 consanguineis
2827 1601 3012 1656 omnis
3035 1603 3436 1672 expostulandi
3461 1604 3686 1658 tollere-

1976 1695 2070 1746 tur
2114 1693 2330 1747 occasio
2370 1695 2556 1763 (Serm.
2602 1695 2724 1758 356,
2773 1708 2830 1748 η.
2874 1692 2947 1762 7).
2999 1689 3378 1759 Fabricarum,
3426 1693 3504 1746 ait
3552 1695 3688 1748 Pos-

1977 1781 2172 1848 sidius,
2203 1797 2465 1836 nova-rum
2500 1797 2777 1850 nunquam
2815 1781 3059 1834 studium
3096 1781 3306 1847 habuit,
3342 1781 3589 1836 devitans
3627 1785 3687 1838 in

1979 1873 2053 1926 eis
2092 1872 2512 1940 implicationem
2550 1873 2639 1924 sui
2675 1872 2867 1936 animi,
2900 1886 3054 1938 quem
3093 1885 3300 1938 semper
3330 1869 3554 1924 liberum
3584 1872 3686 1926 ha-

1980 1961 2098 2015 bere
2124 1961 2332 2014 volebat
2361 1960 2428 2014 ab
2457 1962 2603 2014 omni
2622 1961 2864 2013 molestia
2893 1959 3176 2029 temporali
3203 1975 3216 2013 :
3248 1975 3354 2013 non
3385 1964 3559 2015 tamen
3587 1963 3687 2017 illa

1977 2050 2227 2113 volentes,
2260 2052 2310 2101 et
2346 2049 2672 2117 aediﬁcantes
2712 2047 3053 2116 prohibebat,
3085 2050 3198 2101 nisi
3238 2052 3448 2102 tantum
3489 2052 3687 2104 immo—

1979 2137 2191 2191 deratos
2241 2136 2492 2207 (Possid.,
2532 2138 2590 2191 in
2643 2137 2769 2193 Vita
2817 2138 3078 2206 August.,
3109 2153 3154 2190 c.
3208 2138 3315 2207 34).
3373 2138 3686 2209 Leporium

1986 2226 2378 2297 presbyterum
2417 2229 2744 2280 construere
2779 2225 2950 2296 jussit
2988 2226 3408 2282 xenodochium
3449 2229 3688 2299 pecunia

1984 2314 2239 2370 Ecclesiae
2277 2314 2338 2369 in
2365 2315 2519 2368 hunc
2561 2313 2737 2368 ﬁnem
2775 2315 2997 2369 collata.
3034 2315 3296 2385 Ejusdem
3337 2317 3514 2371 sancti
3544 2319 3690 2372 Prae-

1982 2404 2118 2458 sulis
2140 2403 2304 2474 jussu
2331 2403 2601 2475 Leporius
2626 2403 2810 2458 adhuc
2835 2402 3126 2458 basilicam
3156 2403 3230 2458 ad
3256 2403 3391 2459 Octo
3420 2406 3690 2477 Martyres

1984 2492 2211 2548 residua
2237 2492 2483 2564 pecunia
2526 2491 2828 2548 zediticavit
2857 2492 3051 2562 (Serm.
3101 2495 3224 2560 356,
3257 2509 3311 2548 n.
3364 2495 3466 2564 10).
3523 2495 3690 2549 Hera-

1983 2583 2146 2653 clius,
2175 2582 2276 2654 qui
2305 2581 2378 2636 ad
2403 2598 2693 2638 summum
2723 2581 2993 2637 diaconus
3014 2587 3156 2651 erat,
3186 2582 3527 2638 memoriam
3557 2598 3687 2637 san-

1983 2673 2060 2728 cti
2115 2671 2380 2742 martyris
2434 2671 2732 2743 Stephani,
2787 2675 2850 2725 ut
2899 2671 3140 2738 videtur,
3199 2671 3316 2726 suis
3368 2673 3690 2744 sumptibus

1984 2761 2162 2816 erexit
2187 2760 2377 2832 (Ibid,
2405 2776 2461 2814 n.
2492 2761 2567 2830 7).
2604 2759 2921 2815 Verisimile
2963 2765 3048 2814 est
3077 2761 3384 2831 Augustini
3416 2762 3688 2833 tempori-

1982 2851 2088 2906 bus
2131 2853 2419 2906 conditam
2465 2850 2640 2905 fuisse
2688 2850 3030 2904 memoriam
3078 2848 3316 2903 Protasii
3357 2854 3412 2902 et
3441 2849 3690 2903 Gervasii

1985 2944 2322 3011 martyrum,
2354 2939 2414 2994 in
2445 2956 2558 3012 qua
2590 2955 2916 2993 sermonem
2945 2938 3037 2992 die
3069 2936 3456 2991 anniversario
3487 2953 3686 2991 eorum

1984 3029 2136 3100 apud
2163 3029 2540 3084 Mediolanum
2563 3027 2908 3082 inventionis
2937 3026 3140 3081 habuit
3160 3025 3350 3097 (Serm.
3374 3027 3499 3094 286,
3530 3042 3584 3080 η.
3609 3025 3689 3097 4),

1985 3135 2102 3174 non
2140 3118 2263 3190 ipso
2304 3117 2498 3185 natali,
2528 3121 2588 3171 ut
2628 3117 2688 3171 in
2720 3116 3005 3171 veteribus
3036 3114 3194 3169 libris
3227 3115 3681 3186 praenotabatur.

1988 3208 2118 3262 Erat
2144 3211 2201 3261 et
2233 3207 2343 3261 alia
2388 3206 2668 3262 memoria
2707 3207 3045 3262 eorumdem
3093 3209 3414 3276 martyrum
3454 3204 3516 3260 in
3560 3205 3691 3259 villa

1986 3297 2311 3356 Victoriaua
2346 3296 2603 3351 dioecesis
2649 3295 3029 3368 Hipponensis
3063 3311 3076 3350 :
3109 3295 3207 3350 sed
3243 3294 3341 3349 illa
3369 3295 3564 3350 decem
3595 3298 3693 3348 aut

1986 3385 2288 3440 duodecim
2321 3386 2495 3440 leucis
2535 3386 2605 3441 ab
2649 3386 2788 3440 urbe
2827 3385 3023 3440 aberat
3052 3385 3143 3456 (De
3177 3385 3406 3441 Civitate
3433 3385 3546 3452 Dei,
3583 3383 3684 3440 lib.

1985 3478 2076 3546 22,
2107 3491 2228 3546 cap.
2258 3478 2309 3545 8,
2335 3492 2391 3532 n.
2425 3475 2499 3540 7).

2663 3563 2886 3618 CAPUT
2927 3563 3015 3616 IV.

1990 3650 2016 3707 t'
2055 3652 2410 3709 Sublevandis
2441 3652 2773 3721 pauperibus
2803 3651 3057 3706 intendit.
3087 3653 3120 3704 2
3156 3651 3218 3704 In
3246 3650 3485 3716 gratiam
3514 3649 3696 3704 Fascii

2055 3757 2158 3797 aere
2181 3743 2354 3795 alieno
2377 3743 2554 3810 pressi
2581 3740 2771 3795 scribit
2798 3739 2874 3794 ad
2896 3739 3105 3808 plebem
3133 3739 3546 3808 Hipponensem.
3578 3739 3607 3792 3
3630 3739 3694 3792 In

2057 3830 2510 3886 commendatione
2549 3846 2649 3884 sua
2694 3834 2744 3884 et
2791 3831 3168 3884 intercessione
3212 3827 3362 3897 apud
3403 3828 3694 3882 Potestates

2057 3919 2183 3974 aliis
2219 3919 2536 3990 praestanda
2573 3917 2805 3972 modeste
2842 3933 2896 3972 sc
2930 3920 3087 3986 ger-it.
3118 3918 3152 3972 4
3192 3917 3256 3971 In
3293 3918 3692 3973 rusticanorum

2057 4010 2297 4076 gratiam
2322 4007 2513 4063 scribit
2539 4007 2614 4062 ad
2642 4007 2946 4063 Romulum.

2061 4101 2114 4153 l.
2166 4098 2255 4152 Nil
2287 4114 2430 4169 opus
2461 4100 2545 4152 est
2575 4095 2939 4164 testimoniis,
2971 4100 3036 4150 ut
3063 4095 3429 4150 ostendamus
3459 4094 3518 4148 in
3550 4111 3692 4165 quos

1989 4199 2123 4238 usus
2176 4183 2530 4255 Augustinus
2577 4183 2835 4238 Ecclesiae
2889 4199 3006 4236 suae
3051 4181 3264 4236 reditus
3313 4181 3691 4252 impenderet.

1988 4272 2424 4328 Observabimus
2465 4275 2680 4339 tamen,
2730 4287 2864 4325 eum
2902 4269 3168 4337 scribere,
3202 4268 3356 4340 quod
3394 4285 3424 4323 e
3468 4268 3692 4324 Piniani

1989 4361 2366 4432 elcemosynis
2425 4360 2753 4432 accepisset,
2801 4375 3067 4431 erogasse
3115 4374 3194 4426 se,
3248 4361 3312 4412 ut
3365 4358 3690 4428 placuerat;

1988 4456 2150 4522 parte
2197 4450 2430 4522 quidem
2475 4449 2694 4504 clericis
2747 4447 3056 4511 monachis,
3103 4451 3158 4500 et
3204 4445 3561 4518 paucissimis
3609 4446 3692 4500 in-

1988 4539 2310 4611 digentibus
2340 4543 2495 4593 extra
2542 4537 2957 4594 monasterium
3003 4535 3354 4590 contulisse:
3403 4552 3580 4606 penes
3631 4552 3690 4589 se

1989 4628 2283 4683 residuum
2313 4643 2454 4696 esse,
2490 4627 2640 4700 quod
2662 4625 2788 4698 pari
2817 4625 2985 4680 modo
3015 4624 3086 4677 sit
3112 4627 3449 4694 erogaturus
3480 4625 3680 4694 (Epist.

1993 4721 2110 4796 l26,
2143 4734 2202 4773 η.
2235 4717 2308 4788 8).
2345 4719 2453 4771 llos
2497 4733 2642 4771 unos
2680 4714 3034 4770 oblationum
3083 4711 3340 4768 Ecclesiae
3385 4712 3690 4784 participes

1989 4807 2248 4862 faciebat.
2292 4806 2546 4860 Diximus
2576 4803 2857 4876 superius,
2889 4803 3110 4857 nullam
3148 4818 3282 4857 eum
3330 4801 3478 4874 apud
3511 4817 3569 4855 se
3600 4818 3692 4872 pe-

1989 4896 2218 4951 cuniam
2242 4893 2509 4949 habuisse
2539 4892 2864 4964 sepositam.
2891 4893 3011 4948 Non
3035 4895 3113 4947 est
3135 4893 3275 4946 enim
3299 4892 3555 4960 episcopi,
3587 4889 3687 4955 ait,

1989 5001 2205 5041 seruare
2243 4999 2456 5050 aurum,
2491 4987 2542 5038 et
2583 4998 2833 5037 revocare
2869 4997 2904 5036 a
2950 4997 3006 5036 se
3050 4981 3409 5036 mendicantis
3450 4995 3688 5034 manum.

1990 5075 2238 5143 Quotidie
2262 5079 2371 5128 tam
2400 5073 2560 5128 multi
2580 5075 2791 5143 petunt,
2817 5077 2927 5127 tam
2952 5073 3111 5125 multi
3128 5075 3366 5138 gemunt,
3397 5074 3506 5124 tam
3533 5069 3692 5122 multi

1988 5181 2083 5220 nos
2118 5169 2300 5234 inopes
2338 5163 2716 5232 interpellant;
2760 5166 2820 5216 ut
2852 5163 3038 5231 plures
3082 5162 3261 5215 tristes
3297 5160 3686 5227 relinquamus,

1991 5255 2122 5324 quia
2157 5252 2301 5322 quod
2321 5253 2590 5322 possimus
2625 5251 2758 5305 dare
2785 5250 3051 5316 omnibus,
3082 5264 3188 5303 non
3226 5246 3478 5302 habemus
3509 5245 3686 5315 (Serm.

1991 5347 2113 5406 355,
2147 5359 2201 5396 n.
2236 5345 2308 5407 5).
2345 5343 2922 5412 Pauperumsemper
2949 5354 3174 5393 memor
3202 5339 3342 5402 erat,
3372 5333 3566 5405 eisque
3597 5334 3692 5388 in-

1990 5433 2058 5489 de
2087 5431 2375 5502 erogabat,
2408 5429 2561 5485 unde
2593 5435 2650 5485 et
2678 5429 2784 5483 sibi
2811 5428 3040 5500 suisque
3072 5425 3337 5480 omnibus
3366 5439 3560 5478 secum
3586 5424 3690 5478 ha-

1991 5521 2299 5578 bitantibus
2332 5519 2702 5592 erogabatur;
2742 5519 2850 5572 hoc
2880 5521 2983 5579 est,
3024 5515 3113 5569 vel
3153 5529 3222 5567 ex
3249 5511 3530 5567 reditibus
3557 5529 3693 5584 pos-

1991 5610 2305 5666 sessionum
2348 5607 2625 5672 Ecclesiae,
2657 5607 2742 5663 vel
2791 5606 2964 5663 etiam
3012 5619 3082 5660 ex
3128 5600 3520 5658 oblationibus
3551 5601 3691 5657 tide-
