4008 6184
313 281 409 334 231

314 404 478 460 lium.
512 405 652 458 Dum
681 401 930 457 Ecclesiae
952 401 1184 470 pecunia
1212 397 1480 470 deﬁceret,
1505 397 1600 453 hoc
1625 400 1806 468 ipsum
1820 396 2022 466 populo

314 493 626 549 Christiano
646 488 1026 555 denuntiabat,
1057 503 1162 542 non
1192 503 1246 543 se
1263 487 1460 543 habere
1480 487 1624 558 quod
1653 484 2022 554 indigentibus

313 585 556 648 erogaret
589 578 845 650 (Possid.,
875 581 934 632 in
969 580 1098 634 Vita
1127 579 1388 646 August.,
1421 593 1468 632 c.
1501 579 1612 648 24).
1660 575 1804 631 Illud
1833 574 2024 646 ipsum

316 669 499 724 facere
529 667 753 722 videtur
777 666 837 720 in
878 681 1140 720 sermone
1180 682 1351 736 quem
1385 664 1585 720 habuit
1617 663 1674 718 in
1707 661 2026 718 anniversa-

314 758 400 812 rio
450 755 788 830 episcopalis
837 753 1217 809 ordinationis
1273 771 1389 808 suae
1442 756 1628 819 (Serm.
1673 755 1797 819 339,
1838 769 1874 806 n
1948 753 2022 821 3).

315 847 643 902 Gratulatur
671 844 803 899 alibi
827 843 983 915 plebi
1010 860 1148 911 suae,
1179 859 1308 916 qua:
1335 843 1570 897 curabat
1595 845 1659 896 ut
1681 857 1753 896 ne
1784 840 1903 912 ipse
1929 837 2029 892 ali-

313 938 477 1008 cujus
507 935 589 990 rei
629 933 937 1005 indigeret,
971 937 1028 986 et
1057 932 1366 988 fraternam
1406 931 1676 986 fratribus
1707 929 2026 984 misericor-

314 1026 470 1082 diam
501 1023 804 1079 exhibebat
849 1024 1048 1094 (Epist.
1089 1024 1214 1088 268,
1264 1037 1319 1076 η.
1359 1021 1424 1091 1).
1467 1020 1574 1086 Qui
1619 1024 1810 1074 tamen
1851 1017 2030 1072 Eccle-

311 1115 410 1169 sia:
431 1113 648 1168 reditus
677 1111 1177 1178 administrabant,
1205 1115 1464 1164 mutuam
1491 1109 1832 1181 quandoque
1856 1123 2030 1178 pecu-

313 1204 467 1257 niam
498 1218 744 1266 sumere,
780 1205 835 1256 et
879 1217 956 1255 ass
1002 1200 1254 1254 alienum
1296 1197 1632 1253 contrahere
1680 1197 2032 1267 cogebantur

308 1293 501 1363 (Serm.
538 1294 664 1358 356,
713 1306 768 1345 η.
808 1290 919 1358 15).
963 1289 1465 1359 Supervacaneum
1511 1289 1656 1341 esset
1701 1285 1906 1342 seriem
1953 1285 2034 1339 lo.

314 1397 515 1436 corum
545 1384 816 1446 attexere,
842 1377 901 1432 in
929 1377 1140 1449 quibus
1172 1377 1449 1448 populum
1483 1376 1549 1432 ad
1585 1376 1790 1446 stipem
1821 1389 2034 1446 paupe-

315 1470 475 1525 ribus
515 1468 864 1539 erogandam
902 1467 1253 1521 cohortatur.
1298 1467 1560 1520 Annuam
1605 1463 2027 1550 vestiendorum

313 1557 711 1630 indigentium
743 1555 1214 1611 consuetudinem
1255 1555 1315 1609 in
1345 1555 1556 1626 populo
1602 1571 1703 1609 suo
1744 1553 2036 1609 constituit

316 1651 511 1721 (Epist.
569 1651 691 1714 122,
722 1664 778 1701 n.
827 1647 936 1716 2):
987 1646 1064 1700 de
1107 1663 1221 1716 quo
1272 1661 1434 1699 more
1488 1645 1742 1717 loquitur
1783 1643 2034 1714 quodam

314 1753 599 1803 sermone,
634 1741 690 1790 et
720 1737 840 1806 ejus
871 1733 1331 1788 exhortationem
1363 1733 1591 1806 publica
1622 1732 1833 1787 laetitia:
1864 1731 2034 1803 signi-

315 1825 578 1880 ﬁcatione
619 1825 866 1896 populus
897 1822 1116 1894 excepit
1148 1824 1339 1894 (Serm.
1393 1826 1448 1893 2,
1479 1840 1532 1878 η.
1582 1822 1661 1893 8).
1714 1824 1789 1876 Eo
1840 1825 2030 1875 tamen

316 1914 551 1969 absente
581 1912 933 1968 consuetudo
973 1911 1080 1967 ista
1110 1913 1286 1967 semel
1318 1911 1643 1966 intermissa
1681 1915 1785 1966 est.
1821 1912 2031 1964 Verum

315 2003 557 2058 subinde
583 2019 688 2074 per
709 2002 950 2069 litteras,
983 2018 1125 2073 quas
1155 2002 1304 2056 clero
1332 2017 1434 2055 suo
1467 2005 1523 2056 et
1555 1999 1909 2070 Hipponensi
1930 2015 2031 2070 po-

313 2095 450 2164 pulo
487 2092 731 2163 scripsit,
765 2092 912 2146 hanc
952 2089 1298 2144 oblivionem
1344 2089 1740 2160 reprehendit.
1784 2090 1846 2143 Et
1892 2105 2034 2160 quo_

315 2182 472 2237 niam
503 2181 832 2236 calamitosa
861 2185 998 2234 tunc
1023 2184 1188 2234 erant
1216 2183 1498 2250 tempora,
1528 2178 1756 2249 quibus,
1789 2182 1848 2232 ut
1879 2177 2034 2232 vide-

314 2274 426 2336 tur,
461 2269 669 2324 Alarici
697 2269 757 2323 in
773 2268 1024 2323 Africam
1050 2267 1293 2339 irruptio
1317 2266 1702 2335 metuebatur,
1737 2270 1932 2320 monet
1961 2282 2029 2320 eo

316 2359 499 2431 magis
545 2358 742 2413 ﬁdeles
798 2357 867 2412 ad
929 2355 1187 2427 inopiam
1241 2372 1564 2428 pauperum
1621 2355 2031 2412 sublevandam

331 2447 610 2520 abstringi
641 2447 837 2518 (Epist.
870 2447 1012 2518 122).
1498 2508 1506 2514 ,

397 2541 450 2593 2.
497 2537 853 2593 Christianus
905 2535 1138 2607 quidam
1185 2535 1496 2590 catholicus
1555 2532 1769 2599 (Fascio
1822 2549 2033 2588 nomen

317 2627 442 2698 fuit)
474 2644 605 2682 cum
649 2642 682 2681 a
724 2625 1102 2680 creditoribus
1152 2625 1267 2678 suis
1312 2624 1383 2679 ob
1431 2623 1689 2678 debitum
1729 2622 1924 2678 decem
1968 2629 2027 2678 et

318 2720 536 2788 septem
580 2715 898 2770 solidorum
938 2718 1264 2785 urgeretur,
1296 2729 1400 2768 nec
1443 2713 1714 2768 solvendo
1761 2715 1928 2781 esset,
1960 2712 2030 2766 ad

318 2801 568 2856 ecclesia:
613 2799 912 2866 auxilium,
938 2815 1010 2854 ne
1052 2799 1110 2852 in
1145 2798 1365 2852 vincula
1412 2803 1732 2869 raperetur,
1766 2797 2028 2853 convola-

323 2890 415 2945 vit.
447 2888 801 2945 Theodosius
841 2892 1130 2960 Augustus
1160 2905 1310 2942 anno
1349 2886 1745 2942 trecentesimo
1783 2902 2032 2956 nonage-

317 2978 464 3034 simo
494 2978 739 3051 septimo
786 2976 1062 3044 edixerat,
1095 2976 1216 3031 ﬁsci
1257 2976 1560 3043 debitores,
1603 2976 1703 3047 qui
1744 2975 1816 3029 ad
1859 2976 2030 3028 eccle-

318 3068 462 3123 siam
513 3067 917 3137 confugissent,
963 3065 1097 3120 inde
1145 3065 1537 3132 extrahendos,
1571 3070 1670 3119 aut
1713 3064 2025 3135 episcopos,

319 3174 351 3212 a
377 3157 590 3228 quibus
633 3156 1076 3220 occultarentur,
1128 3169 1204 3208 tes
1243 3154 1518 3221 alienum,
1550 3171 1664 3226 quo
1713 3153 1798 3208 illi
1843 3158 2032 3208 essent

318 3244 595 3312 obstricti,
627 3243 1020 3299 dissoluturos.
1057 3242 1240 3306 Quam
1271 3243 1457 3313 legem
1489 3243 1558 3296 ad
1587 3241 1810 3313 privata
1837 3241 2030 3296 debita

319 3332 649 3388 extenderat
691 3331 967 3386 Arcadius
1009 3346 1162 3385 anno
1204 3330 1604 3404 trecentesimo
1653 3329 2026 3401 nonagesimo

319 3427 534 3478 octavo.
581 3421 764 3492 Igitur
805 3420 920 3475 sive
968 3419 1197 3474 illarum
1251 3420 1442 3491 legum
1498 3420 1856 3482 auctoritate,
1913 3420 2027 3472 sive

318 3511 496 3584 ipsius
540 3527 728 3566 causa:
777 3509 1045 3582 aequitate
1096 3507 1227 3564 freti
1276 3507 1584 3564 creditores
1639 3506 1838 3573 Fascii,
1896 3522 2028 3561 cum

316 3599 600 3672 proﬁcisci
645 3605 999 3672 cogerentur,
1032 3603 1088 3653 et
1134 3599 1240 3653 hac
1269 3598 1338 3652 de
1387 3614 1558 3652 causa
1599 3595 1940 3652 dilationem
1975 3596 2028 3650 ei

318 3691 452 3746 dare
484 3707 602 3746 non
627 3693 881 3761 possent,
914 3704 1045 3742 cum
1084 3687 1209 3759 ipso
1241 3686 1562 3759 Augustino
1599 3702 1666 3741 ea
1696 3686 1765 3742 de
1801 3701 1860 3740 re
1889 3700 2026 3739 con-

317 3779 503 3851 questi
545 3779 912 3833 vehementer
959 3777 1353 3843 instituerunt,
1386 3780 1451 3832 ut
1481 3781 1580 3830 aut
1620 3775 1874 3830 Fascium
1921 3773 2029 3829 sibi

318 3869 586 3932 traderet,
617 3870 716 3920 aut
747 3866 866 3936 ipse
898 3865 1224 3935 provideret
1251 3864 1406 3918 unde
1440 3863 1617 3918 Fascii
1642 3863 1898 3918 debitum
1922 3863 2030 3916 sol-

320 3961 568 4010 veretur.
601 3954 818 4009 Obtulit
861 3952 1051 4006 Fascio
1098 3953 1472 4022 Augustinus,
1503 3955 1568 4006 ut
1613 3951 1683 4006 de
1725 3951 1904 4024 ipsius
1934 3969 2028 4009 ne-

323 4044 479 4116 gotio
509 4043 580 4098 ad
611 4042 889 4114 populum
919 4041 1157 4107 diceret;
1188 4041 1288 4095 sed
1324 4040 1420 4095 ille
1462 4040 1683 4112 pudore
1726 4041 2028 4098 deterritus

320 4138 579 4188 sanctum
610 4130 938 4204 praesulem,
971 4146 1043 4184 ne
1069 4129 1298 4198 faceret,
1329 4129 1666 4199 deprecatus
1695 4133 1796 4186 est.
1830 4130 2029 4201 Itaque

321 4237 449 4276 cum
482 4220 594 4275 alia
624 4220 745 4291 ejus
776 4216 1085 4289 adjuvandi
1113 4216 1259 4271 ratio
1282 4233 1397 4272 non
1427 4221 1776 4288 suppeteret,
1804 4223 2028 4273 mutuos

321 4313 355 4364 a
401 4309 728 4365 Macedonio
759 4309 954 4363 decem
995 4310 1049 4360 et
1101 4309 1320 4377 septem
1367 4306 1578 4361 solidos
1621 4307 1855 4378 accepit,
1887 4324 2029 4380 quos

321 4399 499 4454 Fascii
543 4397 920 4454 creditoribus
965 4395 1139 4451 dedit.
1173 4395 1273 4450 Hic
1321 4394 1568 4449 vicissim
1607 4395 1754 4450 hanc
1785 4396 1837 4450 ei
1867 4413 2026 4450 sum-

321 4504 474 4542 mam
490 4488 558 4542 ad
576 4492 793 4542 certum
812 4487 966 4542 diem
990 4483 1350 4540 redditurum
1367 4499 1424 4537 se
1438 4484 1723 4555 pollicitus
1739 4489 1849 4552 est;
1876 4486 2029 4556 quod

320 4577 432 4632 nisi
453 4581 770 4647 praestaret,
795 4577 967 4631 verba
988 4575 1094 4630 hac
1116 4575 1186 4629 de
1213 4590 1273 4628 re
1293 4573 1366 4628 ad
1383 4574 1658 4644 populum
1679 4573 1876 4627 haberi
1902 4590 2031 4630 con-

320 4665 513 4721 sensit.
543 4665 628 4720 Ad
659 4665 1034 4720 constitutam
1057 4668 1251 4719 tamen
1278 4663 1430 4718 diem
1462 4678 1578 4716 non
1598 4661 1754 4716 venit
1774 4662 2027 4732 Fascius;

319 4771 433 4826 qua
455 4753 524 4809 de
545 4771 604 4808 re
621 4753 755 4826 quia
775 4753 1156 4808 commonitus
1167 4769 1284 4808 non
1302 4751 1410 4808 fuit
1428 4751 1805 4823 Augustinus,
1824 4757 1887 4806 ut
1907 4752 2030 4824 ipso

322 4843 414 4899 die
445 4844 826 4910 Pentecostes,
860 4859 972 4914 quo
1009 4843 1203 4898 aderat
1233 4841 1416 4914 major
1452 4840 1652 4914 populi
1687 4841 2029 4912 frequentia,

319 4947 643 4987 sermonem
676 4931 807 4987 inde
837 4931 1067 4998 faceret,
1101 4936 1273 5004 atque
1311 4947 1444 4986 mox
1474 4929 1670 4985 itineri
1700 4947 1758 4984 se
1791 4932 2030 4986 commi-

321 5021 423 5090 sit;
442 5021 571 5076 ideo
594 5037 624 5075 e
646 5021 790 5088 loco,
813 5020 873 5075 in
895 5036 1010 5092 quo
1032 5025 1167 5074 tunc
1187 5019 1539 5086 versabatur,
1568 5019 1795 5090 plebem
1817 5019 2033 5093 Hippo-
2060 5014 2070 5022 ’

320 5126 557 5166 nensem
582 5125 685 5182 per
704 5108 923 5163 litteras
943 5108 1184 5180 rogavit,
1209 5109 1434 5164 uthanc
1451 5124 1757 5179 summam,
1775 5125 1892 5164 non
1912 5114 2031 5165 tam

323 5201 601 5268 Fascium,
633 5214 807 5272 quam
848 5197 1019 5252 ﬁdem
1059 5213 1173 5269 qua
1202 5196 1322 5268 ipse
1359 5214 1416 5252 se
1447 5196 1826 5253 obstrinxerat
1851 5199 2031 5254 Mace-

320 5290 514 5358 donio,
539 5290 850 5346 liberatura
870 5285 1246 5357 eleemosyna:
1277 5286 1511 5340 nomine
1534 5287 1842 5344 conferret.
1890 5288 2033 5344 Scri-

321 5379 438 5448 psit
465 5381 635 5435 simul
662 5378 733 5435 ad
763 5378 980 5433 clerum
1013 5389 1200 5436 suum,
1233 5379 1300 5428 ut
1329 5374 1375 5428 si
1406 5374 1610 5429 collata
1634 5391 1667 5429 a
1695 5377 1910 5448 populo
1935 5394 2032 5448 pe-

323 5467 495 5522 cunia
545 5486 662 5524 non
721 5467 1028 5532 sufﬁceret,
1089 5479 1157 5517 ex
1208 5461 1457 5518 ecclesia:
1511 5462 1678 5518 bonis
1738 5465 2031 5523 residuum

321 5556 732 5627 compleretur.
767 5555 1006 5612 Malebat
1029 5557 1222 5609 tamen
1249 5551 1396 5608 hanc
1421 5567 1707 5610 summam
1732 5568 1799 5611 ex
1830 5555 2031 5628 populi

1533 272 1706 329 VlTA
1765 272 1819 327 S.
1894 269 2275 328 AUGUSTINI
2332 269 2668 329 EPISCOPI.

3721 280 3825 334 232

2132 393 2214 448 sui
2251 394 2346 466 pia
2378 395 2717 450 liberalitate
2747 393 3110 466 depromere,
3139 397 3206 450 ut
3234 399 3381 451 esset
3410 396 3591 452 veluti
3618 398 3829 456 fructus

2133 487 2291 538 ortus
2313 501 2343 539 e
2364 483 2686 540 coelestibus
2715 482 2944 554 pluviis,
2967 483 3176 555 quibus
3201 501 3328 539 eam
3361 486 3507 540 Deus
3529 502 3631 557 per
3658 488 3829 558 ipsius

2134 573 2514 630 ministerium
2539 573 2756 644 jugiter
2778 573 3057 644 irrigabat
3088 574 3285 644 (Epist.
3316 575 3469 646 268).
3504 576 3671 631 Notat
3699 577 3828 632 Pos-

2133 645 2328 730 sidius,
2359 661 2511 717 illius
2539 678 2676 733 erga
2705 662 2944 716 miseros
2982 661 3255 734 pietatem
3286 679 3353 717 eo
3383 662 3554 718 fuisse
3577 681 3831 736 progres-

2134 765 2274 816 sam,
2313 754 2372 804 ut
2399 749 2469 804 ad
2498 752 2820 822 complures
2851 750 3104 822 captivos
3135 756 3190 806 et
3219 769 3502 824 pauperes
3533 753 3825 810 sublevan-

2137 839 2240 894 dos
2273 856 2404 893 vasa
2436 839 2688 894 ecclesiae
2722 839 2944 894 initiata
2975 840 3164 912 frangi
3203 841 3556 914 conﬂarique
3579 843 3828 914 jusserit.

2137 929 2200 981 In
2231 943 2344 999 quo
2390 926 2436 981 si
2467 928 2752 982 carnalem
2785 929 3199 984 nonnullorum
3230 947 3462 985 sensum
3500 931 3827 1002 oﬁ‘enderet,

2136 1020 2286 1071 certe
2316 1016 2600 1071 Ambrosii
2629 1017 2947 1072 doctrinam
2989 1023 3044 1074 et
3076 1020 3398 1090 exemplum
3441 1020 3616 1076 alacri
3645 1021 3829 1076 animo

2137 1106 2456 1162 sectabatur
2479 1107 2800 1179 (Possidius,
2831 1110 2889 1162 in
2925 1111 3054 1164 Vita
3076 1109 3337 1176 August.,
3359 1124 3406 1164 c.
3438 1111 3551 1180 24).

2211 1199 2262 1251 3.
2287 1195 2437 1261 Quos
2486 1197 2634 1251 Deus
2674 1213 2826 1252 curae
2871 1201 2929 1252 et
2971 1196 3259 1253 dilectioni
3296 1215 3414 1253 sua:
3451 1199 3834 1266 commiserat,

2138 1285 2311 1340 etiam
2325 1286 2820 1342 commendatione
2834 1303 2954 1352 sua,
2971 1291 3026 1340 et
3037 1287 3180 1342 datis
3193 1286 3465 1358 epistolis,
3483 1289 3633 1359 apud
3646 1288 3839 1343 saeculi

2139 1379 2450 1446 potestates
2474 1375 2800 1447 adjuvabat.
2830 1376 2940 1430 Sed
2969 1375 3116 1431 hanc
3139 1393 3303 1432 suam
3332 1394 3362 1432 a
3385 1377 3722 1432 melioribus
3752 1394 3837 1432 re-

2138 1463 2243 1518 bus
2275 1464 2708 1536 occupationem
2728 1469 3003 1537 tanquam
3031 1465 3326 1538 angariam
3355 1467 3686 1539 deputabat,
3711 1483 3838 1522 sua-

2139 1571 2266 1608 vem
2304 1571 2530 1626 semper
2557 1554 2774 1610 habens
2813 1555 2881 1610 de
2912 1555 2982 1610 iis
3011 1573 3141 1628 quae
3181 1556 3282 1611 Dei
3321 1562 3476 1626 sunt,
3506 1558 3594 1611 vel
3624 1557 3840 1612 allocu-

2138 1643 2377 1714 tionem,
2433 1644 2521 1698 vel
2574 1643 3012 1699 collocutionem
3068 1644 3334 1700 fraternae
3392 1662 3455 1700 ac
3513 1645 3875 1701 domestica!

2138 1731 2540 1788 familiaritatis
2571 1721 2778 1805 (Ibid,
2807 1751 2852 1790 ο.
2890 1735 2995 1805 19).
3035 1735 3345 1790 Sacerdotii
3377 1735 3466 1790 sui
3494 1753 3617 1790 esse
3648 1753 3841 1791 cense-

2138 1821 2254 1889 bat,
2301 1839 2405 1893 pro
2455 1823 2566 1877 reis
2613 1824 2766 1894 apud
2806 1823 3029 1895 judices
3073 1823 3444 1880 intercedere.
3495 1826 3636 1880 Cum
3689 1827 3844 1880 enim

2140 1911 2382 1982 alicujus
2419 1911 2534 1967 vita
2581 1912 3000 1982 periclitaretur
3046 1913 3103 1967 in
3129 1913 3365 1985 judicio,
3397 1915 3848 1970 concurrebatur

2140 2000 2201 2055 in
2231 2001 2552 2069 ecclesiam;
2582 2003 2892 2072 rogabatur
2919 2001 3238 2074 episcopus,
3271 2007 3336 2057 ut
3378 2002 3722 2058 intermissis
3754 2020 3847 2058 oc-

2138 2089 2539 2160 cupationibus
2579 2091 2666 2144 vel
2709 2089 3078 2160 gravissimis,
3123 2107 3225 2162 pro
3265 2107 3362 2146 reo
3408 2091 3843 2163 deprecaretur.

2139 2178 2299 2243 Quod
2329 2183 2541 2234 tamem
2569 2179 2920 2250 Augustinus
2949 2180 3266 2234 verecunde
3305 2184 3362 2234 et
3391 2179 3687 2235 moderate
3718 2197 3849 2252 age-

2139 2268 2254 2323 bat.
2287 2270 2544 2325 Novimus
2564 2285 2701 2336 eum,
2737 2268 2812 2323 ait
2841 2268 3150 2336 Possidius,
3182 2286 3216 2324 a
3237 2272 3348 2324 suis
3373 2271 3720 2326 charissimis
3753 2274 3845 2326 lit-

2143 2362 2379 2412 terarum
2408 2360 2753 2413 intercessum
2785 2358 2936 2430 apud
2975 2360 3158 2413 smeuli
3189 2363 3482 2428 potestates
3507 2362 3849 2430 postulatum

2139 2463 2246 2502 non
2275 2447 2504 2518 dedisse,
2521 2447 2781 2502 dicentem
2805 2447 3090 2517 cujusdam
3110 2450 3372 2518 sapientis
3391 2449 3719 2503 servandam
3741 2465 3852 2504 esse

2138 2537 2483 2605 sententiam,
2515 2535 2580 2590 de
2596 2552 2699 2606 quo
2721 2538 2983 2606 scriptum
3012 2541 3164 2602 esset,
3189 2536 3333 2606 quod
3360 2539 3529 2592 multa
3551 2554 3664 2593 suae
3683 2541 3850 2606 fama

2143 2627 2586 2695 contemplatione
2614 2628 2803 2681 amicis
2831 2642 2937 2680 non
2961 2629 3325 2696 praestitisset.
3361 2630 3430 2682 Et
3459 2629 3600 2683 illud
3637 2631 3848 2684 nihilo-

2139 2717 2316 2770 minus
2351 2730 2505 2770 suum
2544 2715 2770 2782 addens,
2821 2718 3078 2784 quoniam
3111 2717 3428 2787 plerumque
3453 2723 3699 2787 potestas
3727 2736 3848 2788 qua:

2135 2808 2382 2873 prastat,
2420 2807 2639 2874 premit.
2683 2805 2813 2861 Cum
2842 2821 2964 2860 vero
2998 2807 3432 2860 intercedendum
3471 2822 3583 2861 esse
3621 2814 3853 2876 rogatus

2136 2893 2374 2960 videbat,
2404 2898 2514 2948 tam
2544 2893 2606 2946 id
2633 2894 2844 2949 honeste
2872 2910 2935 2949 ac
2965 2900 3254 2964 temperate
3279 2896 3493 2964 agebat,
3526 2902 3589 2950 ut
3615 2913 3722 2952 non
3761 2914 3852 2953 so-

2139 2983 2249 3036 lum
2278 2997 2528 3037 onerosus
2557 2987 2652 3036 aut
2692 2983 2943 3038 molestus
2983 2998 3089 3038 non
3119 2983 3415 3052 videretur,
3447 3001 3633 3040 verum
3683 2990 3853 3041 etiam

2136 3071 2409 3126 mirabilis
2438 3073 2690 3127 existeret
2737 3071 2928 3144 (Ibid.,
2972 3089 3020 3128 c.
3051 3073 3165 3144 20).
3215 3072 3408 3128 Refert
3446 3073 3654 3129 deinde
3705 3077 3850 3130 Pos-

2139 3160 2317 3215 sidius
2353 3160 2768 3224 testimonium,
2821 3161 2976 3232 quod
3024 3161 3383 3216 Macedonius
3437 3162 3646 3218 Africae
3700 3164 3852 3220 vica-

2139 3247 2257 3303 rius
2287 3249 2372 3303 illi
2400 3249 2504 3303 hac
2550 3249 2620 3304 de
2650 3265 2710 3304 re
2757 3249 3079 3305 tribuebat:
3128 3255 3380 3306 attamen
3419 3252 3544 3322 ejus
3586 3253 3855 3308 modesta

2139 3337 2408 3392 demissio
2458 3342 2516 3392 et
2544 3338 2742 3393 innata
2781 3338 2864 3393 illi
2911 3339 3117 3394 lenitas
3164 3357 3279 3395 non
3319 3341 3644 3409 obstabant,
3699 3359 3852 3414 quo-

2136 3425 2328 3481 minus
2362 3427 2609 3497 graviori
2651 3428 2995 3500 quandoque
3025 3433 3080 3484 et
3121 3431 3275 3484 velut
3310 3429 3516 3484 minaci
3559 3431 3731 3486 modo
3770 3433 3858 3487 in-

2137 3516 2488 3571 tercederet:
2531 3516 2816 3589 siquidem
2845 3519 3052 3573 veritas
3087 3522 3144 3573 et
3169 3518 3349 3573 dulcis
3387 3523 3490 3586 est,
3531 3524 3587 3574 et
3613 3536 3852 3576 amara:

2137 3604 2364 3676 quando
2389 3603 2570 3659 dulcis
2599 3609 2704 3674 est,
2728 3605 2936 3677 parcit;
2961 3607 3191 3679 quando
3211 3623 3424 3677 amara,
3455 3614 3617 3664 curat
3643 3613 3854 3681 (Epist.

2135 3695 2265 3762 247,
2294 3709 2350 3748 n.
2386 3693 2456 3764 l).

2210 3784 2263 3838 4.
2299 3781 2542 3848 Quidam
2584 3783 2879 3851 Romulus,
2921 3799 3095 3856 quem
3123 3785 3476 3857 Augustinus
3515 3802 3621 3859 per
3670 3789 3858 3845 Evan-

2144 3870 2358 3942 gelium
2383 3870 2442 3924 in
2466 3871 2686 3928 Christo
2702 3877 2996 3944 genuerat,
3019 3875 3390 3931 Ponticanum
3408 3882 3660 3933 actorem
3675 3895 3854 3935 suum

2135 3961 2197 4015 in
2236 3960 2589 4031 possessione
2639 3979 2740 4016 sua
2789 3963 3149 4031 collocatum,
3198 3966 3418 4020 colonis
3460 3967 3646 4021 eidem
3695 3968 3858 4024 villa:

2136 4048 2400 4119 subjectis
2429 4049 2780 4120 praefecerat.
2812 4051 2864 4105 Is
2896 4067 3027 4106 cum
3055 4051 3268 4107 tributa
3292 4055 3535 4110 Romqu
3555 4055 3758 4110 debita
3782 4058 3857 4112 ab

2136 4136 2250 4191 illis
2280 4136 2578 4208 exegisset,
2621 4139 2774 4210 quod
2813 4138 2938 4210 ipse
2977 4140 3220 4195 inﬁciari
3249 4158 3368 4197 non
3396 4147 3639 4215 poterat,
3675 4162 3746 4199 ea
3781 4147 3857 4201 ad

2137 4243 2193 4280 se
2240 4226 2574 4280 intervertit.
2624 4227 2920 4296 Romulus,
2975 4229 3066 4284 cui
3114 4229 3342 4286 aliunde
3393 4233 3710 4287 nonnullus
3747 4235 3858 4289 Dei

2135 4313 2311 4369 timor
2345 4315 2548 4383 inerat,
2580 4315 2685 4369 hos
2723 4316 3061 4386 rusticanos,
3094 4318 3195 4390 qui
3241 4319 3332 4374 vix
3366 4321 3542 4376 semel
3574 4323 3856 4379 solvendo

2138 4402 2385 4469 fuerant,
2418 4403 2487 4458 ad
2520 4403 2826 4474 pendenda
2857 4406 3045 4462 denuo
3075 4409 3290 4463 tributa
3326 4410 3508 4464 teneri
3537 4413 3859 4468 contende-

2136 4491 2248 4546 bat.
2279 4492 2479 4564 Iniqua
2507 4493 2627 4547 baec
2649 4493 2859 4564 agendi
2881 4495 3024 4550 ratio
3043 4497 3428 4568 Augustinum
3447 4499 3858 4554 vehementius

2135 4581 2397 4651 perculit,
2442 4581 2633 4636 minus
2663 4587 2856 4638 tamen
2887 4585 3176 4656 egentium
3208 4587 3564 4655 colonorum,
3605 4587 3707 4660 qui
3742 4606 3859 4661 op-

2135 4669 2552 4740 primebantur,
2572 4688 2746 4743 quam
2766 4672 2943 4744 ipsius
2961 4674 3192 4730 Romuli
3207 4692 3395 4743 causa,
3416 4677 3514 4748 qui
3528 4676 3858 4749 hactyran-

2136 4757 2270 4812 nide
2302 4758 2552 4813 divinam
2582 4759 2641 4814 in
2671 4776 2730 4815 se
2768 4761 3074 4817 vindictam
3103 4764 3464 4834 provocabat.
3491 4767 3676 4834 Neque
3704 4770 3863 4823 enim

2138 4851 2250 4902 tam
2277 4850 2442 4902 miser
2462 4863 2600 4916 sum,
2624 4848 2836 4921 inquit,
2855 4855 2906 4906 et
2925 4853 3134 4906 alienus
3159 4869 3194 4907 a
3213 4854 3504 4910 visceribus
3533 4856 3768 4924 Christi,
3793 4863 3863 4911 ut

2134 4952 2239 4991 non
2269 4939 2590 5006 gravissimo
2619 4939 2836 4995 vulnere
2873 4941 3112 5007 feriatur
3141 4957 3230 4997 cor
3268 4959 3464 5011 meum,
3507 4945 3731 5013 quando
3773 4950 3862 5002 sic

2137 5031 2309 5093 agunt
2337 5041 2468 5094 quos
2508 5032 2565 5080 in
2601 5027 2718 5097 ejus
2757 5031 3050 5099 Evangelia
3097 5034 3279 5101 genui.
3314 5033 3625 5088 Romulum
3669 5033 3866 5104 igitur

2136 5114 2387 5184 pellavit,
2423 5117 2868 5173 contendentem
2893 5119 2995 5173 hos
3020 5121 3256 5175 colonos
3285 5123 3595 5177 Ponticano
3625 5125 3864 5180 solvere

2138 5217 2258 5256 non
2287 5202 2584 5272 debuisse;
2611 5205 2820 5277 quibus
2849 5212 3040 5263 tamen
3071 5208 3194 5280 ipse
3225 5211 3577 5266 contrarium
3607 5229 3718 5285 per
3749 5214 3865 5269 lit-

2137 5295 2288 5346 teras
2317 5308 2429 5346 non
2458 5294 2912 5367 prtescripserat;
2945 5297 3087 5353 citra
3127 5315 3269 5372 quas
3298 5299 3421 5355 ﬁeri
3453 5317 3567 5355 non
3597 5306 3865 5373 poterat,

2139 5384 2205 5435 ut
2232 5381 2525 5451 rusticani,
2558 5382 2655 5456 qui
2689 5384 3063 5441 Ponticanum
3085 5387 3350 5444 videbant
3371 5388 3440 5444 ab
3471 5405 3538 5444 eo
3568 5389 3683 5445 sibi
3711 5407 3870 5462 pree-

2138 5469 2410 5541 positum,
2436 5473 2742 5543 pecuniam
2759 5474 2995 5531 domino
3018 5475 3268 5532 debitam
3297 5479 3548 5550 pendere
3577 5481 3868 5537 detrecta-

2142 5563 2290 5620 rent.
2325 5560 2467 5618 Cum
2503 5563 2856 5636 Augustinus
2893 5565 3035 5622 nihil
3070 5567 3221 5640 apud
3252 5567 3564 5626 Romulum
3594 5570 3704 5627 hac
3731 5571 3866 5626 vice
