4008 6184
149 263 244 315 233
1592 264 1795 319 LIBER
1834 262 2177 328 QUARTUS.

152 382 480 455 profecisset,
519 383 680 438 misit
706 383 797 439 die
836 383 1055 439 sabbati
1086 384 1157 439 ad
1187 400 1320 439 eum
1347 384 1532 441 adhuc
1562 387 1842 459 pranden-

154 477 270 536 tem,
324 476 386 524 ut
440 471 907 543 Hippone-Regio
956 488 1072 527 non
1118 472 1592 543 proﬁcisceretur,
1634 475 1745 529 nisi
1782 492 1840 530 se

150 560 378 614 adiisset.
430 560 803 615 Renuntiavit
850 561 928 615 ita
962 578 1020 615 se
1067 578 1187 615 esse
1224 562 1528 619 facturum.
1562 564 1840 619 Postridie

151 658 323 704 tamen
353 649 418 703 in
446 650 742 704 ecclesiam
765 651 939 718 venit,
975 651 1175 720 oravit,
1206 656 1260 706 et
1280 656 1471 707 sancto
1493 653 1839 723 praesulein-

151 740 381 793 salutato
412 739 702 810 profectus
732 743 835 794 est.
878 741 1009 794 Erat
1045 741 1151 795 hoc
1197 742 1579 812 Augustinum
1618 759 1841 798 summo

149 828 456 900 despicatui
480 829 705 885 ducere.
738 829 1034 884 Piissimus
1056 834 1248 884 tamen
1275 832 1501 901 praesul,
1529 834 1593 885 ut
1623 848 1681 886 se
1710 848 1842 887 san-

144 923 215 971 cte
242 916 635 983 ulcisceretur,
665 917 892 972 veniam
922 917 1004 972 illi
1036 919 1154 972 suis
1180 936 1211 972 a
1244 921 1356 973 Deo
1379 919 1640 990 precibus
1669 921 1843 992 depo-

141 1006 325 1076 poscit.
356 1005 469 1059 Sed
503 1006 780 1077 quoniam
822 1022 954 1061 reus
985 1007 1132 1061 hanc
1162 1007 1418 1061 obtinere
1449 1024 1565 1063 non
1596 1014 1838 1079 poterat,

141 1094 235 1147 nisi
262 1110 325 1147 se
356 1094 487 1165 ipse
528 1095 860 1166 corrigeret,
893 1100 1122 1151 sanctus
1154 1097 1367 1150 Praesul
1405 1097 1740 1152 acerrimam
1770 1100 1841 1154 ad

140 1200 254 1237 eum
285 1184 602 1255 epistolam
644 1186 890 1239 scribere
926 1190 1152 1240 coactus
1181 1189 1283 1253 est,
1313 1186 1374 1241 in
1405 1202 1518 1256 qua
1558 1187 1718 1243 illum
1742 1190 1841 1244 oh-

140 1275 365 1327 testatur
390 1277 565 1345 atque
598 1274 876 1341 obsecrat,
912 1278 971 1328 ut
1011 1274 1284 1345 injuriam
1314 1276 1593 1342 attendat,
1629 1294 1741 1348 qua
1784 1295 1843 1333 se

144 1360 315 1429 ipsum
349 1358 565 1429 magis,
604 1375 778 1430 quam
808 1359 1023 1414 villicos
1062 1377 1195 1413 suos
1222 1360 1472 1429 laederet,
1506 1378 1640 1433 erga
1679 1380 1840 1433 quos,

147 1454 195 1500 ut
232 1446 491 1501 inﬁciari
532 1463 650 1501 non
694 1452 933 1518 poterat,
971 1447 1333 1520 iniquissime
1381 1465 1440 1503 se
1489 1454 1728 1520 gereret.
1773 1454 1844 1506 Et

144 1536 278 1591 modo
311 1536 563 1605 quidem,
596 1536 805 1607 inquit,
845 1554 952 1592 non
998 1538 1295 1607 rogandus,
1331 1538 1426 1593 sed
1466 1539 1843 1608 objurgandus

138 1642 209 1681 es:
238 1642 375 1679 nam
401 1631 455 1680 et
484 1627 581 1680 hoc
600 1629 861 1696 scriptum
885 1632 980 1694 est,
1018 1646 1045 1676 α
1078 1630 1191 1694 Ego
1221 1643 1376 1696 quem
1398 1642 1539 1695 amo,
1568 1628 1840 1697 redarguo

138 1720 178 1767 et
200 1716 416 1780 castigo
440 1732 467 1765 η
493 1714 685 1784 (Apoc.
721 1730 799 1777 ιιι,
836 1716 949 1785 19).
978 1718 1091 1783 Ego
1118 1719 1311 1783 tamen,
1346 1717 1396 1770 si
1420 1731 1522 1785 pro
1545 1732 1625 1771 me
1654 1732 1845 1785 regan-

136 1803 223 1856 dus
246 1818 418 1870 esses,
451 1804 597 1869 forte
623 1818 731 1857 non
758 1808 806 1857 te
834 1820 1079 1872 rogarem
1106 1820 1117 1857 :
1153 1806 1284 1873 quia
1298 1820 1419 1859 vero
1443 1820 1546 1875 pro
1578 1811 1626 1859 te
1644 1822 1845 1873 rogan-

134 1891 225 1946 dus
245 1908 326 1958 es,
351 1906 490 1959 rogo
523 1896 572 1946 te
594 1894 817 1959 iratum,
849 1897 910 1946 ut
927 1907 1126 1962 parcas
1144 1893 1263 1959 tibi,
1294 1900 1355 1947 ut
1380 1894 1614 1962 placaris
1632 1896 1765 1963 tibi;
1785 1899 1846 1949 ut

134 1981 227 2034 tibi
247 1982 514 2051 placetur
536 1982 626 2035 ille
657 1997 812 2050 quem
840 1997 1017 2047 rogas.
1046 1982 1277 2051 Aperiat
1299 1982 1401 2035 tibi
1418 1997 1649 2051 sensum,
1674 1988 1735 2036 ut
1768 1985 1845 2039 vi-

134 2069 254 2123 deas
289 2085 419 2137 qua
444 2070 611 2135 facis,
643 2074 694 2122 et
728 2070 1017 2123 exhorreas
1047 2073 1100 2124 et
1134 2069 1392 2124 emendes.
1420 2071 1602 2124 Parva
1632 2072 1773 2124 enim
1795 2075 1845 2124 et

131 2160 292 2229 quasi
316 2158 480 2212 nulla
507 2155 611 2210 tibi
637 2156 908 2223 videntur,
944 2173 1062 2225 quae
1093 2160 1203 2211 tam
1220 2173 1422 2225 magna
1442 2159 1589 2212 mala
1613 2164 1757 2226 sunt,
1783 2163 1844 2212 ut

133 2247 351 2318 quando
383 2252 436 2301 te
474 2246 681 2299 domita
725 2246 1001 2315 cupiditas
1041 2262 1103 2299 ea
1145 2247 1486 2301 considerare
1508 2251 1842 2317 permiserit,

132 2339 270 2403 riges
303 2337 566 2402 Iaerymis
597 2338 819 2402 terram,
845 2339 905 2387 ut
950 2337 1086 2388 Deus
1115 2338 1436 2389 misereatur
1468 2338 1565 2390 tui.
1601 2337 1844 2391 Vereba-

138 2432 225 2479 tur
262 2423 650 2494 Augustinus,
684 2438 756 2476 ne
796 2423 891 2477 ille
921 2422 1010 2477 his
1039 2423 1241 2478 litteris
1266 2425 1452 2495 magis
1480 2430 1845 2496 exasperatus

137 2515 189 2567 in
231 2514 480 2567 colonos
519 2528 651 2565 suos
691 2511 874 2565 acrius
921 2512 1243 2579 desaeviret;
1287 2514 1383 2568 sed
1427 2514 1601 2582 addit,
1648 2514 1695 2568 si
1740 2516 1847 2569 hoc

136 2603 371 2667 accidat,
404 2600 521 2655 illis
550 2600 898 2672 imputatum
929 2600 1000 2655 iri
1028 2601 1098 2655 ad
1123 2603 1389 2657 meritum
1422 2603 1661 2674 bonum,
1694 2605 1846 2675 quod

134 2709 228 2763 pro
277 2692 409 2762 ejus
458 2691 661 2755 salute,
695 2695 929 2760 propter
971 2706 1144 2761 quam
1178 2691 1474 2755 scribebat,
1523 2708 1655 2747 eum
1686 2698 1848 2764 pate-

136 2786 331 2835 rentur
350 2779 588 2834 iratum.
610 2779 796 2833 Unum
821 2778 919 2832 Dei
938 2778 1224 2849 judicium
1247 2780 1329 2834 illi
1357 2781 1683 2850 minitatur;
1705 2798 1846 2852 quo-

136 2870 290 2925 niam
323 2869 483 2939 apud
514 2867 797 2937 homines,
830 2868 930 2939 qui
955 2868 1232 2923 formulas
1261 2886 1293 2923 a
1323 2870 1545 2941 legibus
1571 2872 1846 2925 constitu-

135 2965 213 3013 tas
232 2959 308 3013 ad
331 2957 486 3012 alios
508 2956 736 3027 iniquos
760 2961 916 3011 actus
945 2957 1336 3027 prohibendos
1364 2959 1528 3030 sequi
1557 2964 1846 3027 tenentur,

140 3063 371 3102 causam
400 3046 666 3101 obtinere
690 3046 967 3101 Romulus
982 3050 1224 3117 poterat.
1253 3048 1411 3102 Unde
1432 3050 1847 3103 consectarium

134 3143 236 3207 est,
270 3134 540 3209 quamvis
571 3134 698 3189 aliis
736 3134 975 3189 minime
1014 3135 1299 3206 denegare
1333 3136 1663 3205 debeamus,
1697 3138 1849 3209 quod

134 3227 198 3280 iis
228 3226 475 3280 reddere
522 3240 591 3278 ex
640 3224 1034 3279 humanarum
1081 3226 1272 3296 legum
1324 3226 1653 3297 praescripto
1700 3231 1852 3281 tene-

138 3332 288 3382 mur,
322 3314 498 3370 nobis
522 3319 717 3369 tamen
742 3330 859 3368 non
884 3329 1111 3385 semper
1142 3314 1329 3380 licere,
1365 3316 1519 3387 quod
1548 3332 1615 3370 ex
1646 3315 1850 3371 iisdem

138 3406 355 3476 legibus
388 3404 563 3460 nobis
610 3402 708 3457 alii
742 3403 965 3470 debent,
1004 3403 1229 3475 exigere
1269 3406 1462 3475 (Epist.
1504 3407 1628 3474 247,
1671 3422 1726 3461 n.
1782 3408 1851 3475 1).

835 3494 1062 3548 CAPUT
1106 3495 1165 3547 V.

146 3591 162 3639 1
203 3585 514 3653 Augustini
543 3583 738 3650 regula
763 3587 813 3635 et
840 3583 1135 3651 prudentia
1172 3584 1231 3636 in
1260 3582 1664 3637 visitationibus
1694 3584 1775 3638 vel
1794 3585 1853 3638 in

213 3676 335 3727 aliis
355 3670 698 3742 praestandis
724 3673 936 3739 ofﬁciis.
969 3674 1002 3724 2
1032 3673 1094 3725 In
1120 3670 1645 3726 Germanicianensis
1677 3687 1855 3741 para:-

214 3764 306 3816 ciz
342 3762 595 3829 gratiam
631 3759 819 3812 scribit
853 3760 927 3813 ad
966 3762 1313 3813 Pancarium.
1362 3762 1391 3815 3
1445 3762 1715 3815 Universw
1750 3764 1856 3815 Ec-

221 3852 388 3905 clesia:
404 3865 513 3919 pro
543 3864 644 3902 sua
669 3853 830 3918 parte
850 3864 911 3902 ac
940 3850 1205 3915 facultate
1226 3849 1322 3903 dat
1341 3865 1581 3919 operam.
1608 3852 1641 3905 4
1666 3851 1856 3907 Causis

216 3938 543 3993 dirimendis
574 3952 631 3991 se
656 3941 908 4006 occupari
944 3940 1305 4005 conqueritur.

220 4032 266 4082 1.
300 4028 369 4081 Ut
399 4026 588 4080 sancti
612 4026 878 4080 Praesulis
916 4026 973 4079 in
1000 4026 1454 4081 administranda
1485 4027 1727 4082 Ecclesia
1755 4044 1853 4082 cu-

154 4130 267 4168 ram
312 4113 673 4182 ductumque
720 4128 1026 4182 pergamus
1059 4128 1378 4183 exponere:
1427 4114 1489 4166 In
1530 4115 1857 4168 visitationi—

154 4203 261 4269 bus,
291 4200 489 4273 inquit
519 4199 825 4263 Possidius,
855 4201 1072 4254 modum
1118 4201 1326 4255 tenebat
1357 4200 1423 4253 ab
1468 4202 1723 4270 Apostolo
1756 4201 1856 4255 de-

150 4290 380 4354 ﬁnitum,
414 4293 479 4343 ut
501 4290 722 4343 nonnisi
744 4290 982 4358 pupillos
1017 4294 1066 4343 et
1103 4290 1299 4344 viduas
1326 4292 1382 4343 in
1416 4290 1855 4345 tribulationibus

152 4382 467 4433 constitutas
507 4380 774 4432 uisitaret.
810 4380 881 4432 Et
902 4380 953 4432 si
989 4380 1131 4445 forte
1159 4379 1227 4433 ab
1253 4379 1640 4446 aegrotantibus
1661 4379 1724 4434 ob
1763 4381 1856 4434 hoc

151 4472 436 4534 peteretur,
471 4470 531 4519 ut
545 4481 648 4535 pro
674 4468 748 4521 eis
765 4468 822 4519 in
842 4469 1095 4535 praesenti
1110 4469 1397 4521 Dominum
1418 4473 1655 4535 rogaret,
1679 4472 1858 4537 eisque

160 4570 339 4609 mamas
368 4558 685 4623 imponeret,
714 4556 830 4611 sine
844 4570 995 4609 mora
1017 4556 1296 4624 pergebat.
1322 4558 1664 4611 Feminarum
1680 4562 1857 4612 autem

159 4644 485 4697 monasteria
528 4644 749 4697 nonnisi
777 4644 1088 4711 urgentibus
1129 4647 1535 4700 necessitatibus
1571 4648 1854 4702 visitabat.

158 4732 492 4787 Servandum
522 4748 732 4801 quoque
762 4735 821 4786 in
851 4736 968 4787 vita
988 4737 1038 4787 et
1055 4734 1293 4788 moribus
1321 4734 1551 4788 hominis
1583 4734 1683 4787 Dei
1712 4734 1858 4798 refe-

156 4822 318 4887 rebat,
343 4821 493 4890 quod
530 4823 588 4874 in
615 4823 864 4876 instituto
886 4826 1084 4877 sanctae
1114 4824 1379 4877 memoriae
1414 4822 1694 4877 Ambrosii
1715 4836 1855 4876 com-

155 4916 387 4978 pererat,
440 4914 502 4964 ut
540 4926 763 4964 uxorem
802 4913 1055 4981 cuiquam
1102 4926 1381 4981 nunquam
1421 4916 1657 4981 posceret
1689 4925 1859 4979 neque

156 5002 388 5052 militare
434 4999 698 5053 volentem
738 4998 811 5053 ad
849 5000 943 5054 hoc
991 5000 1405 5069 commendaret,
1448 5016 1618 5069 neque
1654 5002 1711 5054 in
1758 5014 1859 5053 sua

156 5090 336 5155 patria
355 5089 562 5156 petitus
590 5089 694 5141 iret
723 5087 797 5141 ad
825 5090 1149 5142 convivium.
1182 5091 1256 5143 De
1285 5090 1517 5155 singulis
1542 5088 1699 5143 rebus
1728 5088 1856 5142 red-

161 5176 283 5229 dens
310 5191 530 5243 causas,
563 5176 766 5230 scilicet
793 5192 858 5231 ne
876 5177 1006 5231 dum
1036 5180 1179 5231 inter
1202 5192 1257 5232 se
1285 5177 1565 5246 conjugati
1588 5192 1717 5231 casu
1736 5178 1860 5247 jur-

160 5271 361 5330 qurent,
402 5267 455 5317 ei
482 5265 861 5318 maledica-ent
889 5280 988 5333 per
1025 5281 1180 5333 quem
1212 5266 1485 5335 conjuncti
1530 5271 1729 5333 essent;
1766 5265 1860 5321 sed

159 5354 310 5419 plane
334 5353 409 5407 ad
425 5354 521 5407 hoc
543 5353 653 5406 sibi
660 5355 781 5421 jam
812 5354 923 5407 illis
950 5356 1403 5409 consentientibus
1428 5357 1665 5424 petitum
1692 5358 1858 5410 inter-

163 5455 264 5496 me
291 5442 480 5497 debere
504 5442 855 5511 sacerdotem,
877 5447 939 5497 ut
964 5444 1049 5498 vel
1074 5458 1255 5499 eorum
1267 5444 1389 5513 jam
1406 5448 1573 5514 parta
1591 5448 1641 5499 et
1651 5445 1862 5514 placita

160 5529 536 5600 ﬁrmarentur,
559 5531 644 5584 vel
672 5530 1129 5589 benedicerentur.
1168 5535 1239 5588 Et
1261 5548 1328 5588 ne
1357 5535 1569 5589 militiae
1594 5548 1861 5589 commen-

468 5630 748 5695 PATROL.
802 5629 1049 5695 XXXII.

3545 272 3651 327 234

1952 390 2114 444 datus
2138 405 2200 444 ac
2227 391 2366 445 male
2393 405 2577 459 agens,
2607 391 2723 459 ejus
2753 392 2911 460 culpa
2930 392 3289 460 suffragatori
3306 384 3646 449 tribueretur.

1950 480 2021 533 Et
2067 494 2132 533 ne
2168 495 2267 548 per
2294 481 2658 547 frequentiam
2696 482 2754 533 in
2779 483 2977 549 patriae
3006 484 3265 535 conviviis
3309 485 3647 550 constitutus,

1953 570 2318 636 temperantiae
2346 570 2687 621 amitteretur
2718 568 2904 622 modus
2937 568 3251 637 (Possidius,
3284 570 3342 623 in
3380 572 3506 625 Vita
3527 572 3646 624 Au-

1950 660 2119 725 gust.,
2143 672 2188 711 c.
2213 657 2319 725 2‘7).
2356 656 2685 711 Videbimus
2714 657 2953 711 inferius
2976 656 3479 728 vigilantissimum
3504 661 3651 714 Prae-

1950 746 2131 800 sulem
2158 745 2344 799 ofﬁcia
2372 745 2475 799 toti
2510 762 2626 800 sum
2658 746 2887 801 diaecesi
2927 747 3313 814 exhibentem,
3346 764 3476 819 quae
3506 750 3643 819 Hip-

1950 834 2298 905 poni-Regio
2331 835 2657 906 praestabat.

2022 926 2075 977 2.
2114 926 2242 977 Erat
2270 923 2329 977 in
2371 925 2492 994 ejus
2537 924 2764 978 dioecesi
2795 924 3347 979 Germanicianensis
3384 926 3651 997 partecia,

1951 1013 2109 1084 cujus
2137 1014 2433 1084 presbyter
2462 1013 2817 1068 Secundinus
2841 1030 3068 1083 semper
3095 1015 3310 1085 populo
3332 1016 3649 1085 placuerat.

1956 1101 2062 1156 Ubi
2102 1105 2290 1155 tamen
2334 1101 2640 1155 Pancarius
2682 1101 2917 1172 quidam
2961 1103 3093 1156 illuc
3134 1103 3384 1171 advenit,
3430 1103 3654 1173 scripsit

1953 1190 2021 1244 ad
2060 1190 2443 1261 Augustinum
2468 1192 2662 1261 (Epist.
2698 1194 2843 1258 2:5l),
2874 1194 3102 1260 paratos
3132 1207 3254 1246 esse
3280 1191 3493 1245 incolas
3522 1206 3655 1245 eum

1954 1279 2287 1333 criminibus
2356 1295 2660 1333 accersere.
2732 1280 3035 1333 Pancarius
3106 1280 3230 1346 istc,
3296 1287 3357 1335 ut
3410 1280 3651 1346 videtur,

1954 1385 2083 1422 cum
2115 1368 2225 1422 alio
2260 1369 2327 1423 de
2358 1368 2529 1439 hujus
2554 1367 2686 1438 pagi
2717 1368 3071 1437 possessione
3112 1369 3508 1435 contendebat,
3542 1386 3655 1440 qua

1955 1457 2023 1512 de
2064 1474 2233 1511 causa
2279 1458 2459 1511 multa
2499 1456 2863 1527 patiebantur
2899 1457 3117 1511 incolae.
3153 1458 3295 1511 Cum
3339 1461 3529 1512 autem
3558 1457 3657 1512 Se-

1954 1546 2267 1601 cundinum
2298 1546 2359 1600 in
2387 1546 2495 1600 hoc
2528 1545 2754 1616 negotio
2781 1562 2896 1600 suae
2923 1545 3200 1600 voluntati
3233 1546 3517 1601 faventem
3542 1563 3657 1601 non

1955 1633 2279 1703 reperisset,
2329 1633 2649 1688 Donatistas
2690 1633 2751 1687 in
2783 1649 2915 1687 eum
2959 1649 3193 1704 pagum,
3241 1634 3300 1688 in
3343 1650 3457 1705 quo
3485 1639 3656 1689 antea

1956 1738 2069 1777 non
2113 1722 2358 1791 fuerant,
2401 1722 2469 1776 ad
2506 1722 2627 1792 ejus
2668 1738 2879 1776 nomen
2925 1721 3300 1776 deferendum
3332 1722 3651 1779 advocarat.

1957 1811 2235 1866 Rescribit
2270 1811 2341 1865 ad
2384 1811 2721 1865 Pancarium
2762 1810 3135 1878 Augustinus,
3168 1810 3369 1865 mirari
3410 1826 3469 1866 se
3500 1812 3653 1882 quod

1956 1898 2520 1954 Germanicianenses
2548 1900 2617 1953 de
2657 1898 2977 1953 Secundino
3000 1903 3459 1970 conquerantur;
3486 1915 3544 1953 se
3565 1904 3656 1953 ta-

1956 2004 2088 2041 men
2119 2003 2247 2058 quae
2283 1987 2367 2041 illi
2410 1987 2783 2057 objiciuntur,
2815 1986 2863 2041 si
2904 1986 3075 2041 modo
3114 1986 3378 2041 catholici
3416 1986 3530 2040 sint
3560 1986 3659 2059 qui

1957 2076 2255 2147 objiciunt,
2286 2093 2401 2131 non
2425 2093 2589 2147 posse
2619 2081 3020 2131 contemnere:
3048 2076 3446 2131 haereticorum
3468 2081 3659 2132 autem

1957 2164 2339 2219 accusationes
2365 2164 2673 2219 admittere
2693 2181 2797 2218 nec
2819 2180 2985 2235 posse
3007 2180 3110 2218 nec
3126 2164 3367 2231 debere;
3394 2165 3661 2235 quocirca

1957 2253 2143 2325 primo
2166 2258 2302 2324 agat
2328 2253 2654 2320 Pancarius,
2678 2258 2740 2307 ut
2758 2252 3013 2307 haeretici
3033 2269 3146 2307 non
3169 2253 3280 2307 sint
3302 2253 3397 2307 ubi
3417 2258 3547 2308 ante
3568 2254 3663 2308 ad-

1958 2341 2384 2412 ventumipsius
2405 2359 2521 2397 non
2553 2342 2801 2409 fuerant,
2833 2346 2957 2396 tum
2977 2358 3035 2396 se
3064 2359 3292 2397 causam
3323 2342 3656 2414 presbyteri,

1958 2430 2101 2485 sicut
2131 2446 2256 2484 eam
2281 2431 2468 2485 audiri
2500 2434 2745 2502 oportet,
2787 2430 3138 2485 auditurum.
3169 2431 3350 2485 Simul
3378 2447 3662 2485 commen-

1959 2520 2056 2575 dat
2085 2536 2155 2573 ne
2178 2520 2487 2575 Secundini
2520 2521 2757 2574 domum
2785 2518 2959 2590 diripi
2985 2519 3305 2591 vastarique
3326 2522 3426 2575 aut
3445 2535 3576 2574 eum
3592 2520 3661 2575 de

1960 2608 2194 2662 ecclesia
2226 2624 2327 2661 sua
2350 2607 2558 2679 deponi
2585 2608 2855 2678 patiatur.
2906 2608 3095 2663 Monet
3130 2606 3301 2661 etiam
3334 2612 3399 2661 ut
3435 2623 3663 2686 causam

1958 2696 2292 2768 quantocius
2339 2701 2500 2751 curet
2536 2695 3015 2767 componendam,
3050 2712 3121 2751 ne
3154 2695 3441 2766 indigenae
3475 2711 3540 2751 ea
3569 2712 3661 2750 oc-

1960 2784 2184 2839 casione
2207 2784 2421 2838 diutius
2452 2784 2803 2853 affligantur.

2033 2877 2083 2928 3.
2120 2873 2294 2927 Unius
2325 2872 2702 2943 Hipponensis
2749 2870 3028 2938 Ecclesiae,
3068 2871 3159 2925 cui
3198 2887 3255 2925 se
3301 2887 3527 2926 servum
3565 2872 3653 2926 di-

1959 2962 2171 3018 vinitus
2202 2962 2398 3016 datum
2443 2977 2561 3015 esse
2617 2960 2841 3014 dicebat
2882 2962 3077 3029 (Epist,
3114 2961 3233 3027 124,
3279 2975 3334 3015 n.
3380 2960 3434 3032 2)
3466 2977 3662 3015 curam

1960 3049 2253 3123 propriam
2283 3048 2350 3103 ad
2380 3065 2437 3103 se
2465 3048 2752 3120 pertinere
2773 3048 3173 3103 arbitrabatur.
3203 3047 3562 3119 Quapropter
3590 3049 3662 3103 ab

1963 3155 2031 3194 ea
2058 3153 2354 3208 nunquam
2392 3136 2501 3190 nisi
2530 3136 2740 3191 invitus
2770 3137 2962 3191 aberat
2992 3136 3188 3208 (Epist.
3226 3138 3314 3204 34,
3345 3152 3401 3191 n.
3453 3138 3529 3207 5).
3567 3138 3666 3191 Po-

1964 3226 2134 3296 pulus
2161 3222 2404 3277 vicissim
2428 3239 2655 3293 semper
2676 3222 2828 3277 illius
2851 3222 3161 3277 absentiam
3187 3224 3423 3277 moleste
3444 3222 3664 3277 ferebat

1963 3315 2165 3385 (Epist.
2200 3314 2388 3382 t22,n.
2420 3312 2488 3383 1),
2515 3316 2857 3367 etuteratex
2875 3312 3361 3383 omnipeneparte
3379 3312 3664 3380 inﬁrmus,

1964 3403 2095 3458 inde
2130 3401 2202 3456 ad
2236 3400 2776 3472 periculosissimam
2806 3417 2988 3473 usque
3018 3400 3389 3455 offensionem
3420 3406 3478 3456 et
3506 3418 3666 3455 scan-

1964 3494 2158 3549 dalum
2190 3491 2479 3546 interdum
2510 3491 2821 3545 laborabat.
2858 3491 2992 3544 Eam
3022 3490 3093 3544 ob
3122 3506 3247 3545 rem
3275 3494 3397 3545 erat
3423 3490 3483 3544 in
3514 3491 3657 3545 urbe

1965 3582 2148 3652 magis
2177 3580 2436 3634 assiduus
2463 3580 2661 3649 (Epist.
2702 3580 2821 3647 124,
2852 3594 2907 3632 n.
2941 3582 3016 3645 2).
3052 3578 3196 3641 Quia
3221 3578 3392 3632 etiam
3425 3594 3665 3650 corpore

1966 3670 2187 3735 absens,
2210 3683 2435 3738 semper
2458 3666 2664 3736 spiritu
2694 3664 2990 3736 cordisque
3024 3666 3229 3720 alfectu
3258 3682 3511 3736 praesens
3548 3666 3661 3721 illis

1966 3758 2180 3812 aderat.
2203 3757 2287 3811 Ab
2309 3757 2469 3822 urbe,
2496 3758 2557 3809 ut
2574 3754 2671 3823 ait,
2702 3770 2998 3825 nunquam
3022 3754 3347 3813 discedebat
3375 3754 3669 3811 licentiosa

1966 3847 2249 3911 libertate,
2297 3845 2394 3899 sed
2432 3844 2749 3899 necessaria
2803 3842 3095 3913 servitute,
3128 3848 3189 3899 ut
3230 3844 3354 3898 aliis
3406 3846 3661 3900 Ecclesia:

1966 3936 2237 3991 membris
2277 3934 2469 3989 debita
2508 3937 2808 4004 praestaret
2851 3933 3039 3987 ofﬁcia
3070 3933 3269 4004 (Epist.
3326 3937 3448 4004 l22,
3485 3951 3542 3993 η.
3596 3934 3669 4003 t).

1968 4026 2081 4080 Hac
2104 4024 2257 4078 enim
2287 4029 2357 4078 de
2387 4040 2557 4077 causa
2586 4022 2826 4093 singulis
2855 4022 3033 4077 ferme
3065 4022 3227 4076 annis
3247 4023 3669 4094 Carthaginem,

1968 4114 2295 4185 frequenter
2325 4112 2394 4166 ad
2438 4112 2549 4165 alia
2580 4112 2724 4178 loca,
2763 4116 2819 4166 et
2846 4111 3155 4182 aliquando
3185 4111 3245 4166 in
3276 4112 3671 4166 Mauritaniam

1967 4219 2147 4275 usque
2175 4219 2232 4255 se
2262 4201 2586 4256 conferebat
2610 4203 2817 4272 (Epist.
2858 4204 2975 4266 193,
3008 4218 3061 4254 n.
3099 4202 3165 4257 t).
3200 4199 3342 4270 Ipsis
3371 4199 3542 4254 etiam
3566 4216 3671 4254 na-

1966 4291 2272 4363 vigationis
2303 4290 2588 4345 laboribus
2620 4306 2683 4344 ac
2703 4288 2970 4360 periculis
3001 4304 3121 4343 sese
3150 4287 3409 4343 lubenter
3436 4288 3674 4358 objecis-

1967 4384 2071 4451 set,
2129 4378 2539 4435 transmarinas
2585 4378 2849 4450 regiones
2902 4394 3005 4449 pro
3074 4376 3316 4431 Ecclesia
3362 4368 3668 4447 petiturus,

1968 4468 2479 4540 ipsamquebaulam
2500 4467 2949 4539 imperatoriam,
2969 4470 3034 4520 ut
3050 4464 3171 4535 ejus
3192 4465 3426 4536 collegae
3448 4466 3672 4521 factita-

1968 4557 2128 4622 bant,
2160 4556 2272 4611 nisi
2301 4556 2423 4628 ejus
2446 4557 2675 4611 inﬁrma
2695 4555 2960 4610 valetudo
2992 4553 3302 4609 obstitisset
3332 4555 3525 4624 (Epist.
3554 4558 3673 4621 122,

1967 4663 2022 4701 n.
2072 4650 2141 4715 1).
2175 4645 2342 4717 Apud
2381 4645 2519 4699 alias
2549 4645 2814 4700 ecclesias
2854 4647 3080 4697 tantum
3118 4642 3343 4713 agebat,
3394 4647 3673 4713 quantum

1969 4734 2223 4805 episcopi
2252 4734 2561 4789 diaecesani
2591 4735 2677 4789 vel
2722 4732 3139 4803 permitterent,
3171 4732 3257 4786 vel
3302 4731 3677 4803 imponerent

1971 4823 2170 4895 (Epist.
2196 4826 2283 4891 34,
2308 4839 2363 4877 η.
2389 4823 2460 4894 5).
2490 4820 2757 4877 Conciliis
2777 4837 2882 4892 per
2909 4820 3161 4875 diversas
3192 4820 3509 4891 provincias
3528 4821 3673 4875 cele-

1968 4912 2147 4969 bratis
2174 4912 2393 4979 adesse,
2425 4927 2557 4967 cum
2585 4914 2798 4982 posset,
2838 4925 2954 4965 non
2985 4909 3303 4978 omittebat,
3334 4908 3519 4965 studio
3549 4925 3675 4964 suc-

1970 5018 2172 5057 census
2219 4998 2567 5055 inserviendi
2610 5014 2725 5053 non
2765 4997 2881 5053 suis
2936 4998 3271 5065 commodis,
3324 4998 3423 5054 sed
3469 4998 3676 5053 honori

1972 5088 2199 5156 Christi,
2251 5087 2608 5158 faciendique
2653 5103 2757 5158 pro
2804 5086 2954 5141 virili
2984 5103 3088 5142 sua
3130 5090 3311 5159 parte,
3355 5090 3423 5141 ut
3465 5090 3673 5140 sanctas

1972 5178 2230 5234 Ecclesiae
2260 5177 2556 5231 catholicae
2583 5180 2641 5230 et
2681 5176 2956 5231 inviolata
2982 5176 3126 5232 ﬁdes
3168 5178 3447 5241 maneret,
3480 5178 3536 5228 et
3562 5174 3674 5229 illi-

1969 5268 2102 5323 bata
2118 5266 2414 5337 disciplina
2435 5266 2683 5335 (Possid.,
2710 5268 2769 5320 in
2797 5268 2927 5322 Vita
2947 5266 3207 5333 August.,
3232 5280 3277 5319 c.
3305 5264 3422 5333 21).
3442 5263 3585 5317 Cum
3606 5264 3675 5317 ab

1972 5356 2254 5429 episcopis
2298 5354 2582 5426 deputatis
2626 5355 2974 5410 haberentur
3018 5353 3236 5425 synodi,
3279 5355 3377 5405 aut
3415 5352 3678 5407 ecclesia-

1974 5446 2099 5501 stici
2125 5445 2347 5517 judices
2376 5445 2447 5500 ad
2476 5444 2753 5517 quasdam
2776 5442 3190 5499 controversias
3210 5439 3560 5495 dirimendas
3585 5441 3681 5497 de-

1976 5534 2314 5605 ligerentur,
2346 5532 2468 5604 ipse
2489 5532 2888 5605 episcoporum
2929 5529 3209 5587 Numidiae
3238 5528 3474 5585 nomine
3498 5530 3679 5588 ferme

3157 5625 3403 5711 (Hm't.)
