4008 6184
409 294 517 358 235

411 439 638 496 semper
664 421 924 494 cooptari
969 421 1206 476 solebat.
1252 421 1661 493 Episcoporum
1703 421 1916 491 pariter
1953 421 2112 474 ordi-

411 513 759 581 nationibus,
783 513 1072 567 interdum
1087 512 1256 566 etiam
1281 512 1641 565 basilicarum
1663 510 2112 564 dedicationibus

409 602 702 668 intererat,
735 606 797 655 ut
821 601 1012 655 videre
1043 601 1176 654 licet
1210 601 1270 654 in
1303 601 1542 670 epistola
1567 600 1639 653 ad
1676 599 1961 652 Nobilium
1989 599 2110 668 epi-

409 703 642 762 scopum
667 689 858 760 (Epist.
886 689 1142 759 269),qui
1166 704 1296 742 eum
1319 689 1387 742 ad
1411 687 1637 742 fabricae
1659 703 1777 741 suae
1801 686 2110 741 dedicatio-

409 795 543 834 nem
561 779 848 834 invitarat.
878 779 989 831 lter
1011 782 1126 830 tam
1153 777 1435 847 prolixum
1460 777 1818 846 deprecatur,
1847 781 2015 830 utens
2033 775 2114 828 hi-

408 867 576 923 berni
601 866 879 936 temporis
909 882 1140 936 suaeque
1173 865 1477 918 senectutis
1515 864 1906 932 excusatione;
1939 881 1996 918 se
2027 868 2110 918 ta-

408 971 543 1010 men
571 956 712 1010 illud
745 954 1010 1008 lubenter
1032 959 1429 1023 suscepturum
1461 952 1678 1019 scribit,
1723 952 1833 1006 nisi
1861 951 2113 1023 corporis

397 1043 748 1098 infirmitate
775 1041 1207 1112 prtepediretur.

476 1135 529 1189 4.
561 1132 866 1202 Apostolus
915 1130 1226 1184 decernens
1278 1130 1476 1184 fideles
1519 1145 1632 1182 non
1687 1129 1836 1199 apud
1877 1129 2112 1182 saecula-

404 1219 558 1274 rium
601 1219 1046 1291 magistratuum
1085 1218 1414 1283 tribunalia,
1457 1217 1554 1271 sed
1595 1233 1624 1270 a
1665 1217 2016 1288 sapientibus
2055 1223 2112 1272 et

403 1309 614 1364 sanctis
648 1308 828 1380 ipsius
869 1307 1125 1361 Ecclesiae
1147 1305 1306 1372 viris,
1331 1305 1430 1376 qui
1463 1306 1521 1359 in
1552 1306 1690 1358 locis
1719 1305 2105 1373 consisterent,

399 1397 646 1468 judicari
704 1397 930 1460 debere,
998 1395 1280 1465 episcopis
1333 1395 1548 1448 alienas
1594 1410 1792 1449 causas
1842 1395 2108 1450 audiendi

404 1487 803 1540 necessitatem
835 1484 1109 1556 imposuit
1139 1484 1233 1553 (De
1254 1485 1422 1554 Opere
1435 1485 1704 1552 monach.,
1727 1499 1782 1537 n.
1809 1484 1916 1554 37).
1946 1483 2106 1538 Chri-

404 1574 574 1628 stiani
593 1589 825 1645 quoque
851 1573 1226 1643 imperatores
1251 1574 1396 1626 hanc
1410 1571 1689 1642 episcopis
1703 1572 2108 1642 judicandipo-

396 1667 659 1718 testatem
683 1679 800 1716 non
818 1678 929 1716 una
947 1666 1166 1716 tantum
1192 1661 1316 1731 lege
1340 1660 1732 1715 firmaverant.
1753 1661 2107 1731 Augustinus

402 1751 580 1822 igitur
608 1751 722 1805 sive
756 1766 788 1804 a
835 1749 1191 1816 Christianis,
1226 1749 1340 1803 sive
1376 1765 1409 1802 a
1451 1749 1698 1820 cujusvis
1727 1753 1894 1804 secta:
1925 1750 2106 1803 homi-

401 1841 570 1894 nibus
605 1839 672 1894 ad
712 1854 911 1893 causas
963 1839 1277 1892 audiendas
1314 1837 1726 1908 interpellatus,
1760 1837 1870 1891 illis
1909 1837 2103 1891 sedulo

394 1929 664 1994 vacabat;
699 1931 754 1981 et
782 1928 887 1981 hoc
933 1943 1197 1992 munere,
1231 1927 1382 1997 quod
1435 1927 1663 1997 pietatis
1689 1942 1805 1980 suae
1849 1942 1971 1980 esse
2005 1926 2105 1980 du-

397 2018 580 2083 cebat,
615 2016 880 2086 religiose
933 2015 1300 2086 fungebatur.
1333 2014 1512 2069 Simul
1555 2019 1750 2069 tamen
1779 2031 1898 2085 prie
1925 2013 2102 2068 oculis

394 2106 637 2161 habebat
666 2105 809 2159 illud
839 2105 1135 2175 cujusdam
1174 2103 1445 2157 effatum:
1475 2103 1638 2157 Melle
1669 2119 1726 2156 se
1765 2103 1915 2156 inter
1943 2102 2102 2173 igno-

393 2199 504 2262 tos,
537 2209 708 2262 quam
753 2193 903 2247 inter
937 2193 1152 2246 amicos
1192 2207 1390 2245 causas
1436 2191 1671 2245 audire:
1721 2191 1994 2262 quoniam
2031 2192 2098 2245 de

393 2281 702 2353 incognitis
727 2297 881 2349 eum,
913 2281 1230 2334 secundum
1267 2295 1439 2350 quem
1472 2295 1534 2332 ex
1560 2279 1708 2349 juris
1739 2295 1942 2334 norma
1971 2296 2097 2333 sen-

394 2370 574 2425 tentia
601 2369 903 2430 diceretur,
937 2373 1128 2440 posset
1166 2367 1413 2422 amicum
1447 2367 1779 2438 acquirere:
1809 2369 1876 2422 de
1903 2368 2098 2422 amicis

393 2474 529 2513 vero
560 2474 715 2527 eum,
757 2463 954 2512 contra
998 2473 1168 2528 quem
1209 2457 1490 2511 sententia
1530 2456 1903 2527 proferretur,
1951 2464 2099 2511 esset

391 2549 627 2602 fortasse
641 2546 967 2617 perditurus
987 2545 1245 2615 (Possid.,
1263 2548 1322 2599 in
1357 2547 1485 2600 Vita
1506 2547 1764 2612 August,
1787 2561 1833 2600 c.
1862 2548 1956 2611 19;
1979 2547 2096 2601 Au-

391 2639 539 2702 gust.
579 2636 758 2704 Epist.
788 2635 875 2699 33,
907 2649 964 2687 n.
995 2633 1072 2703 5).
1109 2633 1248 2686 Huic
1271 2633 1536 2687 obeundo
1556 2632 1781 2686 muneri
1805 2632 2092 2686 interdum

391 2724 461 2779 ad
489 2739 668 2794 usque
689 2723 890 2776 horam
921 2721 1264 2788 refectionis,
1300 2721 1609 2792 aliquando
1639 2725 1830 2775 autem
1862 2725 1976 2776 tota
2003 2722 2094 2776 die

383 2813 653 2884 jejunans
696 2810 1286 2866 vacabat.Admodum
1341 2810 1624 2863 laboriosa
1667 2814 1807 2870 erat,
1869 2814 1923 2863 et
1981 2827 2092 2863 mo-

387 2901 530 2955 lesta
559 2899 681 2954 haec
709 2898 1004 2970 occupatio
1035 2898 1087 2952 ei
1133 2898 1276 2965 viro,
1325 2897 1423 2968 qui
1457 2898 1625 2952 unius
1663 2897 1917 2952 veritatis
1953 2914 2091 2952 con-

385 2988 729 3058 templandas
755 2987 941 3042 studio
971 2985 1328 3041 afficiebatur
1367 2989 1591 3056 (Enarr.
1630 2989 1689 3040 in
1724 2987 1866 3041 Psat.
1903 3003 2088 3054 cxvm,

388 3091 551 3131 serm.
582 3078 671 3143 24,
703 3092 759 3130 n.
795 3075 864 3142 3).
897 3075 1036 3129 Hinc
1065 3090 1130 3128 ea
1152 3075 1221 3129 de
1239 3091 1298 3128 re
1326 3074 1537 3144 passim
1555 3076 1942 3145 conqueritur,
1979 3092 2091 3130 ma-

386 3163 699 3233 luissetque
715 3167 894 3217 certas
907 3162 1144 3232 singulis
1155 3163 1352 3216 diebus
1375 3163 1540 3216 horas
1557 3162 1616 3215 in
1628 3179 1797 3232 opere
1814 3179 2088 3218 manuum

388 3267 744 3311 consumere,
780 3267 952 3322 quam
989 3253 1078 3305 his
1111 3251 1470 3320 negotiorum
1503 3252 1843 3306 anfractibus
1877 3257 1933 3305 et
1961 3269 2086 3305 mo-

398 3339 576 3394 lestiis
607 3339 887 3410 implicari
919 3342 1011 3408 (De
1049 3340 1218 3408 Opere
1252 3341 1521 3404 monach.,
1551 3355 1607 3393 η.
1642 3340 1768 3409 3‘7):
1805 3340 1902 3394 sed
1943 3341 2088 3393 hanc

405 3443 640 3500 operam
671 3426 939 3482 fratribus
959 3427 1426 3498 suis,pra’.sertim
1459 3427 1889 3493 infirmioribus,
1915 3429 2086 3483 dene-

390 3531 526 3588 gare
557 3532 676 3571 non
705 3520 946 3588 poterat.
977 3517 1336 3588 Quapropter
1363 3515 1420 3570 id
1452 3515 1663 3570 laboris
1687 3531 1796 3570 non
1823 3516 1942 3570 sine
1973 3518 2088 3571 ulla

388 3605 776 3660 consolatione
815 3605 1158 3676 perferebat,
1205 3619 1440 3676 sperans
1467 3621 1524 3657 se
1572 3621 1638 3658 ex
1675 3604 1954 3674 patientia
1985 3621 2086 3659 sua

383 3694 632 3749 fructum
658 3695 786 3748 vitae
808 3698 1034 3748 aeterna:
1067 3693 1373 3766 aliquando
1403 3697 1828 3763 percepturum.
1857 3697 2084 3751 Nostras

380 3785 669 3848 orationes,
707 3782 916 3852 inquit,
952 3797 1090 3851 saepe
1118 3783 1331 3836 sauciat
1359 3786 1410 3836 et
1433 3782 1683 3835 debilitat
1715 3784 1888 3850 caligo
1915 3788 1964 3838 et
1997 3789 2081 3836 tu-

378 3871 581 3924 multus
609 3871 951 3924 szcularium
979 3871 1282 3935 actionum;
1312 3883 1449 3938 quas
1477 3871 1580 3922 etsi
1604 3876 1818 3924 nostras
1847 3887 1959 3924 non
1989 3871 2084 3925 ha.-

381 3957 582 4022 bemus,
612 3971 794 4010 eorum
824 3960 1001 4010 tamen
1029 3958 1126 4025 qui
1152 3970 1248 4009 nos
1276 3957 1573 4023 angariant
1609 3958 1754 4011 mitte
1789 3972 2003 4026 passus,
2032 3963 2083 4013 et

371 4045 628 4115 jubemur
657 4045 738 4098 ire
775 4059 895 4098 cum
925 4045 1002 4097 eis
1046 4045 1160 4097 alia
1197 4044 1324 4109 duo,
1357 4049 1522 4098 tanta;
1548 4045 1699 4098 nobis
1733 4047 2077 4114 ingeruntur,

376 4138 439 4188 ut
461 4135 559 4188 via:
587 4134 858 4203 respirare
871 4134 1144 4202 possimus
1175 4149 1188 4186 :
1217 4131 1488 4186 credentes
1519 4138 1695 4186 tamen
1726 4133 1870 4201 quod
1893 4135 2000 4200 ille,
2025 4137 2081 4188 in

376 4221 531 4291 cujus
560 4224 844 4291 conspectu
881 4222 1054 4274 intrat
1106 4221 1340 4286 gemitus
1379 4219 1819 4288 compeditorum,
1851 4233 2080 4286 perseve

372 4313 556 4364 rantes
592 4324 688 4364 nos
719 4310 777 4363 in
805 4323 862 4364 eo
890 4309 1212 4371 ministerio,
1261 4309 1319 4360 in
1350 4322 1453 4376 quo
1495 4307 1754 4374 dignatus
1800 4313 1877 4361 est
1905 4309 2064 4361 collo-

373 4413 516 4464 care,
547 4413 668 4453 cum
707 4399 978 4467 promissa
1011 4395 1266 4461 mercede,
1299 4396 1694 4463 adjuvantibus
1733 4396 2072 4450 orationibus

367 4487 585 4554 uestris,
607 4487 676 4539 ab
697 4488 842 4540 omni
859 4488 1118 4554 angustia
1139 4485 1390 4538 liberabit
1406 4485 1608 4554 (Epist.
1635 4487 1721 4552 48,
1745 4500 1802 4538 η.
1836 4486 1902 4551 1).
1928 4486 2067 4540 Cum

370 4573 440 4628 ad
469 4573 748 4644 populum
778 4573 948 4628 verba
967 4573 1203 4640 faceret,
1227 4572 1562 4626 hortabatur
1592 4587 1708 4638 eos,
1737 4572 1947 4642 quibus
1985 4572 2074 4626 in-

362 4660 532 4731 justas
563 4661 687 4714 lites
715 4660 1085 4723 inferrentur,
1125 4665 1190 4715 ut
1233 4677 1291 4713 se
1322 4661 1563 4730 pecunia
1594 4659 1872 4714 redimere
1898 4666 1954 4714 et
1981 4676 2072 4714 ex-

376 4748 572 4819 pedire
599 4753 970 4816 conarentur;
1019 4749 1174 4819 quod
1204 4747 1325 4819 ipse
1359 4747 1418 4801 in
1447 4748 1630 4801 causis
1668 4748 1737 4802 ad
1764 4764 1820 4801 se
1851 4749 2070 4816 delatis,

367 4851 499 4891 cum
537 4839 747 4907 posset,
780 4835 1087 4890 factitabat.
1132 4838 1263 4893 Vult
1291 4837 1513 4905 aliquis,
1547 4835 1625 4890 ait
1670 4837 1918 4906 quodam
1949 4852 2071 4890 ser-

366 4940 558 4991 mone,
589 4939 815 4979 avocare
845 4929 894 4978 te
931 4925 1118 4978 litibus
1147 4941 1182 4978 a
1211 4928 1320 4980 Deo
1361 4929 1480 4978 tuo:
1529 4939 1636 4978 non
1666 4924 1888 4979 habebis
1917 4927 2070 4993 quie-

365 5019 480 5069 tum
508 5029 616 5082 cor,
648 5027 755 5067 non
784 5012 1002 5067 habebis
1023 5015 1380 5083 tranquillum
1409 5015 1682 5079 animum;
1702 5015 1956 5066 everteris
1986 5028 2070 5068 co-

361 5100 721 5171 gitationibus
757 5103 886 5167 tuis,
917 5102 1163 5155 irritaris
1192 5101 1451 5156 adversus
1483 5103 1666 5170 ipsum
1691 5101 2068 5155 adversarium

361 5196 532 5247 tuum.
560 5193 693 5246 Ecce
723 5193 930 5258 tempus
961 5189 1272 5259 perdidisti.
1303 5190 1513 5257 Quanto
1541 5205 1665 5260 ergo
1698 5192 1887 5244 melius
1907 5195 1986 5245 est
2006 5195 2068 5244 ut

357 5295 636 5335 nummum
665 5279 911 5346 amittas,
951 5281 1002 5330 et
1049 5281 1253 5347 tempus
1290 5279 1567 5335 redimas?
1595 5281 1814 5335 Fratres
1842 5281 1966 5344 mei,
2006 5281 2065 5332 in

359 5371 540 5424 causis
567 5369 760 5423 uestris
783 5371 834 5421 et
865 5368 924 5420 in
952 5368 1180 5432 negotiis
1209 5369 1422 5433 vestris,
1455 5367 1676 5451 quando
1695 5367 1770 5422 ad
1793 5383 1888 5421 nos
1910 5367 2063 5435 judi-

1660 299 1821 352 VI'I‘A
1859 300 1915 354 S.
1956 297 2330 354 AUGUSTINI
2375 296 2706 353 EPISCOPI.

3815 299 3916 351 236

2220 421 2419 492 ﬁducia
2444 420 2603 475 debeo
2645 421 2836 485 dicere,
2880 425 2942 475 ut
2969 420 3166 476 reddat
3211 422 3490 476 alienum?
3523 420 3720 476 Ambos
3767 424 3912 476 enim

2221 511 2544 564 christianos
2573 509 2758 564 audio.
2793 513 2915 564 Jam
2943 511 3035 564 ille
3073 512 3452 572 calumniosus,
3495 513 3593 579 qui
3616 511 3732 565 vult
3757 513 3920 565 alteri

2219 604 2399 667 facere
2439 615 2679 668 causam,
2726 605 2778 654 et
2818 602 2999 654 tollere
3040 600 3108 653 ab
3143 603 3235 654 illo
3266 602 3349 654 uel
3383 616 3484 670 pro
3525 603 3916 669 compositione.

2220 689 2420 757 gaudet
2437 689 2511 741 ad
2533 691 2641 742 ista
2662 690 2841 742 verba.
2869 690 3158 757 Apostolus
3175 689 3322 742 dixit
3343 705 3358 742 :
3387 710 3408 735 ι
3429 689 3764 744 Redimentes
3783 694 3918 744 tem-

2215 791 2341 846 pus,
2375 778 2628 845 quoniam
2663 777 2774 830 dies
2794 779 2928 830 mali
2950 783 3076 831 sunt
3102 796 3130 827 ιο
3161 777 3377 846 (Ephes.
3402 794 3453 844 v,
3489 779 3593 846 15).
3619 780 3776 832 Facio
3795 794 3919 846 ergo

2219 866 2545 918 calumniam
2561 865 2856 918 christiano
2877 867 2988 930 illi;
3012 867 3143 919 velit
3161 867 3314 932 nolit,
3335 866 3432 919 dat
3450 867 3588 919 mihi
3608 868 3842 938 aliquid,
3861 875 3917 920 ul

2220 959 2426 1023 tempus
2453 953 2706 1020 redimat,
2732 956 2863 1023 quia
2883 957 3188 1024 episcopum
3217 955 3448 1008 audivit.
3477 958 3570 1010 Dic
3589 957 3742 1018 mihi,
3761 959 3813 1011 si
3833 959 3916 1011 illi

2219 1043 2464 1096 dicturus
2491 1057 2627 1105 sum,
2652 1043 2819 1096 Perde
2843 1045 3057 1111 aliquid
3086 1049 3145 1096 ut
3172 1047 3247 1098 sis
3277 1046 3510 1112 otiosus;
3544 1045 3648 1098 tibi
3666 1060 3770 1098 non
3797 1059 3912 1097 sum

2218 1131 2483 1197 dicturus,
2511 1133 2865 1196 Calumniose,
2883 1132 3114 1200 perdite,
3140 1133 3223 1200 ﬁli
3249 1133 3474 1196 diaboli,
3494 1147 3664 1200 quare
3676 1147 3763 1186 res
3783 1135 3913 1186 alie-

2217 1234 2316 1272 nas
2336 1222 2554 1285 aufme
2568 1221 2778 1274 moliris
2795 1219 2822 1274 Ἰ)
2844 1221 3072 1274 Causam
3099 1235 3206 1274 non
3227 1221 3410 1288 habes,
3440 1226 3490 1274 et
3506 1222 3780 1274 calumnia
3803 1223 3914 1290 ple-

2215 1322 2316 1362 nus
2331 1322 2404 1361 es.
2423 1307 2595 1362 Addit
2610 1307 2813 1362 deinde
2840 1323 2853 1361 :
2878 1308 2986 1362 Sed
3011 1310 3105 1362 hoc
3123 1311 3265 1375 forte
3283 1309 3450 1372 rides,
3475 1311 3608 1378 quia
3623 1312 3910 1378 pecuniam

2214 1398 2367 1464 rapis
2411 1395 2564 1457 Ride,
2586 1395 2726 1461 ride,
2747 1400 2796 1449 et
2819 1400 3116 1450 contemne:
3142 1411 3236 1463 ego
3255 1412 3484 1464 erogem,
3501 1399 3672 1451 veniet
3686 1399 3785 1467 qui
3806 1401 3914 1452 emi-

2215 1490 2308 1549 gat
2333 1485 2517 1553 (Serm.
2556 1488 2731 1549 l67,c.
2751 1488 2803 1551 3,
2822 1501 2879 1538 η.
2901 1486 2975 1553 4).
3005 1485 3358 1554 Litigatores,
3381 1486 3530 1540 haud
3551 1486 3723 1540 dubie
3741 1487 3912 1540 vitan-

2214 1572 2299 1625 dze
2315 1571 2730 1642 provocationis
2747 1588 2910 1624 causa
2923 1612 2936 1635 ,
2952 1572 3028 1626 sic
3048 1573 3116 1626 ad
3135 1573 3314 1626 amice
3328 1574 3767 1643 transigendum
3780 1574 3908 1628 hor-

2213 1660 2460 1729 tabatur,
2476 1660 2647 1714 etiam
2670 1677 2799 1716 cum
2819 1662 2887 1715 de
2904 1662 3074 1715 unius
3095 1661 3301 1731 injusta
3315 1678 3504 1730 causa,
3527 1663 3663 1716 etde
3679 1663 3910 1717 alterius

2208 1749 2336 1818 jure
2367 1765 2480 1803 non
2506 1749 2840 1820 ambigeret.
2878 1751 2954 1803 De
2989 1749 3077 1804 his
3108 1751 3480 1821 probabiliter
3497 1751 3742 1821 negotiis
3763 1767 3798 1806 a
3819 1769 3909 1824 po-

2212 1836 2347 1904 pulo
2375 1851 2477 1888 suo
2509 1835 2738 1890 tandem
2781 1836 3049 1898 obtinuit,
3090 1841 3154 1890 ut
3184 1853 3284 1907 per
3319 1837 3574 1908 quinque
3606 1839 3909 1909 cujuslibet

2211 1923 2584 1977 hebdomadas
2608 1924 2728 1977 dies
2747 1939 2778 1978 a
2803 1925 3032 1978 nemine
3051 1924 3530 1996 interpellaretur.
3554 1927 3661 1980 Sed
3690 1928 3792 1981 hoc
3817 1929 3907 1981 ubi

2212 2012 2280 2065 ad
2309 2011 2476 2065 breve
2507 2015 2734 2082 tempus
2756 2018 3038 2066 servatum
3068 2019 3171 2072 est.
3212 2014 3495 2084 irruptum
3520 2019 3604 2069 est
3635 2016 3909 2070 violenter

2209 2097 2267 2152 in
2299 2115 2452 2161 eum.
2477 2104 2532 2153 et
2559 2105 2690 2154 ante
2722 2116 2784 2153 ac
2811 2105 2939 2170 post
2970 2102 3266 2156 meridiem
3304 2103 3778 2171 occupationibus
3811 2106 3906 2158 ho-

2211 2187 2434 2241 minum
2479 2189 2743 2258 occupari
2783 2193 3007 2242 coactus
3045 2189 3154 2242 fuit
3181 2191 3304 2258 (Ep.
3341 2194 3463 2256 213,
3511 2207 3574 2247 n.
3636 2193 3714 2260 5).
3762 2194 3906 2246 Tan-

2208 2275 2334 2330 dem
2367 2292 2520 2330 anno
2549 2277 3112 2347 quadringentesimo
3146 2277 3419 2348 vigesimo
3448 2284 3605 2333 sexto
3635 2279 3696 2333 in
3739 2282 3906 2334 Hera-

2206 2365 2379 2418 clium
2419 2367 2839 2436 presbyterum,
2877 2382 3052 2437 quem
3081 2366 3189 2420 sibi
3227 2382 3612 2422 successorem
3642 2368 3907 2440 designa-

2206 2453 2305 2518 vit,
2351 2453 2405 2508 id
2456 2454 2646 2508 oneris
2697 2455 2928 2508 refudit.
2991 2456 3199 2509 Harum
3245 2455 3686 2527 occupationum
3738 2459 3906 2513 mole-

2205 2544 2374 2597 stiam
2405 2544 2678 2613 singulari
2730 2543 3022 2614 patientia,
3075 2560 3190 2615 qua
3235 2545 3394 2599 illam
3443 2547 3750 2614 tolerabat,
3792 2563 3901 2601 non

2207 2633 2376 2686 modo
2422 2633 2490 2686 ad
2520 2648 2680 2686 suam
2729 2633 2926 2702 ipsius,
2975 2649 3172 2686 verum
3214 2634 3386 2688 etiam
3429 2635 3497 2688 ad
3541 2650 3768 2701 eorum,
3811 2638 3903 2707 qui

2203 2721 2355 2790 apud
2397 2720 2585 2790 ipsum
2625 2736 2852 2774 causam
2887 2721 3159 2784 dicerent,
3189 2723 3434 2776 salutem
3462 2729 3800 2777 convertere
3832 2725 3903 2777 ni-

2203 2809 2446 2863 tehalur.
2502 2810 2642 2864 Cum
2684 2809 2836 2862 enim
2871 2810 3159 2878 litigantes
3192 2811 3433 2874 audiret,
3476 2812 3646 2866 simul
3676 2813 3901 2866 interio-

2203 2913 2324 2950 rem
2365 2897 2689 2951 animarum
2722 2901 2935 2952 statum
2974 2903 3032 2952 et
3077 2899 3328 2953 diversos
3355 2900 3616 2955 cordium
3663 2901 3897 2955 affectus

2202 2986 2586 3056 expendebat;
2608 2991 2664 3040 et
2696 3002 2761 3040 ex
2783 2987 2953 3041 modo
2975 3003 3090 3058 quo
3121 3003 3224 3042 sua
3243 2989 3472 3059 negotia
3495 2995 3898 3058 procurarent,

2201 3091 2483 3146 suumque
2529 3075 2624 3144 jus
2673 3080 3181 3146 persequerentur,
3231 3077 3564 3132 observabat
3620 3085 3897 3150 quantum

2200 3163 2443 3234 quisque
2491 3165 2576 3216 vel
2612 3163 2672 3218 in
2705 3163 2816 3218 fide
2847 3164 3122 3235 bonisque
3152 3166 3419 3236 operibus
3449 3168 3783 3236 proficeret,
3821 3171 3898 3221 vel

2200 3252 2262 3306 at
2301 3252 2369 3305 iis
2407 3252 2690 3306 deficeret.
2726 3253 2790 3306 Et
2817 3252 2918 3306 ubi
2951 3268 3008 3306 se
3038 3255 3338 3308 commoda
3366 3255 3641 3310 offerebat
3665 3259 3898 3322 occasio,

2199 3340 2404 3393 divinae
2448 3341 2584 3408 legis
2628 3340 2924 3395 veritatem
2974 3346 3161 3412 partes
3201 3342 3458 3408 docebat,
3505 3359 3760 3416 eamque
3797 3347 3899 3400 illis

2198 3433 2320 3483 toto
2364 3428 2554 3482 animo
2591 3432 2643 3483 et
2674 3429 2834 3483 omni
2861 3430 3050 3484 studio
3079 3429 3386 3494 inculcans,
3421 3432 3491 3486 ad
3520 3432 3707 3488 vitam
3740 3441 3900 3489 teter-

2198 3533 2330 3570 nam
2360 3516 2782 3586 adipiscendam
2817 3519 2934 3572 suis
2974 3534 3069 3574 eos
3115 3519 3475 3575 sermonibus
3519 3521 3894 3578 hortabatur:

2197 3605 2253 3658 id
2285 3621 2463 3658 unum
2492 3605 2828 3660 videlicetin
2857 3609 3261 3662 controversiis
3289 3609 3531 3663 aliorum
3555 3611 3898 3668 dirimendis

2197 3695 2417 3748 lucrum
2466 3695 2777 3764 quaerebat,
2827 3700 3009 3762 utea,
3054 3713 3184 3768 qua:
3219 3699 3331 3752 Deo
3361 3703 3418 3752 et
3464 3699 3808 3756 hominibus
3837 3719 3896 3756 ex

2193 3782 2516 3836 christianae
2563 3782 2792 3852 pietatis
2838 3784 3171 3855 praescripto
3217 3785 3511 3853 debemus,
3559 3787 3892 3857 implerent.

2193 3869 2262 3921 Et
2285 3870 2522 3935 faciebat
2546 3871 2640 3924 hoc
2657 3875 2917 3941 tanquam
2945 3875 3248 3943 speculator
3267 3891 3301 3928 a
3324 3878 3544 3930 Domino
3572 3881 3895 3932 constitutus

2191 3956 2376 4010 domui
2393 3959 2584 4023 Israel,
2596 3959 2908 4028 pradicans
2924 3961 3141 4016 verbum
3157 3967 3322 4033 atque
3337 3965 3549 4018 instans
3569 3972 3892 4035 opportune,

2189 4047 2498 4114 importune
2523 4062 2778 4116 arguens,
2811 4051 3054 4116 hortans,
3078 4053 3384 4121 increpans,
3402 4054 3458 4105 in
3488 4056 3640 4106 omni
3657 4056 3896 4123 longani-

2187 4135 2376 4187 mitate
2403 4139 2454 4188 et
2477 4135 2758 4203 doctrina;
2790 4139 3166 4207 praecipueque
3193 4155 3414 4209 operam
3445 4139 3587 4196 dans
3625 4145 3895 4198 instruere

2187 4236 2293 4288 eos,
2325 4225 2422 4292 qui
2447 4228 2618 4278 essent
2654 4225 2835 4278 idonei
2863 4229 2913 4279 et
2943 4227 3080 4282 alios
3111 4227 3298 4282 docere
3343 4229 3604 4298 (Possid.,
3670 4234 3733 4286 in
3778 4235 3894 4288 Vita

2187 4311 2447 4378 August,
2505 4326 2552 4365 c.
2611 4313 2716 4381 l9).
2787 4313 2877 4368 Sic
2926 4330 3288 4387 quacumque
3345 4317 3533 4372 oblata
3595 4320 3893 4374 occasione

2186 4401 2369 4462 utens,
2397 4413 2693 4468 nunquam
2714 4416 2830 4454 non
2863 4417 3096 4473 operam
3128 4404 3300 4459 dabat
3323 4405 3449 4458 aliis
3474 4405 3590 4460 sive
3620 4408 3892 4477 privatim

2185 4483 2298 4538 sive
2319 4487 2507 4556 palam
2539 4487 2924 4544 instituendis.

2863 4581 3088 4634 CAPUT
3118 4582 3208 4636 Vl.

2189 4664 2206 4714 1
2244 4663 2303 4716 In
2323 4663 2500 4718 divini
2524 4664 2673 4719 verbi
2696 4666 3138 4734 praedicationem
3167 4670 3351 4724 sedulo
3376 4672 3643 4727 incumbit
3671 4680 3892 4730 sanctus

2250 4753 2567 4820 Episcopus.
2599 4757 2632 4806 2
2679 4754 2883 4809 Audito
2920 4771 2978 4809 eo
3023 4760 3388 4826 concionante,
3431 4762 3656 4816 Firmus
3703 4765 3891 4818 Mani-

2247 4840 2423 4892 chaeus
2453 4841 2526 4893 ad
2546 4842 2751 4897 Christi
2769 4843 2930 4911 ﬁdem
2945 4849 3297 4902 convertitur.
3330 4850 3361 4901 3
3385 4848 3650 4913 Quaedam
3681 4852 3743 4905 in
3773 4853 3892 4920 ejus

2249 4929 2594 4983 Sermonibus
2623 4931 2911 4985 observata
2936 4932 3126 5001 digna.
3167 4936 3202 4988 4
3239 4936 3433 4990 Latine
3459 4940 3892 4994 concionabatur

2248 5017 2400 5085 apud
2431 5019 2750 5087 Hipponem.
2783 5023 2814 5074 5
2857 5022 3190 5078 Consuetudo
3226 5024 3490 5078 audiendi
3524 5027 3756 5082 verbum
3800 5031 3894 5082 Dei

2243 5105 2492 5172 sedendo,
2526 5122 2690 5175 quam
2719 5123 2838 5177 qua
2896 5111 3292 5176 Africanarum
3321 5115 3693 5172 Ecclesiarum
3743 5124 3886 5182 erat,

2242 5193 2506 5248 audiendi
2531 5197 2736 5250 scilicet
2772 5199 2990 5261 stando,
3028 5203 3206 5268 magis
3235 5203 3323 5256 illi
3348 5204 3637 5272 probatur.

2247 5282 2294 5333 1.
2323 5281 2628 5337 Maximum
2666 5286 3126 5342 emolumentum
3167 5289 3448 5343 Africanis
3494 5292 3761 5347 Ecclesiis
3808 5298 3887 5347 at-

2168 5367 2301 5422 tulit
2334 5372 2641 5441 Augustini
2677 5374 3063 5446 episcopatus,
3093 5393 3160 5431 eo
3213 5379 3579 5448 potissimum
3613 5384 3875 5448 nomine,

357 5457 538 5510 cauda
565 5459 805 5524 veniunt,
830 5455 1109 5512 sihomini
1130 5455 1430 5542 christiano
1450 5455 1591 5521 dico,
1623 5461 1684 5510 ut
1704 5471 1808 5526 pro
1831 5461 2063 5526 tempore
2168 5454 2348 5527 ipsius
2385 5459 2609 5514 Paulini
2642 5461 2879 5534 judicio,
2921 5465 3074 5536 quod
3113 5467 3285 5522 verba
3322 5469 3571 5522 caelestia
3614 5471 3743 5542 ejus
3784 5488 3886 5527 ore

356 5542 690 5612 redimendo,
716 5545 916 5615 perdat
934 5541 1151 5612 aliquid
1175 5557 1358 5608 suum;
1390 5547 1592 5612 quanto
1618 5543 1824 5612 majore
1851 5558 1984 5598 cura
2003 5548 2057 5598 et
2165 5546 2460 5618 percipere
2491 5557 2840 5608 meruerunt.
2875 5554 3068 5624 (Epist.
3103 5559 3192 5624 32,
3218 5571 3273 5611 n.
3305 5558 3379 5627 2).
3410 5559 3479 5614 Ut
3506 5541 3665 5615 enim
3709 5562 3855 5616 Evan
