4008 6184
146 290 237 339 237

149 406 340 479 gelium
368 405 553 460 adhuc
581 406 877 478 presbyter
909 424 1009 478 pro
1031 407 1180 462 virili
1206 425 1309 462 sua
1336 413 1495 479 parte
1526 411 1827 464 annuntia-

144 502 239 560 ηις
265 498 477 562 factum
519 501 618 557 est.
654 501 717 549 ut
762 498 1037 566 episc0pus
1078 499 1245 551 multo
1274 501 1569 552 instantius
1597 515 1660 553 ac
1707 501 1829 565 fer-

147 586 346 645 ventius.
390 584 601 653 majore
651 589 990 646 auctoritate.
1030 602 1135 640 non
1176 587 1354 641 adhuc
1389 589 1449 640 in
1476 603 1588 641 una
1618 593 1829 642 tantum

147 675 350 740 regione,
392 673 491 726 sed
516 673 837 742 ubicumque
864 680 1087 741 rogatus
1109 677 1358 743 venisset,
1386 676 1606 730 verbum
1634 677 1829 730 salutis

143 767 325 816 sternar:
354 762 619 815 alacriter
655 778 720 815 ac
762 765 1011 829 gnaviter
1056 764 1357 832 pullulante
1380 769 1543 834 atque
1570 772 1831 820 crescente

142 852 334 906 Domini
362 851 607 905 Ecclesia
631 851 957 920 praedicaret
978 850 1296 921 (Possidius,
1331 854 1389 906 in
1420 853 1551 907 Vita
1568 854 1828 921 August,

140 944 173 991 t.
206 938 300 1004 19).
334 936 583 991 Possidii
631 937 802 991 verba
833 938 931 991 illa
960 943 1120 1004 sunt;
1172 938 1271 1009 qui
1317 955 1546 995 rursum
1572 941 1642 995 de
1674 942 1831 1010 ejus-

138 1027 248 1080 dem
294 1025 360 1080 in
412 1024 819 1096 prazdicatione
867 1026 1060 1081 labore
1090 1027 1318 1081 assiduo
1349 1028 1522 1083 tradit
1554 1044 1568 1083 :
1605 1030 1834 1085 Verbum

139 1118 218 1169 Dei
246 1130 425 1183 usque
453 1114 530 1168 ad
561 1116 739 1185 ipsam
773 1131 926 1169 suam
965 1119 1260 1170 extremam
1304 1117 1683 1184 wgritudinem
1729 1121 1834 1171 im-

136 1205 511 1273 prztermisse,
562 1204 820 1257 alacriter
856 1208 908 1258 et
930 1206 1169 1270 fortiter,
1217 1219 1355 1258 sana
1381 1211 1572 1271 mente,
1602 1221 1838 1274 sonoque

135 1292 339 1346 milia
377 1293 441 1345 in
483 1291 721 1346 Ecclesia
765 1292 1087 1361 pradicavit
1116 1292 1306 1361 (Ibid,
1348 1309 1392 1347 c.
1441 1293 1548 1361 31).
1591 1294 1831 1348 Tantum

140 1381 181 1434 ei
204 1382 285 1434 vel
328 1379 535 1450 juveni
583 1381 865 1435 tributum
913 1386 1020 1449 est,
1050 1386 1116 1435 ut
1139 1382 1489 1452 ubicumque
1518 1383 1755 1447 adesset,
1789 1382 1835 1437 si

138 1469 435 1523 dicendum
465 1474 589 1523 erat
616 1468 687 1523 ad
719 1470 1019 1540 populum,
1054 1470 1109 1523 id
1135 1470 1390 1524 muneris
1415 1470 1468 1524 ei
1492 1486 1719 1541 semper
1739 1471 1835 1525 de-

136 1560 394 1625 ferretur,
444 1563 503 1610 et
546 1557 668 1627 ipse
712 1574 839 1612 raro
880 1563 1065 1612 tacere
1094 1564 1264 1629 atque
1303 1558 1445 1613 alios
1486 1559 1683 1614 audire
1712 1575 1838 1629 per-

134 1647 453 1701 mitteretur
487 1648 746 1717 (Retract.
785 1649 1029 1718 prologo.
1071 1664 1126 1701 η.
1173 1649 1250 1717 2).
1302 1648 1364 1702 Et
1390 1664 1520 1701 vero
1564 1649 1687 1718 ipse
1713 1664 1836 1702 mo-

130 1734 279 1790 deste
327 1752 391 1789 se
423 1751 650 1806 gerens,
681 1752 747 1789 ac
777 1736 946 1789 unius
979 1736 1355 1807 Hipponensis
1404 1737 1660 1791 Ecclesiae
1701 1752 1839 1791 cura

132 1828 454 1892 contentus,
505 1824 565 1878 in
616 1823 744 1878 aliis
798 1823 1121 1878 civitatibus
1183 1824 1560 1879 ecclesiastica
1608 1824 1840 1894 negotia

134 1916 351 1967 tantum
381 1912 638 1972 curabat.
670 1918 946 1983 quantum
989 1913 1319 1967 earumdem
1369 1913 1661 1967 civitatum
1693 1929 1841 1984 prie-

128 2002 274 2056 sules
294 2001 350 2054 ei
381 2001 809 2071 permitterent,
825 2002 909 2054 Vel
931 2002 1122 2070 potius
1148 2001 1720 2071 imponerent(Epist.
1748 2003 1839 2070 34,

128 2104 177 2142 n.
206 2091 292 2154 5).
320 2089 452 2144 Jam
472 2088 717 2143 vidimus
742 2104 895 2153 eum,
925 2088 1205 2159 quidquid
1233 2091 1349 2144 fere
1379 2088 1543 2143 vacui
1573 2090 1842 2160 temporis

127 2175 390 2241 haberet,
421 2175 494 2230 iis
530 2191 662 2246 quae
692 2175 765 2229 ad
809 2178 1087 2245 populum
1116 2176 1370 2230 dicturus
1399 2181 1541 2241 erat,
1574 2176 1843 2247 parandis

130 2264 425 2319 insumere
475 2264 838 2318 consuevisse
883 2264 1078 2333 (Epist.
1125 2268 1212 2325 ‘73,
1255 2281 1310 2318 η.
1354 2266 1425 2329 5).
1476 2264 1677 2319 Sermo
1729 2269 1844 2319 tre-

129 2354 479 2408 eentesimus
527 2351 1043 2423 quinquagesimus
1085 2352 1306 2423 primus
1347 2352 1575 2406 videtur
1603 2353 1669 2407 ad
1711 2369 1845 2407 ver-

132 2442 268 2497 bum
298 2441 479 2496 fuisse
519 2439 906 2511 praescriptus,
948 2444 1005 2494 et
1034 2441 1334 2495 mandatus
1379 2441 1692 2495 memoriie.
1750 2442 1847 2495 Ex-

135 2531 523 2602 temporalem
568 2529 879 2599 aliquando
925 2530 1260 2583 concionem
1311 2529 1577 2585 habebat.
1625 2530 1729 2585 Ubi
1777 2532 1846 2584 de

134 2620 286 2674 illius
328 2618 395 2672 in
440 2618 722 2672 Joannem
762 2616 1112 2671 Tractatibus
1140 2633 1398 2688 agemus,
1429 2617 1749 2672 videbimus
1779 2618 1847 2671 il-

140 2707 256 2762 lum
278 2706 490 2761 diebus
507 2705 763 2777 quinque
788 2704 1075 2759 continuis
1101 2705 1273 2759 fuisse
1301 2704 1721 2759 concionatum.
1747 2706 1849 2760 Ge-

137 2797 323 2850 minos
352 2795 419 2849 in
450 2795 744 2848 Psalmum
788 2794 1205 2863 octogesimum
1250 2800 1512 2848 octavum
1556 2810 1848 2873 sermones

138 2889 333 2940 eodem
368 2883 465 2938 die
512 2882 748 2948 habuit;
786 2883 1030 2937 alterum
1062 2882 1357 2937 matutinis
1388 2883 1563 2948 horis,
1595 2882 1849 2952 pomeri-

135 2974 319 3029 dianis
376 2975 649 3027 alterum.
702 2972 813 3025 Nec
862 2988 896 3025 a
938 2970 1093 3025 verbi
1140 2971 1459 3025 ministerio
1506 2970 1846 3038 abstinebat,

138 3062 312 3115 etiam
336 3102 339 3109 .
360 3075 498 3114 cum
528 3060 776 3128 languor
802 3057 855 3112 ei
887 3058 1306 3128 propemodum
1338 3058 1508 3112 verba
1536 3057 1849 3128 praeclude-

141 3154 260 3205 ret:
285 3155 346 3203 et
374 3148 528 3202 vires
551 3147 838 3218 loquendo
861 3146 1233 3217 recuperabat
1258 3147 1454 3215 (Serm.
1486 3148 1574 3210 42,
1599 3162 1674 3201 cc.
1702 3149 1751 3213 l,
1776 3147 1847 3215 3).

140 3240 316 3294 Tanto
344 3236 629 3292 nimirum
660 3236 942 3306 profectus
968 3236 1170 3306 populi
1199 3234 1288 3290 sui
1332 3235 1522 3289 studio
1552 3235 1849 3306 flagrabat,

144 3334 205 3382 ut
233 3326 445 3383 laboris
470 3341 537 3379 ac
565 3324 779 3379 doloris
807 3339 973 3378 sensu
1004 3339 1196 3379 carere
1224 3323 1529 3378 videretur.

213 3423 264 3471 2.
318 3416 394 3470 Ex
437 3413 693 3469 fortuitis
740 3413 1047 3484 aliquando
1093 3412 1318 3467 casibus
1357 3412 1670 3484 judicabat,
1715 3413 1853 3484 quid

147 3507 252 3561 sibi
299 3506 454 3559 Deus
500 3502 574 3557 ad
620 3502 900 3573 populum
946 3501 1133 3556 dicere
1193 3501 1531 3573 praeciperet
1599 3501 1855 3572 Exempli

148 3612 337 3663 causa,
371 3593 421 3648 si
454 3593 657 3657 lector,
689 3591 790 3662 qui
820 3591 1030 3662 saepius
1059 3607 1205 3661 puer
1234 3594 1377 3660 erat,
1409 3591 1694 3661 psalmum
1734 3592 1854 3661 ipse

148 3684 470 3755 delegisset,
504 3686 603 3735 aut
642 3683 884 3734 errasset
914 3680 1100 3749 (Serm.
1146 3682 1270 3745 352,
1310 3696 1357 3737 c.
1393 3683 1443 3743 l,
1473 3695 1528 3733 n.
1557 3680 1634 3745 l);
1675 3679 1765 3733 vix
1794 3679 1856 3733 in

153 3773 406 3827 animum
449 3769 723 3824 inducere
765 3772 1011 3839 poterat,
1042 3773 1106 3821 ut
1133 3767 1301 3821 certis
1340 3767 1410 3822 de
1442 3767 1858 3838 quaestionibus

156 3862 221 3916 ad
260 3859 561 3931 populum
597 3857 770 3912 verba
813 3857 1051 3923 faceret;
1094 3855 1251 3927 quod
1296 3860 1492 3910 tamen
1537 3871 1708 3926 agere
1738 3871 1857 3910 non

158 3949 478 4014 omittebat,
501 3963 634 4001 cum
654 3962 718 4000 ex
739 3944 1002 4000 interiori
1028 3944 1212 3999 cordis
1240 3949 1394 3998 motu
1420 3945 1601 3999 Deum
1628 3943 1687 3999 id
1713 3945 1857 3999 velle

160 4039 389 4095 sentiret
410 4037 602 4101 (Serm.
626 4037 716 4099 52,
741 4049 783 4089 ο.
811 4036 865 4102 8,
887 4050 940 4088 n.
967 4033 1412 4103 '20).Aliquando
1438 4035 1586 4087 Deus
1608 4033 1758 4087 aliud
1783 4033 1853 4094 ei,

160 4142 323 4197 quam
366 4124 526 4197 quod
570 4123 757 4177 fuerat
791 4121 1243 4192 prmmeditatus,
1290 4121 1634 4192 suggerebat
1665 4123 1857 4186 (Serm.

158 4221 242 4282 7|,
273 4231 317 4271 ο.
347 4219 403 4282 5,
422 4230 488 4270 η.
522 4216 597 4280 8).
625 4212 799 4283 Cujus
818 4212 898 4267 rei
925 4210 1453 4280 Possidiusinsigne
1475 4212 1649 4265 refert
1667 4226 1859 4265 exem-

164 4306 313 4376 plum
342 4304 406 4358 iu
436 4302 561 4357 haec
605 4301 778 4355 verba
821 4315 836 4354 :
878 4302 997 4356 Scio
1024 4302 1152 4354 item
1186 4313 1293 4353 non
1321 4300 1464 4353 solus
1492 4302 1625 4367 ipse,
1675 4314 1861 4353 verum

161 4399 317 4449 etiam
357 4395 464 4449 alii
496 4396 700 4460 fratres
728 4394 779 4446 et
806 4391 1063 4457 conservi,
1115 4390 1212 4458 qui
1238 4388 1515 4442 nobiscum
1547 4391 1672 4442 tunc
1710 4390 1862 4442 intra

162 4486 555 4554 Hipponensem
578 4481 871 4535 Ecclesiam
888 4493 1007 4533 cum
1034 4478 1214 4532 eodem
1238 4481 1421 4531 sancto
1444 4478 1562 4529 viro
1588 4477 1859 4543 vivebant,

162 4576 308 4629 nobis
337 4575 555 4641 pariter
581 4570 656 4623 ad
683 4583 924 4624 mensam
961 4569 1268 4622 constitutis
1308 4580 1426 4620 eum
1455 4564 1664 4619 dixisse
1693 4581 1707 4619 :
1739 4567 1865 4619 Ad-

162 4664 396 4716 vertistis
442 4660 599 4715 hodie
639 4661 699 4712 in
725 4659 943 4713 ecclesia
983 4670 1159 4710 meum
1183 4669 1493 4719 sermonem,
1524 4657 1747 4723 ejusque
1776 4657 1863 4708 in-

163 4753 338 4815 itium,
379 4752 435 4803 et
462 4750 623 4817 ﬁnem
649 4751 837 4802 contra
859 4759 1033 4799 meam
1056 4743 1492 4798 consuetudinem
1518 4744 1863 4812 processisse,

165 4840 419 4907 quoniam
439 4850 674 4891 noneam
691 4850 805 4889 rem
824 4835 1169 4889 terminatam
1188 4832 1731 4901 emplicuerim,quam
1742 4846 1867 4900 pro-

163 4941 463 4995 posueram,
501 4924 597 4979 sed
620 4923 937 4993 pendentem
965 4918 1315 4989 reliquerim?
1340 4920 1440 4976 Cui
1467 4919 1863 4989 respondimus.

166 5017 245 5069 ita
269 5028 368 5069 nos
398 5016 461 5067 in
501 5017 736 5081 tempore
761 5013 985 5066 miratos
1009 5011 1183 5077 fuisse
1208 5009 1426 5075 scimus,
1457 5013 1508 5063 et
1530 5009 1870 5073 recognosci—

164 5115 300 5155 mus.
330 5101 410 5156 At
434 5101 530 5154 ille
557 5117 574 5154 :
602 5096 792 5159 Cfedo,
822 5100 923 5164 ait,
969 5096 1115 5167 quod
1157 5098 1301 5165 forte
1327 5097 1563 5165 aliquem
1598 5100 1871 5150 errantem

167 5190 223 5240 in
248 5189 449 5258 populo
489 5188 749 5242 Dominus
780 5201 883 5256 per
921 5189 1163 5241 nostram
1199 5185 1515 5240 oblivionem
1545 5189 1597 5239 et
1640 5199 1873 5239 errorem

170 5275 345 5331 ἀοι·αυί
386 5280 439 5331 et
471 5277 664 5330 curari
697 5275 954 5341 voluerit;
995 5276 1054 5328 in
1091 5274 1249 5344 cujus
1273 5288 1440 5327 manu
1468 5278 1594 5327 sunt
1622 5277 1673 5327 et
1699 5287 1795 5327 nos
1824 5275 1874 5326 et

173 5379 436 5421 mones
453 5367 653 5421 nostri.
685 5366 825 5421 Nam
847 5379 968 5419 cum
991 5366 1280 5433 propositae
1300 5363 1613 5431 quaestionis
1638 5362 1874 5416 latebras

170 5460 589 5524 perii-actorem,
634 5455 692 5508 in
720 5452 874 5508 aliud
901 5452 1159 5508 sermonis
1186 5464 1418 5506 excursu
1432 5449 1684 5522 perrexi;
1715 5454 1878 5520 atque

174 5543 249 5599 ita
277 5558 385 5600 non
412 5543 670 5601 conclusa
696 5542 783 5598 vel
810 5542 1089 5614 explicata
1113 5541 1426 5617 quaestione,
1454 5538 1875 5609 disputationem

1591 286 1805 342 LIBER
1844 286 2196 355 QUARTUS.

3466 367 3473 370 θ
3540 308 3642 361 238

1942 415 2251 480 terminari,
2278 417 2455 482 magis
2485 416 2773 474 adversum
2801 422 3220 480 Manichaeorum
3244 430 3641 495 errorem,unde

1940 501 2077 556 nihil
2106 502 2282 557 dicere
2310 503 2666 572 decreveram,
2694 506 3005 577 disputans,
3030 527 3194 580 quam
3228 512 3294 567 de
3321 516 3390 569 iis
3414 531 3533 584 quae
3561 532 3645 574 as-

1938 603 2110 644 serere
2146 606 2548 660 proposueram.
2600 597 2670 649 Et
2699 602 2821 665 post
2851 598 2978 665 hac,
3028 602 3134 653 nisi
3161 603 3350 671 fallor,
3381 618 3494 659 ecce
3530 606 3644 659 alia

1940 677 2047 741 die,
2079 679 2161 732 vel
2184 684 2307 748 post
2340 682 2586 750 biduum,
2616 687 2762 739 venit
2787 686 3008 752 quidam
3045 691 3252 745 Firmus
3288 694 3517 759 nomine,
3551 708 3645 748 ne-

1940 768 2196 834 gotiator,
2229 774 2279 823 et
2303 769 2454 823 intra
2491 775 2875 827 monasterium
2897 775 3109 831 sedente
3126 784 3310 833 sancto
3337 782 3646 849 Augustino

1938 857 2091 911 nobis
2119 868 2319 925 coram,
2347 859 2420 913 ad
2435 861 2597 929 pedes
2619 862 2736 928 ejus
2764 864 2987 931 genibus
3003 868 3317 935 provolutus
3345 884 3456 924 sese
3462 871 3646 938 jacta-

1940 946 2038 1005 vit,
2071 946 2339 1013 lacrymas
2365 948 2623 1014 fundens,
2656 955 2706 1002 et
2733 966 2931 1019 rogans
2958 957 3018 1006 ut
3047 969 3148 1023 pro
3176 957 3290 1010 suis
3321 957 3528 1012 delictis
3560 974 3646 1014 sa-

1943 1033 2126 1087 cerdos
2159 1050 2276 1088 cum
2304 1039 2506 1091 sanctis
2538 1040 2820 1094 Dominum
2859 1046 3193 1108 precaretur,
3225 1045 3474 1111 confitens
3502 1046 3648 1113 quod

1943 1122 2362 1178 Manichaeorum
2400 1130 2598 1180 sectam
2650 1133 2861 1182 secutus
2887 1130 3102 1195 fuisset.
3159 1135 3211 1185 et
3256 1133 3316 1186 in
3371 1148 3434 1186 ea
3480 1148 3644 1202 quam

1943 1209 2198 1278 plurimis
2225 1214 2383 1275 annis
2416 1216 2667 1283 nimisset,
2698 1220 2747 1268 et
2775 1223 3059 1285 propterea
3094 1222 3379 1287 pecuniam
3422 1223 3648 1276 multam
3732 1244 3739 1249 ·

1945 1299 2082 1365 ipsis
2126 1302 2437 1355 Manichaeis
2466 1303 2549 1356 vel
2586 1304 2662 1356 eis
2699 1318 2830 1371 quos
2874 1305 3063 1360 dicunt
3108 1307 3334 1369 Eiectos,
3376 1310 3649 1364 incassum

1945 1392 2240 1454 erogasset;
2266 1403 2328 1443 ac
2357 1404 2412 1442 se
2439 1392 2498 1443 in
2528 1392 2784 1456 Ecclesia,
2813 1394 2910 1445 Dei
2937 1395 3311 1448 misericordia
3339 1397 3512 1461 fuisse
3531 1398 3647 1467 ejus

1947 1477 2270 1531 tractatibus
2308 1493 2482 1548 nuper
2531 1490 2844 1540 correctum.
2879 1485 3042 1549 atque
3069 1483 3390 1537 catholicum
3415 1486 3648 1551 factum.

1949 1565 2100 1631 Quod
2116 1570 2167 1620 et
2196 1568 2311 1635 ipse
2330 1568 2652 1622 venerabilis
2677 1571 3036 1637 Augustinus,
3075 1576 3127 1624 et
3149 1585 3244 1625 nos
3265 1573 3362 1640 qui
3393 1577 3515 1626 tunc
3540 1573 3649 1626 ad-

1948 1669 2181 1715 eramus,
2211 1654 2279 1709 ab
2307 1656 2486 1710 eodem
2511 1656 2804 1723 diligenter
2841 1660 3196 1726 inquirentes,
3224 1675 3291 1715 ea:
3320 1676 3431 1730 qua
3459 1677 3518 1715 re
3542 1677 3648 1731 po—

1950 1744 2219 1797 tissimum
2247 1746 2308 1797 in
2332 1745 2423 1798 illo
2455 1749 2691 1800 tractatu
2711 1746 2819 1800 sibi
2846 1749 3018 1813 fuerit
3046 1750 3421 1816 satisfactum,
3450 1755 3501 1804 et
3518 1752 3655 1818 refe-

1949 1836 2096 1885 rente
2120 1846 2195 1897 eo,
2224 1831 2484 1901 nobisque
2512 1834 2756 1887 omnibus
2782 1837 3041 1888 sermonis
3065 1837 3255 1890 seriem
3283 1852 3654 1905 recognoscen-

1953 1919 2116 1985 tibus,
2160 1920 2494 1988 profundum
2523 1922 2807 1975 consilium
2852 1924 2947 1975 Dei
2984 1938 3085 1990 pro
3120 1925 3294 1977 salute
3341 1930 3652 1979 animarum

1952 2007 2284 2062 admirantes
2328 2012 2381 2062 et
2420 2013 2712 2078 stupentes,
2762 2009 3190 2082 gloriﬁcavimus
3239 2016 3485 2067 sanctum
3535 2012 3652 2082 ejus

1951 2111 2161 2163 nomen,
2189 2100 2239 2150 et
2291 2095 2688 2164 benediximus;
2740 2100 2837 2168 qui
2865 2114 2982 2153 cum
3011 2100 3261 2166 voluerit,
3293 2105 3344 2155 et
3370 2101 3512 2155 unde
3555 2116 3655 2156 vo-

1953 2184 2134 2250 luerit,
2152 2188 2202 2238 et
2227 2185 2486 2253 quomodo
2509 2187 2757 2253 voluerit,
2775 2190 2825 2241 et
2845 2202 2941 2256 per
2959 2189 3204 2256 scientes,
3233 2193 3283 2243 et
3303 2205 3402 2258 per
3426 2191 3656 2244 nescien-

1956 2278 2031 2326 tes
2077 2274 2305 2328 salutem
2357 2278 2612 2343 operatur
2668 2276 2996 2330 animarum.
3047 2277 3117 2331 Et
3166 2291 3234 2330 ea:
3278 2292 3336 2331 eo
3377 2278 3469 2331 ille
3507 2279 3657 2332 homo

1953 2364 2225 2431 proposito
2270 2377 2546 2416 servorum
2598 2365 2692 2416 Dei
2719 2362 3021 2429 adhaerens,
3065 2365 3416 2430 negotiatoris
3446 2364 3659 2420 dimisit

1955 2451 2237 2511 actionem,
2272 2455 2323 2504 et
2362 2452 2650 2520 proﬁciens
2676 2453 2735 2505 in
2762 2452 3011 2506 Ecclesiae
3037 2452 3310 2520 membris,
3344 2455 3402 2506 in
3432 2455 3546 2508 alia
3573 2469 3657 2508 re-

1956 2537 2113 2603 gione
2141 2536 2215 2590 ad
2233 2538 2560 2606 presbyterii
2589 2554 2815 2608 quoque.
2848 2541 2946 2594 Dei
2971 2542 3248 2595 voluntate
3271 2544 3473 2610 petitus
3498 2546 3549 2595 et
3578 2557 3660 2595 co-

1957 2629 2129 2691 actus,
2159 2628 2380 2679 accessit
2408 2626 2673 2696 officium,
2722 2632 2900 2682 tenens
2931 2633 3094 2697 atque
3134 2629 3437 2684 custodiens
3467 2645 3660 2700 propo-

1957 2715 2052 2766 siti
2076 2715 2421 2767 sanctitatem
2449 2732 2465 2767 :
2499 2718 2549 2769 et
2568 2718 2710 2781 forte
2736 2716 2915 2770 adhuc
2939 2731 3108 2786 usque
3137 2719 3193 2771 in
3219 2718 3378 2772 rebus
3408 2718 3662 2773 humanis

1956 2802 2094 2856 vivit
2114 2805 2268 2854 trans
2296 2816 2446 2856 mare
2470 2805 2790 2858 constitutus
2814 2804 3133 2875 (Possidius,
3164 2807 3223 2860 in
3257 2807 3381 2873 vita
3398 2807 3658 2875 August,

1959 2905 2004 2945 c.
2037 2891 2142 2959 15).

2035 2981 2088 3033 3.
2138 2980 2201 3032 In
2249 2982 2538 3034 senectute.
2586 2994 2716 3032 cum
2748 2980 3022 3050 gravitate
3052 2980 3278 3052 majori,
3309 2981 3408 3036 sed
3451 2980 3663 3036 minori

1958 3066 2282 3138 prolixitate
2313 3067 2759 3122 concionabatur
2780 3068 2970 3139 (Serm.
2995 3072 3119 3135 350,
3143 3086 3198 3125 η.
3235 3070 3308 3136 3).
3339 3069 3661 3142 Aliquando

1965 3172 2081 3228 pra:
2110 3156 2289 3210 nimia
2331 3156 2663 3226 fatigatione
2695 3156 2910 3211 viribus
2951 3157 3163 3227 fractis,
3209 3158 3520 3230 cogebatur
3545 3173 3662 3213 ser-

1964 3261 2190 3299 monem
2222 3245 2579 3317 abrumpere,
2631 3250 2692 3299 ut
2733 3246 2855 3316 ipsa
2900 3246 2991 3302 die
3041 3248 3271 3303 szchae
3315 3247 3534 3315 accidit,
3592 3249 3665 3304 ob

1966 3333 2239 3400 laborem,
2281 3349 2452 3406 quem
2483 3333 2539 3388 in
2572 3333 2870 3405 pervigilio
2900 3335 3028 3390 festi
3055 3336 3295 3407 jejunus
3331 3336 3671 3391 toleraverat

1963 3423 2159 3492 (Serm.
2197 3424 2344 3492 320).
2395 3423 2767 3478 Sermonibus
2820 3423 2995 3478 ﬁnem
3029 3425 3389 3496 frequentius
3416 3424 3672 3496 impono-

1964 3512 2079 3575 bat,
2116 3527 2185 3565 ne
2212 3511 2403 3565 nimiis
2432 3511 2719 3565 auditores
2750 3527 2880 3564 suos
2906 3512 3273 3566 documentis
3311 3516 3592 3567 oneraret.
3625 3515 3671 3567 Α

1964 3598 2369 3670 praedicatione
2396 3599 2684 3653 interdum
2717 3599 3059 3664 abstinebat,
3085 3604 3151 3653 ut
3180 3599 3427 3670 spatium
3453 3600 3670 3671 populo

1967 3688 2123 3741 daret
2157 3686 2226 3741 ad
2258 3703 2343 3751 ea,
2375 3702 2504 3758 qua:
2531 3691 2659 3740 ante
2690 3687 2941 3756 dixisset,
2964 3692 3184 3743 attenta
3213 3692 3406 3743 mente
3422 3689 3673 3743 recolen-

1968 3775 2039 3829 da
2069 3772 2260 3845 (Serm.
2295 3775 2418 3840 352,
2452 3788 2497 3828 c.
2529 3777 2579 3842 1,
2610 3789 2667 3828 η.
2702 3774 2774 3845 1).
2808 3775 3019 3829 Verum
3042 3790 3172 3829 cum
3192 3775 3442 3847 populus
3462 3792 3674 3831 sermo-

1969 3879 2070 3918 nes
2098 3863 2221 3933 ejus
2251 3862 2412 3916 avide
2452 3879 2518 3917 ac
2565 3861 2870 3917 salubriter
2913 3863 3218 3935 exciperet,
3250 3863 3321 3918 iis
3349 3864 3671 3936 proritaba-

1967 3956 2062 4006 tur
2089 3951 2243 4004 illius
2272 3951 2472 4019 fames,
2498 3950 2715 4006 nedum
2746 3950 3076 4005 satiabatur.
3111 3952 3307 4024 Itaque
3336 3952 3451 4024 piis
3471 3953 3595 4025 ejus
3615 3957 3674 4007 et

1968 4040 2207 4095 utilibus
2232 4039 2377 4094 votis
2407 4039 2606 4094 cedere
2639 4039 2972 4111 cogebatur.
3003 4040 3269 4096 Studium
3299 4057 3467 4096 suum
3486 4057 3675 4112 popu-

1971 4129 2060 4182 lus
2088 4132 2146 4182 et
2173 4128 2546 4183 attentionem
2589 4127 2764 4182 animi
2795 4128 2862 4183 ad
2903 4143 3035 4183 eum
3061 4129 3413 4184 audiendum
3454 4127 3674 4198 signiti-

1970 4208 2167 4282 cabat;
2220 4215 2475 4271 indicans
2503 4218 2675 4271 modo
2710 4216 3035 4288 intelligere
3073 4231 3132 4270 se
3162 4231 3255 4270 res
3285 4215 3671 4281 difficillimas,

1971 4320 2112 4375 quas
2138 4304 2446 4371 enodaret;
2486 4306 2654 4359 modo
2699 4321 2784 4370 ea,
2819 4321 2950 4376 qua:
2981 4304 3236 4359 dicturus
3266 4306 3406 4363 erat.
3455 4319 3675 4373 praeoc-

1971 4409 2210 4464 cupans,
2231 4398 2286 4448 et
2308 4393 2517 4463 srepius
2534 4409 2667 4449 eum
2688 4394 2940 4448 maximo
2964 4393 3239 4464 applausu
3260 4392 3632 4463 interpellans
3657 4408 3670 4446 :

1973 4481 2072 4553 qui
2099 4482 2484 4552 Augustinum
2513 4481 2747 4553 quidem
2778 4482 2989 4553 gaudio
3021 4479 3322 4547 afﬁciebat,
3355 4479 3509 4550 quod
3530 4480 3676 4534 illo-

1975 4586 2100 4625 rum
2132 4586 2268 4640 erga
2294 4570 2593 4625 veritatem
2625 4569 2876 4625 studium
2906 4573 2961 4623 et
2983 4583 3239 4622 amorem
3265 4583 3334 4622 ex
3364 4584 3431 4622 eo
3471 4582 3685 4639 cogno-

1974 4663 2187 4723 sceret;
2210 4658 2308 4711 sed
2341 4658 2441 4728 qui
2461 4658 2583 4728 ejus
2612 4656 2908 4712 modestiae
2939 4672 3002 4709 ac
3025 4655 3370 4710 demissione
3394 4660 3672 4710 terrorem
3744 4724 3747 4725 ν

1975 4746 2305 4801 incutiebat.
2348 4747 2407 4800 In
2441 4747 2613 4801 rebus
2638 4744 2912 4816 gravioris
2942 4744 3219 4798 momenti
3256 4742 3551 4814 plausibus
3581 4758 3680 4797 eo-

1974 4848 2104 4887 rum
2135 4848 2253 4886 non
2292 4836 2612 4901 contentus,
2644 4831 2918 4902 pergebat
2946 4830 3154 4892 dicere,
3185 4831 3363 4884 donec
3404 4831 3683 4901 lacrymas

1979 4937 2045 4974 ex
2075 4936 2275 4976 eorum
2296 4920 2473 4974 oculis
2491 4921 2732 4974 ﬂuentes
2751 4923 3010 4973 cerneret
3037 4918 3131 4989 (De
3151 4921 3330 4973 Doctr.
3355 4919 3684 4985 christiana,

1981 5010 2073 5064 lib.
2105 5011 2159 5074 4,
2189 5025 2246 5064 n.
2280 5008 2386 5076 53).
2412 5009 2551 5063 Mihi
2576 5022 2743 5076 prope
2775 5022 3003 5076 semper,
3033 5006 3134 5072 ait,
3175 5022 3345 5061 sermo
3388 5021 3534 5061 meus
3562 5004 3686 5059 dis-

1976 5099 2162 5167 plicet.
2192 5097 2431 5151 Melioris
2477 5098 2618 5150 enim
2663 5095 2859 5150 avidus
2888 5111 3025 5157 sum,
3054 5110 3160 5166 quo
3187 5110 3326 5165 saepe
3352 5097 3512 5163 fruor
3538 5096 3685 5147 inte-

1982 5186 2120 5250 rius,
2152 5188 2441 5251 antequam
2466 5197 2584 5236 eum
2608 5184 2887 5252 explicare
2903 5183 3087 5238 verbis
3107 5182 3423 5238 sonantibus
3442 5195 3641 5250 ccepero
3673 5193 3687 5233 :

1985 5272 2130 5343 quod
2151 5273 2247 5325 ubi
2274 5273 2472 5339 minus,
2505 5286 2667 5341 quam
2692 5272 2831 5327 mihi
2857 5276 3015 5326 notus
3052 5275 3151 5338 est,
3176 5271 3444 5337 evaluero,
3479 5269 3687 5322 contri-

1985 5366 2100 5417 stor
2118 5361 2361 5427 linguam
2388 5375 2561 5415 meam
2589 5360 2742 5415 cordi
2760 5376 2871 5416 meo
2898 5376 3004 5416 non
3020 5361 3262 5430 potuisse
3284 5359 3555 5427 sufﬁcere.
3582 5360 3681 5412 To-

1993 5454 2105 5505 tum
2132 5448 2272 5504 enim
2297 5447 2443 5517 quod
2460 5449 2725 5518 intelligo,
2746 5450 2863 5504 volo
2895 5453 2955 5504 ut
2975 5450 3072 5517 qui
3099 5462 3182 5501 me
3207 5445 3366 5500 audit
3388 5445 3686 5512 intelligat,

1989 5541 2040 5596 et
2069 5538 2241 5594 sentio
2268 5551 2351 5593 me
2376 5551 2484 5593 non
2534 5539 2617 5593 ita
2665 5538 2837 5606 loqui,
2888 5539 2949 5589 ut
2993 5537 3088 5590 hoc
3114 5535 3355 5603 efﬁciam
3411 5549 3426 5589 :
3458 5535 3696 5591 mawime
