4008 6184
387 344 490 396 239

391 466 524 534 quia
550 463 641 518 ille
667 461 964 516 intellectus
994 462 1155 529 quasi
1178 459 1381 530 rapida
1411 461 1773 514 coruscatione
1793 455 2080 528 perfundit

388 555 654 619 animum;
691 552 789 606 illa
818 557 994 605 autem
1024 551 1214 606 locutio
1244 549 1406 604 tarda
1435 554 1483 603 et
1512 550 1671 615 longa
1699 551 1795 614 est,
1829 547 2082 614 longeque

384 643 700 706 dissimilis;
745 646 795 696 et
823 641 951 695 dum
978 642 1086 694 ista
1129 641 1383 705 volvitur,
1408 639 1528 707 jam
1557 653 1609 691 se
1655 637 1747 690 ille
1786 638 1858 689 in.
1881 646 2083 689 secreta

386 748 488 788 sua
529 731 772 787 condidit
805 746 818 784 :
852 735 1027 784 tamen
1059 731 1190 798 quia
1228 729 1458 795 vestigia
1489 726 1734 795 quaedam
1763 727 1898 779 miro
1928 723 2082 777 modo

385 822 657 891 impressit
685 820 968 882 memorias,
997 817 1300 886 perdurant
1325 817 1421 869 illa
1459 831 1578 868 cum
1606 814 1942 882 syllabarum
1969 827 2080 866 mo-

383 909 554 974 rulis;
588 912 752 976 atque
779 922 846 960 ea:
894 904 1090 958 eisdem
1118 905 1361 970 vestigiis
1390 903 1642 956 sonantia
1671 902 1828 966 signa
1854 901 2081 968 peragi-

381 1011 519 1053 mus.
551 999 661 1053 Nos
691 999 867 1050 autem
895 995 1204 1063 plerumque
1236 993 1293 1045 in
1344 990 1617 1046 auditoris
1647 991 1938 1043 utilitatem
1985 1003 2081 1042 ve-

381 1087 650 1140 hementer
690 1084 958 1149 ardentes,
1001 1084 1080 1135 ita
1122 1082 1270 1149 loqui
1310 1081 1575 1148 volumus,
1635 1077 2081 1147 quemadmodum

381 1178 506 1228 tunc
535 1172 911 1238 intelligimus,
945 1185 1064 1223 cum
1091 1184 1187 1238 per
1218 1170 1392 1238 ipsam
1427 1168 1774 1222 intentionem
1802 1166 1950 1234 loqui
1975 1180 2081 1218 non

377 1277 682 1333 possumus.
717 1263 786 1316 Et
822 1261 953 1328 quia
982 1273 1089 1311 non
1127 1257 1380 1324 succedit,
1413 1257 1665 1323 angimur
1693 1259 1743 1308 et
1770 1255 1914 1308 velut
1955 1255 2083 1320 fru-

375 1358 492 1406 stra
542 1365 760 1420 operam
807 1350 1162 1412 insumamus,
1197 1345 1354 1399 taedio
1385 1345 1794 1410 marcescimus;
1825 1347 1986 1412 atque
2013 1359 2080 1396 ea:

375 1443 495 1509 ipso
525 1439 682 1494 taedio
713 1436 1026 1504 languidior
1051 1438 1112 1504 ﬁt
1142 1434 1282 1488 idem
1319 1449 1488 1489 sermo
1541 1437 1591 1487 et
1632 1432 1881 1499 hebetior,
1915 1446 2078 1501 quam

377 1532 493 1582 erat
531 1527 673 1582 unde
697 1526 962 1596 perduxit
988 1523 1061 1578 ad
1093 1523 1327 1578 twdium.
1360 1522 1470 1576 Sed
1514 1522 1651 1575 mihi
1693 1536 1830 1590 saepe
1871 1520 2078 1575 indicat

375 1633 557 1672 eorum
607 1616 870 1683 studium,
916 1615 1013 1684 qui
1065 1629 1146 1666 me
1185 1613 1377 1666 audire
1407 1612 1652 1680 cupiunt,
1692 1625 1798 1664 non
1839 1611 1920 1664 ita
1969 1625 2078 1664 esse

374 1706 649 1774 frigidum
689 1705 959 1773 eloquium
987 1717 1179 1769 meum,
1220 1705 1279 1756 ut
1307 1701 1522 1755 videtur
1549 1701 1718 1761 mihi;
1750 1702 1801 1754 et
1837 1714 1919 1754 eos
1953 1699 2078 1753 inde

377 1795 594 1864 aliquid
643 1795 773 1848 utile
827 1807 1037 1861 capere,
1083 1807 1150 1844 ea:
1197 1806 1377 1844 eorum
1406 1790 1750 1843 delectatione
1777 1803 2070 1856 cognosco;

376 1898 686 1953 mecumque
713 1897 814 1948 ago
843 1880 1046 1946 sedulo,
1074 1884 1134 1932 ut
1164 1879 1287 1933 huic
1317 1877 1616 1932 emhibendo
1647 1876 1945 1932 ministerio
1969 1893 2075 1931 non

376 1974 566 2039 desim,
606 1974 666 2025 in
711 1985 815 2040 quo
844 1971 966 2025 illos
997 1969 1148 2024 video
1180 1969 1305 2022 bene
1345 1969 1586 2036 accipere
1616 1966 1760 2036 quod
1791 1967 2076 2020 exhibetur

377 2062 472 2133 (De
501 2058 912 2116 Catechizandis
957 2057 1204 2123 rudibus,
1252 2073 1344 2110 nn.
1381 2059 1433 2120 3,
1485 2057 1560 2126 4).
1604 2057 1668 2110 In
1697 2054 1820 2125 ejus
1872 2054 1940 2108 ad
1971 2070 2074 2125 po-

372 2150 576 2222 pulum
605 2147 962 2202 sermonibus
991 2146 1314 2216 complures
1348 2145 1501 2199 haud
1528 2143 1697 2198 dubie
1727 2146 1862 2196 sunt
1889 2143 1950 2196 in
1980 2159 2076 2197 eo-

374 2255 504 2293 rum
545 2237 788 2309 gratiam
831 2234 1149 2305 compositi,
1181 2234 1301 2305 qui,
1348 2250 1477 2288 cum
1507 2233 1762 2288 muneris
1791 2232 2074 2303 ofﬁciique

375 2327 464 2381 sui
494 2326 638 2380 ratio
678 2325 746 2380 ab
793 2324 864 2378 iis
913 2324 1162 2395 postulet
1191 2327 1255 2376 ut
1294 2322 1354 2376 in
1385 2321 1618 2376 ecclesia
1647 2320 2070 2388 concionentur,

375 2430 743 2486 nequaquam
759 2413 972 2467 habent
993 2411 1316 2466 facultatem
1333 2410 1688 2481 excogitandi
1709 2426 1838 2482 quas
1860 2410 2069 2465 dicant.

372 2503 553 2574 Hujus
584 2502 810 2574 generis
840 2504 974 2556 sunt
999 2501 1110 2554 duo
1141 2499 1210 2554 ad
1234 2499 1739 2570 Carthaginensem
1771 2497 2073 2552 diaconum

373 2592 533 2647 missi
562 2592 624 2646 in
670 2591 816 2646 libro
845 2591 913 2645 de
942 2588 1368 2646 Catechizandis
1427 2588 1684 2654 rudibus,
1719 2604 1942 2642 necnon
1978 2587 2073 2641 ille

373 2681 518 2736 forte
566 2679 666 2752 qui
694 2681 755 2735 in
792 2679 972 2751 ipsius
1010 2679 1351 2734 Sermonum
1384 2677 1718 2732 collectione
1749 2681 1834 2732 est
1864 2677 2072 2731 ducen-

369 2770 609 2825 tesimus
638 2770 892 2825 decimus
923 2773 1178 2840 quartus.
1222 2769 1363 2823 Nam
1405 2767 1542 2822 utile
1581 2783 1700 2821 esse
1733 2765 2071 2833 afﬁrmabat,

369 2864 434 2914 ut
453 2860 539 2914 vel
569 2859 647 2913 sic
676 2858 846 2912 multi
873 2857 1273 2929 praedicatores
1310 2856 1565 2911 veritatis
1604 2857 1806 2910 ﬁerent
1847 2858 1938 2926 (De
1966 2857 2071 2909 Do-

368 2958 546 3012 ctrina
571 2957 894 3022 christiana,
927 2955 1022 3010 lib.
1051 2955 1105 3020 4,
1137 2970 1181 3008 c.
1205 2956 1295 3020 29,
1317 2969 1373 3008 η.
1405 2955 1516 3021 62).
1545 2953 1612 3007 In
1631 2952 1952 3007 elocutione
1972 2968 2074 3005 sua

370 3044 758 3117 grammatica:
789 3045 942 3114 leges
974 3042 1187 3096 violare
1218 3057 1336 3095 non
1376 3040 1687 3109 dubitabat,
1719 3056 1831 3111 quo
1873 3039 1943 3095 ab
1969 3039 2073 3094 im-

366 3133 570 3204 peritis
609 3136 665 3186 et
696 3131 933 3186 rudibus
961 3130 1182 3185 facilius
1211 3129 1644 3201 intelligeretur.
1679 3129 1946 3192 Quamvis
1977 3145 2070 3184 au-

367 3226 486 3275 tem
517 3221 576 3274 in
605 3220 722 3274 suis
751 3220 821 3273 ad
845 3219 1072 3289 plebem
1099 3218 1433 3272 tractatibus
1462 3218 1593 3272 stilo
1616 3219 1787 3289 paulo
1819 3217 2069 3272 submis-

369 3309 516 3363 siore
559 3309 644 3362 uti
686 3307 1063 3374 consueverit,
1131 3305 1409 3360 sermonis
1456 3311 1651 3360 tamen
1702 3321 1900 3360 curam
1951 3323 2066 3360 non

368 3413 548 3468 usque
577 3397 718 3452 adeo
747 3396 972 3468 abjecit,
1005 3399 1068 3449 ut
1114 3394 1343 3449 sordida
1373 3393 1444 3448 sit
1471 3395 1593 3465 ejus
1624 3394 1825 3450 oratio.
1858 3395 2068 3449 Verum

366 3485 514 3542 hanc
535 3502 653 3541 non
681 3485 981 3540 minimam
1010 3482 1273 3539 oratoria:
1301 3483 1435 3537 artis
1458 3488 1683 3554 partem
1711 3482 2066 3553 putabat,ac-

366 3575 734 3632 commodare
754 3592 875 3629 sese
906 3574 975 3628 ad
1007 3577 1236 3644 captum
1275 3571 1551 3628 auditoris
1585 3589 1597 3628 :
1631 3577 1686 3626 et
1706 3573 1953 3627 malebat
1978 3589 2066 3626 re-

364 3666 568 3737 dargui
597 3682 654 3720 se
681 3681 714 3719 a
743 3662 1151 3735 grammaticis,
1177 3678 1351 3734 quam
1373 3678 1404 3716 a
1434 3661 1664 3732 populis
1685 3677 1800 3715 non
1824 3660 2069 3732 intelligi

364 3755 556 3827 (Enar.
609 3756 665 3808 in
713 3754 860 3808 Psal.
910 3769 1135 3818 xxxvni,
1188 3767 1244 3806 n.
1294 3751 1405 3820 20).
1450 3749 1731 3805 Probabat
1768 3749 1827 3804 in
1864 3749 2067 3820 primis

365 3844 583 3898 dictum
605 3840 1183 3912 oratoris,quamdam
1205 3839 1266 3894 in
1286 3838 1573 3910 loquendo
1595 3838 1928 3908 diligentem
1948 3854 2066 3892 esse

371 3930 784 4003 negligentiam
806 3928 1088 3996 docentis;
1122 3928 1221 3982 ubi
1247 3933 1437 3980 tamen
1471 3927 1567 3980 illa
1593 3926 1672 3980 sic
1701 3927 1960 3981 detrahat
1981 3944 2068 3982 or-
2127 3993 2144 4003 κ

363 4025 567 4076 natum
600 4023 664 4074 ut
695 4018 886 4073 sordes
926 4033 1045 4072 non
1073 4015 1661 4071 contrahat.Bonorum
1701 4018 2059 4084 ingeniorum,

365 4109 462 4176 ait,
516 4111 748 4176 insignis
793 4112 871 4162 est
898 4106 1124 4173 indoles,
1166 4109 1225 4160 in
1266 4104 1442 4159 verbis
1483 4121 1663 4159 verum
1711 4120 1914 4172 amare,
1962 4121 2067 4159 non

360 4197 543 4253 verba.
578 4197 720 4264 Quid
761 4198 902 4251 enim
946 4195 1166 4264 prodest
1193 4195 1363 4248 clavis
1393 4208 1580 4261 aurea,
1609 4195 1660 4246 si
1685 4194 1898 4262 aperi-re
1925 4194 2068 4262 quod

359 4286 605 4341 volumus
633 4301 740 4340 non
773 4283 990 4354 potest?
1039 4286 1135 4338 aut
1165 4282 1300 4351 quid
1329 4281 1474 4336 obest
1511 4282 1708 4350 lignea,
1757 4283 1808 4336 si
1847 4282 1942 4336 hoc
1965 4297 2064 4351 po-

361 4375 502 4432 test?
545 4375 763 4446 quando
791 4375 934 4429 nihil
963 4374 1274 4442 quwrimus,
1304 4373 1415 4425 nisi
1437 4375 1625 4440 patere
1651 4370 1796 4440 quod
1824 4372 2066 4425 clausum

359 4468 439 4519 est
466 4463 560 4534 (De
587 4466 843 4518 Doctrina
864 4463 1184 4529 christiana,
1211 4462 1302 4516 lib.
1327 4461 1431 4522 lac.
1462 4461 1545 4526 l0,
1578 4475 1634 4514 n.
1662 4459 1786 4523 26)?
1814 4459 2063 4514 Tandem

358 4553 722 4624 plerumque,
754 4555 814 4605 ut
841 4551 961 4622 ipse
987 4551 1267 4616 observat,
1291 4549 1459 4604 dictio
1477 4548 1599 4620 ipsa
1625 4549 1902 4604 submissa
1925 4552 2064 4605 dum

362 4641 526 4696 solvit
555 4640 918 4696 difﬁcillimas
965 4639 1332 4712 quaestiones,
1366 4638 1611 4693 maxime
1651 4639 1879 4709 quando
1905 4639 2064 4694 adest

361 4730 412 4786 ei
439 4729 727 4802 quoddam
753 4729 922 4784 decus
962 4745 1080 4784 non
1109 4727 1454 4799 appetitum.
1487 4727 1583 4780 sed
1612 4727 1860 4798 quodam
1891 4729 2061 4782 modo

359 4818 641 4884 naturale,
675 4822 860 4872 tantas
900 4817 1336 4872 acclamationes
1379 4815 1604 4883 excitat,
1636 4820 1701 4870 ut
1725 4815 1816 4869 vix
1848 4816 2061 4871 intelli-

357 4912 529 4980 gatur
556 4923 676 4962 esse
705 4906 987 4960 submissa
1017 4906 1200 4975 (Ibid.,
1232 4923 1286 4960 n.
1313 4904 1428 4977 56).
1465 4905 1580 4959 Hoc
1608 4920 1780 4976 porro
1805 4922 2060 4978 persaepe

355 4999 453 5054 illo
473 4998 543 5053 ad
562 4995 839 5069 populum
860 4995 1080 5050 dicente
1109 4995 1490 5066 contingebat.

426 5093 480 5143 4.
540 5085 790 5141 Dubium
821 5100 938 5138 non
979 5086 1082 5153 est,
1135 5083 1274 5155 quin
1313 5082 1489 5138 latine
1518 5098 1650 5137 suos
1701 5082 1770 5137 ad
1810 5083 2056 5153 plebem,

356 5177 556 5252 quales
597 5177 836 5236 exstant,
870 5187 1162 5226 sermones
1189 5171 1448 5228 haberet.
1482 5173 1560 5227 Ac
1593 5188 1652 5226 re
1675 5172 1907 5242 quidem
1937 5173 2061 5244 ipsa

355 5283 488 5322 cum
518 5261 940 5336 Hippo-Regius
969 5265 1113 5316 esset
1142 5261 1277 5315 urbs
1322 5260 1578 5328 celebris,
1614 5261 1871 5315 Romana
1923 5259 2059 5314 civi-

354 5361 461 5424 tas,
493 5371 596 5411 seu
641 5351 878 5408 coloniae
921 5351 1051 5421 jure
1103 5349 1377 5421 gaudens,
1409 5366 1474 5404 ac
1511 5349 1833 5404 maritimus
1863 5353 2060 5419 portus

357 5444 430 5500 ad
450 5460 623 5515 quem
643 5437 1092 5514 frequentissimi
1112 5439 1346 5493 advenae
1367 5439 1723 5510 appellerent
1747 5438 1943 5508 (Epist.
1968 5441 2056 5506 35,

354 5545 413 5585 n.
445 5532 507 5596 3;
531 5533 603 5585 De
631 5531 796 5588 Civil.
829 5531 948 5600 Dei,
962 5527 1058 5584 lib.
1080 5530 1169 5595 2'2,
1193 5543 1315 5598 cap.
1343 5529 1404 5594 8;
1428 5529 1578 5584 Cont.
1610 5529 1744 5584 Litt.
1777 5528 2055 5595 Petiliani,

357 5617 453 5675 lib.
480 5619 534 5686 2,
562 5633 608 5673 c.
643 5621 732 5686 83,
754 5635 810 5676 n.
839 5620 979 5691 184),
998 5615 1314 5690 generatim
1334 5615 1613 5689 populum
1636 5615 1810 5672 latine
1829 5614 2058 5672 scivisse

1629 335 1784 388 VlTA
1822 333 1878 388 S.
1918 332 2294 388 AUGUSTINI
2338 331 2666 386 EPISCOPI.
3786 333 3897 386 240

2193 455 2459 511 credibile
2480 459 2589 510 est.
2635 455 2700 509 In
2744 453 2990 526 quodam
3040 469 3298 508 sermone
3327 453 3691 526 proverbium
3719 453 3899 524 puni-

2193 562 2323 600 cum
2353 545 2526 599 latine
2575 543 2760 599 reddit
2794 560 2806 598 :
2842 544 3052 609 Latine,
3100 543 3306 614 inquit,
3337 543 3488 599 vobis
3519 543 3729 610 dicam;
3760 545 3898 613 quia

2189 637 2382 705 punice
2404 651 2507 689 non
2533 649 2710 690 omnes
2738 635 2904 688 nostis
2929 634 3114 703 (Serm.
3149 637 3267 700 l67,
3300 649 3346 687 c.
3379 637 3432 702 3,
3462 650 3517 687 n.
3551 635 3629 704 4).
3654 633 3901 688 Clericos

2193 724 2584 794 conquirebat,
2627 722 2724 794 qui
2750 722 2982 777 latinam
3021 723 3277 793 linguam
3307 724 3578 776 callerent
3610 737 3625 775 :
3655 726 3710 776 et
3738 722 3898 794 quod

2192 812 2406 867 mirum
2435 812 2613 867 videri
2647 811 2840 884 possit,
2874 811 2942 866 iis
2973 828 3031 866 se
3065 811 3400 866 destitutum
3441 828 3581 877 esse,
3637 815 3692 865 et
3731 811 3805 865 ob
3840 812 3900 866 id

2193 903 2532 973 evangelicae
2571 901 2992 972 prazdicationis
3039 917 3402 972 progressum
3456 900 3727 955 retardari
3754 917 3902 954 con-

2193 991 2471 1062 queritur.
2504 992 2579 1046 Ea
2607 991 2676 1045 de
2707 1007 2874 1044 causa
2898 991 3175 1044 Lucillum
3202 989 3528 1056 diaconum,
3554 1007 3724 1062 quem
3753 991 3900 1046 edu-

2192 1096 2343 1153 casse
2373 1080 2618 1146 videtur,
2653 1097 2683 1134 a
2713 1097 2772 1134 se
2797 1080 3082 1134 dimittere
3111 1079 3315 1134 noluit.
3352 1080 3600 1133 Lucillus
3629 1080 3731 1134 iste
3761 1096 3897 1151 ger-

2194 1186 2395 1224 manus
2424 1174 2544 1224 erat
2585 1169 2804 1233 Novati,
2859 1169 3158 1236 Sitifensis,
3217 1174 3282 1223 ut
3329 1169 3552 1223 videtur
3609 1169 3893 1242 episcopi,

2192 1258 2291 1330 qui
2322 1274 2453 1312 eum
2486 1257 2555 1312 ab
2593 1256 2912 1329 Augustino
2949 1258 3198 1329 repetiit,
3233 1261 3294 1312 ut
3323 1257 3549 1312 dimcesi
3569 1275 3686 1312 suae
3715 1258 3897 1329 prod-

2191 1349 2354 1400 esset.
2388 1345 2495 1400 Sed
2535 1363 2665 1400 cum
2696 1345 2974 1401 Sitifensis
3023 1345 3266 1401 Ecclesia
3303 1346 3600 1413 ministris,
3658 1347 3762 1418 qui
3820 1348 3898 1401 la-

2189 1434 2307 1489 tine
2349 1435 2575 1502 scirent,
2616 1435 2853 1490 minimc
2883 1435 3187 1507 indigeret,
3225 1437 3506 1490 Novatum
3532 1435 3752 1507 rogavit
3784 1440 3895 1491 Au-

2188 1523 2470 1594 gustinus,
2513 1528 2576 1578 ut
2608 1524 2866 1578 Ecclesia:
2917 1541 3033 1579 suae
3083 1525 3512 1579 necessitatibus
3557 1525 3892 1596 consulens,

2189 1612 2298 1666 sibi
2329 1613 2604 1667 Lucillum
2635 1613 2968 1668 concederet
3009 1630 3126 1668 non
3156 1615 3306 1668 ultra
3344 1614 3740 1685 repetendum.
3775 1617 3893 1669 An-

2189 1703 2316 1757 nuit
2346 1703 2591 1756 Novatus
2619 1703 2790 1757 modo
2822 1702 2992 1773 longe
3033 1702 3388 1772 suavissimo,
3427 1719 3740 1774 agnoscens
3770 1704 3895 1776 qui-

2189 1791 2320 1846 dem
2355 1792 2562 1846 durum
2593 1808 2732 1858 esse,
2767 1807 3106 1862 germanum
3146 1808 3418 1862 germano
3439 1793 3758 1862 denegare;
3787 1810 3889 1848 suo

2187 1895 2246 1934 se
2277 1879 2501 1934 effectui
2531 1879 2650 1935 vim
2679 1881 2986 1934 maximam
3018 1880 3258 1948 inferre;
3292 1885 3354 1935 ut
3384 1887 3576 1935 tamen
3607 1881 3664 1936 id
3695 1898 3890 1936 conce-

2188 1969 2368 2032 deret,
2395 1986 2453 2023 se
2484 1973 2540 2024 et
2564 1969 2741 2041 ipsius
2786 1970 3122 2042 episcopalis
3153 1970 3324 2024 ofﬁcii
3365 1987 3500 2025 cura
3528 1976 3586 2025 et
3629 1971 3889 2026 ﬁdelium

2187 2059 2366 2112 salute
2412 2058 2634 2114 adduci.
2684 2059 2918 2114 Videtur
2947 2060 3216 2130 Novatus,
3265 2061 3435 2114 simul
3475 2077 3538 2115 ac
3581 2061 3892 2132 episcopus

2185 2152 2405 2202 creatus
2473 2152 2575 2215 est,
2657 2148 2890 2202 fratrem
2947 2165 3114 2203 suum
3186 2147 3477 2218 repetiisse
3533 2151 3734 2220 (Epist.
3798 2154 3888 2218 81,

2183 2252 2277 2291 nn.
2310 2241 2358 2303 1,
2391 2238 2464 2301 2).
2497 2238 2854 2308 Quapropter
2879 2237 2936 2291 id
2987 2237 3292 2308 contigerit
3335 2243 3466 2292 ante
3502 2255 3724 2293 annum
3753 2256 3890 2311 qua-

2184 2325 2700 2397 dringentesimum
2732 2326 3120 2397 undecimum,
3149 2343 3262 2398 quo
3317 2328 3562 2382 Novatus
3591 2328 3889 2400 Carthagi-

2183 2415 2348 2471 nensi
2387 2415 2677 2470 collationi
2703 2415 2984 2470 interfuit.

2256 2507 2306 2560 5.
2352 2504 2526 2574 Leges
2571 2505 2804 2576 quidem
2835 2504 2893 2558 in
2925 2505 3168 2576 publicis
3198 2505 3657 2560 institutionibus
3688 2507 3885 2562 obser-

2183 2592 2397 2648 vandas
2447 2593 2792 2664 praescripsit
2821 2599 3044 2648 sanctus
3078 2595 3286 2649 Doctor
3311 2595 3369 2650 in
3401 2595 3548 2650 libro
3576 2601 3784 2668 quarto
3817 2597 3884 2652 de

2185 2680 2451 2736 Doctrina
2501 2681 2809 2736 christiana
2849 2699 2862 2736 :
2904 2699 3045 2753 quas
3100 2687 3290 2738 autem
3341 2683 3403 2738 in
3452 2685 3692 2754 privatis
3723 2686 3886 2758 sequi

2185 2773 2462 2840 oporteat,
2497 2769 2555 2824 in
2585 2770 2786 2840 primis
2816 2787 2951 2841 erga
2972 2770 3284 2827 initiandos
3305 2773 3596 2827 adnotavit
3624 2773 3686 2828 in
3718 2775 3884 2842 libro,

2184 2859 2284 2930 qui
2337 2862 2410 2914 De
2453 2859 2863 2916 Catechizandis
2909 2860 3138 2916 rudibus
3178 2861 3522 2916 inscribitur.
3559 2863 3622 2916 In
3654 2879 3720 2916 eo
3754 2864 3888 2933 legi—

2184 2964 2311 3002 mus
2352 2947 2809 3004 concionatorem
2861 2949 2921 3003 in
2964 2950 3228 3004 Africana
3270 2950 3536 3016 Ecclesia,
3598 2951 3883 3006 stantibus

2184 3037 2559 3105 auditoribus,
2585 3039 2769 3094 solum
2801 3039 3010 3095 sedisse
3043 3059 3056 3096 :
3089 3040 3151 3094 in
3181 3040 3522 3112 quibusdam
3550 3045 3748 3096 autem
3783 3042 3886 3095 Ec—

2182 3126 2366 3182 clesiis
2417 3127 2831 3195 transmarinis,
2883 3129 3162 3200 populum
3215 3130 3405 3199 ipsum
3455 3129 3756 3184 sedentem
3795 3147 3888 3184 au-

2180 3216 2366 3271 diisse.
2409 3216 2588 3281 Quam
2629 3217 3098 3272 consuetudinem
3133 3219 3316 3289 magis
3357 3219 3564 3289 probat
3618 3220 3888 3291 Augusti-

2179 3322 2305 3369 nus,
2337 3306 2488 3376 quod
2519 3306 2704 3361 standi
2743 3306 2901 3361 labor
2940 3309 2998 3361 et
3027 3306 3328 3361 difﬁcultas
3361 3306 3620 3362 animum
3652 3325 3686 3362 a
3714 3309 3888 3362 verbo

2181 3393 2280 3448 Dei
2318 3398 2531 3448 attente
2587 3394 2872 3449 audiendo
2919 3399 3136 3450 avertat
3183 3396 3276 3467 (De
3317 3397 3583 3453 Catechiz.
3631 3397 3889 3466 rudibus,

2177 3499 2234 3536 n.
2271 3483 2374 3552 19).
2436 3483 2623 3536 Exstat
2668 3483 2897 3538 Ctesarii
2936 3500 3146 3552 sermo,
3180 3485 3498 3556 adscriptus
3523 3483 3666 3539 olim
3696 3490 3889 3558 Augu-

2179 3571 2350 3638 stino,
2384 3570 2444 3625 in
2493 3588 2606 3642 quo
2653 3571 2937 3642 signiﬁcat
2987 3573 3377 3640 concionator,
3433 3590 3492 3629 se
3521 3575 3726 3645 paucis
3759 3581 3887 3630 ante

2177 3660 2378 3714 diebus
2404 3677 2633 3732 rogasse
2654 3661 2867 3716 debiles
2909 3665 2966 3716 et
2992 3660 3274 3730 inﬁrmos,
3306 3667 3370 3717 ut
3397 3663 3534 3717 dum
3561 3665 3704 3718 Acta
3733 3681 3886 3720 mar-

2177 3751 2370 3819 tyrum
2395 3752 2451 3802 et
2479 3747 2815 3818 prolixiores
2843 3748 3151 3818 Scripturaa
3189 3749 3460 3804 lectiones
3484 3750 3884 3819 recitarentur,

2177 3832 2571 3890 considerent:
2603 3835 2843 3890 subinde
2873 3853 3005 3890 vero
3039 3853 3242 3893 omnes
3271 3840 3696 3911 propemodum
3728 3841 3887 3896 femi-

2177 3937 2300 3989 nas,
2342 3923 2513 3977 etiam
2555 3923 2694 3978 citra
2739 3925 3160 3981 incommodam
3209 3927 3624 3996 valetudinem,
3664 3945 3886 3985 morem

2177 4028 2292 4065 non
2329 4012 2586 4066 modeste
2633 4014 2865 4070 sedendi
2897 4015 2968 4069 ad
2997 4031 3083 4083 ea,
3131 4032 3260 4087 quae
3308 4017 3661 4088 legerentur,
3694 4025 3885 4074 atten-

2176 4101 2289 4156 tius
2327 4101 2630 4170 audienda,
2683 4104 2780 4158 sed
2825 4105 3194 4160 recumbendi
3240 4107 3395 4161 velut
3439 4107 3500 4160 in
3538 4107 3701 4162 lectis
3746 4110 3884 4175 suis,

2177 4193 2234 4243 et
2278 4190 2568 4260 garriendi
2613 4190 2898 4247 induxisse
2949 4193 3136 4263 (Apud
3180 4195 3570 4264 Augustinum,
3621 4199 3880 4268 Append.

2178 4280 2346 4334 Serm.
2382 4282 2504 4342 300,
2535 4295 2591 4334 n.
2648 4281 2715 4350 1).
2743 4281 2865 4346 Qua
2891 4282 2959 4337 de
2989 4299 3049 4336 re
3079 4283 3206 4338 illas
3237 4283 3298 4338 in
3345 4285 3452 4340 hoc
3490 4301 3763 4341 sermone
3793 4304 3880 4341 re-

2175 4368 2480 4438 prehendit
2511 4369 2895 4438 concionator,
2927 4371 3203 4443 docetque
3234 4389 3348 4444 qua
3387 4374 3669 4444 religione
3701 4381 3764 4431 et
3793 4393 3883 4431 re—

2177 4457 2428 4511 verentia
2473 4458 2711 4512 verbum
2761 4459 2859 4513 Dei
2906 4460 3161 4532 excipere
3216 4461 3482 4519 debeant.
3544 4464 3688 4519 Cum
3744 4482 3881 4520 vero

2173 4545 2341 4616 pauci
2383 4545 2648 4616 privatim
2679 4546 3077 4618 instituuntur,
3107 4549 3304 4606 scribit
3331 4552 3690 4622 Augustinus
3723 4571 3882 4610 arro-

2173 4633 2428 4705 gantiam
2463 4651 2584 4690 esse
2624 4653 2738 4691 non
2766 4637 3082 4707 ferendam,
3113 4639 3162 4693 si
3200 4640 3526 4695 erudiendis
3558 4641 3736 4697 sessio
3769 4660 3884 4698 non

2174 4724 2473 4791 offeratur;
2524 4725 2918 4781 animadverso
2964 4729 3285 4798 prwsertim
3327 4730 3654 4785 auditorum
3686 4733 3881 4800 taedio,

2173 4813 2330 4884 quod
2360 4829 2458 4869 eos
2487 4813 2781 4870 interdum
2807 4815 2960 4870 aliud
2980 4821 3357 4887 praetexentes
3384 4818 3454 4873 ad
3485 4821 3880 4877 excedendum

2171 4905 2357 4973 potest
2417 4902 2732 4974 impellere.
2785 4905 2900 4959 Hoc
2941 4906 3061 4975 ipse
3116 4910 3408 4976 expertus,
3459 4922 3589 4961 cum
3646 4910 3880 4963 rustica-

2171 5009 2311 5047 num
2348 4992 2644 5048 hominem
2695 4994 3003 5066 aliquando
3044 4995 3328 5067 mysteriis
3365 4995 3671 5067 imbueret,
3703 5015 3879 5070 quam

2170 5081 2311 5136 illud
2339 5083 2776 5153 praecavendum
2797 5089 2962 5151 esset,
2985 5084 3182 5139 didicit
3205 5088 3304 5154 (De
3315 5087 3589 5142 Catechiz.
3614 5088 3871 5150 rudibus,

2167 5187 2223 5226 n.
2262 5171 2369 5241 19).
2420 5172 2748 5226 Advertitur
2785 5173 3016 5228 solitum
3071 5173 3245 5228 fuisse
3291 5191 3582 5230 sermones
3613 5193 3750 5232 suos
3777 5178 3878 5232 hac

2170 5260 2530 5316 conclusione
2587 5262 2875 5318 absolvere
2927 5279 2940 5318 :
2995 5264 3249 5320 Conversi
3293 5264 3367 5318 ad
3393 5267 3682 5320 Dominum
3712 5269 3876 5322 Deum

2168 5350 2384 5403 Patrem
2421 5352 2852 5420 omnipotentem,
2890 5367 3030 5421 puro
3078 5352 3236 5407 corde
3267 5356 3338 5422 ei,
3383 5359 3651 5422 quantum
3705 5359 3876 5426 potest

2164 5437 2416 5508 paruitas
2444 5445 2648 5506 nostra,
2678 5443 2953 5495 mamimas
2973 5445 3135 5510 atque
3155 5441 3341 5496 uberes
3370 5444 3584 5511 gratias
3605 5459 3869 5514 agamus;

2164 5531 2444 5597 precantes
2474 5532 2582 5583 toto
2612 5531 2792 5584 animo
2818 5531 3150 5596 singularem
3178 5531 3647 5588 mansuetudinem
3674 5535 3873 5604 ejus,ut

2163 5630 2348 5686 preces
2374 5620 2588 5673 nostras
2614 5619 2672 5672 in
2704 5617 3031 5688 beneplacito
3060 5633 3156 5674 suo
3193 5619 3456 5675 exaudire
3477 5619 3758 5690 dignetur,
3787 5625 3868 5675 in-
