4008 6184
154 241 227 291 2H
1555 238 1766 297 LIBER
1806 240 2157 308 QUARTUS.

157 361 326 413 imicum
344 355 595 412 a'nostris
614 357 826 412 actibus
850 358 1330 427 etcogitationibus
1362 374 1462 414 sua
1480 362 1682 417 virtute
1710 378 1800 417 ea:-

159 452 293 522 pellat,
321 448 466 503 nobis
512 449 825 518 multiplicet
852 449 1033 517 ﬁdem,
1058 449 1315 516 gubernet
1352 455 1595 517 mentem,
1630 454 1798 521 spiri-

163 539 280 593 tuales
298 540 629 605 cogitationes
645 538 915 604 concedat,
941 543 990 592 et
1015 538 1087 592 ad
1111 538 1493 594 beatitudinem
1514 556 1667 595 suam
1681 557 1799 611 per-

162 629 289 694 ducat,
316 643 406 696 per
440 629 617 681 Jesum
656 628 932 683 Christum
957 629 1159 682 Filium
1186 628 1329 697 ejus.
1368 630 1557 683 Amen.
1606 631 1794 696 (Serm.

163 722 218 775 67.
250 732 293 769 η.
344 717 434 781 10,
483 716 652 770 Serm.
706 718 826 779 106,
876 733 932 771 η.
975 719 1038 783 4;
1084 718 1256 774 Serm.
1296 720 1415 786 183,
1448 733 1503 773 n.
1553 722 1646 786 15;
1676 726 1797 790 post

161 809 301 861 Enarr.
327 804 380 857 in
403 804 548 859 Psal.
582 819 662 871 CL,
691 804 811 875 etc).

747 894 876 948 CAP
886 895 972 949 UT
1011 894 1128 948 VII.

158 982 419 1037 tlnrehitur
448 982 506 1035 in
541 982 699 1035 vitia.
733 982 766 1034 2
794 983 930 1052 Ejus
959 984 1017 1036 in
1046 984 1404 1052 corripiendis
1444 985 1793 1054 peccantibus

190 1072 439 1141 prudentia
481 1075 534 1125 et
577 1071 837 1126 Charitas.
883 1074 913 1125 3
941 1072 989 1126 A
1021 1074 1418 1140 ﬂagitiosorum
1448 1075 1792 1130 Christiano-

192 1174 285 1213 rum
309 1161 475 1227 magis
525 1174 693 1228 quam
726 1161 793 1214 ab
822 1162 1175 1216 Ethnicorum
1204 1164 1448 1217 convictu
1477 1179 1587 1218 sese
1617 1164 1791 1219 absti-

191 1255 270 1303 net.
298 1249 328 1302 4
355 1248 427 1303 0b
457 1248 697 1318 alicujus
720 1254 1001 1318 peccatum
1033 1254 1200 1303 totam
1226 1250 1344 1320 ejus
1371 1253 1646 1318 familiam
1689 1268 1793 1306 ea:-

190 1338 532 1391 communicari
580 1353 688 1391 non
714 1337 928 1408 probat.
972 1340 1001 1392 5
1032 1341 1474 1395 Mathematicum
1503 1340 1791 1409 quemdam

190 1428 231 1479 in
249 1427 618 1495 panitentium
651 1442 935 1481 numerum
980 1430 1193 1498 recipit.
1246 1432 1276 1484 6
1328 1430 1693 1499 Lampadium
1733 1432 1791 1485 in

188 1518 431 1585 quastione
465 1515 532 1570 de
561 1520 837 1571 astrorum
858 1518 978 1584 fato
1008 1519 1290 1573 hmrentem
1320 1520 1519 1574 erudit.

188 1608 222 1659 t.
260 1605 404 1659 Afros
446 1605 515 1660 ad
562 1606 872 1673 luxuriam,
923 1606 1257 1662 ebrietatem
1307 1613 1362 1662 et
1392 1608 1787 1679 juramentum

136 1693 347 1763 proclives
395 1693 572 1749 fuisse
627 1695 950 1750 observant.
999 1696 1358 1768 Quapropter
1405 1697 1781 1768 Augustinus,

135 1787 230 1836 teste
270 1782 529 1849 Possidio,
579 1783 875 1839 laborabat
921 1784 980 1839 in
1025 1785 1250 1855 primis,
1298 1790 1362 1840 ut
1400 1785 1657 1840 inolitam
1685 1786 1784 1856 ju-

133 1872 250 1925 randi
282 1873 751 1927 consuetudinem
802 1890 832 1927 e
877 1875 1095 1945 populo
1143 1891 1245 1928 suo
1292 1875 1519 1946 penitus
1562 1875 1787 1929 tolleret

130 1962 377 2029 (Possidius,
402 1964 459 2017 in
494 1964 627 2017 Vita
665 1963 922 2032 August,
955 1981 1002 2017 c.
1034 1965 1141 2032 25).
1176 1966 1407 2019 Exstant
1438 1964 1626 2035 reipsa
1664 1981 1777 2017 ser-

127 2066 273 2103 mones
308 2051 521 2122 aliquot
570 2051 647 2105 ab
693 2051 816 2122 ipso
865 2051 927 2105 in
966 2053 1087 2106 haec
1113 2052 1252 2108 vitia
1281 2052 1481 2109 habiti.
1519 2055 1593 2107 Ea
1624 2054 1691 2106 de
1722 2068 1783 2107 re

124 2138 246 2191 verba
270 2138 437 2193 facere
485 2156 727 2209 semper
770 2140 1088 2207 distulerat,
1138 2142 1352 2196 veritus
1398 2159 1467 2195 ne
1496 2141 1782 2195 monendo

125 2226 354 2281 auditores
390 2245 522 2282 suos
580 2229 939 2283 nocentiores
980 2230 1193 2284 faceret
1239 2247 1251 2286 :
1307 2231 1404 2285 sed
1445 2231 1677 2285 tandem
1711 2230 1782 2284 ti-

127 2315 249 2381 muit,
293 2334 356 2371 ne
383 2318 658 2372 mandato
690 2318 811 2388 ipse
860 2336 978 2373 non
1022 2324 1267 2389 pareret,
1311 2320 1467 2390 quod
1498 2318 1607 2373 sibi
1648 2335 1778 2373 cum

126 2406 267 2460 Jacobi
312 2407 553 2477 Epistola
597 2407 910 2478 legeretur,
955 2408 1147 2462 divino
1205 2409 1401 2462 afflatu
1453 2408 1777 2479 injunctum

128 2492 253 2547 tuine
279 2495 658 2550 arbitrabatur
679 2498 867 2566 (Serm.
900 2500 1020 2564 180,
1053 2514 1098 2552 c.
1125 2501 1206 2563 t2,
1231 2514 1285 2552 η.
1320 2498 1425 2567 14).
1458 2499 1519 2552 ln
1541 2496 1777 2551 ebrieta-

128 2587 207 2634 tem
232 2600 437 2655 quoque
465 2582 688 2654 passim
719 2583 1025 2638 invehitur.
1065 2583 1325 2639 Ebriosos
1356 2585 1663 2657 aliquando
1686 2586 1781 2640 ob‘

122 2670 391 2741 jurgaturus
423 2690 435 2727 :
468 2675 533 2729 Si
563 2688 677 2727 non
706 2688 787 2727 me
816 2673 1127 2741 audieritis,
1160 2673 1367 2744 inquit,
1400 2678 1449 2729 et
1480 2679 1656 2728 tamen
1683 2690 1775 2741 ego

125 2772 201 2811 non
231 2764 440 2828 tacuero,
481 2764 732 2816 animam
767 2778 938 2817 meam
982 2763 1238 2817 liberabo.
1280 2763 1386 2818 Sed
1430 2764 1549 2818 nolo
1588 2764 1774 2818 salvus

122 2860 197 2898 esse
218 2850 313 2902 sine
338 2851 480 2905 vobis
502 2852 700 2921 (Serm.
740 2854 823 2917 l7,
856 2867 902 2905 c.
936 2854 1066 2913 2,11.
1095 2853 1168 2921 2).
1197 2852 1356 2916 Quod
1387 2852 1455 2905 ad
1482 2852 1771 2906 luxuriam

121 2941 300 3006 spectat,
346 2944 581 2995 conatur
634 2940 695 2993 in
727 2939 925 3011 primis
956 2940 1273 3007 ostendere,
1306 2940 1540 2994 maritos
1571 2942 1767 2995 eadem

121 3023 198 3077 tide
214 3042 326 3098 erga
351 3031 629 3101 conjuges
654 3044 781 3082 suas
811 3028 1110 3100 obstringi,
1144 3045 1318 3099 quam
1348 3028 1458 3099 ipsi
1478 3028 1636 3083 abiis
1660 3028 1777 3082 exi-

120 3116 399 3181 gant(Serm.
430 3122 484 3187 9,
512 3135 561 3174 c.
591 3122 649 3187 9,
676 3134 768 3172 nn.
798 3121 883 3184 11,
911 3120 974 3172 t2
996 3135 1008 3184 ;
1033 3119 1202 3173 Serm.
1230 3120 1354 3184 392,
1377 3134 1422 3171 c.
1449 3120 1582 3185 5,11.
1609 3117 1682 3188 5).
1709 3119 1771 3171 In

118 3216 199 3269 quo
224 3204 472 3262 Romana:
502 3209 665 3278 leges
704 3207 775 3260 ab
823 3205 1163 3277 evangelicis
1207 3205 1526 3276 plurimum
1557 3206 1771 3261 discre-

119 3289 295 3355 pabant.
326 3295 477 3351 Unde
526 3295 898 3367 contingebat
925 3312 1124 3350 omnes
1154 3295 1572 3367 propemodum
1618 3294 1769 3349 viros

117 3375 156 3429 in
178 3380 297 3436 hanc
320 3385 535 3454 prolabi
568 3401 804 3439 morum
834 3386 1236 3455 corruptelam,
1278 3401 1407 3456 quae
1450 3389 1645 3440 tamen
1694 3385 1762 3439 si-

119 3466 249 3522 lentio
284 3473 567 3545 tegebatur
626 3474 1054 3545 fovebaturque.
1088 3476 1161 3528 At
1188 3473 1392 3528 maluit
1417 3473 1767 3545 Augustinus

116 3558 351 3617 veritatem
380 3579 490 3618 non
516 3563 784 3630 tacendo,
821 3562 1102 3631 omnium,
1132 3562 1232 3634 qui
1262 3579 1387 3616 eam
1409 3562 1608 3616 sectari
1639 3563 1765 3617 nol-

120 3645 221 3712 lent,
248 3650 376 3704 odiis
400 3669 457 3707 se
489 3652 764 3723 objicere,
798 3668 971 3722 quam
1001 3652 1062 3706 in
1093 3651 1463 3706 dissimulata:
1490 3651 1762 3720 veritatis,

120 3736 239 3805 cuius
265 3738 490 3812 imperio
524 3741 691 3813 loqui
712 3741 1039 3812 jubebatur,
1064 3740 1279 3795 crimen
1298 3739 1606 3795 incurrere.
1628 3742 1760 3808 Hoc,

121 3822 261 3891 ipsum
302 3834 379 3884 est
420 3831 783 3902 praecipuum
824 3834 1229 3901 argumentum
1260 3830 1558 3897 sermonis,
1593 3846 1762 3901 quem

120 3912 167 3964 De
202 3915 350 3972 decem
398 3921 634 3977 Chordis
682 3919 983 3990 inscripsit,
1035 3923 1339 3989 propterea
1382 3920 1537 3991 quod
1568 3919 1762 3974 decem

120 3999 189 4053 Dei
213 4008 471 4075 mandata,
506 4026 643 4081 quae
672 4009 730 4063 in
760 4009 866 4063 hoc
905 4024 1167 4062 sermone
1207 4008 1459 4079 exponit,
1507 4024 1636 4062 cum
1666 4009 1763 4063 de-

117 4089 340 4150 cachordo
368 4097 665 4167 psalterio,
708 4102 772 4152 ut
805 4097 1094 4167 Scriptura
1134 4097 1406 4168 loquitur,
1440 4104 1753 4168 comparat.

164 4184 205 4233 2.
232 4183 405 4255 Leges,
437 4205 582 4260 quas
623 4189 923 4258 Apostolus
960 4187 1257 4241 Timotheo
1298 4188 1368 4241 ad
1394 4188 1633 4242 verbum
1663 4189 1764 4243 Dei

117 4270 477 4333 medicandum
530 4276 876 4346 praescribit,
936 4281 1193 4330 accurate
1246 4277 1531 4343 servabat;
1590 4281 1645 4331 et
1700 4283 1765 4331 ut

114 4360 283 4414 ceteris
326 4370 537 4419 metum
588 4365 870 4435 injiceret,
919 4365 1145 4434 publice
1192 4369 1488 4435 peccantes
1535 4365 1761 4435 publico

116 4460 302 4516 arguere
328 4469 437 4507 non
458 4455 700 4511 timebat
716 4454 1039 4524 (Possidius,
1060 4457 1120 4508 in
1147 4454 1275 4509 Vita
1296 4455 1555 4522 August,
1579 4470 1623 4508 c.
1656 4454 1758 4525 l9).

119 4534 234 4592 l'nde
260 4541 584 4598 laudabatur
633 4543 703 4597 ab
742 4543 1036 4611 omnibus;
1088 4543 1181 4597 sed
1224 4560 1282 4597 se
1329 4541 1449 4612 ipse
1496 4541 1762 4613 privatim

118 4629 213 4679 ante
234 4632 507 4700 arguebat.
543 4633 717 4686 Erant
744 4635 936 4685 tamen
966 4631 1102 4685 vitia
1130 4630 1207 4685 sic
1232 4631 1458 4696 usitata,
1494 4635 1556 4685 ut
1580 4647 1761 4702 quan-

114 4716 278 4770 tumvis
311 4721 534 4789 publica
564 4722 770 4788 forent,
816 4738 883 4775 ea
925 4720 1016 4774 vix
1064 4722 1215 4774 lente
1246 4724 1301 4774 et
1325 4720 1582 4775 arridens
1612 4720 1760 4774 inse-

115 4802 219 4855 ctari
245 4822 297 4859 ac
323 4810 626 4878 prohibere
649 4811 906 4878 auderet,
938 4826 1009 4864 ne
1036 4814 1330 4881 peccantes
1360 4810 1431 4864 ad
1460 4808 1606 4863 iram
1635 4825 1762 4880 pro—

116 4899 312 4962 vocaret,
328 4902 381 4952 et
399 4898 520 4969 ipse
544 4904 781 4954 novator
806 4900 1115 4955 haberetur
1136 4899 1329 4971 (Serm.
1358 4902 1441 4967 17,
1471 4915 1515 4953 c.
1542 4903 1594 4963 3,
1617 4914 1673 4953 η.
1699 4902 1758 4965 3;

120 4978 251 5044 Epist.
276 4985 343 5038 ad
371 4988 551 5043 Galat.
582 4992 808 5059 Empos.,
843 5007 900 5044 η.
942 4988 1052 5059 35).
1089 4989 1317 5043 Occulta
1347 5004 1479 5043 vero
1510 4991 1760 5059 peccata,

116 5068 308 5127 maxime
342 5091 473 5131 cum
508 5078 705 5147 gravia
743 5094 935 5132 secum
974 5077 1355 5147 importarent
1381 5076 1758 5144 incommoda,

114 5160 157 5206 ut
175 5166 288 5214 sunt
312 5162 621 5219 homicidia
666 5171 721 5221 et
758 5167 1058 5235 adulteria,
1100 5165 1345 5219 charitas
1378 5181 1509 5220 eum
1537 5165 1761 5235 publice

114 5257 297 5316 Carpere
324 5268 437 5307 non
467 5254 705 5310 sinebat.
739 5257 929 5326 Neque
952 5260 1143 5309 tamen
1175 5271 1241 5308 ea
1266 5255 1608 5326 negligebat.
1645 5255 1760 5308 Hu-

112 5331 313 5395 iusmodi
359 5343 663 5398 sceleribus
702 5344 998 5399 obstrictos
1032 5343 1265 5398 remotis
1303 5344 1529 5398 arbitris
1559 5344 1758 5399 admo-

119 5436 242 5495 nens,
269 5445 456 5486 eorum
498 5433 674 5488 oculis
702 5433 878 5489 divini
900 5433 1103 5505 judieii
1134 5432 1286 5488 diem
1319 5433 1672 5504 subjiciehat,
1705 5438 1764 5489 et

116 5510 278 5570 timore
315 5519 423 5574 illis
453 5520 675 5577 incusso
703 5522 1099 5594 paenitentiam
1124 5523 1521 5593 persuadebat.
1557 5524 1761 5578 Eorum

3506 252 3611 307 242

1910 364 2157 437 denique
2189 365 2491 433 medelam,
2532 366 2671 421 citra
2692 366 3044 437 judiciorum
3066 366 3381 423 forensium
3413 371 3613 425 severi-

1908 456 2104 521 tatem,
2136 471 2240 526 pro
2268 455 2418 509 virili
2448 460 2606 527 parte
2628 456 2986 527 procurabat.
3026 457 3298 521 Quocirca
3318 459 3612 531 continge-

1906 542 2002 597 bat
2028 544 2356 615 aliquando,
2381 549 2447 598 ut
2468 546 2674 616 quibus
2705 550 2838 599 nota
2869 548 3031 599 erant
3061 545 3159 599 illa
3188 546 3447 614 crimina,
3480 564 3612 602 con-

1908 636 2284 703 quererentur
2314 634 2469 704 quod
2496 633 2594 687 illa
2623 650 2738 687 non
2771 638 3056 705 argueret,
3081 651 3209 689 cum
3240 634 3451 689 scilicet
3478 652 3611 691 eum

1904 726 2004 775 aut
2047 722 2368 791 prudentiae
2418 723 2541 793 lege
2572 722 2842 789 cohiberi,
2875 728 2973 777 aut
3001 740 3119 777 non
3160 740 3387 794 semper
3416 724 3613 778 omnia

1906 809 2046 864 scire
2076 811 2313 865 minime
2336 812 2695 865 attenderent
2717 812 2904 882 (Serm.
2930 815 3019 880 82,
3039 829 3081 867 c.
3105 818 3135 866 '7
3162 817 3211 867 et
3231 816 3379 879 8,nn.
3402 815 3517 881 l0,t
3536 812 3605 879 l).

1975 902 2024 953 3.
2076 902 2122 953 A
2170 899 2622 953 Christianorum
2665 899 2945 971 ﬂagitiose
2988 901 3303 955 viventium
3347 902 3609 956 convictu

1900 988 2245 1059 quandoque
2274 988 2610 1055 abstinebat,
2655 992 2720 1042 ut
2761 1006 2856 1042 eos
2885 994 2943 1044 et
2970 990 3189 1060 pudore
3221 990 3604 1057 sutfunderet,

1899 1080 1954 1129 et
1982 1076 2050 1130 ad
2080 1077 2375 1131 meliorem
2408 1076 2631 1147 frugem
2660 1077 2767 1131 hac
2794 1078 3016 1131 ratione
3047 1082 3357 1133 revocaret.
3393 1079 3605 1135 Convi-

1901 1181 2029 1219 vere
2062 1166 2279 1219 solebat
2303 1164 2495 1236 potius
2521 1181 2653 1219 cum
2681 1165 2929 1220 Ethnicis
2951 1171 3007 1220 et
3028 1167 3242 1238 impiis,
3268 1184 3442 1239 quam
3472 1185 3603 1223 cum

1902 1253 2203 1308 Catholicis
2233 1253 2546 1321 sceleratis;
2582 1253 2642 1306 in
2674 1270 2787 1324 quo
2819 1270 3040 1309 morem
3070 1256 3306 1325 gerebat
3332 1258 3602 1327 Apostolo

1897 1343 2122 1411 (Enarr.
2172 1345 2227 1395 in
2269 1343 2412 1397 Psal.
2467 1356 2518 1407 c,
2558 1358 2616 1395 n.
2649 1342 2725 1412 8).
2780 1343 3440 1399 Excommunicationem
3470 1362 3602 1401 vero

1896 1432 1953 1485 in
1982 1430 2317 1485 criminibus
2344 1447 2470 1485 eam
2500 1431 2854 1502 exigentibus
2878 1433 3201 1499 adhibebat,
3236 1440 3517 1506 quantum
3542 1435 3603 1490 id

1897 1537 2006 1590 pax
2038 1520 2298 1575 Ecclesiae
2345 1520 2577 1586 sineret,
2628 1524 2684 1574 et
2714 1521 2832 1591 ipse
2862 1521 3255 1590 peccatoribus
3283 1523 3422 1577 utile
3451 1522 3601 1577 arbi-

1896 1614 2168 1664 traretur.
2213 1611 2354 1663 Nam
2385 1608 2661 1674 ebriosos,
2685 1610 2933 1680 exempli
2959 1627 3147 1677 causa,
3180 1628 3292 1682 quo
3313 1611 3496 1681 magis
3525 1610 3604 1666 vi-

1895 1696 2039 1751 tium
2088 1697 2229 1751 illud
2279 1714 2584 1751 commune
2615 1703 2671 1752 et
2698 1702 3072 1769 pervagatum
3101 1704 3238 1763 erat,
3275 1716 3340 1753 eo
3387 1699 3600 1769 minus,

1896 1787 2128 1840 meritos
2155 1786 2309 1856 licet,
2343 1787 2707 1842 anathemate
2738 1787 2927 1854 ferire,
2952 1791 3007 1842 et
3039 1788 3108 1842 de
3143 1788 3387 1843 Ecclesia
3416 1789 3599 1860 proji-

1895 1891 2020 1929 cere
2052 1875 2315 1929 audebat.
2370 1876 2512 1929 Nam
2556 1892 2686 1930 cum
2731 1876 2816 1929 illi
2855 1875 3111 1930 criminis
3142 1876 3232 1929 sui
3261 1877 3599 1947 gravitatem

1894 1980 2009 2018 non
2039 1963 2174 2017 satis
2204 1969 2598 2035 agnoscerent,
2640 1965 2879 2019 timebat
2920 1980 2992 2018 ne
3042 1964 3163 2035 ipso
3214 1965 3464 2018 fortassis
3492 1965 3594 2018 fla-

1892 2054 2039 2122 gello
2071 2053 2291 2124 pejores
2320 2052 2542 2121 ﬁerent,
2575 2053 2674 2125 qui
2710 2054 3085 2109 caederentur.
3117 2054 3473 2125 Quapropter
3502 2069 3593 2107 so-

1894 2142 1961 2195 lis
1991 2142 2195 2213 saapius
2225 2141 2410 2197 verbis
2438 2158 2534 2196 eos
2558 2142 2899 2212 corripiebat
2926 2144 3113 2213 (Serm.
3152 2145 3236 2208 17,
3268 2157 3314 2195 c.
3349 2145 3400 2207 3,
3433 2158 3488 2196 η.
3514 2142 3590 2211 3).

1891 2231 2139 2298 Maritos,
2173 2231 2271 2303 qui
2313 2230 2427 2286 suis
2458 2230 2725 2285 uxoribus
2750 2231 2922 2285 ﬁdem
2952 2247 3065 2284 non
3096 2230 3417 2300 servabant,
3449 2247 3592 2301 quo-

1893 2320 2023 2374 dam
2052 2336 2312 2374 sermone
2335 2320 2704 2390 compellans,
2743 2321 2792 2374 Λ
2824 2321 3206 2386 communione,
3240 2319 3337 2386 ait,
3369 2335 3423 2374 se
3450 2321 3592 2374 cohi-

1891 2410 2066 2476 beant,
2099 2412 2197 2478 qui
2221 2412 2399 2463 sciunt
2430 2411 2562 2478 quia
2586 2411 2711 2463 novi
2732 2413 2954 2478 peccata
2982 2411 3252 2478 ipsorum;
3282 2424 3348 2463 ne
3377 2409 3442 2463 de
3461 2426 3588 2464 can-

1887 2500 2032 2553 cellis
2058 2500 2425 2569 projiciantur
2447 2501 2637 2567 (Serm.
2673 2500 2797 2565 392,
2826 2514 2870 2553 c.
2908 2504 2957 2565 5,
2980 2514 3035 2552 η.
3069 2498 3140 2567 5).
3165 2499 3504 2569 Quanquam
3528 2497 3590 2553 in

1888 2588 2039 2641 hunc
2068 2604 2411 2657 sermonem,
2444 2603 2616 2658 quem
2647 2586 2797 2640 inter
2823 2586 3026 2641 dubios
3047 2586 3448 2640 collocandum
3464 2603 3583 2641 cen-

1886 2676 2124 2743 suimus,
2158 2677 2255 2730 illa
2290 2676 2571 2731 sententia
2618 2676 2871 2729 immissa
2909 2675 3087 2729 videri
3116 2678 3322 2745 potest,
3355 2691 3486 2729 cum
3515 2675 3587 2730 ad

1883 2765 2023 2820 illud
2054 2756 2345 2819 confertur
2373 2765 2528 2837 quod
2559 2763 2913 2834 Augustinus
2942 2763 3004 2816 in
3026 2779 3289 2818 sermone
3311 2766 3587 2818 trecente-

1884 2854 2028 2908 simo
2066 2852 2542 2925 quinquagesimo
2588 2852 2776 2923 primo
2815 2851 3149 2922 pronuntiat
3182 2868 3195 2905 :
3229 2855 3337 2908 Nos
3383 2868 3507 2906 vero
3549 2868 3585 2905 a

1883 2946 2247 2997 communione
2264 2943 2550 3011 prohibere
2588 2957 2907 3011 quemquam
2932 2956 3037 2994 non
3061 2955 3346 3010 possumus
3369 2940 3581 3010 (quam-

1880 3032 1961 3084 vis
1987 3032 2095 3084 haec
2116 3031 2414 3100 prohibitio
2443 3029 2679 3085 nondum
2704 3032 2776 3084 sit
2795 3028 3063 3095 mortalis,
3083 3029 3177 3083 sed
3196 3028 3578 3099 medicinalis),

1880 3121 1991 3174 nisi
2027 3124 2123 3173 aut
2151 3124 2337 3189 sponte
2384 3122 2704 3187 confessum,
2736 3123 2832 3173 aut
2868 3120 2926 3172 in
2965 3120 3149 3187 aliquo
3175 3120 3288 3172 sive
3310 3119 3577 3185 saeculari,

1879 3211 1991 3263 sive
2035 3210 2387 3263 ecclesiastico
2435 3208 2644 3278 judicio
2692 3209 3031 3262 nominatum
3077 3211 3239 3276 atque
3283 3209 3581 3261 convictum

1881 3298 2065 3367 (Serm.
2087 3301 2210 3367 351,
2233 3314 2277 3352 c.
2301 3299 2357 3367 4,
2380 3313 2434 3352 n.
2460 3297 2561 3366 10).
2579 3296 2846 3361 Quamvis
2868 3297 2940 3351 ob
2963 3295 3347 3368 quorumdam
3368 3294 3575 3349 facino-

1878 3401 1940 3437 ra
1957 3385 2221 3439 adversus
2239 3384 2541 3439 Ecclesiam
2556 3384 2887 3439 immaniter
2900 3386 3224 3455 perpetrata
3242 3383 3575 3454 gravissime

1877 3474 2183 3544 aliquando
2214 3478 2695 3542 commoveretur;
2746 3489 3045 3544 nunquam
3084 3476 3278 3526 tamen
3307 3488 3401 3526 eos
3445 3488 3576 3526 cum

1874 3566 1992 3617 tota
2039 3562 2257 3617 familia
2296 3564 2658 3617 anathemate
2701 3567 2998 3633 percutere
3047 3577 3218 3615 ausus
3249 3564 3331 3614 est
3372 3577 3385 3614 :
3444 3576 3575 3615 cum

1875 3668 1987 3723 qua
2016 3652 2236 3706 ratione
2281 3656 2472 3723 posset
2516 3652 2574 3706 id
2620 3656 2770 3705 recte
2801 3650 2927 3704 ﬁeri
2955 3666 3069 3704 non
3112 3648 3411 3715 inveniret,
3444 3648 3576 3704 licet

1875 3741 1982 3796 hoc
2007 3741 2075 3796 ab
2108 3741 2232 3796 aliis
2261 3740 2498 3795 forsitan
2526 3744 2900 3811 usurparetur
2928 3738 3125 3809 (Epist.
3154 3741 3280 3806 250,
3310 3754 3366 3793 η.
3409 3738 3481 3809 2).

1944 3834 1995 3886 4.
2030 3832 2171 3886 Cum
2200 3829 2486 3897 nonnulli,
2520 3830 2618 3902 qui
2647 3846 2749 3900 per
2766 3827 3133 3901 Evangelium
3158 3829 3571 3899 pejeraverant,

1872 3919 1933 3974 in
1965 3920 2258 3975 ecclesiam
2287 3920 2694 3991 confugissent,
2745 3923 2811 3974 ut
2834 3918 3059 3974 violatas
3085 3917 3217 3973 ﬁdei
3244 3916 3572 3989 perfugium

1872 4010 1930 4063 in
1959 4009 2082 4081 ipsa
2112 4008 2246 4064 ﬁdei
2269 4010 2435 4063 domo
2480 4008 2868 4080 requirerent;
2915 4007 3278 4079 magistratus
3310 4007 3573 4061 christia-

1873 4116 1979 4153 nus
2009 4098 2192 4153 ﬁdelis
2221 4098 2585 4169 (Classiciano
2622 4113 2837 4152 nomen
2867 4101 3003 4162 erat)
3034 4113 3138 4167 pro
3164 4095 3443 4167 dignitate
3472 4112 3574 4149 sua

1872 4187 2172 4243 comitatus
2210 4188 2269 4241 in
2327 4187 2622 4242 ecclesiam
2674 4186 2849 4255 venit,
2895 4190 3127 4241 acturus
3170 4201 3299 4239 cum
3345 4183 3571 4238 Auxilio

1873 4276 2187 4331 dioecesano
2218 4277 2506 4347 episcopo,
2530 4293 2602 4330 ne
2634 4281 2830 4330 contra
2846 4275 2939 4346 jus
2958 4291 3123 4328 suum
3156 4272 3307 4327 hisce
3328 4271 3573 4343 perjuris

1871 4366 2101 4420 faveret.
2125 4366 2319 4437 Aiquaa
2342 4382 2474 4419 sane
2500 4366 2844 4436 postulabat.
2880 4360 3261 4417 Nihilominus
3290 4361 3572 4432 Auxilius,

1872 4454 2131 4525 quicum
2178 4454 2360 4510 adhuc
2402 4459 2548 4509 esset
2594 4454 3053 4519 catechumenus,
3104 4448 3442 4505 Classiciano
3471 4450 3571 4505 be-

1872 4542 2192 4597 nevolentia
2260 4543 2595 4615 conjunctus
2648 4542 2854 4609 fuerat,
2906 4555 3084 4612 usque
3142 4538 3283 4593 adeo
3336 4538 3575 4593 indulsit

1870 4632 2202 4702 iracundiae,
2250 4637 2311 4687 ut
2357 4636 2485 4705 post
2535 4631 2815 4702 exscripta
2860 4630 2943 4683 rei
2982 4632 3154 4699 gesta:
3185 4630 3328 4695 acta,
3364 4626 3569 4681 Classi-

1871 4722 2097 4777 cianum
2149 4738 2280 4777 cum
2323 4726 2444 4777 tota
2484 4722 2652 4777 domo
2692 4736 2793 4774 sua
2824 4719 3181 4773 anathemate
3208 4716 3568 4789 percusserit.

1872 4812 2256 4868 Contendebat
2310 4812 2463 4867 haud
2511 4811 2681 4867 dubie
2732 4826 2955 4863 sacrum
2994 4808 3246 4863 ecclesia:
3291 4808 3511 4879 asylum
3539 4824 3574 4861 a

1873 4899 2207 4957 Classiciano
2230 4899 2402 4954 fuisse
2426 4900 2718 4966 violatum,
2742 4901 2798 4952 et
2820 4913 2947 4952 reos
2972 4896 3104 4951 inde
3132 4913 3236 4968 per
3262 4896 3377 4951 vim
3398 4896 3571 4951 fuisse

1873 4989 2164 5045 abductos.
2196 4990 2405 5042 Verum
2437 4986 2811 5042 Classicianus
2838 4986 2907 5041 de
2928 4987 3034 5041 hac
3064 4984 3277 5056 injuria
3303 5000 3407 5056 per
3425 4984 3572 5038 litte-

1870 5094 1962 5132 ras
1981 5077 2134 5149 apud
2155 5076 2539 5148 Augustinum
2566 5079 2999 5147 conquesturus,
3022 5078 3259 5129 testatus
3280 5076 3365 5127 est
3385 5075 3571 5126 sontes

1872 5167 2097 5222 sceleris
2124 5166 2211 5221 sui
2240 5165 2591 5220 conscientia
2628 5181 2876 5236 pressos,
2924 5165 3065 5219 citra
3092 5163 3210 5218 vim
3241 5179 3306 5216 ex
3335 5159 3572 5216 ecclesia

1871 5261 2073 5328 sponte
2100 5272 2199 5310 sua
2228 5255 2398 5309 fuisse
2437 5254 2737 5327 digressos.
2768 5254 2997 5309 Iuvenis
3038 5253 3223 5308 adhuc
3252 5253 3373 5305 erat
3398 5247 3571 5303 Auxi-

1872 5345 2058 5406 lius,et
2073 5360 2288 5399 annum
2318 5344 2377 5398 in
2411 5344 2717 5415 episcopali
2737 5359 2976 5398 munere
3005 5341 3252 5397 necdum
3282 5340 3566 5408 exegerat:

1871 5434 2219 5505 Augustinus
2250 5436 2441 5488 autem
2472 5437 2554 5488 tot
2575 5434 2698 5505 jam
2736 5448 3019 5487 annorum
3052 5429 3350 5500 episcopus
3371 5441 3570 5480 senue-

1872 5527 1978 5577 rat.
2010 5521 2245 5591 Scripsit
2276 5526 2466 5577 tamen
2514 5523 2583 5578 ad
2622 5522 2935 5589 Auxilium,
2968 5518 3014 5574 si
3044 5534 3161 5589 qua
3212 5517 3305 5571 ille
3350 5514 3569 5571 ratione
