4008 6184
356 290 460 343 243

359 415 552 481 posset
578 412 895 480 ostendere,
929 414 1002 469 ob
1032 415 1202 470 unius
1235 423 1526 487 peccatum
1574 426 1748 478 totam
1782 419 2057 475 familiam

353 500 483 570 jure
510 502 1013 565 excommunicari,
1049 520 1106 558 se
1139 511 1400 576 paratum
1430 525 1548 564 esse
1580 512 1650 566 ab
1680 529 1747 567 eo
1786 512 1999 565 discere
2041 524 2054 563 :

358 589 407 643 si
444 606 576 644 vero
621 607 736 645 non
768 597 979 661 posset,
1014 595 1238 664 culpam
1272 596 1328 649 in
1379 613 1446 650 eo
1492 600 1758 667 residere,
1791 599 2058 670 quirem,

360 678 523 748 cujus
572 678 850 735 rationem
884 680 1122 736 reddere
1164 698 1280 737 non
1309 686 1510 753 valeat,
1543 689 1712 743 fuerit
1739 704 2056 759 aggressus.

363 768 635 821 Eumdcm
667 773 851 837 rogat,
896 774 960 822 ut
991 770 1038 823 si
1068 772 1234 841 culpa
1262 779 1422 828 vacet
1464 777 1857 842 Classicianus,
1902 792 2060 829 erro-

365 871 484 910 rem
513 872 704 924 suum,
733 856 790 910 in
824 872 995 929 quem
1027 874 1095 912 ex
1124 860 1375 914 humana
1400 863 1718 943 fragilitate
1765 864 2065 935 prolapsus

365 949 469 1008 est,
519 944 785 1015 corrigat,
843 949 899 999 et
952 950 1110 1017 gesta
1155 949 1530 1005 ecclesiastica
1561 952 1620 1006 in
1650 969 1779 1007 eum
1812 953 2067 1006 confecta

365 1032 670 1086 rescindat.
716 1035 818 1088 Nec
859 1034 1164 1099 arbitreris,
1208 1036 1417 1107 inquit,
1458 1040 1575 1095 ideo
1603 1044 1754 1096 nobis
1784 1058 1887 1097 non
1911 1056 2067 1110 posse

365 1121 647 1190 subrepere
674 1123 933 1189 injustam
964 1128 1381 1193 commotionem,
1418 1131 1549 1198 quia
1570 1132 1806 1200 episcopi
1833 1144 2016 1183 sumus
2051 1145 2063 1183 :

367 1210 462 1264 sed
484 1212 667 1279 potius
689 1212 977 1277 cogitemus
1008 1214 1149 1275 inter
1178 1215 1393 1283 laqueos
1421 1220 1773 1272 tentationum
1801 1232 1896 1272 nos
1921 1219 2066 1288 peri-

292 1302 295 1309 ‘
368 1298 697 1353 culosissime
735 1300 931 1361 vivere,
987 1304 1118 1368 quia
1154 1303 1388 1358 homines
1435 1319 1619 1360 sumus
1664 1306 1850 1374 (Ibid,
1884 1322 1942 1360 η.
1994 1304 2065 1373 3).

370 1385 673 1442 Collationi
720 1387 1151 1456 Carthaginensi
1201 1392 1459 1447 Auxilius
1522 1394 1902 1448 Nurconensis
1952 1394 2071 1463 epi-

371 1492 576 1545 scopus
602 1475 894 1530 intererat.
936 1477 1087 1531 Idem
1117 1478 1164 1530 si
1195 1479 1289 1544 sit,
1321 1496 1437 1534 non
1466 1481 1655 1552 potuit
1684 1483 1807 1536 haec
1834 1482 2073 1554 epistola

373 1566 557 1619 serius
616 1581 736 1619 esse
791 1565 1019 1636 scripta,
1076 1583 1248 1636 quam
1303 1585 1455 1624 anno
1507 1570 2072 1640 quadringentesimo

377 1653 731 1709 duodecimo.
762 1653 868 1709 Sed
897 1658 951 1707 et
968 1671 1118 1725 aegre
1135 1656 1393 1712 animum
1417 1658 1733 1726 induxeris,
1752 1675 1876 1713 eam
1894 1659 2073 1714 multo

378 1747 507 1796 ante
561 1741 937 1811 conscriptam
976 1759 1125 1807 esse;
1169 1760 1299 1799 cum
1347 1747 1700 1817 Augustinus
1740 1764 1890 1802 anno
1935 1764 2074 1818 qua-

380 1830 828 1901 dringentesimo
857 1832 1193 1887 duodecimo
1215 1840 1436 1889 tantum
1457 1836 1740 1891 decimum
1769 1836 2077 1907 septimum

384 1920 766 1990 episcopatus,
805 1921 987 1975 tetatis
1014 1927 1203 1976 autem
1234 1940 1351 1979 suae
1379 1926 1686 1994 septimum
1714 1931 1770 1980 et
1796 1926 2080 1998 quinqua-

382 2007 665 2079 gesimum
686 2024 899 2062 annum
922 2015 1117 2079 ageret
1132 2028 1145 2075 ;
1163 2027 1276 2082 quo
1289 2017 1691 2083 sanetempore
1710 2013 1803 2067 vix
1824 2013 2082 2068 videatur

382 2096 516 2149 satis
563 2102 879 2166 provectus,
919 2102 983 2151 ut.
1010 2116 1139 2153 cum
1169 2101 1395 2155 Auxilio
1424 2108 1717 2173 tamquam
1749 2118 1917 2155 senex
1950 2118 2079 2155 cum

378 2184 609 2251 juvene,
660 2188 831 2254 atque
879 2186 1178 2257 episcopus
1221 2192 1303 2241 tot
1359 2205 1642 2244 annorum
1699 2205 1829 2243 cum
1868 2190 2082 2257 collega

388 2271 628 2324 necdum
687 2272 951 2326 anniculo
998 2275 1286 2344 loquatur.
1335 2276 1447 2346 Ipsi
1477 2282 1669 2331 autem
1718 2277 2081 2345 Classiciano,

388 2377 418 2413 τι
450 2376 563 2427 quo
594 2360 807 2415 litteras
856 2378 1030 2431 super
1058 2363 1151 2415 illa
1192 2379 1251 2416 re
1281 2370 1596 2434 acceperat,
1647 2365 1920 2436 rescripto
1949 2382 2081 2419 cou-

387 2450 579 2504 silium
611 2464 778 2503 suum
812 2455 1180 2520 mentemque
1219 2452 1445 2520 aperuit
1494 2469 1508 2506 :
1541 2456 1668 2520 'Ego
1710 2459 1933 2523 propter
1977 2470 2082 2518 eos,

388 2539 597 2611 inquit,
626 2541 721 2609 qui
743 2553 842 2606 pro
860 2544 1080 2611 peccato
1109 2541 1269 2593 unius
1299 2543 1493 2595 animm
1523 2547 1688 2595 totam
1712 2542 1925 2596 domum
1946 2544 2083 2609 ejus,

387 2628 449 2681 id
477 2633 575 2691 est,
603 2627 873 2695 plurimas
898 2628 1109 2680 animus
1141 2629 1481 2681 anathemate
1504 2629 1700 2698 ligant,
1746 2632 1984 2683 mae-imo
2022 2645 2088 2683 ne

392 2718 470 2771 ibi
513 2722 805 2785 quisquam
848 2717 964 2769 sine
1007 2717 1340 2785 Buptismate
1380 2717 1446 2773 de
1474 2732 1692 2786 corpore
1720 2718 2006 2783 abscedat;
2038 2723 2089 2773 et

386 2813 568 2860 utrum
597 2822 702 2861 non
732 2807 894 2859 etiam
935 2804 1001 2858 de
1043 2806 1261 2859 ecclesia
1283 2806 1522 2874 pellendi
1563 2812 1708 2870 sunt,
1750 2808 1847 2877 qui
1887 2823 1943 2861 eo
1972 2823 2090 2860 con-

385 2898 627 2963 fugiunt,
662 2909 765 2963 quo
787 2893 955 2961 [idem
990 2893 1397 2961 ﬁdejussoribus
1448 2896 1733 2963 frangant,
1794 2895 2090 2964 adjuvante

387 2987 627 3048 Domino,
679 2988 729 3038 et
771 2985 828 3036 in
876 2983 1096 3037 concilio
1142 2987 1324 3036 nostro
1366 2998 1523 3049 agere
1551 2987 1728 3053 cupio.
1770 2990 1820 3038 et
1862 2987 1913 3038 si
1956 3000 2089 3053 opus

384 3073 556 3139 fuerit
586 3072 660 3125 ad
704 3071 891 3126 Sedem
929 3072 1280 3138 apostolicam
1322 3072 1592 3138 scribere;
1623 3077 1684 3126 ut
1710 3075 1769 3126 in
1798 3073 1883 3128 his
1912 3076 2089 3128 causis

388 3161 523 3231 quid
550 3162 704 3228 sequi
731 3159 1035 3223 debeamus,
1068 3160 1318 3213 concordi
1344 3162 1582 3214 omnium
1612 3164 1933 3216 auctoritate
1960 3179 2090 3216 con-

389 3264 415 3302 s
441 3251 652 3301 ituatur
681 3252 842 3314 atque
868 3245 1134 3316 ﬁrmetur.
1161 3248 1305 3300 Illud
1323 3250 1488 3317 plane
1501 3264 1605 3302 non
1625 3255 1813 3303 temere
1832 3251 2087 3315 dimerim,

389 3336 535 3405 quod
571 3338 621 3389 si
667 3337 959 3403 quisquam
989 3334 1231 3403 ﬁdelium
1257 3337 1427 3401 fuerit
1458 3338 1837 3393 anathematus
1861 3340 2087 3408 injuste;

388 3427 437 3478 ei
462 3426 647 3494 potius
671 3423 848 3477 oberit
873 3425 970 3491 qui
997 3425 1183 3489 faciet,
1216 3440 1379 3493 quam
1404 3427 1454 3478 ei
1473 3427 1570 3495 qui
1596 3427 1733 3479 hanc
1750 3430 1994 3497 patietur
2011 3430 2092 3481 in-

381 3513 612 3582 juriam.
665 3513 909 3582 Spiritus
936 3514 1079 3566 enim
1108 3518 1326 3567 sanctus
1371 3514 1625 3568 habitans
1655 3516 1713 3569 in
1742 3518 1963 3582 sanctis,
1995 3532 2093 3585 per

389 3618 544 3673 quem
592 3603 824 3671 quisque
879 3602 1086 3668 ligatur
1141 3607 1238 3656 aut
1275 3604 1524 3668 solvitur,
1580 3605 1905 3658 immeritam
1952 3607 2094 3658 nulli

387 3707 598 3762 plenam
619 3692 821 3759 ingerit
852 3705 865 3744 :
889 3706 991 3759 per
1018 3706 1135 3745 eum
1178 3693 1378 3761 quippe
1408 3691 1745 3761 diffunditur
1763 3692 2002 3746 charitas
2033 3696 2091 3745 in

388 3779 640 3835 cordibus
682 3781 902 3846 nostris,
934 3794 1053 3848 quae
1076 3794 1181 3833 non
1210 3782 1326 3845 agit
1368 3795 1657 3849 perperam
1688 3784 1791 3848 (Eae
1815 3783 1988 3849 Epist.
2018 3780 2092 3834 ad

389 3868 801 3926 Classicianum,
828 3871 951 3936 post
980 3868 1156 3933 Epist.
1190 3870 1315 3929 250,
1344 3872 1481 3921 tome
1510 3872 1565 3934 2,
1595 3884 1724 3937 pag.
1759 3872 1933 3935 133i).

461 3960 513 4009 5.
549 3956 611 4007 In
640 3954 756 4008 suis
788 3954 1157 4008 Sermonibus
1186 3956 1538 4024 Augustinus
1569 3972 1740 4009 vanas
1770 3958 2089 4026 astrologiae

383 4043 705 4116 judiciarias
725 4042 1157 4113 superstitiones
1179 4049 1494 4115 oppugnat,
1517 4045 1724 4115 quibus
1745 4044 2091 4099 Christiano-

388 4150 516 4188 rum
548 4132 721 4187 etiam
753 4131 1076 4201 complures
1106 4132 1326 4186 deditos
1356 4132 1435 4186 sic
1474 4132 1647 4187 fuisse
1698 4133 2087 4204 conqueritur,

390 4226 452 4275 ut
481 4220 741 4275 nonnulli
771 4235 966 4274 coram
1010 4219 1133 4289 ipso
1166 4220 1406 4274 fidenter
1443 4220 1717 4290 dicerent,
1747 4221 1908 4293 quasi
1945 4222 2088 4276 nihil

389 4310 449 4365 in
482 4327 550 4365 ea
578 4326 640 4364 re
671 4308 808 4364 mali
833 4309 1109 4375 subesset,
1146 4308 1314 4363 certis
1341 4326 1398 4364 se
1428 4309 1629 4364 diebus
1660 4327 1771 4364 non
1804 4326 1925 4365 esse
1953 4326 2087 4380 pro-

386 4399 648 4453 fecturos.
689 4398 851 4463 Quod
902 4396 1105 4452 vitium
1161 4397 1242 4450 ita
1287 4398 1520 4470 vulgare
1553 4404 1692 4466 erat,
1730 4403 1788 4454 ut
1817 4399 1905 4453 vix
1938 4400 2090 4453 ullus

386 4484 526 4539 illud
563 4485 983 4555 reprehendere
1006 4484 1262 4539 auderet.
1297 4485 1452 4544 Unde
1484 4485 1563 4540 sic
1602 4488 1915 4541 exclamare
1943 4486 2093 4558 cogi-

387 4577 481 4627 tur
514 4588 528 4626 :
574 4574 665 4627 γε
698 4577 933 4643 peccatis
972 4575 1266 4638 hominum,
1308 4590 1426 4643 quae
1454 4576 1569 4629 sola
1605 4577 1872 4629 inusitata
1895 4577 2092 4630 cichor-

385 4663 641 4715 rescimus
666 4663 998 4732 (Enchirid.,
1032 4678 1095 4720 η.
1140 4665 1226 4732 2t)
1261 4666 1272 4717 !
1320 4664 1720 4718 Verumtamen
1750 4679 1879 4717 cum
1930 4680 2089 4717 vana:

386 4749 559 4820 hujus
610 4753 666 4803 et
722 4749 914 4821 impiae
971 4751 1107 4805 artis
1160 4756 1463 4806 sectatores
1509 4751 1916 4823 (mathematici
1965 4757 2085 4806 tum

388 4836 738 4906 dicebantur)
787 4837 856 4892 ad
910 4839 1342 4895 conversionem
1395 4840 1748 4905 accederent,
1782 4856 1875 4893 eos
1906 4842 2088 4912 poeni-

386 4925 578 4981 tentia:
603 4924 845 4997 publica;
876 4926 1191 4994 addicebat,
1218 4945 1322 4982 nec
1341 4928 1411 4983 ad
1440 4944 1563 4983 eam
1586 4928 1695 4981 nisi
1717 4934 1842 4999 post
1864 4929 2089 4983 crebras

386 5014 798 5088 postulationes
854 5018 910 5067 et
938 5013 1261 5086 interjectas
1289 5032 1480 5071 moras
1511 5017 1866 5072 admittebat.
1915 5017 2089 5088 Cujus

387 5106 471 5160 rei
514 5103 792 5159 habemus
835 5102 1061 5173 insigne
1114 5106 1438 5176 exemplum
1471 5106 1538 5161 ad
1569 5106 1777 5159 calcem
1808 5107 2087 5160 sermonis

387 5194 445 5250 in
476 5194 762 5265 psalmum
793 5191 1210 5261 sexagesimum
1234 5194 1510 5264 primum.
1539 5196 1645 5249 Illa
1675 5197 1921 5250 Ecclesia
1944 5198 2084 5261 sitis,

386 5282 595 5355 inquit,
627 5297 809 5336 unum
840 5296 908 5334 ex
936 5279 1269 5350 hujusmodi
1302 5282 1717 5339 mathematicis
1749 5285 2082 5353 poenitenti-

386 5370 492 5424 bus
519 5372 674 5443 plebi
703 5371 1119 5435 demonstrans,
1149 5372 1311 5424 etiam
1330 5374 1495 5426 istum
1516 5388 1670 5442 quem
1689 5373 2091 5438 videtis,bibere

387 5462 522 5515 vult.
554 5463 729 5518 Simul
756 5463 919 5516 etiam
957 5465 1017 5514 ut
1044 5461 1320 5525 noveritis,
1367 5476 1529 5529 quam
1556 5463 1716 5517 multi
1742 5465 1801 5516 in
1830 5464 2089 5516 commin-

391 5550 534 5603 tione
564 5551 1015 5618 Christianorum,
1044 5564 1134 5605 ore
1153 5563 1249 5604 suo
1279 5548 1614 5620 benedicant,
1644 5555 1695 5605 et
1724 5554 1782 5606 in
1810 5551 1972 5606 corde
1995 5566 2091 5605 suo

1602 296 1759 350 VITA
1798 298 1851 350 S.
1894 294 2269 351 AUGUSTINI
2317 293 2652 348 EPISCUPI.

3761 292 3867 342 “2-H

2168 417 2521 483 maledicunt;
2554 419 2655 470 iste
2682 432 2749 470 ea:
2779 415 3081 471 christiano
3102 418 3152 467 et
3176 414 3325 483 ﬁdeli
3348 413 3608 482 pamitens
3637 412 3795 476 redit,
3822 414 3873 465 et

2171 508 2392 561 territus
2415 509 2677 575 potestate
2714 506 2949 573 Domini,
2987 504 3318 557 convertitur
3344 500 3419 554 ad
3451 500 3875 555 misericordiam

2171 597 2400 649 Domini.
2434 593 2697 648 Seductus
2728 595 2865 646 enim
2882 592 2950 645 ab
2979 592 3217 656 inimico,
3248 606 3367 645 cum
3390 593 3523 644 esset
3549 588 3743 657 ﬁdelis,
3773 587 3879 641 diu

2170 684 2577 737 mathematicus
2617 684 2728 747 fuit
2773 699 2790 734 :
2826 680 3075 734 seductus
3114 679 3384 744 seducens,
3435 678 3681 747 deceptus
3724 677 3877 729 deci-

2171 774 2346 839 piens,
2368 771 2565 836 illexit,
2595 770 2815 835 fefellit,
2846 770 3019 822 multa
3048 767 3327 821 mendacia
3349 768 3554 821 locutus
3580 769 3656 820 est
3685 770 3880 820 contra

2174 862 2359 924 Deum,
2413 860 2510 927 qui
2559 858 2710 912 dedit
2766 856 3069 911 hominibus
3108 858 3425 925 potestatem
3452 853 3695 920 faciendi
3729 852 3881 922 quod

2176 948 2371 1001 bonum
2397 952 2493 1011 est,
2527 953 2576 1000 et
2604 962 2713 1000 non
2739 945 2983 1013 faciendi
3011 945 3157 1015 quod
3176 945 3377 999 malum
3398 949 3495 998 est.
3523 942 3625 999 Iste
3643 943 3873 1006 dicebat,

2176 1038 2306 1105 quia
2332 1035 2662 1089 adulterium
2686 1050 2792 1089 non
2822 1034 3062 1101 faciebat
3085 1034 3333 1087 voluntas
3356 1034 3607 1102 propria,
3636 1032 3726 1085 sed
3759 1031 3877 1085 Ve-

2175 1138 2310 1189 nus;
2340 1128 2390 1177 et
2420 1123 2771 1178 homicidium
2810 1138 2916 1176 non
2955 1122 3194 1188 faciebat
3220 1123 3469 1175 voluntas
3505 1121 3753 1190 propria,
3784 1117 3883 1171 sed

2178 1216 2358 1280 Mars;
2403 1218 2453 1266 et
2474 1213 2685 1281 justum
2727 1226 2832 1265 non
2862 1210 3095 1277 faciebat
3123 1213 3283 1274 Deus,
3314 1208 3410 1263 sed
3435 1209 3582 1263 lovis
3614 1223 3627 1262 :
3668 1212 3720 1261 et
3763 1209 3884 1259 alia

2179 1302 2350 1355 multa
2389 1302 2655 1368 sacrilega
2692 1315 2797 1353 non
2828 1315 3026 1369 parva.
3072 1299 3244 1365 Quam
3279 1298 3463 1352 multis
3514 1312 3632 1351 eum
3667 1300 3883 1365 putatis

2180 1392 2496 1444 christianis
2531 1404 2776 1443 nummos
2802 1388 3128 1443 abstulisse?
3158 1390 3331 1457 Quam
3349 1387 3509 1440 multi
3535 1386 3603 1438 ab
3631 1384 3724 1438 illo
3751 1399 3888 1437 eme-

2180 1483 2309 1531 runt
2354 1477 2735 1532 mendacium?
2770 1477 2948 1543 Modo,
3001 1478 3140 1531 sicut
3170 1476 3235 1529 de
3287 1476 3380 1529 illo
3418 1474 3741 1528 credendum
3781 1477 3879 1536 est,

2184 1569 2396 1621 horruit
2443 1568 2801 1629 mendacium,
2853 1571 2901 1620 et
2942 1568 3232 1619 multorum
3278 1566 3547 1619 hominum
3595 1566 3883 1618 illectorem

2183 1672 2238 1711 se
2287 1655 2584 1724 aliquando
2629 1672 2661 1710 a
2706 1655 2920 1709 diabolo
2952 1657 3119 1709 sensit
3160 1656 3423 1716 illectum;
3458 1655 3791 1707 convertitur
3814 1652 3887 1705 ad

2185 1748 2351 1800 Deum
2394 1747 2673 1814 paenitens.
2722 1747 3002 1808 Putamus,
3050 1747 3276 1811 fratres,
3331 1744 3397 1797 de
3442 1759 3634 1811 magno
3702 1745 3888 1796 timore

2188 1833 2364 1887 cordis
2394 1833 2670 1888 accidisse.
2718 1833 2861 1900 Quid
2891 1835 3032 1887 enim
3069 1832 3276 1886 dicturi
3303 1831 3527 1886 sumus?
3553 1833 3800 1899 Namque
3840 1831 3891 1884 si

2188 1938 2256 1977 ea:
2277 1938 2494 1992 pagano
2520 1928 2915 1977 converteretur
2933 1923 3364 1989 mathematicus,
3392 1937 3649 1987 magnum
3673 1921 3889 1990 quidem

2188 2016 2321 2066 esset
2349 2012 2640 2080 gaudium;
2672 2012 2767 2064 sed
2795 2016 2969 2064 tamen
3006 2014 3184 2080 posset
3211 2010 3408 2074 videri,
3442 2011 3572 2078 quia
3602 2011 3653 2063 si
3682 2024 3890 2063 conver-

2189 2115 2280 2153 sus
2330 2105 2483 2168 esset,
2533 2101 2843 2155 clericatum
2899 2104 3159 2169 quaereret
3201 2101 3258 2151 in
3318 2099 3571 2153 Ecclesia.
3624 2100 3893 2152 Pa’nitens

2190 2193 2296 2255 est;
2353 2205 2460 2243 non
2515 2192 2710 2258 quaerit
2756 2191 2868 2242 nisi
2917 2190 3084 2241 solam
3122 2187 3567 2241 mismicordiam.
3618 2187 3892 2241 Commen-

2193 2277 2408 2332 dandus
2433 2282 2510 2331 est
2545 2293 2669 2344 ergo
2698 2280 2747 2330 et
2775 2279 2938 2331 oculis
2968 2282 3018 2330 et
3046 2276 3292 2330 cordibus
3323 2277 3536 2329 vestris.
3570 2277 3711 2329 Eum
3739 2291 3893 2343 quem

2192 2366 2410 2433 videtis,
2441 2365 2692 2420 cordibus
2729 2371 2925 2430 amate,
2975 2367 3142 2420 oculis
3181 2368 3328 2418 custo
3345 2364 3460 2417 tite.
3498 2364 3687 2418 Videte
3718 2365 3890 2426 illum.

2193 2457 2378 2507 scitote
2420 2456 2594 2520 illum,
2639 2460 2691 2509 ct
2747 2470 3079 2523 quacumque
3126 2454 3216 2507 ille
3263 2454 3561 2516 transierit,
3619 2454 3894 2517 fratribus

2196 2546 2418 2611 exteris,
2440 2546 2537 2612 qui
2561 2544 2715 2597 modo
2742 2543 2827 2596 hic
2852 2559 2957 2596 non
2985 2547 3129 2607 sunt,
3156 2543 3417 2595 ostendite
3444 2543 3599 2595 illum
3640 2556 3655 2594 :
3691 2546 3741 2594 et
3791 2545 3893 2594 ista

2197 2629 2485 2697 diligentia
2510 2632 2883 2685 misericordia
2908 2635 3004 2694 est,
3028 2646 3093 2683 ne
3118 2631 3208 2683 ille
3234 2629 3484 2683 seductor
3505 2630 3758 2684 retrahat
3786 2644 3892 2693 crr,

2196 2723 2247 2770 et
2283 2723 2571 2788 oppugnet.
2609 2718 2883 2774 Custodite
2917 2734 3030 2781 vos,
3071 2733 3176 2770 non
3218 2732 3309 2771 vos
3355 2719 3521 2771 lateat
3567 2721 3900 2771 conversatio

2198 2808 2334 2872 ejus,
2388 2809 2483 2860 via
2526 2808 2671 2876 ejus;
2703 2812 2764 2860 ut
2794 2808 3089 2861 testimonio
3120 2812 3295 2860 vestro
3324 2807 3477 2859 nobis
3524 2806 3898 2875 canﬁmnetur,

2198 2910 2317 2946 rere
2345 2896 2497 2948 illum
2538 2895 2612 2948 ad
2650 2897 2926 2949 Dominum
2966 2909 3076 2947 esse
3102 2909 3428 2948 conversum.
3466 2896 3580 2949 Non
3608 2897 3751 2948 enim
3780 2897 3903 2948 silc-

2200 2983 2275 3035 bit
2304 2985 2457 3049 fama
2488 2983 2553 3036 de
2596 2986 2711 3037 vita
2760 2984 2900 3051 ejus,
2945 2982 3162 3052 quando
3193 2986 3271 3036 sic
3299 2984 3445 3037 vobis
3474 2988 3526 3035 et
3557 2984 3827 3037 videndus
3855 2989 3906 3035 et

2197 3068 2537 3124 miserandus
2569 3071 2810 3139 offertur.
2845 3073 3023 3126 Nostis
3064 3070 3121 3124 in
3148 3070 3358 3125 actibus
3387 3071 3773 3139 Apostolorum
3798 3086 3905 3125 esse

2197 3160 2478 3227 scriptum,
2522 3162 2651 3227 quia
2688 3161 2847 3212 multi
2873 3160 3095 3227 perditi,
3141 3159 3202 3211 id
3230 3164 3323 3221 est,
3358 3161 3551 3212 talium
3574 3162 3784 3213 artium
3815 3160 3901 3212 ho—

2200 3249 2366 3300 mines
2419 3252 2468 3299 et
2533 3248 2903 3300 doctrinarum
2961 3250 3300 3313 nrfariarum
3361 3252 3671 3309 sectatores,
3726 3262 3902 3302 omnes

2200 3336 2403 3389 codices
2432 3351 2554 3389 suos
2574 3335 2649 3387 ad
2679 3337 2960 3405 Apostolos
2988 3336 3306 3395 attulerunt.
3330 3341 3381 3389 et
3404 3337 3612 3390 incensi
3627 3341 3762 3391 sunt
3780 3337 3908 3389 libri

2203 3430 2309 3477 tum
2351 3424 2530 3488 multi,
2562 3428 2621 3477 ut
2665 3427 2959 3494 pertineret
3011 3424 3086 3477 ad
3132 3427 3445 3494 scriptorem
3495 3427 3904 3478 arstimationem

2199 3529 2379 3566 em‘um
2408 3516 2610 3580 facere,
2657 3519 2707 3566 et
2750 3528 3013 3567 summam
3039 3515 3207 3582 pretii
3232 3513 3560 3566 conscribere
3589 3513 3742 3578 (Act.
3797 3529 3905 3577 xu,

2206 3603 2310 3670 19).
2343 3603 2452 3656 Hoc
2506 3603 2694 3671 utique
2738 3607 2960 3670 propter
3001 3602 3232 3669 gloriam
3282 3600 3391 3666 Dei,
3444 3616 3509 3654 ne
3554 3602 3692 3655 tales
3744 3604 3907 3655 etiam

2199 3690 2403 3758 perditi
2445 3689 2860 3758 desperarentur
2904 3690 2971 3742 ab
3010 3691 3123 3755 illo,
3170 3691 3266 3758 qui
3294 3691 3444 3743 novit
3485 3705 3728 3759 quaerere
3768 3691 3908 3759 quod

2195 3779 2449 3846 perierat.
2511 3780 2752 3833 Perierat
2801 3793 2925 3847 ergo
2971 3780 3090 3844 iste,
3134 3793 3275 3832 nunc
3320 3781 3597 3846 quzcsilus,
3632 3780 3902 3839 inventus,

2199 3866 2465 3921 adductus
2518 3872 2596 3921 est
2624 3885 2640 3921 :
2671 3871 2853 3935 portat
2897 3881 3072 3920 secum
3121 3866 3326 3920 codices
3374 3865 3760 3932 incendendos,
3816 3881 3910 3935 per

2199 3969 2330 4023 quos
2358 3957 2543 4021 fuerat
2571 3955 2964 4022 incendendus;
3004 3960 3066 4009 ut
3120 3956 3234 4010 illis
3261 3958 3322 4009 in
3345 3958 3521 4023 ignem
3556 3958 3765 4025 missis,
3796 3959 3909 4026 ipse

2198 4045 2256 4096 in
2284 4045 2635 4112 refrigerium
2663 4049 2919 4098 transeat.
2950 4044 3152 4099 Sciatis
3175 4059 3289 4098 eum
3323 4048 3518 4115 tamen,
3549 4044 3909 4111 fratrcsmlim

2197 4132 2417 4199 pulsare
2473 4132 2547 4186 ad
2576 4134 2870 4187 Ecclesium
2900 4138 3024 4186 ante
3064 4133 3273 4187 Pascha
3316 4151 3333 4185 :
3377 4136 3501 4186 ante
3534 4133 3744 4186 Pascha
3773 4132 3909 4185 enim

2198 4223 2355 4288 erepit
2401 4227 2581 4291 petere
2638 4221 2703 4275 de
2751 4223 2985 4276 Ecclesia
3023 4222 3230 4277 Christi
3254 4221 3597 4274 medicinam.
3633 4221 3743 4275 Sed
3772 4224 3900 4291 quia

2199 4311 2327 4364 talis
2356 4314 2434 4363 est
2462 4326 2574 4375 ars,
2606 4312 2664 4363 in
2692 4326 2801 4380 qua
2829 4312 3155 4363 exercitatus
3181 4314 3317 4372 erat,
3346 4324 3463 4377 quae
3491 4315 3746 4378 suspecta
3775 4314 3907 4363 esset

2198 4399 2264 4453 de
2290 4399 2565 4453 mendacio
2589 4403 2751 4468 atque
2789 4400 3039 4465 fallacia.
3081 4398 3285 4452 dilatus
3320 4404 3416 4458 est.
3448 4413 3511 4451 ne
3542 4402 3817 4461 tentaret;
3859 4403 3908 4451 et

2198 4488 2495 4557 aliquando
2510 4493 2684 4542 tamen
2710 4488 2980 4542 admissus
3001 4491 3096 4553 est,
3118 4502 3182 4539 ne
3200 4489 3559 4556 periculosius
3580 4490 3905 4540 tentaretur.

2199 4578 2361 4633 Orate
2386 4592 2485 4646 pro
2513 4576 2605 4630 illo
2633 4592 2730 4646 per
2761 4577 3052 4632 Christum.
3084 4589 3308 4645 prorsus
3338 4576 3657 4629 hodiernam
3694 4591 3907 4645 precem

2197 4682 2295 4735 pro
2322 4667 2415 4720 illo
2428 4665 2647 4731 fundite
2673 4666 2890 4720 Domino
2919 4667 3019 4719 Deo
3047 4669 3252 4718 nostra.
3290 4665 3497 4720 Scimus
3518 4666 3662 4718 enim
3685 4669 3739 4717 et
3768 4666 3905 4717 certi

2197 4770 2402 4820 sumus,
2436 4756 2567 4823 quia
2617 4756 2790 4809 oratio
2839 4758 3019 4809 vestra
3048 4753 3187 4807 delet
3213 4767 3394 4807 omnes
3418 4754 3731 4823 impietates
3769 4752 3904 4822 ejus.

2203 4846 2453 4898 Dominus
2482 4844 2753 4897 vobiscum
2784 4842 3005 4912 (Enarr.
3035 4844 3095 4895 in
3125 4843 3270 4896 Psal.
3311 4858 3420 4908 ωτι,
3450 4857 3506 4895 n.
3535 4840 3645 4911 23).

2270 4936 2321 4986 6.
2380 4932 2620 4996 Quidam
2674 4932 2909 4985 nomine
2953 4930 3292 5001 Lampadius
3343 4931 3595 5002 aliquam
3625 4929 3765 4984 huic
3794 4927 3904 4982 arti

2198 5019 2369 5073 ﬁdem
2398 5018 2718 5073 adhibebat.
2744 5020 2800 5073 Id
2833 5017 2930 5072 ubi
2970 5018 3321 5087 Augustinus
3352 5034 3418 5072 ex
3463 5016 3758 5088 colloquio
3785 5015 3904 5087 pri-

2200 5124 2378 5170 mum,
2412 5108 2544 5162 dein
2574 5123 2641 5161 ex
2680 5107 2882 5161 litteris
2922 5105 2990 5159 ab
3043 5107 3243 5161 eodem
3300 5106 3542 5177 acceptis
3571 5106 3791 5161 certius
3817 5104 3911 5158 in-

2198 5196 2436 5265 tellexit,
2483 5196 2679 5267 paucis
2722 5195 2775 5249 ei
2819 5194 3109 5265 rescripsit
3148 5197 3344 5264 (Epist.
3395 5197 3541 5262 246),
3573 5194 3737 5266 leges
3767 5192 3911 5249 divi-

2198 5302 2300 5339 nas
2352 5291 2409 5340 et
2463 5285 2763 5349 humanas,
2817 5284 3126 5355 omniaque
3180 5283 3425 5354 publica:
3473 5299 3536 5336 ac
3574 5282 3910 5338 domesticae

2200 5372 2515 5444 disciplima
2542 5372 2820 5438 instituta,
2852 5372 3133 5442 perversis
3157 5371 3257 5425 fati
3279 5375 3333 5423 et
3363 5370 3585 5424 virtutis
3615 5376 3908 5424 astrorum

2201 5462 2256 5517 in
2288 5463 2567 5516 humanas
2597 5462 2843 5516 actiones
2883 5460 3252 5531 opinionibus
3290 5458 3522 5529 penitus
3574 5458 3911 5513 labefactari

2205 5555 2375 5623 atque
2404 5540 2652 5606 subverti
2693 5566 2707 5605 :
2754 5549 2908 5622 ipsos
2936 5549 3106 5604 etiam
3146 5547 3580 5604 mathematicos
3605 5564 3725 5603 non
3757 5548 3900 5603 adeo
