4008 6184
180 212 321 264 245.

180 331 463 397 insanire,
496 338 556 387 ut
579 333 785 389 domus
813 353 932 391 suae
960 342 1329 394 moderamen
1353 340 1423 395 ad
1444 340 1601 397 illius
1625 344 1895 411 scientiae,

186 436 355 490 quam
406 422 535 475 aliis
568 423 775 492 grandi
804 425 1049 495 pecunia
1079 428 1413 498 venderent,
1459 432 1736 486 amussim
1762 451 1902 488 nor—

193 525 462 580 mamquc
496 510 967 585 dirigant.Bogat
990 532 1219 586 quoque
1251 519 1653 589 Lampadium,
1681 523 1896 593 utquid

190 599 251 653 de
279 598 391 652 hac
422 598 669 668 epistola
714 603 941 671 sentiat,
972 605 1334 660 rescribendo
1367 608 1601 664 edoceat
1644 627 1656 664 :
1691 627 1821 681 quae
1852 598 1899 665 si

190 689 303 755 ejus
333 687 598 743 aviditati
616 706 735 743 non
761 691 1025 759 sufﬁciat,
1050 693 1339 765 integrum
1367 696 1473 751 hac
1503 698 1572 752 de
1595 714 1656 753 re
1688 700 1897 755 librum

188 776 233 830 ei
256 776 597 846 pollicetur;
629 778 801 834 modo
830 784 1113 851 exspectet
1142 782 1280 837 dum
1309 783 1366 839 id
1394 801 1500 855 per
1529 785 1709 842 otium
1739 805 1895 843 exse-

185 864 281 934 qui
308 866 519 935 possit,
553 870 611 921 et
652 866 919 938 promissi
948 870 1037 924 sui
1083 873 1426 928 memoriam
1454 874 1764 931 identidem
1805 894 1894 932 re-

180 953 383 1007 tricare
414 969 536 1007 non
562 961 848 1024 gravetur.

843 1044 1068 1100 CAPUT
1108 1047 1249 1103 VIII.

308 1146 607 1186 AUGUSTINI
643 1148 715 1186 AD
755 1148 1007 1187 PRIVATOS
1046 1151 1246 1190 MONITA
1286 1152 1347 1190 ΕΤ
1388 1153 1763 1195 ΗΟΒΤΑΜΕΝΤΑ.

180 1223 197 1273 l
238 1220 589 1275 Christinum
617 1221 691 1275 ad
710 1225 963 1291 pietatem
983 1225 1245 1292 incendit,
1273 1228 1306 1279 2
1330 1226 1610 1283 Adversus
1629 1229 1892 1284 scandala

241 1310 569 1364 corroborat
614 1310 1011 1366 Sebastianum.
1060 1315 1090 1367 3
1130 1315 1203 1368 Et
1239 1316 1586 1371 Restitutum.
1618 1320 1648 1371 4
1678 1319 1885 1373 Chrisi-

235 1413 387 1451 mum
440 1415 477 1452 a
506 1398 877 1468 desperatione
922 1407 1153 1456 revocat.
1205 1406 1235 1457 5
1283 1404 1519 1459 Ecdiciw
1545 1408 1652 1474 piae
1673 1409 1889 1473 femina

239 1488 616 1542 inconsultam
663 1488 863 1555 agendi
904 1493 1168 1546 rationem
1219 1496 1432 1559 arguit.
1487 1497 1517 1548 6
1550 1494 1888 1551 Obduratum

233 1575 486 1632 Cornelii
513 1580 757 1632 animum
798 1580 1013 1647 premit.
1064 1583 1094 1634 7
1143 1581 1508 1635 Florentinam
1549 1597 1650 1650 per
1675 1583 1883 1638 litteras

228 1665 427 1721 docere
470 1683 579 1722 non
620 1672 851 1723 recusat.
885 1672 916 1724 8
962 1669 1240 1725 Fabiolam
1289 1676 1480 1738 monet,
1537 1675 1886 1741 presentiam

227 1760 555 1811 sanctorum
615 1773 834 1827 corpore
873 1762 1045 1826 tenus,
1100 1775 1297 1829 parum
1349 1760 1703 1830 expetendam
1751 1776 1877 1817 esse.

229 1847 262 1899 9
296 1847 538 1912 Pupilla?
566 1863 752 1901 curam
778 1850 938 1915 gerit.

234 1938 284 1987 l.
318 1934 396 1987 Ex
434 1942 548 1988 tam
582 1934 777 1988 multis
808 1935 1316 2003 lucubrationibus,
1352 1954 1494 2008 quas
1526 1937 1881 2008 Augustinus

158 2021 228 2074 ad
264 2022 529 2092 privatos
559 2027 657 2076 aut
674 2022 1050 2078 instituendos
1071 2030 1169 2078 aut
1187 2026 1500 2080 hortandos
1519 2026 1877 2096 conscripsit,

156 2126 252 2162 cas
306 2110 423 2163 hoc
466 2110 614 2163 libro
659 2112 806 2164 solas
835 2126 1241 2180 memoramus,
1275 2114 1483 2184 quibus
1512 2115 1879 2169 recensendis

152 2200 314 2251 locus
358 2198 745 2268 opportunior
774 2215 893 2253 non
923 2200 1168 2255 videtur.
1203 2204 1341 2257 Cum
1373 2202 1607 2273 quidam
1639 2204 1877 2258 Christi-

154 2301 264 2339 nus
317 2286 579 2354 nomine,
629 2288 981 2357 professione
1029 2288 1390 2356 christianus,
1444 2292 1631 2345 solum
1691 2297 1877 2346 tamen

150 2374 627 2441 catechumenus,
662 2381 760 2430 aut
798 2378 995 2430 saltem
1048 2378 1240 2432 saeculi
1284 2379 1503 2449 laqueis
1531 2379 1875 2450 implicatus,

150 2462 440 2516 olﬁciosas
460 2463 532 2517 ad
561 2479 695 2517 cum
717 2464 1033 2534 scripsisset
1057 2466 1291 2532 litteras,
1318 2473 1373 2520 et
1393 2466 1463 2520 ab
1483 2484 1548 2520 eo
1576 2467 1875 2537 epistolam

154 2550 501 2623 ﬂagitasset;
549 2552 668 2622 egit
694 2553 779 2607 illi
819 2554 1030 2625 gratias
1061 2572 1164 2625 pro
1206 2557 1326 2625 ejus
1358 2556 1612 2610 ofﬁciosa
1644 2558 1877 2612 urbani-

149 2645 282 2706 tate,
316 2647 375 2695 ct
407 2644 480 2695 ad
516 2641 786 2712 pietatem
818 2644 1079 2697 hortatus
1110 2650 1192 2698 est
1222 2644 1327 2698 hac
1357 2645 1515 2699 brevi
1541 2646 1826 2700 sententia
1858 2664 1870 2701 :

149 2732 279 2785 Cum
307 2733 367 2784 in
398 2732 601 2784 itinere
628 2733 726 2785 Dei
753 2733 1010 2797 faciliora
1036 2737 1085 2786 et
1114 2736 1415 2802 fructuosa,
1445 2736 1648 2802 ignava
1674 2738 1875 2801 formi-

152 2819 277 2872 dine
310 2822 664 2887 fugiuntur;
715 2822 773 2874 in
800 2822 990 2874 itinere
1025 2822 1274 2875 sweulari
1304 2822 1531 2877 duriora
1569 2828 1619 2877 et
1663 2827 1875 2880 sterilia

148 2924 453 2962 mmnoso
485 2909 668 2963 labore
698 2910 996 2963 tolerantur
1035 2910 1229 2979 (Epist.
1260 2910 1405 2980 256).

212 3000 268 3051 2.
303 2997 686 3056 Sebastianus
735 2997 1044 3052 monachus
1087 3003 1145 3052 et
1174 2998 1367 3064 abbas,
1402 2998 1517 3053 sive
1548 3003 1754 3053 sanctae
1788 2998 1869 3053 fa-

151 3086 323 3139 milia:
359 3086 728 3156 przepositus,
761 3087 1094 3156 aliquandiu
1123 3087 1483 3141 familiariter
1513 3104 1647 3141 usus
1677 3090 1868 3158 Augu-

149 3175 319 3237 stino,
354 3174 674 3244 plurimam
714 3192 830 3230 suae
861 3176 1087 3246 pietatis
1118 3176 1591 3231 existimationem
1623 3177 1868 3247 relique-

152 3269 257 3316 rat.
275 3264 367 3317 Ad
388 3264 783 3334 Augustinum
810 3268 1022 3334 postea,
1058 3270 1114 3319 et
1133 3265 1202 3319 ad
1222 3264 1513 3335 Alypium,
1539 3270 1601 3318 ut
1623 3265 1864 3331 videtur,

152 3351 372 3405 litteras
388 3352 645 3422 scripsit,
668 3369 808 3422 quas
828 3352 1179 3422 Augustinus
1199 3353 1590 3423 gratabundus
1611 3353 1826 3423 accepit
1850 3371 1862 3409 :

149 3457 400 3512 cumque
450 3440 513 3494 in
568 3440 655 3494 his
698 3440 1059 3495 Sebastianus
1108 3441 1179 3494 ob
1228 3447 1457 3511 peccata
1501 3448 1555 3496 et
1603 3444 1865 3497 scandala

149 3532 509 3602 iniquorum,
544 3530 715 3584 taedio
741 3546 799 3583 se
822 3529 1089 3584 affectum
1119 3534 1450 3596 testaretur;
1475 3530 1865 3585 sanctissimus

151 3620 364 3673 Prassul
393 3619 555 3673 illius
604 3618 788 3673 zelum
821 3618 1079 3690 impense
1108 3620 1380 3689 laudavit,
1415 3637 1548 3675 eum
1572 3626 1764 3675 tamen
1796 3621 1864 3675 ad

150 3709 666 3775 perseverantiam,
709 3714 767 3762 et
810 3708 876 3762 ad
936 3708 1201 3763 solatium
1250 3725 1418 3763 suum
1463 3708 1524 3763 in
1576 3710 1864 3764 bonorum

150 3798 392 3850 fratrum
427 3796 718 3865 probitate
778 3801 949 3866 atque
989 3796 1050 3849 in
1094 3797 1360 3851 lidelibus
1410 3797 1512 3851 Dei
1567 3797 1864 3868 promissis

150 3884 533 3953 quaerendum
564 3883 824 3937 hortatus
868 3888 971 3937 est.
1002 3884 1237 3954 Alypius
1284 3901 1435 3950 vero,
1467 3901 1598 3939 cum
1627 3886 1695 3940 ad
1731 3902 1862 3940 eum

151 3975 447 4042 propriam
481 3972 784 4043 epistolam
833 3973 1076 4027 scribere
1106 3972 1403 4044 potuisset,
1446 3974 1649 4029 maluit
1672 3978 1864 4045 Augu-

150 4062 280 4116 stini
326 4062 594 4131 epistolas
640 4076 821 4132 pauca
864 4061 1115 4115 ofﬁciosa
1157 4063 1325 4115 verba
1372 4068 1642 4129 attexere,
1693 4063 1862 4134 eique

150 4152 531 4217 subscribere,
558 4155 620 4205 ut
641 4167 840 4205 eorum
859 4150 1298 4205 unanimitatem
1322 4168 1433 4206 una
1460 4152 1631 4205 etiam
1652 4152 1863 4222 pagina

151 4244 462 4293 testaretur
491 4241 696 4308 (Epist.
722 4241 867 4309 248).

221 4332 273 4383 3.
319 4330 467 4383 Cum
498 4328 552 4382 ei
586 4329 913 4397 Deogratias
942 4327 1063 4395 (ille
1102 4327 1254 4382 idem
1298 4326 1417 4397 ipse
1459 4325 1731 4394 fortassis,
1789 4329 1858 4382 ad

154 4432 323 4484 quem
352 4417 495 4470 alibi
526 4415 722 4470 scribit
749 4416 1123 4487 Augustinus)
1154 4415 1457 4469 indicasset
1487 4421 1656 4469 aestus
1682 4415 1861 4470 animi

152 4504 449 4573 cujusdam
501 4503 727 4558 diaconi
767 4504 1029 4559 catholici
1077 4504 1380 4573 (Restituto
1442 4518 1649 4557 nomen
1695 4510 1857 4572 erat),

154 4593 251 4661 qui
289 4609 460 4663 aeque
508 4609 572 4646 ac
611 4592 993 4659 Sebastianus,
1036 4593 1455 4647 Catholicorum
1496 4591 1630 4645 vitia
1658 4591 1857 4662 iniquo

156 4681 375 4735 videtur
426 4681 622 4735 tulisse
651 4683 882 4749 animo;
915 4681 1205 4751 rescripsit
1234 4681 1366 4757 huic
1397 4680 1697 4748 Restituto,
1728 4698 1856 4735 sna-

155 4770 336 4841 sitque
369 4776 435 4824 ut
464 4770 739 4840 Tychonii
760 4770 1068 4829 Donatista:
1095 4770 1303 4824 librum
1332 4770 1400 4825 de
1432 4770 1676 4825 Ecclesia
1704 4771 1858 4840 lcgc-

156 4864 254 4921 ret,
287 4859 627 4930 cogniturus
668 4875 735 4913 ex
766 4859 888 4930 eius
932 4858 1192 4925 lectione,
1226 4859 1403 4913 honos
1432 4875 1561 4913 cum
1593 4859 1760 4913 malis
1785 4860 1855 4914 ad

157 4950 323 5004 ﬁnem
353 4966 540 5021 usque
575 4948 769 5003 saeculi
801 4948 1077 5020 permixte
1104 4965 1223 5003 esse
1256 4948 1521 5003 victuros.
1555 4950 1744 5004 Monet
1772 4952 1855 5003 ta-

157 5054 299 5104 men,
333 5038 695 5109 Tychonium
724 5055 905 5110 pauca
958 5038 1143 5092 solum
1189 5038 1295 5092 hac
1328 5038 1396 5092 de
1437 5054 1500 5092 re
1551 5037 1855 5108 Scriptura)

156 5126 478 5181 testimonia
532 5126 861 5198 protulisse,
912 5125 1275 5196 cavendaque
1320 5142 1440 5180 esse
1488 5142 1616 5195 quas
1670 5125 1765 5179 ille
1797 5125 1856 5180 in

155 5216 465 5271 schismatis
502 5258 518 5285 ,
572 5215 664 5269 cui
733 5215 1115 5282 adhaerebat,
1176 5214 1562 5286 patrocinium
1626 5214 1858 5269 adducit

158 5306 342 5373 (Epist.
378 5305 527 5374 249).

218 5396 267 5448 4.
304 5394 515 5449 Fidelis
546 5392 785 5464 quidam
816 5392 1100 5463 Baptismo
1130 5391 1410 5457 initiatus,
1442 5393 1673 5448 nomine
1704 5393 1857 5448 Chri-

158 5481 344 5551 simus,
386 5483 489 5557 qui
524 5482 765 5537 verbum
812 5482 910 5537 Dei
959 5481 1207 5537 studiose
1240 5498 1465 5550 semper
1488 5481 1766 5548 audierat,
1800 5485 1857 5535 et

1626 222 1834 278 LIBER
1872 224 2218 288 QUARTUS.

3600 239 3704 293 246

2013 349 2276 403 cordatus
2304 349 2642 419 habebatur,
2674 367 2804 405 cum
2845 352 3128 406 bonorum
3172 370 3403 410 suorum
3425 356 3706 426 jacturam

2010 437 2250 504 fecisset,
2282 437 2342 491 in
2372 454 2498 492 eam
2530 438 2706 493 animi
2736 438 3227 510 perturbationem
3260 442 3477 511 incidit,
3507 449 3570 499 ut
3598 446 3706 502 sibi

2010 541 2211 580 manus
2242 526 2520 581 violentas
2550 527 2811 581 illaturus
2849 526 3156 582 videretur.
3193 530 3351 593 Quod
3382 532 3481 586 ubi
3509 548 3707 587 rumor

2008 615 2078 669 ad
2106 615 2492 686 Augustinum
2526 616 2748 683 detulit,
2779 633 3002 670 summa
3030 617 3127 671 ille
3159 618 3519 674 miseratione
3546 637 3704 674 com-

2004 708 2212 770 motus,
2258 721 2360 775 per
2388 705 2608 760 litteras
2637 722 2757 760 non
2794 706 3205 761 benevolentiae
3234 709 3425 774 modo,
3460 710 3558 764 sed
3588 709 3705 764 exi-

2003 792 2343 847 stimationis
2375 794 2545 848 etiam
2583 795 2800 865 plenas,
2834 812 2965 849 eum
2994 795 3250 849 hortatus
3281 802 3386 865 est,
3412 813 3483 851 ne
3509 797 3569 850 in
3599 799 3703 852 ad-

2002 880 2195 945 versis,
2238 898 2365 948 qua:
2414 883 2561 937 Deus
2607 883 2679 936 ad
2710 884 2831 953 ejus
2870 884 3108 938 salutem
3140 884 3476 951 immiserat,
3512 885 3704 940 animo

2000 970 2285 1025 deficeret.
2321 972 2510 1025 Brevis
2541 980 2625 1025 est
2650 972 2771 1025 haec
2792 972 3048 1041 epistola,
3077 973 3175 1027 sed
3204 973 3432 1043 pietatis
3461 979 3519 1027 et
3548 975 3704 1046 inge-

1999 1058 2177 1113 niosse
2226 1060 2515 1114 cbaritatis
2556 1060 2905 1131 plenissima.
2953 1060 3134 1115 Simul
3183 1062 3255 1115 ad
3306 1078 3438 1116 eum
3484 1062 3702 1118 litteras

2001 1145 2200 1213 misit,
2251 1163 2393 1216 quas
2448 1147 2521 1201 ad
2565 1148 2847 1201 Comitem
2890 1147 3045 1202 illius
3100 1164 3234 1219 ergo
3290 1148 3705 1220 conscripserat

1996 1238 2203 1303 (Epist.
2235 1238 2384 1305 244).

2172 1324 2439 1395 Epistula,
2500 1339 2627 1395 qua:
2677 1326 2762 1377 est
2808 1324 2876 1378 ad
2935 1324 3229 1387 Ecdiciam,
3262 1326 3490 1396 gravius
3521 1343 3695 1398 argu-

1996 1416 2252 1465 mentum
2277 1411 2691 1482 complectitur.
2719 1411 2921 1465 Fidelis
2935 1412 3059 1466 hzec
3077 1416 3217 1479 erat,
3247 1416 3302 1465 et
3321 1412 3474 1467 ﬁdeli
3498 1418 3698 1484 nupta,

1995 1516 2063 1551 cx
2094 1516 2205 1569 quo
2246 1500 2430 1553 ﬁlium
2456 1504 2777 1569 pepererat.
2806 1502 3071 1554 Attamen
3102 1517 3217 1555 non
3247 1505 3537 1571 expectato
3566 1518 3695 1556 ma-

1992 1588 2088 1641 riti
2115 1604 2391 1642 consensu
2431 1588 2799 1642 continentiae
2830 1594 3024 1643 votum
3055 1590 3423 1660 nuncupavit,
3456 1607 3569 1644 non
3600 1591 3696 1645 ad-

1992 1682 2216 1731 vertens
2247 1694 2307 1731 se
2353 1676 2582 1731 virtutis
2634 1678 2823 1747 hujus,
2859 1677 3118 1748 quamvis
3148 1694 3273 1732 eam
3318 1695 3432 1732 non
3464 1679 3692 1744 coleret,

1992 1766 2230 1837 praemio
2262 1765 2499 1820 minime
2527 1765 2855 1829 carituram,
2884 1766 2930 1820 si
2953 1784 3068 1820 non
3088 1784 3224 1833 suae,
3256 1768 3352 1822 sed
3385 1768 3473 1822 sui
3503 1770 3698 1840 conju-

1990 1853 2074 1925 gis
2102 1854 2426 1908 inﬁrmitati
2446 1854 2686 1908 cederet.
2714 1855 2918 1908 Verum
2948 1855 3093 1908 hanc
3113 1857 3337 1925 culpam
3361 1856 3493 1910 felix
3520 1874 3694 1911 even-

1989 1947 2079 1996 tus
2126 1943 2409 2013 reparavit
2464 1958 2476 1996 :
2536 1943 2774 1996 maritus
2834 1942 2986 1997 enim
3045 1943 3237 1998 uxoris
3293 1960 3409 1998 sua!
3467 1950 3692 1998 secutus

1990 2032 2334 2101 exemplum,
2392 2029 2593 2085 eodem
2645 2047 2699 2084 se
2754 2030 3141 2085 continentia:
3175 2034 3302 2084 voto
3360 2032 3687 2098 adstrinxit;

1989 2120 2180 2190 sicque
2227 2119 2549 2188 complures
2598 2135 2779 2173 annos
2824 2136 2937 2190 quo
2990 2119 3236 2173 sanctius
3275 2123 3330 2174 et
3359 2120 3586 2189 castius,
3620 2138 3688 2175 eo

1988 2208 2176 2262 verius
2206 2210 2262 2261 et
2290 2206 2625 2262 concordius
2656 2208 2927 2277 conjuges
2959 2212 3310 2262 manserunt.
3340 2210 3399 2262 In
3420 2209 3527 2261 hoc
3556 2226 3687 2278 pro-

1988 2296 2173 2368 posito
2224 2296 2521 2351 communi
2570 2296 2799 2365 mulier,
2850 2295 2965 2349 sive
3011 2295 3072 2350 in
3121 2295 3450 2351 abdicandis
3498 2298 3692 2351 saeculi

1988 2387 2259 2455 moribus,
2295 2385 2409 2439 sive
2455 2384 2517 2439 in
2560 2384 2703 2456 stipe
2753 2384 3099 2455 pauperibus
3148 2386 3432 2455 eroganda
3484 2385 3690 2440 fortior

1989 2472 2297 2530 videbatur.
2332 2477 2538 2529 Verum
2565 2490 2692 2528 cum
2724 2474 2795 2527 ad
2817 2473 3115 2527 arbitrium
3147 2480 3466 2545 nutumque
3495 2473 3597 2527 viri
3629 2491 3688 2528 se

1984 2566 2107 2635 ipsa
2156 2564 2585 2618 accommodare
2633 2562 2873 2616 minime
2925 2562 3196 2631 studeret,
3241 2562 3392 2616 illius
3424 2563 3682 2617 animum

1985 2668 2103 2705 non
2134 2668 2218 2717 ea,
2250 2668 2364 2721 qua
2390 2667 2494 2720 par
2520 2654 2662 2716 erat,
2694 2647 2999 2719 prudentia
3027 2648 3319 2711 tractabat,
3353 2666 3456 2703 nec
3485 2649 3684 2703 mulie-

1984 2738 2143 2792 brem
2192 2738 2375 2792 zelum
2406 2736 2640 2790 scientia
2681 2740 2738 2789 ct
2766 2735 3042 2789 charitate
3078 2734 3499 2789 moderabatur.
3535 2733 3686 2789 Licet

1982 2827 2137 2881 enim
2192 2822 2562 2879 continentiae
2611 2825 2737 2875 voto
2781 2825 3092 2888 teneretur,
3142 2821 3201 2873 in
3232 2822 3450 2875 caeteris
3489 2826 3682 2875 tamen

1983 2916 2150 2970 rebus
2202 2931 2317 2967 Vll‘u
2367 2929 2469 2965 suo
2516 2926 2719 2981 parcre
2770 2909 2985 2964 debuit.
3032 2908 3218 2962 Nihilo
3268 2912 3456 2962 tamen
3487 2908 3679 2962 minus

1980 3022 2010 3058 a
2035 3004 2240 3059 marito
2270 3003 2417 3057 forte
2437 3002 2595 3071 jussa
2624 3000 3058 3070 conjugatarum
3080 2997 3388 3052 mulierum
3419 2997 3680 3052 habitum

1978 3097 2221 3163 gestare,
2246 3107 2374 3145 cum
2406 3089 2727 3144 modestum
2744 3102 2968 3141 sumere
2989 3085 3295 3149 debuisset,
3310 3085 3371 3139 in
3401 3102 3515 3157 quo
3546 3102 3680 3140 sane

1978 3180 2425 3235 consentientem
2469 3177 2655 3232 virum
2696 3176 3001 3241 habuisset,
3034 3176 3259 3246 nigram
3288 3175 3466 3229 instar
3495 3174 3679 3229 viduae

1977 3276 2032 3324 et
2061 3269 2355 3324 monachm
2385 3272 2597 3322 vestem
2623 3264 2825 3321 induit.
2860 3264 3100 3334 Culpam
3128 3264 3275 3317 hanc
3296 3263 3408 3318 alia
3428 3264 3675 3318 cumula-

1976 3360 2072 3413 vit.
2107 3360 2246 3413 Nam
2277 3373 2407 3411 cum
2453 3356 2693 3411 maritus
2734 3355 2855 3426 ejus
2902 3354 2968 3407 ad
3003 3354 3421 3423 elecmosynam
3449 3352 3676 3423 segnior

1975 3452 2136 3509 esset,
2172 3446 2286 3500 sive
2316 3446 2388 3500 ob
2437 3444 2615 3498 animi
2647 3443 2870 3510 vitium,
2912 3442 3026 3495 sive
3070 3442 3142 3495 ob
3172 3441 3546 3496 necessariam
3576 3459 3673 3495 cu-

1973 3550 2119 3603 ram,
2163 3548 2337 3603 quam
2389 3530 2445 3585 in
2499 3531 2615 3585 ﬁlio
2664 3530 2849 3584 adhuc
2893 3544 3070 3599 puero
3110 3543 3327 3597 ponere
3359 3528 3676 3594 tenebatur,

1974 3638 2145 3693 quem
2177 3620 2243 3674 ad
2276 3620 2329 3673 id
2363 3620 2515 3690 quod
2544 3618 2748 3672 melius
2778 3623 2920 3671 esset
2952 3616 3194 3671 debebat
3221 3614 3453 3686 quidem
3484 3616 3672 3670 incen-

1973 3712 2129 3778 dere,
2160 3708 2257 3763 sed
2288 3707 2355 3762 ad
2404 3706 2777 3760 monasticum
2821 3704 3148 3758 institutum
3196 3719 3398 3773 cogere
3429 3720 3544 3757 non
3576 3719 3672 3773 po-

1972 3803 2117 3853 terat
2151 3815 2163 3852 :
2197 3802 2394 3851 contra
2427 3794 2663 3851 Ecdiciae
2692 3794 2752 3848 in
2782 3792 2989 3863 optatis
3029 3797 3168 3859 erat,
3201 3808 3399 3847 omnes
3427 3793 3667 3847 faculta-

1973 3893 2052 3941 tos
2082 3904 2210 3941 suas
2260 3885 2321 3940 in
2368 3872 2589 3957 egenos
2623 3883 2987 3955 profundere.
3048 3882 3228 3953 Igitur
3257 3882 3491 3936 absente
3527 3881 3670 3950 viro,

1971 3992 2100 4031 cum
2127 3976 2241 4030 duo
2273 3973 2560 4046 peregrini
2587 3972 2821 4043 quidam
2861 3971 3127 4025 monachi
3156 3970 3228 4025 ad
3258 3986 3382 4024 eam
3412 3970 3670 4025 divertis-

1972 4068 2115 4128 sent,
2150 4063 2261 4117 illis
2282 4061 2495 4128 omnia,
2520 4061 2605 4115 vel
2638 4076 2784 4131 pene
2805 4058 2998 4113 omnia
3031 4075 3160 4130 qua:
3198 4058 3444 4113 habebat
3475 4074 3672 4129 eroga-

1972 4153 2065 4207 vit.
2118 4152 2177 4206 ld
2250 4155 2552 4222 postquam
2602 4148 2789 4203 resciit
2832 4147 3090 4209 maritus,
3142 4146 3438 4201 iracundia
3498 4164 3669 4217 supra

1970 4241 2203 4295 modum
2235 4238 2444 4294 exarsit
2467 4238 2525 4291 in
2553 4238 2853 4309 conjugem
2885 4253 3063 4299 suam,
3092 4241 3148 4289 et
3176 4235 3234 4288 in
3258 4236 3516 4306 geminos
3544 4236 3669 4289 illos

1971 4334 2331 4395 veteratores,
2366 4326 2465 4399 qui
2492 4327 2557 4382 ad
2591 4326 2768 4398 ipsius
2798 4326 3029 4380 domum
3064 4323 3532 4392 exhauriendam,
3564 4326 3669 4380 sub

1969 4420 2099 4472 ﬁcto
2128 4417 2544 4472 monachorum
2568 4415 2767 4470 habitu
2801 4415 2901 4484 (sic
2931 4412 3085 4467 cnim
3114 4412 3209 4466 ille
3240 4411 3544 4467 arbitratus
3562 4414 3666 4472 est)

1969 4508 2334 4561 accesserant.
2373 4506 2438 4560 Et
2466 4504 2587 4575 ipse
2615 4504 2824 4559 fatetur
2851 4500 3218 4572 Augustinus,
3251 4500 3549 4556 dubitandi
3582 4504 3665 4556 lo-

1967 4613 2096 4651 cum
2117 4612 2256 4662 esse,
2283 4612 2356 4649 an
2385 4594 2485 4666 qui
2509 4594 2577 4648 ab
2607 4593 2799 4665 ignota
2826 4597 2882 4646 ct
2909 4591 3211 4662 coniugata
3240 4591 3478 4646 muliere
3513 4595 3669 4647 tanta

1966 4684 2332 4755 recepissent,
2386 4682 2533 4737 servi
2579 4681 2679 4736 Dei
2709 4680 3037 4735 existerent.
3088 4678 3195 4734 Sed
3225 4679 3395 4750 longe
3439 4680 3668 4751 gravius

1966 4772 2395 4828 incommodum
2428 4775 2682 4826 secutum
2731 4774 2815 4823 est
2846 4784 2860 4823 :
2911 4784 3045 4823 nam
3077 4767 3313 4823 maritus
3339 4767 3481 4822 iram
3521 4768 3581 4823 in
3607 4784 3667 4824 sc

1966 4858 2701 4931 convertens,continentize
2718 4862 2870 4927 voto,
2893 4857 3047 4929 quod
3074 4856 3194 4929 ipse
3216 4861 3663 4928 nuncupaverat,

1965 4949 2197 5015 violato,
2222 4950 2361 5003 sein
2388 4946 2737 5020 profundum
2763 4944 3028 5000 adulterii
3050 4945 3340 5016 gurgitem
3362 4945 3660 5001 immersit.

1966 5038 2031 5092 In
2059 5038 2165 5093 hoc
2214 5043 2327 5092 tam
2370 5035 2701 5091 calamitoso
2734 5051 2928 5089 rerum
2973 5039 3123 5089 statu
3169 5034 3393 5089 Ecdicia
3443 5050 3545 5105 per
3573 5033 3662 5087 lit-

1965 5131 2114 5182 teras
2162 5126 2546 5197 Augustinum
2578 5123 2882 5190 consuluit,
2915 5123 3187 5197 ut,sciret
3218 5122 3352 5194 quid
3383 5122 3488 5176 sibi
3518 5122 3663 5176 facto

1966 5218 2108 5286 opus
2160 5220 2325 5271 esset.
2379 5213 2731 5285 Augustinus
2779 5212 3063 5284 epistolae,
3121 5227 3293 5284 quam
3349 5209 3661 5280 rescripsit.

1965 5302 2273 5357 maximam
2318 5307 2540 5372 partem
2574 5300 2767 5372 posuit
2804 5300 2863 5354 in
2894 5300 2962 5353 iis
2995 5298 3278 5366 notandis,
3311 5314 3438 5368 quae
3475 5297 3575 5351 illa
3604 5296 3663 5351 in

1965 5395 2234 5445 anteactae
2263 5390 2392 5445 vita:
2432 5390 2651 5446 ratione
2706 5405 3003 5462 perperam
3053 5387 3257 5458 egisset
3300 5402 3313 5439 :
3347 5385 3499 5456 quod
3531 5402 3661 5441 vero

1965 5481 2031 5535 ad
2065 5483 2355 5552 posterum
2389 5485 2613 5553 tempus
2643 5481 2929 5543 attineret,
2963 5475 3186 5547 scripsit
3209 5491 3356 5542 eam,
3391 5492 3519 5530 cum
3548 5492 3662 5531 ma-
