4008 6184
369 228 470 285 247

368 351 512 406 ritus
542 354 733 406 votum
764 349 1135 406 continentiae
1165 351 1236 405 ab
1278 366 1346 405 ea
1390 355 1780 420 nuncupatum
1813 365 2075 422 compro-

368 439 576 508 basset,
605 439 676 494 ad
706 439 845 494 illud
879 439 938 493 in
967 440 1138 494 ﬁnem
1181 454 1364 510 usque
1395 439 1756 503 servandum,
1793 444 1850 494 et
1877 440 1946 494 ad
1970 438 2076 492 viri

371 530 627 600 culpam,
662 533 942 599 quantum
973 529 1031 582 in
1063 545 1127 583 ea
1154 528 1326 582 situm
1355 533 1516 595 esset,
1551 527 1942 582 redimendam
1969 527 2073 580 ob-

372 617 557 697 ligari.
603 619 774 673 Indue
816 621 1019 687 itaque,
1079 618 1177 684 ait,
1217 618 1573 672 humilitatem
1619 619 1831 683 mentis,
1861 621 1912 672 et
1941 619 1998 670 ut
2027 619 2076 670 te

375 710 512 762 Deus
555 712 824 763 conservet
846 710 1296 776 perseverantem,
1322 707 1436 761 noli
1460 707 1720 760 maritum
1748 709 2075 760 contemnere

362 801 687 866 pereuntem.
730 797 913 850 Funde
936 812 1036 866 pro
1084 797 1176 850 illo
1226 798 1354 865 pias
1397 799 1448 849 et
1491 795 1744 849 assiduas
1771 797 2070 861 orationes;

365 888 610 954 sacriﬁca
631 887 921 955 lacrymas,
949 890 1210 954 tanquam
1236 885 1508 938 vulnerati
1525 887 1841 952 sanguinem
1862 884 2068 949 cordis;

365 978 416 1028 et
445 974 617 1028 scribe
647 974 721 1027 ad
749 989 867 1027 eum
897 975 1349 1041 satisfactionem,
1376 979 1564 1042 petens
1593 975 1824 1041 veniam,
1859 975 1992 1042 quia
2013 975 2072 1026 in

369 1078 487 1117 eum
514 1065 779 1132 peccasti;
815 1062 958 1130 quod
978 1067 1178 1132 praeter
1205 1063 1322 1132 ejus
1361 1063 1641 1116 consilium
1669 1066 1718 1116 et
1746 1062 2072 1116 voluntatem

365 1151 431 1204 de
458 1151 615 1205 rebus
643 1152 748 1204 tuis
776 1151 978 1218 fecisti,
1011 1150 1156 1220 quod
1184 1150 1498 1216 faciendum
1512 1152 1729 1219 putasti
1758 1164 1769 1203 :
1802 1166 1909 1204 non
1938 1154 1996 1204 ut
2026 1154 2074 1204 te

358 1242 617 1310 plenileat
667 1240 922 1293 tribuisse
967 1240 1322 1308 pauperibus,
1358 1239 1452 1293 sed
1481 1255 1598 1292 eum
1640 1240 1724 1293 tui
1750 1238 1873 1292 boni
1899 1240 2072 1308 operis

358 1330 687 1400 participem
729 1333 779 1383 et
825 1328 1216 1382 moderatorem
1268 1327 1462 1381 habere
1511 1327 1767 1382 noluisse.
1818 1329 2074 1382 Promitte

365 1419 430 1472 de
460 1421 644 1472 caetero
675 1419 733 1470 in
776 1417 1050 1486 adjutorio
1093 1418 1324 1482 Domini,
1354 1417 1404 1470 si
1429 1420 1479 1470 et
1507 1417 1662 1471 illum
1685 1431 1796 1471 sum
1826 1419 2073 1486 turpitu-

367 1507 514 1560 dinis
539 1506 872 1575 pamituerit,
917 1509 966 1559 et
1007 1506 1410 1571 continentiam,
1445 1520 1606 1573 quam
1633 1505 1888 1572 deseruit,
1915 1521 2073 1575 repe-

365 1597 568 1660 tiverit,
594 1599 644 1649 te
673 1595 778 1660 illi,
805 1595 945 1648 sicut
973 1594 1138 1662 decet,
1169 1595 1226 1648 in
1255 1594 1501 1648 omnibus
1529 1595 1875 1648 servituram.
1907 1594 2074 1648 lubet

367 1682 615 1753 denique
645 1685 708 1736 ut
737 1683 806 1736 ad
835 1681 942 1736 viri
973 1681 1228 1736 animum
1265 1682 1373 1736 sibi
1403 1681 1824 1737 conciliandum
1857 1698 1923 1736 eo
1952 1698 2070 1736 ma-

360 1771 473 1841 jori
504 1770 690 1826 studio
720 1770 1034 1838 incumbat,
1067 1771 1217 1841 quod
1249 1771 1391 1825 citra
1421 1770 1566 1825 hanc
1587 1770 1911 1825 animorum
1943 1787 2075 1824 con-

369 1859 619 1914 cordiam
660 1859 812 1914 ﬁlius
841 1860 962 1930 ejus
1007 1859 1069 1913 in
1092 1859 1295 1914 timore
1322 1860 1422 1914 Dei
1453 1865 1508 1914 et
1536 1859 1836 1931 sapientia,
1860 1865 1925 1915 ut
1949 1859 2070 1932 ipsa

366 1948 620 2020 optabat,
651 1947 878 2002 educari
911 1964 1028 2002 non
1077 1952 1303 2019 posset;
1347 1965 1477 2002 cum
1524 1953 1673 2002 esset
1701 1948 1760 2002 in
1790 1953 2070 2020 potestate

366 2037 562 2110 patris,
614 2041 668 2091 et
707 2037 842 2092 huic
885 2037 1016 2106 jure
1064 2037 1321 2107 poscenti
1348 2041 1494 2092 esset
1520 2037 1838 2092 necessario
1868 2054 2069 2092 conce-

365 2126 585 2181 dendus
617 2127 808 2195 (Epist.
832 2127 982 2194 26‘2).
1013 2125 1176 2188 Quod
1201 2125 1294 2179 hic
1318 2125 1514 2180 scribit
1539 2126 1914 2198 Augustinus,
1941 2143 2072 2180 con-

360 2214 591 2285 jugatas
627 2212 893 2266 videlicet
931 2213 1199 2266 mulieres
1237 2229 1401 2283 posse
1431 2213 1491 2268 in
1521 2214 1765 2285 superbo
1796 2215 1949 2268 cultu
1975 2231 2073 2268 cor

368 2301 587 2357 humile
619 2316 864 2368 servare,
896 2301 942 2354 si
973 2317 1040 2355 eo
1067 2305 1289 2356 tantum
1321 2301 1436 2357 fine
1466 2319 1525 2357 se
1551 2306 1773 2369 ornent,
1805 2308 1869 2358 ut
1897 2304 2070 2358 mari-

366 2390 437 2444 tis
484 2389 601 2444 suis
657 2389 1064 2461 obsequantur,
1108 2396 1556 2446 consentaneum
1600 2397 1684 2447 est
1718 2392 1790 2447 iis
1819 2410 1947 2464 qua:
2000 2394 2068 2448 ad

370 2477 689 2532 Possidium
719 2477 914 2533 scribit
945 2494 958 2533 :
989 2485 1328 2534 ornamenta
1360 2497 1476 2534 non
1497 2497 1617 2535 esse
1638 2481 1956 2552 conjugatis
1979 2481 2074 2536 ab-

368 2568 555 2622 solute
590 2567 969 2639 prohibenda,
1021 2572 1230 2638 praeter
1258 2568 1571 2639 pigmenta,
1604 2574 1659 2624 et
1702 2587 1768 2623 ea
1793 2586 1920 2641 qua:
1952 2587 2070 2624 ma-

373 2655 558 2727 gicam
589 2656 1053 2728 superstitionem
1085 2657 1347 2711 redolent
1378 2658 1571 2727 (Epist.
1603 2659 1750 2727 245).

439 2749 491 2802 6.
551 2745 608 2802 Si
673 2744 997 2801 vehementi
1053 2746 1309 2800 oratione
1371 2745 1684 2801 insectatur
1739 2746 2020 2802 Ecdiciam
2054 2787 2069 2816 ,

371 2837 542 2907 longe
571 2834 928 2906 gravioribus
953 2819 1138 2890 vérbis
1168 2835 1436 2906 objurgat
1465 2835 1812 2904 Cornelium,
1832 2836 1930 2907 qui
1950 2853 2075 2908 per-

371 2923 745 2992 niciosissimo
802 2923 1240 2979 Manicharorum
1297 2939 1490 2978 errore
1541 2924 1728 2979 fuerat
1776 2924 1911 2978 olim
1942 2940 2070 2978 cum

370 3014 495 3084 ipso
542 3012 862 3083 Augustino
907 3011 1248 3082 implicatus.
1299 3011 1529 3066 Juvenis
1557 3016 1696 3066 tunc
1750 3017 1891 3080 erat,
1944 3012 2074 3067 licet

374 3105 539 3156 astate
599 3099 982 3171 Augustinum
1035 3099 1420 3166 antecederet;
1471 3115 1504 3153 a
1556 3101 1823 3155 muliebri
1881 3105 2073 3156 tamen

375 3204 570 3244 amore
601 3205 732 3242 cum
763 3205 821 3242 se
851 3204 1074 3242 summo
1101 3188 1494 3258 temperantia:
1535 3189 1740 3243 robore
1770 3189 2072 3244 abstraxis-

373 3281 476 3344 set,
509 3277 782 3331 continuo
813 3276 876 3330 in
906 3292 1038 3330 eum
1069 3292 1189 3330 sese
1218 3276 1385 3330 altius
1411 3277 1708 3332 immersit.
1735 3279 1799 3331 In
1823 3283 2073 3332 extremo

370 3366 498 3421 vitae
542 3365 815 3437 periculo,
861 3365 1214 3437 Baptismum
1270 3365 1542 3436 percepit,
1574 3382 1704 3420 cum
1727 3365 1846 3436 jam
1877 3369 2074 3437 Augu-

371 3455 551 3510 stinus
582 3455 878 3526 episcopus
909 3454 1208 3523 senuisset,
1232 3459 1403 3526 atque
1426 3455 1565 3509 adeo
1590 3454 1710 3526 ipse
1736 3456 1884 3509 foret
1911 3459 2076 3511 aetate

371 3544 551 3616 magis
597 3543 1044 3615 ingravescente.
1083 3544 1349 3599 Attamen
1378 3559 1408 3597 e
1433 3543 1634 3598 morbo
1661 3547 1968 3612 recreatus,
2004 3543 2073 3599 ab

367 3633 628 3706 improba
658 3633 926 3706 peccandi
953 3633 1362 3688 consuetudine
1394 3649 1510 3688 non
1540 3649 1597 3688 se
1630 3633 1942 3704 revocavit;
1975 3634 2074 3688 sed

368 3724 637 3796 pellicum
669 3738 841 3794 grege
889 3723 948 3777 in
992 3723 1112 3777 dies
1157 3728 1440 3777 crescente
1489 3722 1729 3794 stipatus
1755 3723 2071 3778 incedebat.

370 3811 746 3882 Augustinus,
798 3810 898 3882 qui
939 3827 1071 3866 eum
1122 3827 1347 3882 semper
1375 3811 1774 3865 charissimum
1806 3812 2070 3878 habebat,

370 3899 578 3971 saepius
603 3899 673 3954 de
705 3897 960 3952 moribus
990 3899 1360 3952 emendandis
1391 3898 1599 3953 frustra
1621 3905 2071 3956 commonuerat.

372 3988 424 4042 Is
453 4002 623 4058 porro
669 3985 1010 4056 Cyprianum
1041 3984 1100 4038 in
1131 3986 1561 4040 matrimonium
1613 3987 1850 4042 duxerat
1879 3988 2072 4042 castis-

371 4077 575 4131 simam
624 4074 918 4145 feminam,
950 4091 1079 4146 quae
1106 4075 1227 4128 viro
1261 4075 1428 4145 longe
1455 4074 1766 4143 dissimilis,
1800 4091 1931 4130 eum
1963 4076 2074 4130 ob-

367 4165 548 4222 scenis
579 4165 712 4220 licet
748 4163 1040 4218 amoribus
1070 4163 1355 4218 irretitum
1389 4163 1712 4229 adamabat,
1747 4169 1804 4218 et
1833 4180 2072 4218 conver-

368 4255 542 4312 sionis
576 4255 699 4326 ejus
746 4252 1027 4309 desiderio
1074 4252 1398 4308 tenebatur.
1450 4254 1523 4307 Ex
1573 4253 1678 4307 hac
1721 4252 1836 4307 vita
1865 4253 2076 4324 migra-

367 4345 464 4411 vit,
485 4344 606 4398 etin
631 4347 916 4398 castarum
939 4345 1108 4413 atque
1129 4340 1386 4395 fidelium
1407 4341 1729 4396 animarum
1746 4341 2074 4396 societatem

367 4437 595 4502 recepta
624 4436 725 4487 est.
773 4434 906 4486 Post
955 4431 1076 4502 ejus
1109 4429 1332 4484 obitum
1380 4429 1673 4489 Cornelius
1704 4431 1772 4486 ad
1801 4430 2072 4502 Augusti-

372 4536 512 4575 num
542 4519 783 4589 scripsit,
815 4523 874 4572 ut
902 4519 973 4574 ad
1009 4536 1067 4573 se
1097 4519 1328 4590 optima:
1353 4518 1616 4590 conjugis
1641 4524 1826 4573 morte
1859 4519 2076 4590 gravis-

369 4607 510 4662 sime
541 4611 894 4661 commotum
934 4607 1184 4680 aliquam
1217 4605 1496 4677 prolixam
1534 4607 1832 4678 epistolam
1871 4623 2072 4662 conso-

367 4695 632 4752 latoriam
664 4695 843 4765 daret,
875 4695 1021 4752 sicut
1049 4703 1307 4752 sanctum
1332 4695 1635 4750 Paulinum
1667 4697 1737 4751 ad
1768 4697 2073 4752 Macarium

366 4783 563 4839 fecisse
623 4782 979 4839 meminerat.
1034 4785 1118 4839 Ad
1183 4786 1306 4840 haec
1362 4784 1621 4839 rescribit
1674 4785 2068 4856 Augustinus,

367 4873 521 4928 illius
547 4888 782 4928 uxorem
812 4873 1078 4928 humanis
1108 4891 1223 4928 non
1243 4891 1409 4946 egere
1440 4873 1734 4941 laudibus;
1766 4875 1867 4929 has
1886 4875 2073 4930 viven-

364 4962 538 5026 tibus,
569 4978 686 5016 non
727 4961 969 5016 mortuis
1012 4961 1274 5033 impendi
1313 4963 1520 5032 solere;
1568 4979 1700 5017 eum
1730 4963 1862 5018 vitae
1891 4969 2074 5019 muta-

365 5051 525 5108 tione
572 5049 823 5122 elogium
853 5049 1111 5121 conjugis
1143 5067 1259 5106 suaz
1291 5051 1609 5121 promereri
1639 5051 1846 5106 debere
1879 5067 1894 5106 :
1930 5052 2070 5108 illud

365 5139 626 5214 polliceri
656 5155 714 5193 se
745 5154 812 5193 ea
841 5137 1188 5206 conditione,
1220 5155 1391 5211 quam
1437 5141 1560 5211 ejus
1587 5157 1734 5195 uxor
1763 5141 1941 5196 etiam
1972 5142 2069 5196 de-

364 5230 558 5286 functa
587 5231 938 5300 peroptaret,
971 5228 1458 5298 quemadmodum
1485 5229 1675 5284 vivens
1707 5229 2064 5302 expetiisset:

364 5320 506 5374 velle
552 5319 718 5374 aliter
764 5331 1070 5372 maerorem
1118 5315 1462 5387 abstergere,
1512 5317 1893 5374 adulationem
1925 5335 2066 5388 esse,

364 5423 482 5462 non
524 5405 1010 5479 consolationem,
1035 5403 1214 5460 Simul
1245 5409 1493 5475 turpem,
1526 5405 1586 5460 in
1633 5423 1748 5479 quo
1786 5413 2064 5476 versatur,

363 5499 572 5551 statum
619 5481 769 5551 illius
809 5496 986 5552 oculis
1034 5488 1225 5567 aperte
1270 5492 1515 5563 subjicit,
1567 5513 1812 5569 eumque
1857 5513 2064 5567 magna

1583 227 1752 282 VITA
1793 226 1855 282 S.
1902 225 2289 283 AUGUSTINI
2331 223 2668 281 EPISCOPI.
3718 234 3801 288 248

2185 348 2410 405 dicendi
2437 348 2512 415 vi,
2545 351 2608 403 ut
2630 347 2763 403 inde
2794 350 3068 419 emergat,
3090 351 3145 402 et
3165 348 3509 405 vehementer
3527 357 3577 406 et
3593 359 3809 412 amanter

2182 437 2442 493 hortatur
2474 439 2668 508 (Epist.
2698 437 2821 506 259)
2838 479 2850 492 .

2251 532 2303 582 7.
2341 529 2472 582 Erat
2500 530 2657 581 extra
2700 525 2956 580 dimcesis
3005 525 3379 596 Hipponensis
3419 527 3611 584 limites
3656 534 3814 603 puella

2185 614 2550 686 (Florentium
2580 631 2790 670 nomen
2819 614 2976 685 fuit),
3008 631 3137 686 quae
3167 615 3292 670 licet
3321 617 3814 694 adolescentula,pie-

2183 704 2314 759 tatis
2361 722 2425 759 ac
2452 721 2600 759 verae
2624 702 2919 775 sapientiae
2948 704 3172 758 ardenti
3205 705 3389 760 studio
3416 707 3700 764 tenebatur.
3726 713 3811 766 Pa-

2184 796 2374 848 rentes
2417 793 2542 864 ejus
2575 791 2801 863 Optimi,
2835 795 2892 846 et
2920 792 2988 846 de
3019 791 3152 847 ﬁlia:
3179 792 3386 864 pietate
3414 797 3734 865 gratulantes,
3756 801 3811 855 ab

2180 881 2502 953 Augustino
2531 881 2592 936 in
2621 881 2709 936 his
2740 880 2853 935 oris
2889 886 3280 937 commorante
3317 884 3720 953 postularunt,ut
3742 887 3810 943 illi

2182 971 2514 1041 edocendae,
2546 971 2607 1024 in
2637 987 2751 1042 quo
2785 987 2929 1042 opus
2958 975 3121 1033 esset,
3156 989 3315 1027 suam
3337 989 3554 1044 operam
3577 974 3813 1047 impende-

2181 1063 2286 1112 ret.
2323 1060 2585 1114 Renuere
2618 1075 2734 1112 non
2782 1057 2969 1126 potuit
3014 1059 3363 1130 Augustinus
3408 1077 3421 1115 :
3455 1064 3507 1115 et
3543 1077 3598 1116 re
3625 1063 3814 1132 quidem

2181 1146 2304 1218 ipsa
2353 1163 2549 1202 curam
2594 1146 2748 1201 illius
2775 1164 2892 1202 non
2923 1147 3110 1202 solum
3140 1147 3196 1201 in
3228 1147 3484 1219 precibus
3515 1150 3646 1219 apud
3674 1151 3815 1205 Deum

2181 1234 2461 1305 suscepit;
2493 1251 2691 1290 verum
2722 1235 2894 1290 etiam
2926 1252 3054 1291 cum
3077 1237 3148 1291 ad
3177 1237 3299 1307 ejus
3319 1242 3548 1292 matrem
3577 1238 3815 1301 scriberet,

2179 1323 2430 1394 plurima
2458 1323 2541 1378 illi
2563 1325 2908 1380 documenta
2935 1325 3185 1380 tradidit.
3210 1325 3317 1381 Sed
3341 1326 3461 1397 ejus
3487 1330 3651 1381 mater
3665 1329 3819 1398 Augu-

2181 1413 2328 1466 stino
2371 1413 2682 1483 rescripsit,
2713 1413 2872 1484 prius
2908 1413 3090 1469 ﬁliam
3114 1415 3258 1469 velle
3289 1414 3500 1470 litteras
3527 1415 3592 1470 ab
3619 1431 3676 1470 eo
3701 1414 3816 1470 acci-

2180 1518 2346 1573 pere;
2379 1506 2500 1557 tum
2531 1503 2764 1558 demum
2806 1503 3187 1558 confidentius
3235 1503 3580 1575 scripturam,
3618 1520 3818 1575 eumque

2181 1591 2251 1646 de
2281 1591 2612 1646 necessariis
2643 1593 2812 1646 rebus
2841 1609 2962 1646 esse
2995 1592 3400 1646 consulturam.
3432 1593 3512 1647 Ad
3542 1608 3655 1646 eam
3678 1591 3816 1662 igitur

2181 1680 2408 1750 scripsit
2442 1680 2814 1751 Augustinus,
2849 1685 2912 1735 ut
2937 1680 2991 1735 ei
3018 1680 3244 1736 ﬁducia:
3274 1681 3477 1734 ostium
3500 1679 3740 1750 aperiret;
3761 1679 3816 1733 si-

2179 1769 2416 1840 mulque
2443 1785 2568 1823 eam
2601 1770 2863 1824 hortatus
2889 1773 2989 1837 est,
3023 1774 3086 1824 ut
3117 1774 3406 1840 promeret
3433 1769 3568 1840 ipsa,
3596 1769 3638 1823 si
3662 1767 3774 1840 quid
3795 1785 3818 1821 a

2180 1873 2238 1911 se
2269 1858 2642 1929 quaerendum
2673 1862 2918 1928 putaret.
2952 1860 3068 1914 Aut
3087 1861 3227 1913 enim
3245 1862 3374 1926 scio,
3395 1858 3590 1929 inquit,
3620 1857 3742 1926 quod
3759 1859 3821 1910 in-

2180 1948 2460 2015 quisieris;
2494 1953 2544 2001 et
2585 1963 2692 2002 non
2719 1949 2920 2015 negabo
2961 1964 2973 2002 :
3007 1953 3102 2002 aut
3145 1951 3228 2003 ita
3252 1951 3439 2013 nescio,
3467 1953 3523 2002 ut
3557 1948 3685 2002 nullo
3724 1945 3822 2015 ﬁdei

2177 2037 2477 2104 salutisque
2506 2036 2823 2091 detrimento
2852 2039 3108 2103 nesciam,
3139 2043 3190 2091 et
3215 2038 3282 2091 de
3308 2037 3400 2091 hoc
3429 2038 3582 2090 etiam
3601 2040 3643 2090 te
3665 2036 3822 2104 ipsum,

2177 2126 2228 2179 si
2251 2130 2494 2194 potuero,
2532 2127 2735 2191 faciam
2775 2125 2995 2180 reddita
3034 2129 3248 2181 ratione
3292 2142 3545 2181 securam.
3591 2125 3692 2179 Aut
3716 2128 3822 2177 certe

2179 2215 2228 2266 si
2251 2217 2302 2266 et
2329 2215 2524 2282 nescio,
2555 2218 2605 2267 et
2635 2217 2808 2268 tamen
2837 2215 3112 2268 sciendum
3135 2219 3234 2280 est,
3270 2215 3353 2268 vel
3381 2213 3658 2283 impetrabo
3683 2229 3712 2265 α
3734 2214 3816 2265 Do-

2179 2301 2343 2365 mino,
2394 2315 2459 2353 ne
2501 2300 2603 2353 tibi
2631 2300 2831 2366 desim;
2881 2316 3007 2354 nam
3036 2317 3176 2370 saepe
3217 2303 3457 2370 ofﬁcium
3504 2297 3813 2370 imperlimdi,

2179 2389 2429 2442 meritum
2445 2393 2521 2443 est
2538 2389 2843 2459 accipiendi
2863 2408 2878 2444 :
2903 2391 2983 2444 vel
3005 2392 3084 2443 ita
3103 2390 3204 2444 tibi
3218 2389 3556 2460 respondebo,
3578 2393 3632 2442 ut
3654 2388 3820 2442 noveris

2175 2493 2278 2546 pro
2299 2478 2397 2531 hac
2424 2480 2547 2548 ipsa
2565 2493 2642 2545 re,
2667 2495 2829 2548 quam
2847 2480 3062 2549 pariter
3080 2481 3365 2547 nescimus,
3386 2479 3458 2532 ad
3483 2493 3626 2547 quem
3644 2477 3821 2547 pulsare

2180 2567 2481 2622 debeamus.
2515 2569 2636 2622 Haec
2682 2569 2799 2623 ideo
2840 2569 3164 2638 praelocutus
3203 2584 3344 2635 sum,
3392 2584 3456 2622 ne
3497 2573 3542 2622 te
3581 2582 3672 2636 pro
3711 2570 3819 2620 certo

2179 2670 2356 2724 Speres
2386 2655 2658 2724 quidquid
2685 2672 2719 2710 a
2746 2672 2829 2711 me
2856 2658 3166 2725 quasina-is
3195 2656 3537 2721 audituram;
3564 2659 3610 2710 et
3636 2653 3822 2709 cumhoc

2179 2759 2284 2798 non
2310 2746 2634 2814 provenerit,
2666 2745 2925 2799 audacter
2947 2747 3130 2814 potius
3170 2761 3338 2814 quam
3363 2745 3643 2816 prudenter
3663 2759 3730 2798 me
3761 2744 3821 2808 fe-

2181 2833 2311 2886 cisse
2335 2832 2640 2901 arbitreris,
2669 2833 2812 2901 quod
2843 2834 2946 2888 tibi
2963 2835 3258 2902 quaerendi,
3293 2837 3344 2889 si
3363 2834 3495 2904 quid
3512 2835 3657 2898 voles,
3682 2830 3823 2898 facul-

2183 2925 2343 2974 tatem
2389 2921 2532 2975 dcdi.
2581 2923 2687 2976 Hoc
2715 2924 2856 2976 enim
2905 2924 3030 2990 feci,
3083 2938 3190 2978 non
3237 2924 3421 2979 doctor
3466 2925 3729 2993 perfectus,
3754 2916 3822 2972 sed

2181 3025 2299 3064 cum
2344 3010 2595 3065 decemiis
2637 3011 3024 3081 perﬁciendus,
3071 3011 3295 3067 domina
3342 3014 3542 3067 eximia
3583 3012 3822 3076 meritoque

2183 3099 2514 3153 honorabilis
2566 3101 2623 3153 in
2665 3100 2876 3156 Christo
2915 3115 2978 3154 ac
3020 3101 3368 3172 suscipienda
3423 3102 3558 3170 ﬁlia.
3608 3096 3823 3168 Equidem

2182 3189 2423 3242 etiamin
2448 3189 2516 3242 iis
2533 3188 2690 3242 rebus
2713 3203 2848 3256 quas
2869 3192 3154 3258 utcumque
3181 3193 3314 3256 scio,
3338 3192 3509 3258 magis
3531 3193 3578 3243 te
3595 3190 3731 3256 cupio
3746 3197 3827 3238 esse

2182 3278 2452 3342 scientem,
2487 3292 2651 3345 quam
2673 3279 2910 3332 scientia.o
2928 3281 3122 3331 nostra;
3136 3278 3484 3345 indigentem.
3510 3278 3676 3344 Neque
3699 3273 3826 3334 enim,

2183 3368 2241 3416 ut
2272 3364 2416 3432 quod
2442 3366 2645 3418 scimus
2686 3363 2985 3430 doceamus,
3018 3367 3251 3420 aliorum
3291 3367 3642 3435 ignorantiam
3681 3363 3825 3430 optare

2183 3451 2451 3506 debemus.
2493 3454 2662 3507 Multo
2711 3455 2912 3523 quippe
2956 3454 3146 3508 melius
3193 3469 3373 3509 omnes
3415 3468 3590 3510 sumus
3623 3447 3828 3506 docibilcs

2183 3544 2307 3596 Deo.
2340 3543 2528 3614 Pergit
2565 3543 2772 3598 deinde
2819 3544 3207 3599 demonstrare
3247 3544 3592 3616 periculum.
3638 3538 3761 3611 quod
3786 3536 3829 3589 in

2184 3631 2308 3686 aliis
2326 3631 2656 3686 erudiendis
2681 3633 2995 3703 comperit:
3027 3633 3189 3704 cujus
3209 3633 3354 3688 illud
3379 3639 3462 3688 est
3481 3633 3582 3687 sibi
3597 3629 3831 3700 singulare

2184 3719 2472 3786 solatium,
2502 3720 2548 3774 si
2577 3720 2784 3774 animae
2814 3720 2876 3774 in
2903 3720 3114 3791 pietate
3145 3720 3224 3776 ita
3251 3722 3636 3792 proﬁciant,ut
3653 3735 3711 3773 eo
3735 3729 3830 3787 per-

2183 3809 2433 3876 veniant,
2468 3810 2567 3865 ubi
2609 3809 2858 3865 hominis
2889 3810 3136 3866 doctoris
3172 3827 3289 3866 non
3326 3812 3565 3884 amplius
3592 3805 3832 3878 indigeant

2184 3899 2501 3963 ministerio
2528 3902 2730 3968 (Epist.
2758 3900 2902 3968 266).

2253 3990 2304 4042 8.
2348 3989 2490 4042 Cum
2521 3988 2698 4041 altera
2742 3987 2954 4058 puella,
2986 3986 3220 4042 nomine
3257 3987 3509 4055 Fabiola,
3535 3985 3598 4040 ad
3629 3996 3742 4038 eum
3765 3994 3830 4032 re-

2182 4073 2455 4142 scribens,
2510 4075 2688 4129 animi
2719 4075 2807 4129 sui
2851 4091 3156 4130 mmrorem
3208 4075 3260 4130 ei
3309 4076 3687 4148 significasset,
3713 4064 3831 4141 quod

2181 4163 2364 4217 adhuc
2403 4163 2464 4218 in
2503 4163 2608 4217 hac
2649 4169 2878 4218 terrena
2915 4164 3376 4235 peregrinatione
3416 4167 3728 4226 moraretur,
3754 4170 3831 4211 nec

2182 4268 2408 4323 semper
2443 4251 2533 4307 hic
2565 4257 2890 4308 sanctorum
2923 4253 3205 4308 consortio
3233 4254 3347 4308 frui
3377 4258 3596 4326 posset;
3621 4246 3757 4322 quod
3780 4241 3833 4297 ad

2180 4339 2370 4412 ipsum
2397 4341 2806 4413 Augustinum,
2835 4347 2899 4397 ut
2915 4343 3160 4410 videtur,
3189 4343 3472 4398 referebat
3504 4343 3580 4397 :is
3601 4336 3752 4395 ofﬁcii
3768 4329 3834 4387 sui

2182 4446 2300 4484 esse
2337 4430 2576 4501 putavit,
2612 4431 2664 4486 ei
2711 4431 3044 4500 rescribere,
3076 4437 3142 4487 ut
3166 4448 3442 4500 amorem,
3477 4448 3585 4504 quo
3612 4429 3699 4484 illa
3730 4436 3835 4493 erga

2182 4535 2270 4573 res
2297 4520 2550 4574 cmlestes
2589 4520 2899 4587 ferebatur,
2946 4521 3407 4588 commendaret;
3445 4519 3712 4588 simulque
3736 4523 3835 4567 eam

2182 4608 2430 4676 doceret,
2471 4625 2777 4680 corporum
2806 4611 3176 4680 prmsentiam
3205 4610 3532 4665 animorum
3561 4598 3835 4678 praesentiae

2181 4714 2300 4752 esse
2331 4699 2780 4770 postponendam
2815 4700 3010 4768 (Epist.
3047 4700 3197 4768 267).
3238 4701 3369 4754 Haec
3400 4697 3625 4754 Fabiola
3648 4691 3836 4746 videtur

2180 4787 2377 4841 eadem
2417 4803 2558 4850 esse,
2601 4804 2774 4859 quam
2817 4788 3198 4860 Hieronymus
3227 4792 3483 4843 sanctam
3511 4785 3678 4841 ﬁliam
3705 4787 3837 4833 suam

2180 4877 2446 4947 appellat,
2469 4876 2608 4931 dum
2627 4877 2694 4932 ad
2719 4877 3105 4932 Marcellinum
3124 4876 3184 4930 in
3203 4877 3389 4931 Africa
3421 4877 3706 4947 degentem
3734 4861 3838 4920 scri-

2180 4963 2263 5019 bit
2279 4981 2430 5019 anno
2461 4965 3028 5037 quadringentesimo
3044 4964 3348 5021 undecimo
3368 4969 3468 5020 aut
3496 4958 3838 5036 quadringen-

2177 5053 2381 5108 tesimo
2411 5054 2771 5121 duodecimo,
2805 5071 2970 5127 posse
3001 5055 3167 5110 illum
3212 5055 3282 5109 ab
3311 5055 3436 5127 ipsa
3465 5047 3701 5108 mutuari
3725 5045 3838 5100 duos

2176 5143 2398 5215 priores
2430 5143 2607 5198 libros
2649 5143 2709 5198 in
2754 5144 3127 5212 Ezechielem,
3179 5160 3325 5216 quos
3367 5144 3437 5198 ad
3485 5156 3605 5197 eam
3633 5131 3838 5192 misisset

2178 5233 2419 5303 (Hieron.
2435 5273 2449 5299 ,
2480 5234 2668 5302 Epist.
2707 5235 2814 5302 82).
3130 5273 3139 5279 ς

2248 5323 2300 5375 9.
2347 5321 2477 5374 Erat
2527 5320 2987 5392 Hippone-Regio
3026 5321 3216 5392 puella
3248 5319 3532 5393 quaedam,
3563 5318 3713 5389 patre
3738 5321 3836 5368 suo,

2175 5412 2240 5463 ut
2264 5407 2510 5476 videtur,
2541 5411 2767 5477 orbata;
2799 5411 2960 5481 cujus
2990 5410 3163 5465 etiam
3193 5415 3380 5466 mater
3406 5425 3523 5464 non
3545 5397 3836 5477 apparebat-

2178 5497 2434 5554 Ecelesiaa
2483 5498 2699 5566 tutelas,
2760 5503 2823 5554 ut
2868 5500 2992 5570 ejus
3030 5500 3302 5556 adversus
3348 5497 3729 5569 improborum
3750 5486 3839 5539 Vim
