4008 6184
154 241 251 294 249

156 358 411 431 praesidio
440 362 718 426 uteretur,
748 359 1150 415 commendata
1173 360 1359 415 fuerat
1386 378 1417 415 a
1447 363 1740 433 spectabili
1769 364 1851 418 vi-

162 467 230 515 ro,
255 448 419 519 cujus
447 464 659 502 nomen
686 449 755 503 ab
782 448 1105 520 Augustino
1135 449 1407 504 reticetur
1436 469 1451 504 :
1478 468 1592 505 non
1620 453 1773 507 enim
1803 454 1849 507 is

165 539 289 593 idem
334 538 588 606 videtur,
618 554 683 592 ac
732 539 1051 593 Benenatus
1092 538 1412 609 episcopus,
1446 539 1545 610 qui
1593 556 1695 593 nec
1742 540 1849 594 viri

164 627 468 699 spectabilis
500 626 736 681 nomine
775 627 1062 682 notandus
1101 632 1268 691 esset,
1301 633 1357 682 et
1394 645 1590 682 curam
1630 628 1769 697 ejus,
1802 628 1849 683 si

163 720 206 771 in
230 716 412 787 ipsius
441 715 643 771 fuisset
667 720 966 787 potestate,
991 715 1278 787 suscipere
1309 716 1621 772 debuisset.
1665 719 1847 782 Quan-

159 822 309 877 quam
329 822 450 860 non
477 806 877 877 negaverimus
900 808 1253 861 Benenatum
1275 805 1449 860 istum
1471 806 1623 861 illius
1642 808 1848 878 puellm

154 894 590 966 consanguinem
644 893 867 949 fuisse:
924 894 1025 966 qui
1080 910 1215 949 sane
1267 894 1657 949 conditionem
1714 894 1849 950 huic

150 985 339 1055 puellm
369 983 781 1054 propositurus
805 984 875 1038 ad
904 983 1288 1055 Augustinum
1311 983 1552 1055 scripsit.
1583 985 1849 1055 Augusti-

148 1089 241 1126 nus
267 1088 549 1143 pro-cura
579 1072 870 1144 praecipue
898 1072 1135 1143 pupillis
1163 1072 1389 1127 tuendis
1418 1073 1607 1128 debita
1636 1074 1698 1128 in
1728 1074 1848 1145 ejus

146 1161 370 1216 tutelam
405 1161 607 1216 sedulo
636 1162 996 1228 incumbens,
1026 1162 1279 1217 oblatam
1318 1162 1709 1217 conditionem
1740 1163 1849 1217 sibi

145 1268 245 1305 non
274 1250 589 1321 displicere
618 1251 948 1321 respondit;
979 1251 1076 1305 sed
1108 1252 1361 1322 puellam
1391 1252 1576 1306 adhuc
1606 1269 1727 1307 esse
1758 1257 1845 1306 te-

144 1340 345 1395 neriori
374 1343 573 1406 mtate,
596 1356 772 1411 quam
803 1344 864 1394 ut
891 1341 1161 1411 cuiquam
1180 1345 1373 1413 posset
1397 1341 1675 1413 promitti,
1707 1341 1845 1396 dum

144 1431 522 1497 adolesceret;
546 1430 701 1485 illius
726 1430 958 1485 interim
987 1436 1252 1500 matrem,
1274 1432 1437 1502 cujus
1462 1431 1764 1486 auctoritas
1786 1432 1847 1486 in

144 1520 416 1575 tradenda
445 1519 568 1575 ﬁlia
597 1519 816 1575 caeteris
838 1520 1106 1575 omnibus
1125 1525 1273 1574 esset
1296 1521 1704 1592 praeponenda,
1736 1522 1848 1575 for-

142 1627 226 1664 san
251 1610 695 1681 apparituram;
728 1608 1027 1664 meliorem
1059 1609 1206 1663 forte
1233 1608 1618 1664 conditionem
1649 1626 1845 1664 occur-

141 1716 342 1767 suram,
378 1715 561 1771 quam
592 1697 714 1769 ipse
741 1702 974 1770 propter
1007 1699 1187 1752 Deum
1230 1698 1480 1769 judicem
1511 1697 1596 1753 illi
1635 1715 1844 1770 procu-

139 1804 247 1841 rare
276 1791 617 1853 teneretur;
640 1785 890 1857 denique
912 1784 1194 1839 incertum
1226 1801 1369 1850 esse,
1402 1791 1598 1840 utrum
1627 1787 1844 1841 nubere

140 1877 318 1943 vellet;
357 1876 556 1931 dicere
588 1875 838 1941 solitam,
878 1875 1023 1929 velle
1063 1890 1121 1928 se
1161 1890 1282 1929 esse
1320 1875 1840 1941 sanctimonialem;

136 1971 185 2019 et
206 1964 480 2037 quamvis
512 1964 584 2018 ob
614 1968 839 2017 astatem
867 1962 935 2016 iis
958 1979 1077 2017 non
1098 1964 1248 2018 foret
1266 1963 1627 2018 sermonibus
1656 1964 1845 2019 adlim-

135 2055 397 2120 reudnm,
432 2068 495 2107 se
525 2057 717 2107 tamen
748 2052 1067 2122 prmstolari
1109 2052 1340 2119 debere,
1374 2053 1511 2107 dum
1550 2053 1674 2123 ipsa
1713 2053 1845 2107 vitae

134 2144 465 2198 institutum
499 2158 601 2195 sua
627 2147 828 2213 sponte
858 2141 1107 2211 deligere
1138 2143 1339 2195 valeat.
1374 2141 1546 2195 Addit
1576 2140 1841 2208 Felicem,

134 2235 219 2304 qui
249 2234 473 2306 puellm
512 2231 682 2302 hujus
710 2234 1076 2285 materteram
1119 2229 1178 2284 in
1210 2230 1641 2285 matrimonium
1672 2231 1845 2285 duxe-

134 2330 223 2385 rat,
252 2323 508 2395 quicum
529 2337 596 2375 ea
625 2321 694 2375 de
725 2337 785 2375 re
815 2320 1129 2375 necessario
1153 2336 1473 2375 sermonem
1492 2320 1842 2387 contulisset,

134 2411 378 2465 oblatam
413 2410 807 2465 conditionem
845 2410 1267 2481 comprobasse,
1296 2410 1425 2481 jure
1464 2414 1658 2464 tamen
1700 2408 1843 2463 ami-

133 2501 265 2555 citia:
284 2500 479 2555 fuisse
506 2504 901 2572 conquestum,
926 2499 1083 2570 quod
1102 2499 1183 2553 nil
1207 2499 1313 2553 hac
1337 2499 1406 2552 de
1428 2515 1488 2553 re
1510 2515 1612 2569 per
1634 2499 1846 2553 litteras

134 2590 444 2661 accepisset
478 2588 678 2660 (Epist.
720 2590 867 2657 254).
898 2588 1162 2658 Paganus
1192 2586 1425 2658 quidam
1457 2586 1703 2656 (Rustico
1735 2604 1843 2642 no-

132 2694 253 2733 men
282 2680 436 2746 erat)
469 2678 619 2732 hanc
648 2677 898 2748 puellam
925 2675 1091 2748 petiit
1126 2674 1187 2728 in
1217 2674 1566 2729 connubium
1598 2674 1713 2728 ﬁlio
1744 2691 1845 2729 suo

132 2766 334 2836 pariter
379 2781 634 2837 pagano,
667 2765 767 2836 qui
807 2781 911 2820 nec
955 2781 1014 2819 se
1061 2763 1427 2818 christianum
1472 2763 1583 2817 ﬁde
1612 2764 1846 2833 iample—

130 2869 326 2908 surum
360 2869 492 2907 esse
522 2852 921 2923 pollicebatur.
950 2852 1161 2907 Verum
1181 2850 1537 2922 Augustinus
1567 2852 1636 2905 ab
1667 2867 1734 2906 ea
1760 2851 1845 2905 illi

130 2943 409 2997 tradenda
454 2941 774 3013 plurimum
813 2942 1176 3008 abhorrebat,
1208 2946 1273 2995 ut
1318 2941 1439 3011 ipse
1487 2940 1714 2995 Rustico
1744 2956 1846 3011 per

128 3031 338 3086 litteras
394 3029 746 3101 signiﬁcavit
795 3030 992 3102 (Epist.
1046 3032 1192 3100 255),
1240 3034 1447 3102 praeter
1494 3046 1562 3083 ea
1615 3046 1745 3101 quae
1784 3029 1845 3093 in

127 3120 369 3191 epistola
401 3120 478 3173 ad
520 3121 873 3173 Benenatum
913 3118 1247 3190 episcopum
1284 3118 1564 3173 indicasse
1595 3134 1654 3172 se
1686 3117 1842 3186 dicit,

126 3210 326 3280 quibus
365 3208 439 3263 de
468 3207 625 3262 illius
654 3209 859 3278 puellae
890 3207 1177 3262 connubio
1206 3212 1342 3261 tunc
1372 3196 1649 3278 temporis
1677 3206 1843 3278 quid-

127 3314 291 3370 quam
321 3297 626 3370 spondere
654 3297 1088 3367 prohibebatur.
1122 3297 1219 3351 Vix
1251 3296 1608 3359 adducimur,
1641 3301 1701 3351 ut
1729 3312 1844 3351 cre-

124 3390 318 3444 damus
352 3390 509 3443 hanc
538 3387 725 3458 ipsam
755 3387 1139 3442 conditionem
1182 3403 1323 3451 esse,
1365 3402 1539 3456 quam
1572 3385 1843 3457 Augusti-

128 3494 225 3531 nus
256 3478 319 3532 in
362 3475 623 3548 epistola
667 3475 737 3529 ad
772 3477 1146 3541 Benenatum,
1189 3478 1254 3529 ut
1291 3474 1555 3541 diximus,
1589 3475 1843 3529 absolute

127 3567 223 3620 sibi
252 3566 552 3637 placuisse
582 3569 848 3621 testatur.
896 3567 964 3620 Ut
991 3565 1147 3620 enim
1187 3567 1508 3619 Benenatus
1536 3564 1696 3618 illam
1726 3567 1843 3618 Au-

126 3656 349 3725 gustino
380 3654 804 3726 proposuisset,
832 3671 899 3709 ea
923 3658 1147 3709 tantum
1173 3655 1319 3725 lege,
1348 3658 1415 3708 ut
1445 3653 1657 3709 Rustici
1689 3652 1843 3707 ﬁlius

126 3744 502 3800 christianum
534 3743 708 3797 ﬁdem
740 3743 1053 3815 susciperet
1083 3759 1096 3797 :
1127 3747 1318 3797 tamen
1349 3741 1704 3813 Augustinus
1734 3742 1841 3796 cir-

127 3833 535 3889 cumstantiam
578 3831 719 3886 adeo
764 3848 995 3903 gravem
1038 3831 1275 3886 minime
1315 3831 1598 3887 tacuisset.
1634 3834 1712 3886 De
1748 3847 1853 3885 ea-

127 3919 268 3988 dem,
307 3926 375 3976 ut
418 3919 675 3987 videtur,
708 3921 899 3991 puella
930 3919 1130 3975 Felicis
1174 3925 1341 3990 nepte
1380 3920 1534 3975 idem
1574 3920 1730 3975 Felix
1771 3920 1839 3974 ad

126 4010 519 4081 Augustinum
550 4009 874 4080 scripserat,
908 4014 965 4063 et
1001 4009 1324 4079 spectabilis
1362 4008 1489 4075 viri,
1524 4025 1558 4063 a
1589 4025 1702 4080 quo
1743 4009 1840 4062 Ec-

126 4099 305 4155 clesiae
336 4100 538 4154 fuerat
574 4097 893 4173 commissa,
927 4097 1142 4152 litteras
1182 4098 1252 4152 ad
1286 4114 1416 4152 eum
1447 4098 1697 4152 miserat.
1734 4098 1841 4152 Rc-

125 4188 315 4243 scribit
357 4187 725 4259 Augustinus
768 4203 849 4255 se,
881 4203 1011 4241 cum
1061 4187 1207 4241 hanc
1242 4186 1525 4258 pupillam
1571 4187 1841 4258 cuiquam

124 4277 334 4345 passim
362 4276 733 4332 committere
764 4292 877 4330 non
907 4276 1133 4343 audeat,
1166 4275 1471 4330 adventum
1504 4276 1647 4345 ejus,
1681 4275 1842 4346 cujus

124 4366 339 4421 litteras
371 4367 450 4420 ad
487 4382 549 4419 se
588 4365 855 4433 misisset,
890 4369 1378 4436 exspectaturum;
1413 4363 1552 4434 quid
1588 4364 1738 4418 facto
1770 4363 1844 4417 sit

125 4471 264 4525 opus
283 4471 487 4509 coram
504 4455 605 4509 illo
629 4454 1109 4521 deliberaturum;
1132 4454 1531 4523 facturamque
1550 4451 1701 4522 quod
1730 4452 1840 4505 Do-

126 4544 316 4599 minus
346 4543 681 4599 faciendum
715 4559 834 4597 esse
864 4542 1233 4613 inspiraverit
1262 4544 1458 4612 (Epist.
1487 4542 1637 4611 252).
1684 4539 1842 4594 Haud

125 4634 356 4700 scimus,
386 4649 466 4687 an
496 4632 568 4686 de
595 4633 794 4687 eadem
823 4632 1011 4687 adhuc
1036 4632 1230 4703 puella
1257 4631 1465 4685 scribat
1485 4629 1837 4701 Augustinus

126 4722 193 4776 ad
225 4724 615 4788 Benenatum,
649 4721 934 4777 audivisse
982 4737 1062 4790 se,
1093 4720 1247 4792 quod
1289 4721 1359 4775 de
1391 4718 1622 4790 negotio
1658 4722 1840 4773 trans-

125 4810 335 4882 igendo
368 4811 669 4882 cogitaret.
702 4812 965 4866 Testatur
992 4810 1199 4866 adduci
1234 4827 1294 4865 se
1324 4827 1439 4864 non
1470 4826 1658 4881 posse,
1690 4813 1757 4863 ut
1783 4808 1842 4863 id

124 4901 226 4956 sibi
272 4902 659 4974 persuadeat;
710 4901 758 4955 si
804 4905 996 4956 tamen
1053 4915 1253 4955 verum
1303 4899 1393 4966 sit,
1441 4916 1610 4954 nosse
1654 4898 1843 4970 ipsum

124 4990 623 5061 quemadmodum
668 4990 927 5045 Ecclesiae
976 4990 1291 5055 consulere,
1334 5004 1398 5044 ac
1444 4993 1667 5043 tantum
1710 5003 1838 5042 cum

124 5081 409 5135 catholica
440 5080 636 5147 domo,
670 5096 800 5152 quae
843 5096 961 5133 non
991 5080 1205 5144 obesse,
1240 5078 1341 5132 sed
1370 5078 1638 5149 prodesse
1668 5077 1846 5149 possit

127 5169 419 5237 Ecclesiae,
453 5170 775 5240 transigere
800 5169 1005 5224 debeat
1035 5170 1239 5239 (Epist.
1277 5167 1423 5237 253).

817 5258 1042 5312 CAPUT
1084 5259 1169 5312 1X.

132 5352 143 5401 l
192 5348 594 5403 Madaurenses
627 5347 700 5401 ad
726 5349 1084 5402 christianum
1104 5347 1417 5415 religionem
1440 5345 1718 5399 traducere
1739 5348 1844 5398 slu-

194 5439 309 5492 det.
344 5442 382 5489 2
419 5440 555 5495 Cum
586 5439 922 5505 Longiniano
952 5451 1158 5506 quoque
1181 5450 1400 5505 pagano
1440 5433 1712 5489 sacerdote
1746 5448 1842 5501 per

192 5530 414 5584 litteras
445 5532 585 5595 agit,
618 5531 675 5580 ut
702 5542 817 5581 eam
846 5527 1218 5596 amplectatur.
1253 5528 1283 5581 3
1306 5526 1608 5581 Maximam
1635 5524 1839 5579 exortis

1568 240 1770 296 LIBER
1811 242 2155 305 QUARTUS.

3543 249 3649 302 250

2028 368 2087 420 in
2112 366 2395 436 provincia
2420 379 2522 420 sua
2548 366 2821 422 erroribus
2842 368 3222 436 perturbatam
3263 370 3471 424 solatur
3499 374 3549 425 et
3572 387 3660 426 ro-

2031 456 2203 510 borat.
2234 456 2268 509 4
2309 456 2438 511 Cum
2486 455 2713 510 diversis
2761 457 3024 510 haereticis
3068 458 3126 509 in
3168 461 3433 512 certamen
3478 461 3661 514 venit:

2028 548 2216 598 contra
2263 543 2548 612 quemdam
2605 559 2631 597 e
2672 546 2996 601 Novatianis
3037 545 3227 599 scribit
3277 545 3350 599 ad
3395 547 3658 602 Seleucia-

2026 647 2173 686 nam.
2205 634 2234 686 5
2272 631 2809 686 Tertullianista-rum
2838 633 3056 687 haeresis
3094 648 3150 687 eo
3172 637 3435 702 praesente
3464 633 3657 689 deleta.

2029 723 2060 774 6
2089 720 2344 774 Abelonii
2373 736 2582 789 quoque
2610 736 2703 775 seu
2732 721 2990 776 Abeloitaz
3022 724 3080 776 in
3115 724 3452 792 Ilipponensi
3487 728 3665 779 tractu

2027 809 2331 864 ministerio
2363 814 2411 863 et
2441 810 2619 863 labore
2650 812 2821 879 ipsius
2852 811 3071 865 sublati.

2032 901 2080 952 1.
2114 899 2188 953 Ex
2220 898 2336 952 suis
2373 897 2736 968 potissimum
2780 899 3188 955 certaminibus
3234 917 3364 956 cum
3408 902 3663 957 hostibus

1960 988 2217 1041 Ecclesia:
2251 987 2461 1041 nobilis
2492 992 2545 1041 et
2571 988 2756 1041 clarus
2786 988 2962 1043 evasit
2989 990 3361 1061 Augustinus.
3397 992 3662 1046 Ethnicos

1956 1088 2083 1125 cum
2116 1073 2241 1126 aliis
2272 1072 2782 1139 lucubrationibus,
2816 1076 2938 1127 tum
2982 1074 3228 1129 maxime
3258 1092 3428 1146 opere
3470 1076 3539 1130 de
3572 1076 3660 1132 Ci-

1955 1161 2125 1215 vitate
2160 1161 2258 1215 Dei
2290 1161 2512 1215 fortiter
2541 1161 2923 1231 impugnavit.
2958 1162 3096 1216 Cum
3124 1164 3351 1219 cuidam
3380 1164 3661 1219 Florenti-

1910 1238 1919 1245 ’
1955 1268 2053 1317 no,
2090 1251 2189 1321 qui
2239 1267 2386 1304 unus
2434 1267 2461 1304 e
2510 1250 2793 1305 Madaurm
2830 1252 3166 1321 proceribus
3199 1253 3373 1307 fuisse
3415 1253 3661 1323 videtur,

1958 1339 2217 1410 llippone
2249 1339 2546 1410 quidpiam
2578 1340 2795 1410 negotii
2826 1344 2993 1407 esset,
3015 1357 3213 1394 omnes
3242 1342 3402 1396 urbis
3432 1343 3662 1397 ordines

1953 1444 2058 1498 per
2084 1445 2217 1482 eum
2249 1428 2599 1499 scripserunt
2623 1429 2966 1500 Augustino,
3000 1434 3063 1483 ut
3088 1428 3195 1500 ipsi
3228 1429 3288 1485 in
3316 1431 3546 1500 negotio
3568 1431 3662 1486 ad-

1956 1533 2079 1572 esse
2114 1519 2469 1588 dignaretur.
2507 1519 2635 1571 Hazc
2664 1522 2785 1572 erat
2816 1518 3131 1572 litterarum
3162 1517 3479 1588 inscriptio,
3507 1519 3665 1573 Patri

1953 1606 2285 1673 Augustino,
2315 1609 2371 1660 in
2403 1610 2621 1662 Domino
2642 1611 2896 1662 aeternam
2921 1608 3147 1661 salutem
3168 1627 3182 1673 ;
3203 1605 3545 1677 subscriptio
3568 1622 3663 1660 au-

1955 1700 2093 1761 tem,
2139 1696 2399 1765 Optamus
2438 1700 2505 1761 te,
2545 1696 2776 1764 domine,
2810 1698 2866 1749 in
2907 1699 3013 1749 Deo
3056 1699 3105 1749 et
3137 1696 3348 1751 Christo
3397 1696 3532 1764 ejus,
3564 1711 3663 1764 per

1954 1783 2147 1837 multos
2177 1798 2349 1837 annos
2379 1798 2585 1851 semper
2614 1785 2673 1836 in
2705 1784 2840 1836 clero
2872 1787 2960 1836 tuo
2997 1782 3249 1849 gaudere.
3280 1784 3405 1837 lam
3434 1783 3662 1853 pridem

1955 1872 2183 1925 dolebat
2203 1871 2553 1942 Augustinus
2574 1871 2727 1925 idola
2757 1887 2873 1924 non
2904 1871 3086 1941 magis
3107 1870 3168 1924 in
3198 1870 3657 1925 Madaurensium

1958 1960 2205 2030 templis,
2231 1977 2402 2031 quam
2436 1960 2494 2014 in
2528 1977 2725 2014 eorum
2756 1959 3018 2014 cordibus
3043 1959 3277 2014 includi.
3301 1961 3660 2031 Quapropter

1955 2048 2211 2118 epistola:
2240 2049 2471 2103 titulum
2504 2049 2739 2102 miratus
2771 2052 2872 2102 est.
2912 2050 3086 2102 Tanta
3137 2063 3229 2117 spe
3252 2048 3429 2102 subito
3458 2053 3658 2103 erectus

1955 2153 2092 2198 sum.
2119 2137 2330 2208 inquit,
2356 2146 2413 2191 ut
2444 2137 2710 2191 crederem
2741 2152 2831 2191 vos
2860 2136 2933 2190 ad
2968 2138 3145 2205 ipsum
3174 2139 3477 2204 Dominum,
3508 2142 3557 2192 et
3587 2138 3661 2191 ad

1953 2228 2132 2295 ipsum
2160 2232 2415 2280 aeternam
2442 2226 2689 2291 salutem,
2716 2229 2813 2278 aut
2835 2225 2954 2289 jam
2985 2239 3094 2279 esse
3116 2240 3415 2291 conversos,
3438 2230 3535 2279 aut
3557 2241 3661 2295 per

1956 2320 2195 2370 nostrum
2237 2317 2599 2369 ministerium
2633 2314 2944 2368 desiderare
2981 2314 3234 2367 converti.
3276 2313 3382 2369 Sed
3422 2314 3515 2367 ubi
3558 2316 3665 2381 legi

1954 2410 2164 2469 caetera,
2198 2405 2454 2471 refriguit
2494 2405 2705 2457 animus
2745 2417 2909 2457 meus.
2955 2402 3194 2467 Qwsivi
3225 2405 3400 2456 tamen
3438 2402 3505 2456 ab
3544 2403 3660 2472 epi-

1954 2495 2101 2547 stola:
2119 2487 2409 2562 perlatore,
2440 2496 2623 2546 utrum
2641 2492 2764 2561 jam
2782 2492 2865 2545 vel
2892 2493 3072 2546 essetis
3102 2491 3410 2559 christiani,
3440 2493 3522 2545 vel
3551 2507 3661 2547 esse

1954 2584 2235 2651 cuperet-is.
2284 2582 2446 2650 Cujus
2491 2581 2831 2650 responsione
2871 2584 3226 2649 posteaquam
3264 2582 3515 2649 comperi,
3564 2597 3657 2635 ne-

1955 2687 2231 2742 quaquam
2263 2686 2353 2726 vos
2383 2685 2494 2725 esse
2520 2673 2788 2735 mutatos;
2820 2671 3049 2738 gravius
3078 2668 3249 2735 dolui,
3280 2669 3424 2738 quod
3453 2670 3659 2725 Christi

1953 2776 2162 2826 nomen,
2194 2761 2284 2813 cui
2300 2760 2425 2828 jam
2456 2762 2624 2813 totum
2656 2759 2834 2812 orbem
2862 2758 3158 2825 subjectum
3198 2770 3306 2810 esse
3330 2756 3657 2824 conspicitis,

1954 2866 2059 2904 non
2084 2850 2256 2904 solum
2285 2864 2321 2901 a
2346 2849 2494 2902 vobis
2522 2847 2906 2917 repellendum,
2938 2846 3031 2901 sed
3069 2847 3233 2899 etiam
3258 2846 3316 2898 in
3345 2845 3496 2898 nobis
3528 2846 3659 2897 irri-

1954 2940 2190 2994 dendum
2236 2954 2346 2992 esse
2390 2936 2723 3001 credidistis,
2777 2936 2907 2989 dum
2955 2934 3093 2989 mihi
3163 2934 3396 3003 (negotia
3457 2931 3658 3001 vestra)

1955 3029 2201 3085 curanda
2230 3028 2530 3097 imponitis.
2562 3026 2888 3080 Florentino
2929 3021 3310 3078 nihilominus
3348 3020 3507 3075 omni
3550 3036 3657 3091 ope

1953 3118 2162 3185 adfuit;
2215 3117 2315 3171 sed
2360 3117 2473 3170 tale
2520 3113 2816 3186 negotium
2869 3117 3012 3178 erat,
3060 3110 3214 3183 quod
3256 3108 3419 3165 facile
3460 3109 3660 3180 peragi

1946 3211 2162 3278 posset.
2204 3205 2589 3271 Quamobrem
2629 3202 2947 3257 immissam
2984 3199 3158 3255 fuisse
3197 3215 3231 3253 a
3268 3200 3385 3253 Deo
3425 3197 3655 3253 Madau-

1954 3296 2214 3350 rensibus
2243 3294 2315 3348 ad
2341 3309 2398 3347 se
2429 3291 2715 3347 scribendi
2736 3296 2988 3345 mentem
3019 3288 3280 3354 credidit,
3313 3291 3377 3341 ut
3402 3286 3656 3341 veritatis

1955 3385 2066 3439 illis
2097 3383 2505 3439 annuntiandaa
2536 3382 2643 3437 sibi
2677 3379 3165 3452 opportunitatem
3205 3377 3454 3431 oﬁ‘erret.
3489 3376 3655 3430 Obla-

1954 3478 2071 3528 tam
2102 3472 2277 3543 igitur
2296 3471 2572 3542 arripuit;
2594 3475 2649 3523 et
2668 3468 2766 3523 ubi
2786 3467 3033 3523 ostendit
3056 3465 3321 3520 illusores
3343 3480 3437 3518 eos
3456 3463 3652 3529 fuisse,

1954 3580 2084 3618 cum
2114 3560 2325 3617 Christi
2350 3560 2584 3614 nomine
2606 3559 2711 3613 sibi
2739 3560 3023 3612 honorem
3044 3560 3096 3610 et
3121 3553 3535 3609 observantiam
3560 3569 3656 3609 ex-

1952 3652 2149 3708 hibere
2181 3651 2547 3717 simularunt,
2571 3648 2619 3701 si
2650 3646 2858 3702 Christi
2888 3647 3078 3700 hostes
3103 3644 3286 3699 adhuc
3315 3643 3653 3710 existerent;

1954 3741 2174 3812 aliquot
2202 3736 2558 3809 argumentis
2578 3735 2946 3789 cbristianam
2974 3731 3314 3803 religionem
3335 3729 3557 3797 asserit,
3582 3731 3652 3785 ad

1953 3845 2126 3902 quam
2157 3826 2615 3897 amplectendam
2658 3840 2755 3880 eos
2785 3824 3153 3889 adhortatur;
3186 3821 3339 3892 quod
3375 3826 3567 3891 tamen
3599 3836 3658 3874 se

1952 3937 2081 3975 cum
2125 3924 2376 3974 tremore
2423 3916 2613 3971 cordis
2652 3931 2758 3986 pro
2810 3914 2889 3968 eis
2935 3914 3120 3967 facere
3158 3912 3486 3983 proﬁtetur.
3522 3912 3662 3967 Novi

1951 4012 2111 4075 enim,
2147 4007 2354 4079 inquit,
2388 4009 2588 4075 quanto
2633 4006 2937 4071 graviorem
2967 4007 3017 4057 et
3049 4003 3483 4071 perniciosiorem
3525 4015 3655 4054 cau-

1951 4115 2067 4154 sam
2093 4100 2215 4154 sitis
2247 4096 2493 4151 habituri
2520 4093 2671 4163 apud
2698 4096 2884 4151 Deum,
2917 4094 2967 4145 si
2989 4093 3207 4157 frustra
3248 4089 3398 4143 vobis
3429 4089 3537 4143 haec
3568 4087 3655 4141 di-

1950 4202 2101 4242 xero.
2125 4189 2245 4242 Erit
2270 4188 2410 4240 enim
2433 4188 2583 4239 testis
2604 4183 2828 4251 affectus
2849 4183 2909 4236 in
2927 4195 3019 4235 vos
3037 4180 3215 4234 cordis
3235 4180 3358 4240 mei,
3377 4194 3476 4246 per
3496 4178 3655 4241 hanc,

1952 4280 2214 4346 quantum
2236 4277 2413 4344 potui,
2444 4275 2708 4343 paginam
2737 4286 3023 4340 expressus
3058 4285 3070 4323 :
3103 4270 3208 4322 erit
3240 4269 3387 4321 testis
3419 4266 3565 4320 vobis
3598 4267 3657 4318 in

1942 4365 2155 4435 judicio
2184 4365 2322 4434 ejus,
2354 4365 2450 4431 qui
2479 4363 2747 4417 credentes
2784 4362 2892 4414 sibi
2933 4360 3349 4427 conﬁrmaturus
3388 4358 3465 4409 est
3492 4358 3542 4408 et
3569 4355 3655 4408 in-

1951 4454 2193 4509 credulos
2233 4454 2577 4518 confusurus.
2622 4452 2728 4505 Eos
2777 4454 2834 4504 et
2872 4449 3075 4503 fratres
3122 4461 3255 4499 suos
3296 4447 3352 4498 et
3394 4446 3658 4514 parentes

1951 4548 2264 4613 nuncupat,
2297 4543 2368 4597 ob
2398 4542 2545 4595 hanc
2584 4541 2821 4594 fortasse
2854 4552 3104 4602 causam,
3140 4534 3296 4605 quod
3334 4549 3478 4603 puer
3507 4531 3657 4586 litte-

1950 4650 2042 4688 ras
2072 4631 2226 4703 apud
2274 4631 2579 4687 Madauras
2608 4628 2912 4684 didicisset.
2959 4627 3347 4695 Imperatores
3387 4621 3540 4692 ipsos
3586 4621 3658 4675 ad

1951 4721 2245 4794 piscatoris
2275 4719 2426 4776 Petri
2456 4718 2782 4791 sepulcrum
2819 4714 3101 4769 submisso
3148 4712 3473 4767 diademate
3519 4726 3657 4781 sup-

1951 4810 2159 4881 plicare
2189 4812 2472 4863 memorat
2498 4806 2560 4861 in
2585 4805 2657 4859 iis
2683 4803 2912 4869 litteris;
2942 4802 3263 4872 eodemque
3294 4800 3415 4854 loco
3444 4815 3503 4853 se
3531 4801 3661 4869 post

1950 4902 2106 4973 leges
2126 4899 2186 4954 in
2204 4899 2357 4953 idola
2373 4912 2522 4951 anno
2543 4891 2942 4949 trecentesimo
2966 4889 3338 4961 nonagesimo
3362 4903 3512 4943 nono
3530 4901 3662 4941 con-

1952 4989 2179 5044 stitutas
2219 4986 2485 5050 scribere,
2526 4999 2646 5038 non
2680 4981 2918 5037 obscure
2954 4979 3241 5052 signiﬁcat
3279 4978 3478 5049 (Epist.
3512 4974 3655 5042 232).

2021 5082 2074 5133 2.
2110 5079 2251 5133 Cum
2278 5072 2676 5145 'Longiniano,
2709 5086 2935 5142 pagano
2977 5069 3237 5134 homine,
3276 5071 3333 5121 et
3370 5064 3659 5120 idolorum

1952 5164 2038 5236 (ut
2067 5163 2320 5234 apparet)
2354 5159 2621 5231 pontiﬁce
2663 5174 2998 5229 congressus
3023 5155 3351 5227 aliquando,
3385 5152 3447 5205 in
3486 5149 3659 5219 hujus

1952 5251 2225 5325 colloquii
2252 5251 2407 5305 velut
2437 5249 2667 5321 speculo
2696 5246 2962 5319 inspexit,
2988 5262 3119 5300 eum
3145 5256 3451 5313 agnoscere
3475 5240 3656 5293 Deum

1952 5359 2071 5397 esse
2103 5340 2421 5404 colendum,
2458 5338 2604 5393 bene
2643 5337 2854 5393 sentire
2886 5337 2955 5391 de
2999 5334 3242 5400 Christo,
3274 5330 3344 5385 ad
3383 5328 3655 5383 virtutem

1953 5432 2127 5487 etiam
2156 5447 2221 5486 ex
2263 5429 2453 5484 animo
2486 5427 2801 5498 adspirare.
2835 5425 3063 5495 Optima
3093 5437 3228 5476 sane
3265 5419 3388 5474 haec
3418 5421 3545 5472 erat
3587 5417 3655 5471 ad

1950 5521 2107 5579 illam
2151 5520 2339 5595 reipsa
2383 5517 2843 5597 consequendam
2893 5507 3462 5575 animitconstitutio.
3507 5510 3654 5600 Qua-
