4008 6184
356 264 451 317 ‘25l
1610 256 1781 316 'v’lTA°
1798 261 1855 316 S.
1896 262 2268 320 AUGUSTINI
2313 263 2641 319 EPlSCOPl.

354 391 588 459 propter
617 401 748 441 eum
782 384 1047 440 adamare
1077 384 1248 456 ccepit
1276 383 1648 456 Augustinus,
1679 388 1747 439 ut
1773 384 1895 455 ipse
1925 384 2052 440 red-

352 475 581 530 amabat
598 473 1008 545 Augustinum.
1034 473 1132 528 Hic
1145 479 1339 530 autem
1359 477 1515 529 ratus
1525 472 1740 528 amicos
1760 489 1875 528 non
1892 490 2054 546 posse

350 561 699 619 fructuosius
728 563 846 616 ulla
882 562 952 617 de
977 578 1041 617 re
1079 561 1352 634 colloqui,
1384 576 1559 635 quam
1596 564 1666 617 de
1695 561 1899 617 mediis
1928 561 2054 634 qui-

350 652 456 707 bus
486 650 622 706 boui
644 650 918 721 beatique
948 650 1147 718 simus,
1179 650 1499 706 litterarum
1524 665 1697 722 super
1721 666 1788 704 ea
1815 667 1878 705 re
1907 667 2058 706 com-

353 739 631 794 mercium
677 754 808 794 cum
853 738 1212 810 Longiniano
1248 739 1495 795 libenter
1523 738 1669 794 iniit.
1712 738 1926 794 Idcirco
1953 754 2058 810 per

352 832 569 887 litteras
598 830 668 886 ab
698 846 765 886 eo
796 830 978 903 petiit,
1010 836 1074 885 ut
1094 831 1202 886 sibi
1222 831 1579 902 rescriberet,
1603 847 1854 903 quonam
1882 832 2056 887 modo

353 919 612 975 crederet
653 920 835 975 Deum
878 920 1213 988 colendum;
1257 920 1398 992 quid
1437 920 1676 975 sentiret
1714 920 1784 974 de
1831 920 2055 976 Christo

355 1007 631 1074 Domino;
663 1024 734 1062 an
763 1007 873 1063 alia
904 1008 1013 1076 via,
1042 1025 1216 1078 quam
1242 1008 1364 1079 ipse
1396 1008 1562 1063 nobis
1593 1008 2054 1077 demonstrasset,

352 1096 418 1151 ad
449 1097 676 1152 beatam
706 1096 882 1151 vitam
922 1097 1211 1168 perveniri
1246 1113 1414 1168 posse
1452 1102 1743 1164 censeret;
1777 1113 1850 1152 an
1880 1114 2056 1153 unam

351 1185 499 1239 hanc
525 1184 676 1239 viam
706 1185 1034 1251 arbitratus,
1060 1202 1175 1256 qua
1198 1184 1355 1258 piam
1381 1189 1604 1241 tantum
1634 1200 1703 1240 ex
1732 1201 1901 1241 causa
1928 1202 2057 1241 eam

350 1271 494 1327 inire
526 1272 777 1328 dilferret
809 1272 1007 1343 (Epist.
1036 1274 1186 1344 233).
1219 1273 1533 1343 Respondit
1558 1272 1944 1343 Longinianus
1971 1274 2055 1328 in-

349 1360 499 1432 signi
531 1360 830 1432 veracique
861 1361 1068 1432 elogio.
1096 1362 1238 1416 Eum
1268 1362 1423 1416 enim
1449 1362 1839 1417 Romanorum
1868 1362 2052 1417 virum

354 1465 482 1503 vere
515 1448 819 1521 optimum,
854 1449 1040 1504 virum
1070 1449 1307 1514 bonum,
1339 1449 1388 1504 si
1418 1449 1546 1522 quis
1576 1449 1714 1504 alias
1740 1449 1931 1517 fuerit,
1963 1449 2053 1504 in-

349 1536 572 1608 digitat.
604 1539 667 1593 Si
692 1538 931 1608 quidem,
964 1537 1173 1609 inquit,
1194 1538 1372 1593 adhuc
1397 1542 1521 1608 post
1550 1537 1823 1592 hominum
1854 1553 2052 1594 memo-

349 1628 493 1681 riam
520 1628 634 1681 nisi
657 1628 1018 1697 Xenophontis
1055 1628 1324 1696 ﬁgmentis
1354 1627 1656 1696 compositae
1681 1626 1884 1694 fabula
1910 1628 2054 1682 sche-

348 1730 439 1769 ma
481 1715 758 1784 concedas,
789 1714 968 1769 adhuc
1006 1715 1298 1781 audierim,
1340 1715 1580 1783 legerim,
1618 1714 1847 1769 viderim
1882 1716 2052 1770 nemi-

348 1819 485 1872 nem,
518 1808 613 1858 aut
633 1807 770 1858 certe
790 1808 915 1873 post
942 1818 1108 1857 unum
1133 1803 1353 1874 (Cyrum
1379 1804 1637 1873 fortasse)
1658 1804 1885 1865 nullum,
1909 1803 2055 1875 quod

349 1895 454 1948 Deo
485 1896 633 1958 teste,
666 1891 798 1946 bono
819 1892 1058 1961 periculo
1088 1896 1334 1963 certoque
1364 1891 1622 1958 dixerim,
1652 1894 1766 1947 nisi
1793 1896 1861 1959 te,
1888 1894 2053 1947 Deum

347 1984 397 2033 et
426 1981 633 2035 conniti
656 1994 867 2050 semper
889 1995 1194 2049 agnoscere,
1224 1986 1273 2035 et
1295 1995 1451 2050 posse
1473 1982 1715 2050 puritate
1740 1982 1915 2035 animi
1934 1997 2049 2035 εον-

344 2071 606 2139 porisque
633 2069 876 2139 projecla
904 2068 1195 2138 gravedine
1218 2071 1419 2125 sectari
1436 2071 1718 2136 [wzillime,
1744 2075 1792 2124 et
1807 2085 1901 2140 spe
1926 2086 2050 2140 per-

346 2159 502 2225 fectae
530 2160 860 2212 conscientia:
887 2173 993 2211 non
1031 2158 1201 2211 dubia
1233 2156 1550 2211 credulitate
1588 2162 1778 2211 tenere.
1814 2156 1900 2211 Ad
1928 2159 2053 2213 Au-

350 2244 565 2315 gustini
594 2245 834 2316 quaesita
864 2245 1191 2315 respondet,
1225 2245 1418 2299 dicens
1447 2245 1521 2299 ad
1551 2261 1730 2300 unum
1761 2249 1817 2299 et
1855 2261 2051 2300 verum

350 2333 551 2400 Deum,
584 2331 1223 2403 iucomprehensibileui
1252 2348 1441 2386 rerum
1473 2333 1734 2387 omnium
1765 2333 2051 2405 opificem,

348 2420 477 2476 vitae
514 2419 860 2491 integritate,
907 2420 1145 2475 deorum
1184 2419 1299 2474 sive
1344 2421 1437 2491 (ut
1482 2420 1783 2497 Christiani
1834 2426 2049 2492 vocant)

348 2508 702 2580 Augelorum
731 2508 1017 2576 societate,
1049 2514 1105 2563 et
1132 2508 1501 2580 antiquorum
1531 2526 1824 2564 sacrorum
1855 2511 2048 2582 expia-

349 2596 600 2653 tionibus
621 2613 740 2652 esse
761 2597 1233 2668 perveniendum.
1265 2598 1345 2652 De
1376 2596 1598 2652 Christo
1631 2604 1825 2656 autem
1854 2606 1909 2653 et
1932 2598 2052 2669 Spi-

348 2685 495 2742 ritus
538 2686 686 2741 douo
734 2702 853 2741 non
880 2686 1103 2755 ,audere
1147 2701 1227 2754 se,
1257 2702 1361 2741 nec
1408 2703 1588 2757 posse,
1633 2688 1773 2758 quid
1822 2688 2049 2756 sentiat,

348 2775 700 2846 exprimere;
723 2791 853 2830 cum
876 2776 1091 2830 nullam
1112 2791 1313 2830 eorum
1336 2774 1598 2829 notitiam
1620 2775 1844 2832 habeat.
1871 2777 2053 2849 ltogat

348 2862 526 2935 igitur
552 2864 958 2936 Augustinum,
990 2869 1054 2919 ut
1080 2863 1189 2919 sibi
1218 2861 1357 2936 quid
1398 2864 1470 2919 de
1506 2863 1595 2918 his
1624 2864 1929 2935 existimet,
1960 2882 2049 2921 re-

347 2952 593 3007 scribere
621 2953 889 3023 diguetur
916 2955 1116 3023 (Epist.
1154 2955 1282 3023 234,
1313 2969 1367 3007 n.
1408 2955 1476 3022 l).
1519 2954 1593 3008 Ex
1637 2958 1755 3009 tam
1793 2954 2053 3010 felicibus

348 3041 675 3111 primordiis
706 3041 1103 3097 incredibilem
1133 3042 1480 3112 voluptatem
1499 3041 1648 3113 cepit
1674 3042 2049 3114 Augustinus,

347 3129 643 3200 Deumque
687 3134 947 3199 precatus
983 3137 1087 3191 est,
1123 3136 1185 3184 ut
1215 3129 1418 3199 primis
1458 3136 1705 3183 extrema
1741 3132 2051 3203 responde-

346 3221 496 3270 rent.
530 3218 612 3271 Ne
645 3232 775 3270 vero
797 3216 920 3286 ipse
944 3217 1183 3282 deesset,
1209 3216 1562 3286 Longiniano
1592 3218 1902 3290 rescripsit,
1934 3235 2052 3275 non

347 3301 676 3374 improbare
703 3320 784 3371 se,
817 3305 971 3375 quod
1011 3304 1081 3358 de
1121 3303 1344 3359 Christo
1386 3304 1530 3359 nihil
1570 3310 1786 3360 temere
1816 3306 1925 3361 sibi
1949 3323 2049 3362 ne-

346 3392 601 3463 gandum
622 3394 705 3447 vel
727 3392 1135 3447 afﬁrmaudum
1154 3396 1409 3464 putasset
1428 3409 1442 3460 ;
1461 3393 1518 3447 id
1538 3408 1718 3449 unum
1741 3410 1945 3465 rogare
1965 3412 2048 3464 se,

347 3485 413 3536 ut
432 3481 722 3550 rescribat,
748 3498 820 3536 an
843 3481 958 3536 illa:
976 3482 1343 3554 antiquorum
1364 3497 1658 3538 sacrorum
1680 3482 2048 3555 expiationes,

345 3569 415 3625 de
443 3571 653 3642 quibus
695 3571 1058 3643 loquebatur,
1091 3570 1163 3625 ad
1202 3570 1489 3642 integram
1518 3570 1692 3626 vitam
1731 3572 2048 3628 necessario

346 3659 593 3715 debeant
619 3659 909 3727 accedere,
941 3675 1015 3714 an
1059 3659 1216 3714 illius
1259 3675 1446 3714 causa:
1484 3658 1621 3729 sint,
1651 3667 1750 3715 aut
1793 3661 2047 3728 effectus,

346 3753 444 3802 aut
474 3748 735 3819 quadam
758 3747 937 3803 veluti
966 3747 1153 3819 portio
1180 3763 1194 3803 :
1218 3748 1436 3804 nodum
1456 3747 1609 3802 hunc
1623 3749 1783 3819 prius
1802 3765 1923 3805 esse
1942 3750 2049 3806 sol-

346 3837 616 3902 vendum,
639 3851 810 3907 quam
835 3836 903 3890 ad
921 3839 1122 3890 caetera
1142 3836 1484 3907 procedatur
1505 3835 1705 3907 (Epist.
1727 3838 1872 3909 235).
1889 3839 2052 3904 Quie-

348 3939 479 3978 nam
511 3924 683 3995 hujus
720 3922 991 3994 colloquii
1037 3924 1229 3991 series,
1258 3924 1456 3996 quisve
1496 3925 1678 3980 exitus
1717 3924 1912 3996 fuerit,
1944 3944 2050 3983 nos

348 4013 502 4069 latet.
536 4013 803 4068 Libenter
822 4012 967 4067 illud
988 4012 1059 4067 ad
1090 4018 1335 4083 tempus,
1368 4028 1482 4084 quo
1512 4011 1695 4068 adhuc
1723 4014 1900 4069 laicus
1929 4020 2052 4071 erat

345 4101 721 4174 Augustinus,
753 4101 1115 4167 referremus,
1157 4099 1269 4154 nisi
1314 4100 1705 4172 Longinianus
1751 4119 1884 4158 eum
1932 4103 2047 4159 fre-

346 4199 591 4261 quenter
615 4194 841 4262 patrem
868 4194 1259 4262 nuncuparet;
1288 4189 1444 4261 quod
1470 4206 1589 4244 non
1617 4188 1731 4245 nisi
1759 4191 2047 4265 episcopo,

345 4281 432 4334 vel
462 4280 682 4335 homini
706 4286 876 4335 aetate
897 4280 1020 4351 jam
1045 4279 1248 4334 affecta
1279 4278 1499 4335 videtur
1528 4280 1850 4337 convenire.

416 4372 467 4423 3.
512 4370 703 4426 Sancti
733 4368 989 4425 Doctoris
1018 4367 1259 4437 labores,
1288 4385 1434 4440 quos
1475 4373 1593 4424 tota
1629 4369 1896 4442 deinceps
1939 4369 2050 4426 vita

346 4461 543 4512 contra
571 4458 866 4514 haereticos
913 4474 1017 4530 pro
1043 4458 1260 4514 tuenda
1301 4457 1581 4513 catholica
1625 4459 1737 4515 fide
1774 4460 2047 4531 suscepit,

347 4559 518 4600 nemo
546 4550 632 4601 est
672 4547 773 4620 qui
801 4546 1166 4619 cogitatione,
1197 4546 1408 4601 nedum
1441 4546 1700 4602 oratione
1739 4565 1804 4602 ac
1842 4548 2048 4618 verbis,

349 4634 575 4704 assequi
607 4636 805 4691 valeat.
839 4637 1113 4702 Quadam
1152 4635 1252 4691 Dei
1279 4636 1493 4691 famula
1523 4635 1801 4707 (Maxima:
1834 4652 2050 4691 nomen

348 4723 487 4792 erat)
536 4723 606 4778 ad
643 4739 777 4779 eum
828 4741 892 4780 ex
938 4724 1208 4797 llispania
1255 4724 1493 4779 fortasse
1541 4723 1788 4795 scripsit,
1812 4724 2049 4796 provin-

347 4811 497 4866 ciam
520 4810 581 4866 in
605 4828 721 4883 qua
740 4812 1000 4884 degebat,
1023 4830 1126 4886 per
1147 4815 1350 4869 noxios
1373 4828 1592 4868 errores
1622 4813 1791 4886 longe
1818 4814 2049 4887 lateque

345 4900 579 4956 diffusos
608 4901 855 4972 graviter
884 4903 1210 4974 periclitari.
1246 4904 1419 4960 Suam
1442 4902 1657 4975 pariter
1684 4902 1754 4958 de
1783 4904 2046 4960 lucerna-

345 4988 529 5044 tionis
549 4988 819 5060 mysterio
848 4989 1044 5057 fidem,
1072 5008 1246 5062 quam
1275 4992 1400 5063 ejus
1418 4991 1636 5064 judicio
1657 4991 2045 5062 submitteret,

347 5077 639 5151 exposuit;
672 5083 732 5133 et
768 5078 1195 5134 lucubrationes
1223 5081 1492 5136 adversus
1518 5081 1821 5137 haereticos
1849 5082 1920 5138 ab
1952 5101 2046 5139 eo-

347 5168 479 5224 dem
507 5167 854 5239 conscriptas
884 5169 1198 5239 postulasse
1225 5170 1469 5227 videtur.
1504 5171 1832 5244 Respondet
1857 5176 2048 5245 Augu-

348 5258 549 5325 stinus,
577 5273 703 5312 eam
726 5273 911 5329 posse,
941 5272 1072 5311 cum
1101 5257 1352 5325 libuerit,
1378 5258 1604 5314 mittere
1623 5259 1759 5332 quid
1791 5259 2048 5316 laborum

348 5361 583 5402 suorum
614 5347 887 5419 opuscula
917 5345 1240 5415 describant
1270 5347 1541 5418 (locuples
1569 5348 1723 5404 enim
1749 5349 1923 5404 inisse
1951 5349 2049 5405 illa

352 5433 627 5506 videtur);
657 5436 781 5508 ejus
812 5436 882 5492 de
915 5434 1053 5489 Filio
1084 5434 1183 5489 Dei
1207 5436 1498 5491 incarnato
1526 5437 1700 5494 fidem
1724 5439 2006 5511 approbat
2032 5456 2045 5493 :

350 5529 514 5594 rogat
557 5530 643 5593 ut,
688 5527 735 5581 si
796 5525 998 5599 possit,
1055 5523 1274 5598 aliquot
1326 5524 1598 5583 horumce
1650 5528 2046 5585 haereticorum

3756 269 3863 322 252

2165 386 2343 442 libros
2379 387 2451 442 ad
2486 402 2545 441 se
2573 386 2801 442 mittere
2843 385 3127 456 dignetur,
3159 402 3274 459 quo
3319 401 3519 441 eorum
3549 386 3862 443 doctrinam

2164 481 2223 530 et
2248 474 2500 546 penitius
2530 490 2718 545 nosse,
2748 480 2807 530 et
2834 476 3121 531 efﬁcacius
3160 473 3340 546 possit
3375 476 3657 530 refellere.
3695 480 3866 531 Acer-

2163 563 2463 619 hissimum
2512 563 2771 618 dolorem
2817 581 2939 636 prae
2970 580 3031 619 se
3075 564 3187 619 fert
3225 563 3296 618 ob
3344 564 3640 619 haereseon
3684 564 3869 619 incre-

2162 657 2359 707 menta
2388 668 2401 706 :
2436 668 2499 707 ex
2527 652 2639 707 hoc
2664 658 2857 707 tamen
2886 669 2945 707 se
2971 653 3093 724 ipse
3119 652 3358 721 solatur,
3388 653 3544 723 quod
3566 653 3688 710 haec
3722 654 3867 708 Deus

2162 740 2402 795 minime
2446 740 2825 811 permitteret,
2875 740 2991 796 nisi
3037 741 3221 811 majus
3270 742 3584 796 electorum
3630 758 3864 796 suorum

2162 828 2377 884 bonum
2417 845 2487 884 ex
2522 828 2593 883 iis
2636 830 2805 884 vellet
2841 829 3064 885 elicere.
3111 831 3360 897 Tantum,
3397 829 3604 899 inquit.
3628 845 3714 885 eos
3735 847 3861 899 per—

2160 920 2333 973 mittit
2377 932 2508 988 esse,
2553 922 2815 987 quantum
2868 920 3019 973 novit
3071 919 3348 988 erpedire,
3404 923 3567 988 atque
3619 920 3862 987 sul/iocre

2161 1007 2510 1062 admonenda’
2553 1011 2716 1077 atque
2758 1006 3065 1062 exercenda
3105 1011 3306 1061 sancte
3342 1006 3527 1062 domui
3568 1022 3696 1062 suae.
3735 1006 3863 1063 11cc

2160 1100 2401 1152 nostram
2424 1095 2490 1150 de
2508 1096 2621 1151 illis
2652 1096 2937 1150 tristitiam
2956 1096 3262 1150 consolatur
3293 1111 3306 1150 :
3332 1098 3464 1166 quia
3482 1100 3533 1150 et
3552 1096 3673 1165 ipsa
3694 1097 3866 1150 tristi-

2162 1187 2262 1252 tia,
2295 1200 2457 1256 quam
2482 1199 2586 1255 pro
2621 1185 2733 1240 illis
2759 1183 3037 1252 habetnus,
3066 1198 3161 1238 nos
3191 1183 3423 1251 relevat;
3455 1184 3575 1238 illos
3603 1188 3785 1238 autem
3808 1187 3866 1239 in

2159 1289 2262 1330 sua
2302 1274 2659 1344 perversitate
2699 1276 3102 1343 perseverantes
3139 1276 3355 1340 gravat.
3401 1271 3673 1329 Gaudium
3716 1288 3864 1338 vero,

2161 1360 2304 1430 quod
2325 1362 2674 1432 percipimus,
2705 1360 2923 1431 quando
2952 1361 3130 1432 aliqui
3151 1375 3220 1415 ea:
3248 1362 3325 1415 eis
3348 1366 3571 1416 correcti
3589 1362 3649 1416 in
3673 1362 3867 1417 melius

2160 1452 2577 1513 commutantur,
2624 1451 2675 1503 et
2719 1452 3027 1504 sanctorum
3062 1449 3311 1515 societati
3342 1449 3684 1520 copulantur,
3723 1451 3869 1505 nulli

2159 1537 2361 1606 gaudio
2388 1539 2447 1592 in
2476 1538 2577 1592 hac
2601 1538 2718 1592 vita
2746 1539 3056 1608 comparari
3073 1542 3268 1608 potest.
3305 1537 3452 1593 Unde
3479 1542 3529 1592 et
3555 1540 3868 1595 mastitiam

2160 1629 2309 1678 tuam
2334 1622 2401 1678 de
2445 1623 2666 1691 talibus,
2697 1628 2749 1679 et
2785 1626 3134 1693 vigilantiam
3160 1628 3324 1695 atque
3363 1626 3631 1681 cautelam
3676 1632 3869 1682 contra

2161 1713 2314 1779 tales,
2346 1728 2510 1782 quam
2537 1714 2645 1768 tuis
2675 1713 2869 1769 litteris
2905 1715 3245 1784 expressisti,
3276 1715 3507 1769 multum
3541 1715 3792 1785 approbo
3820 1720 3869 1771 et

2160 1801 2323 1855 laudo
2354 1817 2367 1855 :
2402 1806 2565 1871 atque
2602 1806 2664 1857 ut
2690 1803 2751 1857 in
2785 1802 2886 1857 hac
2918 1804 3011 1857 via
3032 1807 3441 1873 perseveranter
3473 1803 3733 1871 ambules,
3762 1820 3868 1874 pro

2159 1891 2288 1945 meis
2312 1891 2542 1958 viribus,
2574 1879 2707 1961 quia
2735 1891 2831 1947 hoc
2859 1893 3056 1960 exigis,
3087 1896 3138 1948 et
3168 1893 3351 1947 hortor
3383 1896 3433 1948 et
3458 1907 3642 1948 moneo
3674 1899 3734 1949 ut
3763 1896 3866 1949 mi-

2159 1981 2388 2033 serearis
2429 1995 2609 2035 eorum
2654 1985 2917 2051 tanquam
2966 1980 3200 2051 simplex
3241 1986 3300 2034 ut
3346 1981 3622 2048 columba;
3673 1998 3867 2038 caveas

2159 2071 2338 2123 autem
2362 2069 2484 2124 illos
2522 2074 2784 2139 tanquam
2819 2074 3004 2125 astuta
3037 2072 3178 2125 sicut
3214 2084 3461 2140 serpens;
3501 2069 3700 2141 desque
3734 2086 3865 2141 ope-

2158 2168 2301 2223 ram,
2343 2159 2608 2225 quantum
2638 2162 2813 2227 potes,
2860 2161 2921 2212 ut
2961 2159 3060 2228 qui
3103 2158 3205 2213 tibi
3241 2157 3535 2226 adhaerent,
3585 2163 3760 2215 tecum
3812 2163 3868 2215 in

2159 2250 2304 2299 recta
2325 2245 2433 2314 fide
2458 2253 2834 2317 permaneant,
2866 2252 2961 2302 aut
2999 2247 3074 2302 ad
3099 2247 3260 2317 ﬁdem
3296 2252 3519 2318 rectam,
3555 2250 3607 2302 si
3632 2251 3781 2315 forte
3812 2252 3867 2303 in

2159 2333 2343 2402 aliquo
2380 2334 2557 2403 aliqui
2597 2335 2886 2405 depravati
2918 2340 3066 2403 sunt,
3100 2338 3445 2404 corrigantur
3474 2336 3675 2407 (Epist.
3713 2339 3864 2407 264).

2228 2423 2281 2477 4.
2329 2422 2596 2478 Geminos
2659 2424 2836 2479 libros
2899 2430 3096 2480 contra
3144 2425 3526 2480 adversarium
3585 2426 3753 2497 Legis
3812 2431 3867 2481 et

2158 2510 2576 2581 Prophetarum
2605 2511 2814 2568 directe
2841 2512 3110 2569 adversus
3139 2513 3520 2570 Marcionistas
3551 2519 3607 2568 et
3635 2515 3782 2569 alios
3812 2515 3864 2571 id

2159 2613 2339 2669 genus
2367 2599 2666 2654 haereticos
2694 2601 3043 2673 conscripsit.
3083 2602 3224 2657 Eum
3263 2607 3459 2657 contra
3488 2601 3862 2659 Priscilliani-

2159 2692 2272 2741 stas
2302 2688 2579 2759 Hispanos
2609 2689 2679 2744 ad
2702 2689 2985 2758 Orosium,
3010 2690 3081 2746 ad
3104 2690 3474 2749 Consentium
3493 2696 3551 2747 et
3576 2692 3865 2748 Ceretium

2158 2775 2447 2848 scripsisse
2489 2777 2809 2834 videbimus
2851 2778 3107 2835 inferius.
3141 2781 3204 2835 In
3251 2780 3453 2835 eodem
3479 2779 3551 2836 ad
3598 2781 3867 2837 Orosium

2158 2864 2304 2919 libro
2333 2864 2518 2920 varios
2556 2882 2777 2921 errores
2806 2867 3040 2940 Origeni
3068 2868 3369 2924 attributus
3396 2869 3727 2941 impugnat.
3763 2873 3867 2926 No-

2159 2951 2516 3007 vatianorum
2546 2953 2780 3009 haeresis
2819 2960 2940 3010 erat
2975 2960 3109 3011 tunc
3146 2956 3422 3028 temporis
3456 2957 3519 3013 in
3559 2958 3865 3014 Occidente

2158 3040 2481 3097 communis
2535 3045 2590 3096 et
2642 3049 2965 3115 pervagata.
3020 3044 3164 3100 Cum
3214 3045 3546 3102 Seleuciana
3599 3053 3864 3103 matrona

2157 3145 2447 3185 sermones
2475 3146 2605 3185 cum
2654 3131 2872 3204 aliquo,
2903 3132 3004 3206 qui
3049 3150 3108 3189 se
3152 3135 3328 3207 hujus
3369 3151 3490 3190 esse
3519 3140 3695 3191 sectae
3723 3137 3864 3192 dice-

2156 3218 2272 3285 bat,
2323 3219 2675 3287 contulisset,
2722 3237 2970 3294 eumque
3019 3223 3239 3279 Christo
3285 3223 3498 3279 lucrari
3549 3231 3860 3296 expeteret,

2156 3306 2541 3377 Augustinum
2572 3309 2810 3381 rogavit,
2841 3316 2907 3365 ut
2934 3310 3200 3382 quaedam
3242 3310 3329 3367 illi
3366 3312 3721 3369 documenta
3747 3319 3862 3370 tra-

2157 3393 2293 3449 dere
2324 3395 2676 3468 dignaretur.
2707 3397 2887 3454 Simul
2929 3399 2999 3455 ad
3042 3415 3176 3455 eum
3205 3400 3450 3472 scripsit,
3481 3402 3642 3457 hunc
3681 3404 3862 3458 Nova-

2156 3484 2380 3540 tianum
2427 3486 2647 3541 nullam
2695 3486 2809 3543 nisi
2864 3492 2998 3544 ante
3042 3489 3400 3560 Baptismum
3459 3490 3864 3561 paenitentiam

2158 3589 2492 3645 agnoscere;
2514 3579 2688 3647 atque
2708 3576 2879 3631 etiam
2899 3579 3263 3640 contendere.
3292 3580 3526 3633 Petrum
3548 3595 3677 3635 non
3691 3580 3865 3636 fuisse

2156 3661 2529 3733 baptizatum.
2565 3665 2805 3720 Credere
2842 3666 3059 3737 pariter
3091 3666 3409 3735 videbatur,
3440 3667 3755 3740 neophytis
3778 3669 3864 3724 in-

2154 3752 2383 3807 terdum
2410 3751 2740 3824 impositam
2766 3753 2940 3810 fuisse
2968 3754 3040 3810 ab
3067 3756 3375 3826 Apostolis,
3408 3755 3695 3828 Baptismi
3720 3758 3862 3825 loco,

2156 3839 2571 3910 paenitentiam.
2596 3842 2731 3907 Quae
2760 3847 2956 3898 tamen
2980 3859 3098 3898 non
3117 3849 3238 3899 erat
3254 3842 3722 3902 ’Novatianorum
3745 3863 3864 3901 sen-

2157 3928 2357 3986 tentia.
2399 3930 2707 4003 Rescripsit
2732 3931 2905 4004 igitur
2932 3932 3004 3988 ad
3032 3932 3428 3989 Seleucianam
3460 3935 3820 4006 Augustinus
3847 3951 3863 3989 :

2155 4022 2211 4071 et
2234 4016 2338 4093 ubi
2362 4017 2667 4089 triplicem,
2692 4037 2866 4092 quam
2884 4022 3144 4093 agnoscit
3164 4022 3428 4090 Ecclesia,
3458 4024 3863 4096 pcenitentiam

2155 4107 2350 4177 paucis
2382 4108 2665 4178 probavit,
2708 4110 2941 4165 uberius
2990 4111 3236 4167 ostendit
3263 4113 3489 4167 nullum
3530 4129 3659 4168 esse
3701 4114 3861 4170 dubi-

2157 4195 2317 4251 tandi
2344 4196 2557 4265 locum,
2591 4197 2734 4269 quin
2755 4201 2958 4254 Petrus
2985 4199 3310 4271 baptizatus
3332 4200 3526 4256 fuerit.
3560 4203 3749 4275 Hujus
3774 4218 3867 4257 au-

2155 4288 2272 4339 tem
2320 4287 2567 4357 apostoli
2621 4289 2947 4359 exemplum
2992 4289 3064 4344 ad
3119 4289 3478 4361 probandam
3525 4291 3865 4346 canonicam

2156 4378 2285 4444 post
2307 4381 2635 4447 susceptum
2669 4376 2956 4447 Baptisma
2974 4378 3380 4448 paenitentiam
3407 4394 3528 4434 non
3551 4380 3681 4435 vult
3710 4378 3868 4437 adhi-

2155 4462 2278 4517 beri
2304 4462 2513 4533 (Epist.
2545 4464 2694 4534 265).

2226 4553 2277 4607 5.
2321 4551 2582 4620 llmresis,
2614 4554 2778 4625 cujus
2818 4552 3043 4610 celeber
3084 4555 3181 4610 ille
3227 4554 3616 4611 Tertullianus
3656 4571 3865 4628 parens

2155 4640 2359 4707 fuerat,
2402 4645 2460 4696 et
2507 4657 2637 4712 quas
2691 4640 2880 4715 reipsa
2928 4643 3483 4700 Tertullianistarum
3537 4644 3858 4713 dicebatur,

2157 4728 2342 4784 adhuc
2366 4745 2485 4785 aevo
2510 4731 2817 4801 Augustini
2845 4732 3186 4804 Carthagine
3214 4733 3474 4806 vigebat:
3498 4750 3705 4790 verum
3728 4751 3857 4791 cum

2155 4816 2434 4887 paulatim
2462 4816 2663 4873 fuisset
2682 4819 2998 4889 debilitata,
3031 4821 3265 4877 tandem
3285 4821 3507 4894 aliquot
3534 4824 3709 4879 annis
3735 4829 3868 4879 ante

2156 4904 2379 4961 obitum
2409 4906 2669 4977 ejusdem
2692 4908 2875 4964 sancti
2902 4910 3168 4966 Prmsulis
3197 4911 3428 4982 penitus
3448 4911 3731 4968 exstincta
3758 4917 3862 4967 est.

2157 4995 2300 5051 Cum
2330 4995 2484 5051 enim
2511 4997 2865 5069 Augustinus
2893 5003 3040 5054 esset
3069 4998 3429 5072 Carthagine,
3459 5001 3630 5073 pauci
3661 5002 3864 5058 admo-

2154 5084 2294 5140 dum
2319 5084 2417 5157 qui
2444 5091 2781 5157 supererant
2808 5087 3269 5160 Tertullianistas,
3292 5089 3443 5144 illius
3464 5090 3669 5159 procul
3691 5088 3867 5146 dubio

2155 5173 2493 5243 hortatibus,
2530 5176 2602 5231 ad
2647 5176 2908 5232 Ecclesia:
2953 5166 3248 5233 catholicae
3289 5179 3569 5234 unitatem
3620 5178 3866 5247 reducti,

2155 5262 2466 5332 basilicam,
2500 5281 2674 5336 quam
2721 5265 2995 5322 hactenus
3040 5271 3360 5330 tenuerant,
3404 5267 3464 5321 in
3507 5268 3773 5323 Ecclesia:
3806 5272 3863 5321 et

2154 5352 2372 5407 Aurelii
2424 5352 2680 5425 episcopi
2726 5371 2933 5411 manus
2986 5355 3346 5412 tradiderunt
3394 5355 3489 5428 (De
3530 5359 3861 5422 Haresibus,

2156 5442 2285 5495 liter.
2320 5442 2429 5509 87).

2226 5529 2412 5586 Aliam
2468 5530 2734 5589 haeresim
2791 5530 2852 5590 in
2909 5532 3262 5607 Hipponensi
3316 5538 3499 5591 tractu
3540 5539 3712 5591 aetate
3746 5537 3861 5590 Au-
