4008 6184
200 270 309 322 253

208 387 438 460 gustini,
464 391 519 442 et
556 388 743 459 ipsam
769 404 998 462 quoque
1028 388 1151 461 ejus
1175 390 1332 446 haud
1361 392 1533 447 dubie
1565 392 1908 460 ministerio,

210 477 427 533 tametsi
459 477 517 533 id
563 483 793 533 sanctus
840 478 1149 550 Episcopus
1195 497 1314 552 pra:
1357 482 1637 538 modestia
1685 483 1912 539 silentio

209 571 523 640 praetereat,
558 568 706 622 Deus
743 567 1037 635 exstinxit;
1074 569 1143 623 de
1192 585 1307 641 qua
1354 569 1450 625 ille
1496 572 1616 626 haec
1664 571 1723 626 in
1764 573 1911 629 libro

212 657 267 713 de
296 655 622 710 Haeresibus
642 656 817 712 refert
845 672 858 711 :
889 660 989 714 Est
1018 659 1266 728 quadam
1298 661 1515 715 haeresis
1544 664 1825 718 rusticana
1852 666 1912 718 in

205 760 381 814 campo
420 749 625 812 nostra,
656 745 719 798 id
754 750 833 800 est
860 747 1215 816 Hipponensi,
1248 749 1334 804 vel
1355 752 1541 819 potius
1584 753 1734 817 fuit:
1766 767 1909 822 pau-

205 836 347 888 latim
371 835 524 887 enim
553 833 844 903 diminuta,
880 836 940 889 in
967 850 1077 889 una
1103 838 1305 906 exigua
1327 839 1460 892 villa
1478 846 1831 910 remanserat,
1854 843 1910 895 in

200 926 302 999 qua
345 928 573 998 quidem
616 931 957 998 paucissimi,
1004 930 1099 984 sed
1144 946 1323 986 omnes
1370 934 1465 987 hoc
1506 935 1763 1005 fuerunt;
1816 936 1913 1004 qui

198 1032 368 1071 omnes
398 1017 559 1070 modo
588 1020 816 1072 correcti
843 1023 893 1073 et
920 1019 1186 1076 Catholici
1206 1022 1351 1087 facti
1393 1026 1541 1091 sunt,
1571 1039 1666 1077 nec
1705 1024 1910 1094 aliquis

196 1107 340 1160 illius
367 1106 682 1176 supersedit
729 1109 949 1161 erroris.
1003 1107 1256 1163 Abelonii
1298 1110 1650 1175 vocabantur,
1705 1114 1909 1169 Punica

195 1193 555 1249 declinatione
581 1196 838 1251 nominis.
877 1197 983 1250 Hos
1028 1198 1279 1251 nonnulli
1319 1197 1508 1254 dicunt
1537 1216 1603 1254 ea:
1631 1201 1744 1269 ﬁlio
1774 1202 1910 1258 Adae

191 1283 359 1348 fm‘sse
382 1284 715 1350 nominatos,
749 1286 849 1354 qui
881 1289 959 1339 est
985 1290 1204 1340 vocatus
1231 1286 1370 1341 Abel
1400 1302 1414 1341 :
1446 1288 1588 1342 unde
1617 1290 1909 1347 Abelianos

194 1371 269 1426 cel
294 1371 587 1427 Abeloitas
612 1387 697 1428 eos
726 1388 823 1428 nos
846 1388 1132 1444 possumus
1162 1374 1356 1430 dicere.
1391 1378 1509 1433 Non
1545 1378 1910 1434 miscebantur

193 1461 461 1516 uxoribus
494 1476 510 1516 :
542 1465 593 1517 et
617 1464 691 1516 eis
722 1467 898 1517 tamen
918 1465 1033 1518 sine
1059 1464 1322 1519 umoribus
1346 1467 1541 1534 virere,
1563 1470 1715 1521 secta:
1736 1469 1907 1537 ipsius

192 1549 445 1618 doqmate
462 1566 572 1605 non
601 1552 816 1606 licebat.
848 1554 966 1607 Mas
986 1567 1111 1621 ergo
1139 1555 1192 1607 et
1218 1553 1427 1618 femina
1450 1554 1548 1608 sub
1570 1557 1909 1611 continentia

186 1641 532 1709 professione
575 1641 739 1695 simul
780 1641 1108 1710 habitantes,
1148 1657 1378 1711 puerum
1426 1646 1477 1696 et
1515 1644 1752 1713 puellam
1798 1645 1908 1699 sibi

190 1727 539 1797 adoptabant
568 1716 625 1782 in
655 1729 894 1799 ejusdem
939 1730 1334 1799 conjunctionis
1382 1736 1539 1800 pacto
1581 1747 1906 1788 successores

188 1832 301 1871 suos
329 1819 585 1884 futuros.
620 1820 792 1873 Morte
835 1821 1123 1888 prementis
1171 1819 1473 1889 quibusque
1524 1822 1757 1888 singulis
1805 1822 1909 1876 alii

187 1906 665 1976 subrogabantur;
701 1906 830 1960 dum
860 1912 1036 1961 tamen
1064 1907 1170 1962 duo
1201 1908 1406 1963 duobus
1455 1908 1698 1978 disparis
1744 1926 1904 1966 scarus

187 1996 237 2045 in
267 1994 435 2048 illius
476 1994 668 2047 domus
706 1997 955 2050 societate
998 1997 1355 2051 succederent.
1407 1998 1667 2053 Utrolibet
1706 1998 1906 2070 quippe

181 2086 413 2151 parente
444 2082 721 2149 defuncto,
754 2099 863 2136 una
896 2087 1213 2150 remanenti,
1246 2101 1413 2155 usque
1441 2087 1515 2141 ad
1552 2087 1668 2155 ejus
1698 2102 1907 2158 quoque

183 2171 391 2224 obitum
438 2172 548 2241 ﬁlii
586 2172 910 2227 seruiebant.
961 2178 1085 2228 Post
1122 2174 1276 2244 cujus
1322 2180 1543 2230 mortem
1585 2179 1747 2230 etiam
1796 2178 1908 2247 ipsi

179 2275 414 2329 puermn
446 2264 502 2313 et
543 2262 783 2330 puellam
827 2262 1079 2316 similiter
1111 2263 1450 2332 adoptabant
1481 2279 1495 2317 :
1525 2279 1618 2318 nec
1664 2280 1904 2336 unquam

183 2352 255 2402 eis
279 2349 473 2415 defuit
503 2349 649 2403 unde
680 2350 1023 2420 adoptarem,
1071 2352 1454 2420 generantibus
1485 2355 1905 2424 circumquaque

184 2438 403 2507 vicinis,
442 2442 494 2492 et
524 2438 669 2509 ﬁlios
690 2454 813 2493 suos
845 2441 1026 2510 inopes
1056 2440 1131 2494 ad
1167 2455 1315 2510 spem
1349 2441 1684 2496 hereditatis
1715 2443 1905 2498 aliena:

185 2525 419 2581 libenter
447 2526 713 2582 dantibus
745 2527 950 2599 (lbid.).
983 2527 1121 2593 Quae
1151 2545 1283 2583 vero
1311 2533 1509 2583 contra
1541 2529 1901 2599 Manichacus,

186 2615 521 2670 Donatistas
573 2620 629 2670 et.
675 2616 1012 2688 Pelagianos
1041 2615 1351 2689 scripserit,
1373 2618 1610 2690 reliquae
1647 2619 1901 2674 historia;

183 2704 353 2758 series
388 2703 680 2759 edocebit.
712 2705 848 2769 Quae
889 2705 1106 2776 pariter
1145 2707 1412 2761 adversus
1450 2707 1689 2762 Arianos
1733 2708 1902 2764 variis

181 2787 553 2858 temporibus
583 2787 947 2856 elucubrarit,
980 2788 1085 2844 sub
1117 2792 1435 2845 extremum
1457 2790 1587 2845 vitae
1609 2790 1761 2845 illius
1781 2808 1904 2846 cur-

184 2876 436 2930 riculum
472 2875 833 2948 colligemus.

883 2966 1111 3022 CAPUT
1148 2968 1210 3023 X.
1247 3026 1250 3029 λ

188 3057 232 3109 l.
260 3055 405 3113 Cum
428 3054 789 3110 Proculeiano
831 3057 1075 3125 episcopo
1104 3056 1441 3125 llipponensi
1479 3057 1763 3111 Donatista
1791 3056 1897 3111 col-

248 3144 411 3213 loqui
442 3146 637 3198 tentat.
670 3145 704 3196 2
736 3144 848 3198 Hac
872 3143 939 3199 de
965 3160 1024 3199 re
1044 3144 1234 3199 scribit
1253 3144 1328 3199 ad
1349 3145 1661 3201 Eusebium.
1687 3145 1903 3216 3Apud

246 3232 507 3287 eumdem
536 3231 901 3302 conqueritur,
934 3232 1187 3303 juvenem
1232 3235 1427 3288 matris
1471 3248 1581 3288 suae
1612 3249 1901 3304 percusso-

246 3338 367 3375 rem
402 3337 437 3375 a
472 3322 824 3375 Proculeiano
862 3326 1150 3392 receptum,
1183 3326 1234 3377 et
1259 3324 1319 3377 in
1346 3324 1498 3378 illius
1536 3327 1700 3392 parte
1738 3323 1902 3377 reba-

246 3413 551 3480 ptizatum.
587 3411 620 3463 4
650 3412 719 3463 De
748 3412 925 3464 Primo
970 3426 1179 3479 quoque
1222 3412 1548 3465 snbdiacono
1587 3413 1896 3482 Spaniensi,

206 3504 211 3508 ’
251 3500 474 3553 homine
517 3501 811 3567 ﬂagitiose,
862 3515 893 3552 a
932 3501 1226 3554 Donatistis
1266 3501 1605 3570 rebaptizato
1645 3505 1900 3571 empostu-

252 3589 350 3642 lat.
376 3592 409 3643 5
436 3589 655 3643 Valerii
674 3590 908 3658 episcopi
926 3589 1126 3644 obitus.
1159 3592 1190 3645 6
1215 3589 1308 3644 Ad
1326 3590 1651 3646 Casulanum
1670 3590 1899 3661 presby-

252 3680 431 3730 terum
460 3675 529 3729 de
549 3676 766 3745 jejunio
793 3677 1045 3730 rescribit
1068 3676 1439 3744 Augustinus.

254 3767 303 3819 l.
355 3766 492 3819 Jam
526 3764 873 3833 notavimus,
926 3765 1229 3819 Ecclesiam
1280 3765 1705 3837 liipponcnsem
1753 3763 1899 3819 schi-

186 3858 360 3908 smate
412 3852 845 3908 Donatistarum
877 3854 1045 3908 fuisse
1075 3853 1331 3909 divisam.
1368 3855 1462 3908 His
1489 3854 1641 3925 apud
1688 3854 1900 3925 Hippo-

187 3957 309 3997 nem
343 3943 656 4015 episcopus
686 3947 807 3996 erat
836 3943 1257 4011 Proculeianus,
1292 3959 1463 4014 quem
1509 3942 1645 3997 satis
1682 3942 1904 3997 colebat

186 4031 569 4099 Augustinus,
628 4046 758 4084 cum
811 4034 1046 4102 propter
1087 4031 1264 4101 ipsius
1310 4031 1579 4086 humanm
1621 4030 1901 4085 societatis

188 4118 507 4185 vinculum,
542 4118 696 4190 quod
736 4119 935 4173 ambos
983 4119 1304 4190 copulabat,
1348 4125 1472 4174 tum
1523 4119 1675 4191 quod
1724 4118 1784 4173 in
1833 4133 1900 4171 eo

186 4207 472 4261 nonnulla
500 4207 738 4277 placidae
767 4206 976 4262 mentis
1005 4206 1215 4261 indicia
1246 4208 1584 4272 relucerent,
1632 4211 1688 4261 et
1716 4206 1840 4277 ejus
1868 4224 1903 4261 a

185 4295 481 4367 plerisque
514 4295 926 4366 praedicaretur
947 4296 1294 4352 humanitas.
1343 4296 1452 4351 Diu
1480 4300 1675 4350 tamen
1704 4298 1899 4367 Augu-

185 4384 388 4445 stinus.
425 4400 496 4438 ex
520 4400 636 4455 quo
655 4389 876 4439 creatus
905 4389 989 4439 est
1019 4384 1337 4456 episcopus,
1361 4385 1509 4456 apud
1545 4401 1676 4438 eum
1702 4384 1896 4452 tacuit,

187 4478 338 4527 ratus
368 4488 745 4544 congressum
777 4489 944 4527 suum
975 4477 1032 4527 et
1061 4473 1414 4545 colloquium
1446 4473 1518 4527 ab
1547 4489 1614 4527 eo
1632 4473 1900 4527 detrecta-

187 4558 250 4613 ri.
284 4561 506 4616 Vemm
538 4576 667 4614 cum
705 4576 837 4615 casu
866 4566 1069 4632 postea
1098 4561 1446 4634 contigisset,
1480 4566 1545 4615 ut
1574 4561 1818 4616 Evodius
1845 4564 1900 4616 et

191 4648 605 4704 Proculeianus
629 4649 686 4705 in
719 4650 980 4704 eamdem
1009 4649 1689 4717 domum'couvenissent,
1712 4665 1899 4704 sermo

186 4734 335 4792 inter
364 4754 464 4792 eos
494 4737 566 4792 de
613 4754 710 4809 spe
749 4737 1022 4802 ﬁdelium,
1065 4739 1172 4793 hoc
1215 4743 1319 4806 est,
1365 4739 1434 4793 de
1464 4738 1795 4794 haereditate
1826 4742 1882 4793 et

190 4825 434 4881 Ecclesia
476 4826 685 4881 Christi
723 4832 881 4882 ortus
927 4832 1029 4883 est.
1070 4828 1219 4882 Tum
1252 4828 1514 4895 Evodius,
1554 4827 1658 4900 qui
1694 4844 1753 4883 se
1782 4843 1897 4883 non

189 4914 574 4982 adulatorem,
608 4916 703 4971 sed
747 4916 1017 4985 veritatis,
1067 4917 1227 4988 cujus
1269 4916 1715 4972 studiosissimus
1754 4921 1896 4984 erat,

196 5009 690 5078 propugnatorem
745 5022 865 5061 esse
920 5005 1203 5078 cupiebat,
1261 5005 1320 5061 id
1374 5006 1518 5061 forte
1565 5006 1896 5067 ferventius,

191 5109 364 5165 quam
415 5094 826 5149 Proculeianus
854 5095 1043 5163 vellet,
1092 5095 1200 5150 fuit
1246 5098 1544 5149 exsecutus
1576 5110 1589 5149 :
1625 5093 1898 5150 Evodium

192 5182 347 5236 enim
396 5182 507 5237 sibi
558 5183 965 5238 contumeliose
1010 5182 1365 5255 respondisse
1415 5183 1511 5238 ille
1554 5188 1899 5255 conquestus

188 5275 292 5326 est.
323 5271 717 5327 Nihilominus
746 5272 1107 5343 signiﬁcavit,
1128 5273 1271 5328 velle
1302 5290 1383 5341 se,
1415 5290 1605 5328 coram
1632 5274 1899 5344 gravibus

188 5365 244 5413 et
273 5360 535 5414 honestis
563 5360 717 5425 viris,
751 5377 881 5415 cum
916 5362 1237 5433 Augustino
1267 5363 1526 5416 conferre
1568 5378 1888 5417 sermones.

187 5446 374 5511 Quam
401 5449 563 5503 illius
591 5450 928 5504 sententiam
972 5466 1036 5505 ac
1078 5450 1432 5506 voluntatem
1463 5450 1707 5504 Evodius
1754 5466 1898 5521 gau-

191 5534 336 5590 dens
377 5534 697 5608 Augustino
744 5536 1014 5593 indicavit
1044 5554 1057 5594 :
1087 5539 1186 5612 qui
1231 5555 1361 5595 cum
1392 5554 1516 5595 eam
1550 5554 1663 5594 non
1708 5539 1899 5594 minus

1665 273 1871 332 LIBER
1910 276 2248 341 QUARTUS.

3611 297 3716 352 254

2022 387 2265 451 libenter
2310 397 2637 467 accepisset,
2688 400 2936 456 oblatam
2975 402 3080 457 sibi
3111 422 3142 458 ει
3169 408 3538 465 Proculeiauo
3579 386 3721 467 arii-

2021 485 2146 556 puit
2178 485 2533 541 occasionem
2561 487 2900 545 discutiendi
2926 507 3151 548 causam
3179 499 3237 549 et
3264 478 3549 568 originem
3570 498 3723 555 illius

2020 573 2268 629 luctuosi
2298 574 2639 640 schismatis,
2671 578 2827 649 quod
2859 583 2914 632 et.
2937 578 3182 635 familias
3214 586 3270 637 et
3300 599 3570 655 personas
3591 604 3724 643 cou-

2015 662 2405 733 junctissimas
2436 664 2757 731 miserrima
2787 666 3113 724 discissione
3153 671 3445 728 turbabat.
3487 673 3724 730 Litteras

2019 750 2198 822 igitur
2225 752 2543 808 honestatis
2592 758 2643 808 et
2688 755 3100 811 benevolentiae
3142 760 3340 829 plenas
3388 762 3610 834 scripsit
3653 764 3722 819 ad

2020 840 2481 907 Proculeianum,
2514 841 2571 894 in
2599 842 2806 914 quibus
2837 844 2929 899 ubi
2964 845 3155 900 Evorlii
3184 846 3466 904 fervorem
3494 866 3723 907 excusa-

2018 926 2120 995 vit,
2158 929 2513 1002 asseruitque
2553 947 2748 986 cavere
2790 949 2847 987 se
2871 950 2942 988 ne
2981 935 3151 989 verbo
3184 938 3511 1010 quempiam
3536 940 3720 1008 lmdat,

2017 1017 2306 1088 promittit
2330 1036 2389 1073 se
2420 1025 2720 1075 venturum
2767 1022 2834 1076 ad
2879 1024 3228 1097 colloquium
3260 1043 3449 1083 coram
3480 1028 3548 1083 iis
3579 1046 3723 1102 quos

2019 1107 2426 1162 Proculeianus
2469 1108 2590 1181 ipse
2633 1111 2926 1183 delegerit,
2980 1114 3149 1169 modo
3198 1115 3500 1189 utriusque
3548 1119 3722 1176 verba

2016 1194 2147 1248 stilo
2179 1195 2565 1268 excipiantur:
2602 1204 2718 1265 aut,
2751 1200 2796 1253 si
2826 1202 3028 1272 placet,
3060 1202 3218 1274 prius
3242 1220 3347 1275 per
3371 1205 3716 1276 singularem

2016 1295 2408 1352 congressum,
2441 1285 2738 1339 autetiam
2782 1304 2887 1358 per
2934 1290 3232 1360 epistolas;
3287 1293 3599 1348 dummodo
3630 1294 3717 1348 vel

2017 1369 2286 1442 colloquii
2325 1377 2469 1435 acta,
2502 1375 2588 1429 vel
2614 1380 2829 1431 mutuae
2860 1378 3067 1434 litterae
3097 1380 3358 1451 plebibus
3383 1382 3714 1449 recitantur,

2014 1461 2079 1512 ut
2107 1458 2414 1531 aliquando
2446 1478 2560 1516 non
2590 1464 2803 1534 plebes,
2838 1467 2933 1521 sed
2964 1468 3123 1539 plebs
3153 1485 3264 1523 una
3294 1475 3349 1524 et
3369 1471 3609 1526 Ecclesia
3638 1472 3719 1526 di-

2014 1551 2192 1601 catur.
2227 1549 2286 1604 Id
2318 1550 2473 1605 enim
2506 1552 2726 1607 Valerio
2753 1559 2872 1609 tum
2905 1556 3122 1611 absenti
3152 1563 3380 1629 gratum
3413 1559 3533 1614 fore
3556 1560 3721 1631 polli-

2013 1640 2192 1690 cetur.
2228 1638 2467 1709 Reliqua
2493 1640 2730 1710 epistola
2761 1643 3196 1699 Proculeianum
3219 1650 3343 1701 orat
3364 1650 3535 1717 atque
3561 1648 3719 1702 obsc-

2016 1729 2150 1787 crat,
2173 1728 2232 1779 ut
2255 1726 2509 1781 studium
2541 1728 2694 1799 pacis
2724 1731 2950 1785 caducis
2978 1733 3294 1789 honoribus
3319 1738 3374 1788 et
3402 1736 3717 1791 commodis

2014 1817 2341 1884 anteponat.
2378 1816 2533 1880 Quod
2566 1818 2709 1873 forte
2736 1820 2961 1887 dixerit,
3004 1822 3136 1892 quia
3167 1824 3421 1877 nondum
3455 1824 3718 1879 Africana

2017 1901 2258 1955 Ecclesia
2291 1901 2635 1971 decreverat,
2667 1907 2963 1979 episcopus
2999 1910 3317 1965 Donatistas
3365 1912 3425 1965 in
3472 1913 3715 1983 gradum

2015 2006 2181 2045 suum
2214 1991 2537 2046 admittere.
2576 1994 2966 2066 Prcsbyterne,
3002 2013 3069 2050 an
3104 1997 3407 2069 episcopus
3433 2005 3578 2053 esset
3606 2002 3716 2054 Au-

2016 2079 2300 2150 gustinus,
2345 2096 2473 2133 cum
2524 2081 2667 2135 hanc
2710 2083 3008 2153 epistolam
3053 2085 3293 2157 scripsit,
3335 2103 3452 2141 non
3499 2087 3703 2161 liquet.

2017 2170 2157 2222 Vero
2182 2168 2424 2223 similius
2456 2175 2646 2224 tamen
2678 2171 3022 2226 arbitramur
3050 2175 3161 2242 jam
3213 2180 3334 2229 tum
3383 2177 3713 2248 episcopum

2012 2256 2214 2320 fuisse,
2247 2257 2317 2311 ob
2347 2258 2402 2313 id
2434 2258 2680 2313 maxime
2711 2261 2859 2332 quod
2895 2261 2964 2315 dc
2992 2262 3304 2317 honoribus
3342 2263 3557 2320 ibidem
3580 2266 3714 2320 scri-

2012 2345 2118 2407 bit,
2155 2346 2364 2418 quibus
2391 2362 2520 2401 eum
2551 2348 3051 2420 prosequebantur
3075 2350 3360 2419 homines,
3380 2368 3571 2408 causas
3587 2370 3715 2409 suas

2009 2437 2318 2501 saeculares,
2352 2435 2560 2507 inquit,
2593 2438 2744 2507 apud
2768 2454 2863 2492 nos
2891 2440 3048 2508 ﬁnire
3072 2442 3361 2510 cupientes,
3389 2443 3608 2519 quando
3637 2446 3716 2499 eis

2012 2526 2305 2578 necessarii
2328 2527 2596 2592 fuerimus
2621 2542 2633 2580 :
2655 2542 2754 2595 pro
2775 2528 2970 2596 quibus
2999 2528 3155 2582 rebus
3186 2530 3426 2599 quotidie
3452 2531 3715 2588 submisso

2009 2614 2188 2682 capite
2214 2614 2520 2667 salutamur
2550 2613 2746 2685 (Epist.
2800 2616 2912 2685 33).
2957 2615 3053 2670 Vix
3085 2616 3237 2671 enim
3263 2619 3580 2691 compcrire
3609 2624 3713 2689 est,

2010 2699 2081 2754 iis
2121 2700 2219 2773 qui
2249 2705 2473 2756 tantum
2497 2702 2816 2774 presbyteri
2846 2709 3053 2774 essent,
3082 2705 3172 2777 jus
3204 2705 3376 2761 fuisse
3400 2708 3630 2779 negotia
3659 2714 3716 2764 et

2010 2790 2425 2845 controversias
2447 2790 2774 2846 dirimendi.
2801 2792 2961 2846 Certe
2992 2793 3226 2863 quidem
3255 2809 3384 2851 cum
3406 2795 3554 2851 illud
3582 2802 3713 2857 ante

2010 2878 2335 2950 contigerit,
2369 2895 2540 2951 quam
2571 2879 2869 2951 epistolam
2912 2881 2981 2934 ad
3013 2880 3319 2937 Eusebium
3348 2882 3617 2955 primam,
3650 2885 3713 2941 in

2010 2984 2123 3040 qua
2153 2983 2211 3021 se
2233 2967 2418 3023 adhuc
2439 2968 2682 3022 tironem
2704 2969 3036 3040 episcopum
3062 2969 3365 3024 conﬁtetur
3392 2972 3594 3043 (Epist.
3619 2976 3706 3043 34,

2009 3072 2067 3109 n.
2100 3055 2174 3127 6),
2208 3054 2493 3119 scriberet,
2541 3056 2793 3129 dumque
2834 3058 3019 3113 adhuc
3050 3057 3108 3112 in
3138 3058 3274 3112 vivis
3321 3064 3516 3131 ageret
3549 3061 3709 3117 Vale-

2009 3144 2149 3211 rius,
2182 3145 2352 3215 longe
2380 3149 2511 3216 post
2549 3146 2907 3218 episcopatus
2934 3145 3089 3201 illius
3118 3145 3284 3203 initia
3312 3147 3551 3204 minime
3580 3150 3713 3206 licet

2011 3233 2261 3289 differre.
2291 3233 2437 3299 Quid
2469 3250 2534 3289 ex
2576 3234 2682 3289 hac
2711 3235 2779 3290 ad
2814 3236 3246 3291 Proculeianum
3277 3235 3518 3309 epistola
3545 3254 3710 3293 secu-

2008 3325 2134 3377 tum
2164 3323 2346 3385 fuerit,
2380 3338 2485 3377 nos
2514 3324 2670 3379 latet.
2706 3325 2849 3379 illud
2891 3328 3083 3379 tamen
3122 3331 3358 3395 constat,
3394 3327 3712 3382 Donatistas

2010 3412 2327 3483 generatim
2358 3411 2659 3483 Augustini
2691 3412 3040 3484 colloquium
3068 3414 3362 3485 refugisse.

2080 3503 2132 3556 2.
2169 3501 2331 3567 Quod
2361 3501 2428 3556 ad
2460 3501 2676 3557 litteras
2710 3501 2935 3571 attinet,
2968 3501 3106 3556 alias
3134 3502 3307 3556 etiam
3354 3502 3450 3558 ille
3488 3502 3711 3575 scripsit

2011 3589 2081 3644 ad
2108 3589 2414 3661 primarios
2445 3590 2867 3644 Donatistarum
2890 3589 3187 3661 episcopos
3217 3591 3418 3661 (Epist.
3452 3590 3565 3660 43),
3594 3606 3712 3645 non

2010 3677 2243 3750 quidem
2266 3676 2822 3743 communicatorias,
2846 3676 3054 3748 quibus
3084 3693 3143 3731 se
3172 3676 3437 3749 indignos
3460 3694 3493 3732 a
3522 3678 3711 3733 catho-

2008 3765 2117 3821 lica
2149 3765 2392 3821 Ecclesia
2420 3765 2806 3820 dissentiendo
2838 3766 3116 3834 fecerant;
3157 3766 3253 3821 sed
3282 3767 3425 3821 tales
3463 3766 3711 3838 privatas

2010 3858 2152 3924 quas
2183 3852 2353 3908 etiam
2388 3853 2456 3907 ad
2488 3854 2748 3926 Pagauos
2787 3854 3031 3909 scribere
3075 3853 3258 3919 liceat,
3304 3853 3584 3909 officiosus
3624 3858 3710 3909 ta-

2010 3953 2143 3998 men
2171 3948 2227 3997 et
2265 3943 2329 3997 ad
2379 3957 2579 4014 pacem
2625 3942 3036 3997 conciliandam
3085 3942 3341 4011 idoneas,
3392 3947 3456 3998 ut
3495 3958 3593 3998 eos
3641 3942 3711 3997 ad

2011 4047 2314 4086 cnmmunc
2352 4030 2723 4103 colloquium
2777 4031 3061 4099 invitaret,
3117 4031 3177 4085 in
3234 4048 3348 4104 quo
3392 4031 3711 4087 schismatis

2011 4137 2199 4188 causa,
2232 4125 2289 4174 et
2316 4120 2424 4174 alia
2456 4120 2511 4174 id
2543 4137 2724 4192 genus
2753 4120 2959 4175 discuti
2981 4125 3232 4192 possunt.
3259 4123 3464 4176 Verum
3496 4121 3617 4192 ipse
3632 4125 3712 4176 tc-

2010 4214 2208 4276 statur,
2236 4209 2453 4263 litteras
2483 4226 2612 4264 suas
2654 4209 2943 4265 interdum
2976 4210 3249 4281 periectas
3279 4209 3348 4264 ab
3387 4208 3498 4263 illis
3536 4209 3709 4264 fuisse

2009 4297 2262 4367 rejectas,
2303 4311 2409 4350 nec
2438 4313 2532 4350 eos
2562 4310 2819 4368 unquam
2847 4297 2965 4351 sive
2995 4313 3098 4367 per
3140 4300 3554 4366 contemptum,
3590 4295 3706 4350 sive

2009 4380 2201 4451 potius
2221 4396 2325 4453 per
2346 4380 2632 4436 inscitiam
2663 4387 2721 4436 et
2746 4380 3123 4437 difﬁdentiam
3154 4379 3515 4452 respondisse
3547 4381 3707 4453 (Con-

2010 4475 2097 4524 tra
2126 4471 2255 4524 Litt.
2288 4472 2465 4539 Petit,
2501 4471 2594 4526 lib.
2631 4474 2678 4540 ί,
2712 4487 2767 4524 n.
2805 4471 2876 4543 l).
2912 4472 2987 4526 De
3017 4469 3141 4540 ipso
3175 4468 3545 4525 Proculeiano
3565 4470 3710 4525 scri-

2008 4558 2111 4624 bit,
2141 4562 2437 4630 expertum
2479 4575 2538 4613 se
2581 4559 2753 4614 fuisse
2801 4559 3018 4613 litteras
3062 4573 3194 4611 suas
3233 4557 3303 4612 ab
3350 4573 3417 4611 eo
3463 4559 3707 4613 recusari

2009 4646 2203 4717 (Epist.
2233 4650 2323 4715 35,
2353 4663 2408 4703 n.
2447 4647 2516 4719 l).
2549 4649 2686 4702 Nam
2711 4652 3016 4720 quaternas
3047 4647 3246 4701 saltem
3265 4646 3337 4701 ad
3356 4662 3489 4702 eum
3516 4647 3707 4720 dedit;

2007 4736 2135 4791 licet
2162 4736 2332 4791 hodie
2361 4737 2477 4791 sola
2509 4741 2691 4791 exstet
2718 4736 2977 4808 epistola,
3020 4735 3089 4791 de
3132 4751 3244 4807 qua
3290 4751 3422 4791 mox
3463 4736 3708 4807 egimus.

2008 4826 2091 4881 Ad
2115 4826 2169 4881 id
2202 4826 2249 4881 si
2278 4826 2477 4880 referri
2508 4826 2734 4889 debeat,
2760 4825 2909 4896 quod
2941 4825 2997 4880 iu
3030 4824 3238 4880 litteris
3286 4825 3356 4882 ad
3403 4826 3708 4882 Eusebium

2009 4915 2272 4979 habetur,
2309 4915 2663 4986 respondisse
2695 4913 3130 4970 Proculeianum
3158 4930 3265 4986 per
3310 4930 3490 4970 unum
3521 4930 3553 4970 e
3578 4930 3708 4986 pre-

2007 5003 2247 5075 sbyteris
2277 5003 2415 5070 suis,
2447 5003 2732 5058 Victorem
2760 5003 3019 5074 nomine,
3062 5003 3162 5076 qui
3206 5004 3422 5076 publici
3453 5003 3710 5058 muneris

2006 5093 2393 5160 administros,
2427 5093 2495 5147 ad
2525 5092 2923 5163 excipiendum
2970 5093 3328 5148 Proculciani
3373 5107 3705 5164 responsum

2010 5182 2227 5248 missos,
2262 5182 2538 5236 allocutus
2558 5186 2670 5248 est;
2702 5181 2811 5236 hoc
2839 5197 3198 5255 responsum.
3230 5182 3381 5254 quod
3412 5180 3584 5236 iidem
3612 5180 3709 5235 ad-

2008 5269 2255 5324 ministri
2285 5269 2424 5323 actis
2452 5270 2701 5340 publicis
2729 5270 3159 5342 consignarunt,
3208 5270 3279 5324 iis
3321 5284 3449 5341 quae
3494 5270 3709 5323 Procu-

2009 5359 2226 5413 leianus
2258 5358 2465 5413 Evodio
2496 5359 2736 5427 dixerat,
2792 5360 2927 5414 satis
2971 5362 3417 5414 consentaneum
3463 5361 3604 5425 erat,
3654 5361 3711 5412 et

2006 5465 2159 5515 cum,
2193 5450 2259 5502 ut
2283 5446 2527 5515 videtur,
2551 5448 2841 5522 colloquio
2863 5446 3157 5503 communi
3187 5444 3494 5516 obligabat.
3524 5446 3709 5511 Quan-

2009 5554 2182 5612 quam
2212 5538 2322 5593 hoc
2347 5536 2493 5592 forte
2522 5537 2690 5595 aliam
2718 5532 3280 5611 quamdam'respicit
3304 5535 3706 5608 expostulatio-
