4008 6184
293 224 395 276 255

292 359 447 413 nem,
478 345 545 399 ad
578 359 751 416 quam
776 343 835 398 id
865 344 1122 417 responsi
1170 343 1293 399 dari
1318 343 1566 415 jusserat
1596 360 1608 398 :
1649 345 1711 402 Si
1733 345 1994 400 christia-

292 449 394 488 ηαδ
425 448 498 502 es,
529 448 684 488 serva
716 435 810 488 hoc
833 433 1042 504 judicio
1071 435 1166 488 Dei
1188 433 1384 504 (Epist.
1413 437 1500 500 35,
1531 450 1587 488 η.
1620 434 1692 501 4).
1731 435 1864 488 Utnt
1887 437 1992 500 est,

293 539 396 594 per
422 523 624 576 urbem
667 521 1093 594 Hipponensem
1139 523 1382 578 subinde
1429 521 1755 594 pervulgari
1803 521 1991 593 coepit,

295 627 408 666 non
441 610 548 665 hoc
579 611 1016 666 Proculeianum
1046 613 1366 678 mandasse,
1401 611 1552 682 quod
1573 610 1869 682 publicum
1900 627 1994 664 re-

294 700 613 755 nuntiasset
643 700 903 756 Ofﬁcium
936 701 1133 771 (Epist.
1181 702 1269 768 34,
1300 717 1354 755 η.
1391 701 1466 772 5).
1505 700 1814 756 Ferebatur
1844 703 1900 753 et
1925 699 1991 752 il-

296 789 390 845 lud
413 789 638 856 dixisse,
662 789 708 844 si
736 792 892 844 tanta
910 789 1298 860 Augustinum
1321 788 1650 860 disputandi
1677 788 1882 860 cupido
1911 787 1996 842 in-

295 882 554 945 cesseret,
584 877 1013 933 Constantinam
1044 879 1126 933 ire
1158 877 1438 945 debuisse,
1467 894 1579 948 quo
1607 877 1712 950 ipsi
1734 878 1996 948 frequen-

295 972 379 1022 tes
408 972 806 1035 convenerant,
840 969 926 1023 vel
957 967 1038 1022 illi
1073 968 1324 1022 eundum
1365 966 1630 1034 Milevim,
1663 966 1761 1021 ubi
1806 965 1992 1020 conci-

295 1057 433 1112 lium
466 1057 620 1112 brevi
654 1061 841 1111 essent
867 1056 1136 1111 habituri.
1172 1058 1304 1111 Erat
1325 1060 1448 1111 tum
1471 1057 1622 1126 apud
1656 1056 1995 1126 Hipponem-

300 1147 539 1217 chium
564 1146 836 1201 Eusebius
857 1146 941 1200 vir
959 1145 1286 1216 primarius,
1315 1144 1733 1200 Donatistarum
1761 1143 1994 1215 quidem

295 1239 536 1288 sectator
580 1239 636 1288 et
682 1233 1038 1288 Proculeiani
1071 1233 1306 1298 amicus,
1338 1248 1539 1286 verum
1586 1230 1859 1302 singulari
1907 1247 1994 1284 sa-

296 1322 533 1394 pientia,
567 1323 841 1394 gravitate
875 1326 933 1376 et
961 1321 1352 1376 moderatione
1391 1321 1682 1394 praeditus.
1716 1322 1856 1376 Cum
1886 1320 1994 1393 igi-

296 1415 390 1466 tur
419 1412 595 1466 nollet
622 1411 973 1482 Augustinus
1020 1410 1091 1465 ad
1138 1409 1576 1465 Proculeianum
1618 1410 1831 1464 litteras
1858 1409 1993 1464 scri-

297 1501 452 1567 bere,
485 1501 637 1572 quod
665 1516 758 1554 eas
787 1499 884 1554 ille
919 1503 1231 1571 respueret,
1276 1500 1428 1555 hunc
1473 1499 1778 1554 Eusebium
1819 1499 1994 1554 inter-

299 1589 554 1660 pellavit,
589 1593 788 1660 petens
819 1590 889 1644 ab
919 1606 983 1644 eo
1016 1606 1116 1661 per
1142 1589 1321 1644 bonos
1349 1593 1406 1645 et
1441 1590 1711 1644 honestos
1739 1589 1910 1658 viros,
1930 1591 1997 1644 ut

298 1694 330 1731 a
363 1677 732 1732 Proculeiano
764 1682 1067 1749 quaereret,
1101 1694 1239 1731 num
1268 1677 1377 1732 hoc
1416 1677 1753 1733 mandatum
1789 1675 1996 1731 Victori

299 1766 538 1833 dederit,
573 1767 725 1837 quod
756 1766 940 1820 Victor
966 1766 1144 1838 ipsius
1171 1766 1356 1821 verbis
1405 1766 1605 1822 Ofﬁcio
1632 1765 1863 1838 publico
1903 1782 1992 1820 rc-

298 1854 644 1922 nuntiasset;
679 1872 749 1910 an
776 1855 859 1910 illi
886 1856 1118 1928 publico
1141 1855 1366 1911 muneri
1389 1855 1642 1928 praefecti
1663 1873 1729 1911 ex
1757 1854 1994 1910 Victoris

296 1944 482 1998 verbis
504 1945 671 1999 falsas
698 1946 922 2000 tabulas
951 1945 1340 2002 confecissent.
1385 1945 1469 2000 Ad
1502 1946 1767 1999 eumdem
1797 1949 1993 2016 postea

297 2033 366 2088 de
398 2034 507 2088 hoc
537 2039 874 2105 argumento
905 2034 1150 2106 scripsit,
1181 2051 1392 2106 rogans
1414 2037 1478 2088 ut
1512 2033 1826 2105 generatim
1858 2049 1994 2103 per-

297 2127 678 2189 cunctaretur,
711 2139 975 2194 quaenam
1010 2123 1366 2178 Proculeiani
1389 2140 1551 2178 mens
1591 2127 1736 2178 esset
1777 2123 1845 2176 de
1875 2125 1996 2176 tota

295 2209 611 2265 schismatis
631 2211 950 2281 quazstione
982 2211 1358 2266 discutienda.
1396 2212 1724 2274 Proﬁtetur,
1758 2210 1828 2265 ad
1848 2210 1995 2264 hanc

296 2298 514 2370 placide
542 2315 673 2353 cum
699 2299 799 2354 illo
828 2300 1284 2370 pertractandam
1324 2316 1382 2355 se
1421 2300 1664 2354 libenter
1693 2300 1992 2355 descensu-

295 2405 446 2456 rum,
476 2388 523 2442 si
553 2388 956 2444 Proculeianus
986 2394 1292 2457 annneret;
1327 2389 1482 2460 quod
1529 2405 1596 2443 ex
1637 2388 1994 2443 sermonibus

296 2477 366 2531 ad
396 2493 455 2531 se
485 2477 676 2531 relatis
716 2477 975 2532 futurum
1005 2478 1286 2548 sperabat.
1319 2481 1624 2549 Acceperat
1660 2476 1814 2532 enim
1862 2493 1993 2530 eum

297 2563 528 2630 dixisse,
559 2565 720 2619 denis
750 2565 1041 2636 utrimque
1066 2565 1332 2636 gravibus
1361 2570 1418 2619 et
1447 2564 1702 2619 honestis
1731 2562 1886 2626 viris,
1916 2563 1992 2618 ci-

295 2658 380 2708 tra
406 2654 743 2726 popularem
769 2655 1081 2708 tumultum
1113 2653 1402 2722 adhibitis,
1434 2653 1543 2709 sibi
1581 2654 1856 2709 ambobus
1900 2669 1993 2707 ve-

295 2742 522 2797 ritatem
554 2759 619 2797 ex
649 2741 955 2814 Scriptura:
987 2743 1320 2798 auctoritate
1365 2760 1486 2798 esse
1531 2743 1984 2816 disquirendam.

294 2831 599 2902 Subjungit
629 2837 853 2887 sanctus
892 2835 1122 2900 Doctor,
1156 2833 1201 2887 si
1233 2833 1637 2889 Proculeianus
1683 2850 1875 2888 secum
1924 2832 1993 2887 ad

295 2921 644 2992 colloquium
673 2938 825 2994 aegre
847 2923 1220 2978 descensurus
1235 2927 1399 2991 esset,
1423 2923 1577 2994 quod
1597 2922 1993 2978 huumaniori-

293 3008 399 3062 bus
428 3009 765 3080 disciplinis,
796 3017 859 3065 ut
878 3012 1185 3076 ferebatur,
1211 3011 1404 3066 minus
1424 3013 1572 3066 foret
1596 3013 1878 3084 expolitus
1900 3031 1914 3079 ;
1935 3010 1996 3065 li-

294 3097 575 3152 beralium
605 3098 922 3152 litterarum
944 3099 1259 3154 doctrinam
1293 3100 1435 3153 nihil
1467 3100 1536 3154 ad
1562 3102 1704 3154 lianc
1733 3099 1996 3171 quazstio-

296 3200 429 3238 nem
459 3185 766 3256 pertinere,
803 3203 932 3257 quae
961 3188 1048 3241 vel
1078 3188 1147 3242 de
1171 3188 1378 3241 sanctis
1408 3187 1734 3260 Scripturis,
1762 3189 1850 3243 vel
1889 3189 1994 3243 do-

295 3273 577 3328 cumentis
607 3273 994 3329 ecclesiasticis
1020 3280 1118 3329 aut
1147 3276 1384 3346 publicis
1412 3281 1556 3332 esset
1588 3277 1944 3332 discutienda
1978 3293 1992 3331 :

295 3378 460 3432 posse
488 3365 681 3417 tamen
703 3379 856 3430 eum,
891 3379 1061 3435 quem
1094 3381 1124 3418 e
1153 3363 1272 3418 suis
1311 3365 1556 3420 voluerit
1583 3365 1860 3436 collegam
1889 3366 1994 3420 ad-

296 3450 564 3520 sciscere;
591 3456 689 3507 aut
713 3468 773 3508 se
803 3452 1094 3508 Samsucio
1127 3453 1384 3508 Ecclesia:
1403 3453 1702 3509 Turrensis
1728 3453 1992 3527 episcopo

295 3540 593 3609 catholico,
629 3541 728 3613 qui
756 3547 878 3597 tum
910 3542 1167 3614 Hippone
1215 3544 1567 3612 versabatur,
1599 3544 1746 3600 vices
1777 3561 1906 3599 suas
1933 3543 1995 3599 in

295 3629 394 3684 illo
424 3631 707 3704 colloquio
741 3633 1215 3688 demandaturum
1250 3634 1446 3705 (Epist.
1493 3638 1581 3695 35,
1623 3650 1678 3690 n.
1727 3634 1802 3705 6).
1835 3634 1993 3690 Sam-

297 3717 486 3775 sucius
511 3719 614 3774 iste
644 3720 815 3776 simul
844 3737 972 3776 cum
1005 3721 1209 3794 Alypio
1257 3727 1314 3778 et
1351 3723 1674 3794 Augustino
1718 3723 1790 3779 ad
1836 3723 1996 3780 Seve-

296 3823 424 3862 rum
478 3808 700 3878 scripsit
735 3810 930 3878 (Epist.
986 3812 1094 3877 62),
1146 3810 1313 3866 tertio
1356 3812 1481 3866 loco
1527 3811 1589 3866 in
1627 3811 1751 3883 ipsa
1794 3812 1994 3867 inscri-

298 3896 494 3967 ptione
517 3896 860 3952 nominatus.
896 3899 1056 3953 Hunc
1078 3898 1196 3953 suis
1226 3900 1287 3953 in
1307 3900 1500 3962 dubiis
1517 3901 1871 3972 Augustinus
1898 3901 1996 3956 ali-

299 3985 531 4058 quando
562 3986 914 4054 consulebat,
946 4002 1193 4058 eumque
1222 3989 1290 4043 de
1316 4004 1378 4042 re
1409 3989 1620 4060 aliqua,
1660 3989 1721 4044 in
1751 4005 1864 4061 qua
1896 3990 1994 4045 du-

297 4074 425 4131 bius
452 4074 574 4148 ipse
613 4079 670 4131 et
712 4092 918 4148 anceps
963 4077 1226 4144 haeserat,
1273 4082 1422 4132 recte
1463 4078 1674 4134 sentire
1719 4078 1998 4150 comperit

299 4165 497 4237 (Epist.
528 4169 617 4234 83,
648 4182 703 4222 η.
733 4167 804 4237 4).
839 4167 1107 4231 Quamvis
1137 4167 1291 4222 enim
1320 4183 1584 4223 sermone
1631 4169 1781 4224 foret
1807 4169 1994 4241 impo-

299 4255 454 4323 litus,
486 4272 617 4310 vera
646 4260 842 4310 tamen
881 4256 994 4310 ﬁde
1043 4256 1300 4328 apprime
1343 4262 1465 4313 erat
1504 4258 1760 4314 eruditus
1795 4259 1991 4330 (Epist.

301 4347 388 4412 34,
419 4361 473 4400 τι.
505 4346 582 4416 6).
614 4346 972 4419 Quapropter
999 4362 1130 4400 eum
1169 4363 1301 4403 cum
1328 4349 1699 4405 Proculeiano
1729 4350 1995 4406 commit-

296 4438 416 4488 tere
461 4450 576 4489 non
623 4436 922 4491 verebatur
967 4436 1340 4509 Augustinus,
1380 4439 1678 4495 conﬁdens
1704 4456 1837 4495 eum
1889 4457 1994 4510 pro

297 4520 537 4576 veritate
575 4528 888 4579 certantem
913 4524 1180 4581 divinitus
1222 4527 1624 4598 adjuvandum.
1672 4531 1750 4584 De
1793 4529 2000 4584 Milevi-

300 4613 435 4664 tana
462 4625 596 4665 vero
643 4614 784 4668 urbe
824 4614 1074 4685 petenda
1123 4616 1432 4686 respondet
1470 4617 1842 4689 Augustinus,
1891 4617 2000 4672 sibi

300 4701 478 4753 totam
509 4700 844 4770 quaestionis
874 4703 1046 4774 hujus
1076 4705 1362 4759 rationem
1403 4705 1652 4762 maxime
1681 4722 1812 4761 cum
1860 4710 1997 4763 Pro-

299 4787 561 4842 culeiano
591 4805 729 4854 esse,
764 4789 986 4862 sibique
1024 4792 1086 4847 in
1131 4794 1258 4848 aliis
1305 4792 1626 4850 civitatibus
1673 4811 1791 4850 non
1831 4797 1998 4852 licere

301 4873 618 4948 quidquam
648 4894 841 4950 agere,
867 4896 998 4936 cum
1026 4883 1263 4955 propria
1292 4899 1427 4940 cura
1466 4884 1638 4940 unius
1666 4884 1997 4957 Hipponen-

299 4962 376 5020 sis
404 4965 662 5021 Ecclesite
693 4967 764 5023 ad
795 4985 854 5024 se
875 4969 1172 5041 pertineat.

373 5058 426 5112 3.
457 5055 583 5111 Alia
613 5056 785 5112 simul
815 5075 905 5114 res
933 5062 1313 5132 Augustinum
1353 5065 1422 5120 ad
1465 5063 1704 5120 Eusebio
1747 5064 1997 5120 scriben-

301 5145 439 5201 dum
469 5147 844 5217 compulerat.
894 5150 1124 5204 Iuvenis
1162 5151 1394 5222 quidam
1438 5153 1748 5209 catholicus
1793 5153 1997 5226 Hippo-

303 5236 495 5292 nensis
541 5237 741 5293 solitus
789 5243 911 5294 erat
946 5243 1188 5294 matrem
1235 5258 1396 5296 suam
1447 5243 1695 5312 viduam,
1747 5244 1999 5316 inopem,

302 5327 553 5380 vetulam
593 5331 651 5381 et
687 5327 846 5382 omni
881 5327 1092 5382 auxilio
1147 5328 1478 5384 destitutam
1528 5333 1776 5400 caedere;
1817 5349 2002 5405 eoque

303 5411 509 5468 furoris
537 5431 871 5488 progressus
898 5416 1104 5484 fuerat,
1139 5422 1204 5472 ut
1230 5433 1334 5473 nec
1379 5418 1490 5473 illis
1531 5421 1750 5489 diebus,
1791 5421 2001 5493 quibus

306 5501 500 5579 legum
551 5505 817 5566 severitas
874 5505 1327 5567 sceleratissimis
1373 5509 1573 5583 parcit,
1627 5511 1823 5586 quales
1867 5515 2002 5566 sunt

1497 220 1670 278 VITA
1722 220 1779 277 S.
1824 215 2220 278 AUGUSTINI
2259 217 2598 275 EPISCOP].

3696 221 3802 272 256

2107 341 2436 409 Dominicae,
2469 345 2526 396 et
2567 344 2694 396 octo
2733 338 2962 395 Pascha:
2991 339 3127 405 dies,
3163 338 3369 412 impias
3396 338 3468 394 ab
3499 355 3567 394 ea
3594 355 3806 395 manus

2106 431 2446 486 contineret.
2479 429 2576 486 Sui
2607 446 2738 484 eum
2769 429 3024 484 criminis
3070 429 3259 500 arguit
3294 429 3663 500 Augustinus.
3697 430 3806 482 Ve-

2106 537 2231 574 rum
2260 537 2389 574 cum
2412 519 2506 574 ille
2545 521 2725 574 scelus
2755 535 2922 574 suum
2954 519 3023 572 ab
3055 519 3297 573 Ecclesia
3325 518 3619 590 prohiberi
3646 518 3804 572 vidc—

2106 615 2212 676 ret,
2247 609 2440 664 furore
2469 613 2758 681 correptus
2791 607 2961 662 matri
2986 624 3103 662 sure.
3149 607 3230 662 ita
3266 607 3648 662 comminatus
3678 610 3763 661 est
3790 623 3805 661 :

2110 702 2460 768 Transferam
2487 716 2569 755 me
2597 703 2656 754 in
2689 703 2903 769 partem
2945 699 3162 767 Donati,
3201 703 3251 752 ct
3281 697 3459 752 bibam
3489 699 3808 765 sanguinem

2107 793 2274 844 tuum.
2310 789 2585 843 Videntur
2613 786 2898 859 ipsissima
2926 785 3099 840 fuisse
3137 785 3291 840 illius
3319 787 3508 841 verba.
3552 786 3807 840 Priorem

2105 878 2392 933 minarum
2424 893 2658 932 suarum
2683 881 2904 948 partem
2927 875 3199 946 perﬁcere
3225 892 3340 929 non
3369 874 3606 930 distulit.
3639 877 3684 929 A
3702 877 3803 929 Do-

2107 967 2326 1022 natistis
2358 967 2654 1038 recipitur,
2683 965 3070 1036 rebaptizatur
3090 965 3306 1034 furens,
3331 969 3387 1019 et
3414 963 3662 1019 materni
3679 981 3804 1018 san-

2104 1055 2293 1127 guinis
2321 1055 2518 1110 avidus
2547 1055 2692 1110 albis
2720 1054 2969 1109 vestibus
2998 1053 3352 1109 candidatur.
3395 1055 3550 1108 Intra
3583 1053 3806 1108 cancel-

2107 1146 2190 1198 los
2220 1143 2599 1199 cminentiore
2628 1143 2752 1198 loco
2788 1142 3154 1200 constituitur
3195 1142 3537 1213 spectandus
3575 1142 3646 1196 ab
3691 1158 3811 1196 om-

2107 1233 2294 1298 nibus,
2327 1234 2480 1287 velut
2507 1233 2658 1288 dono
2689 1231 2934 1303 Spiritus
2966 1230 3145 1286 sancti
3190 1231 3438 1303 perfecte
3478 1235 3808 1298 renovatus,

2107 1323 2206 1394 qni
2236 1322 2388 1377 aliud
2418 1321 2562 1377 nihil
2595 1337 2765 1393 quam
2797 1321 3186 1376 matricidium
3213 1320 3507 1391 cogitaret.
3537 1319 3603 1376 Id
3624 1337 3812 1375 unum

2105 1416 2420 1482 supererat,
2453 1415 2516 1466 ut
2544 1410 2643 1484 qui
2672 1427 2804 1466 eum
2831 1410 2910 1464 sic
2935 1410 3202 1466 affectum
3231 1410 3682 1482 baptizaveraut,
3713 1426 3810 1464 ur-

2105 1505 2307 1572 gerent
2337 1501 2404 1556 ad
2433 1500 2743 1572 reliquum,
2772 1500 2926 1572 quod
2955 1504 3210 1568 noverat,
3233 1499 3381 1554 intra
3397 1516 3528 1554 suas
3559 1504 3810 1567 octavas,

2107 1593 2535 1647 exsolvendum.
2578 1592 2662 1646 Ad
2692 1592 2800 1646 hoc
2830 1592 3239 1663 spectaculum,
3270 1592 3358 1646 vel
3402 1590 3552 1645 inter
3579 1591 3814 1646 Donati-

2109 1684 2241 1748 stas,
2272 1697 2440 1735 nemo
2474 1697 2589 1736 non
2614 1679 2855 1752 gemuit,
2883 1684 2949 1734 ut
2977 1679 3220 1733 innuere
3269 1678 3492 1733 videtur
3536 1679 3810 1750 Augusti-

2106 1786 2236 1838 nus,
2268 1771 2365 1842 qui
2400 1775 2516 1825 tam
2542 1769 2884 1824 exsecranda
2913 1767 3163 1824 facinore
3193 1767 3560 1822 vehementer
3587 1769 3813 1839 percul~

2107 1875 2202 1912 sus
2231 1863 2334 1914 est.
2369 1859 2530 1922 Hinc,
2559 1863 3058 1930 quantuscumque
3089 1858 3236 1912 foret
3266 1857 3695 1912 Donatistarum
3715 1858 3808 1911 fu-

2106 1963 2218 2012 ror,
2254 1964 2312 2001 se
2339 1948 2538 2001 saltem
2568 1947 2635 2002 ad
2667 1947 3017 2018 loquendum
3048 1946 3174 2018 cogi
3207 1945 3516 2001 arbitratus
3558 1951 3662 2001 est.
3705 1949 3814 2001 Pu-
3847 1955 3857 1960 ’

2105 2035 2265 2091 blicis
2293 2035 2488 2109 itaque
2515 2036 2725 2091 tabulis
2754 2035 3079 2108 consignari
3108 2035 3286 2090 voluit
3315 2040 3429 2090 tam
3465 2035 3809 2107 sacrilegum

2106 2125 2284 2192 nefas,
2317 2130 2400 2192 ut,
2433 2124 2780 2196 ubicumque
2811 2129 3200 2196 opportunum
3230 2129 3487 2179 censeret
3529 2125 3599 2180 de
3646 2129 3811 2179 tanto

2105 2213 2320 2285 flagitio
2349 2214 2640 2286 conqueri,
2673 2215 2790 2268 sive
2831 2213 2982 2268 intra
3030 2214 3458 2285 Hipponensem
3491 2213 3810 2280 civitatem,

2105 2301 2220 2356 sive
2250 2307 2426 2369 extra,
2459 2303 2515 2358 id
2545 2302 2687 2357 citra
2713 2302 2994 2358 mendacii
3025 2302 3408 2374 suspicionem
3439 2307 3655 2374 posset.
3696 2304 3810 2358 Eo-

2106 2391 2235 2445 dem
2259 2392 2534 2463 temporis
2564 2391 2824 2462 vestigio,
2853 2392 3188 2464 priusquam
3217 2383 3457 2446 infelicis
3473 2391 3645 2463 hujus
3673 2408 3813 2446 neo-

2104 2480 2268 2552 phyti
2299 2486 2509 2535 octava:
2528 2483 2972 2552 complerentur,
3006 2481 3072 2535 ad
3109 2481 3415 2535 Eusebium
3438 2480 3670 2551 scripsit
3690 2497 3813 2553 spe-

2105 2585 2236 2624 rans
2265 2569 2407 2636 fore,
2440 2575 2502 2624 ut
2529 2569 2649 2641 ipse
2671 2571 2887 2625 facinus
2926 2570 3066 2625 illud
3093 2570 3442 2642 improbaret
3474 2586 3487 2624 :
3521 2570 3813 2642 simulque

2106 2658 2158 2712 ei
2189 2660 2367 2713 Deum
2390 2663 2733 2714 contestatus
2758 2659 3114 2714 denuntiavit
3139 2676 3218 2727 se,
3243 2664 3523 2732 quantum
3551 2660 3814 2715 christia-

2109 2764 2239 2804 nam
2269 2765 2466 2820 pacem
2489 2749 2770 2820 diligeret,
2797 2754 3022 2804 tantum
3046 2749 3332 2820 sacrilegis
3358 2747 3471 2802 illis
3496 2746 3813 2816 factisjquae

2107 2838 2446 2893 schismatici
2476 2839 2536 2892 in
2565 2855 2668 2893 sua
2687 2838 3038 2893 dissensione
3068 2838 3390 2909 patrabant,
3423 2833 3808 2898 commoveri;

2105 2933 2374 2982 caeterum
2395 2929 2549 2982 hunc
2571 2927 2748 2982 animi
2770 2926 2857 2981 sui
2875 2932 3100 2982 motum
3123 2942 3244 2982 esse
3266 2924 3598 2996 paciﬁcum;
3617 2938 3813 2994 neque

2105 3033 2227 3072 sese
2257 3016 2313 3070 id
2339 3033 2530 3088 agere,
2563 3022 2626 3072 ut
2655 3017 2726 3072 ad
2754 3016 3220 3071 communionem
3259 3013 3595 3069 catholicam
3648 3011 3810 3083 quis-

2106 3122 2278 3178 quam
2305 3111 2540 3178 cogatur
2558 3106 2788 3174 invitus,
2811 3107 2909 3161 sed
2933 3109 2992 3160 ut
3013 3105 3278 3160 omnibus
3298 3101 3624 3159 errantibus
3647 3117 3813 3172 aper-

2105 3198 2164 3248 ta
2191 3193 2398 3249 veritas
2439 3195 2775 3262 declaretur,
2822 3211 2885 3249 ac
2928 3193 3007 3248 sic
3051 3210 3110 3248 se
3163 3191 3619 3264 amplectendam
3671 3190 3811 3243 satis

2105 3281 2229 3352 ipsa
2256 3282 2600 3354 persuadeat
2625 3283 2819 3354 (Epist.
2850 3283 2962 3352 34).

2173 3374 2225 3428 4.
2281 3371 2596 3442 Augustino
2655 3371 2944 3442 rescripsit
3002 3369 3308 3437 Eusebius,
3363 3367 3641 3423 conﬁtens
3697 3367 3810 3422 sibi

2104 3477 2219 3516 non
2241 3461 2494 3531 probari,
2527 3461 2680 3532 quod
2705 3460 2857 3516 ﬁlius
2876 3475 3175 3532 percussor
3195 3457 3392 3512 matris
3413 3457 3807 3527 reciperetur:

2105 3545 2564 3614 Proculeianum,
2609 3546 2658 3601 si
2701 3546 2885 3612 sciret,
2938 3545 3370 3619 prohibiturum
3421 3543 3593 3598 fuisse
3624 3560 3660 3596 a
3702 3559 3810 3597 sua

2104 3635 2528 3703 communione,
2559 3639 2677 3690 tam
2723 3635 3008 3691 nefarium
3049 3635 3495 3701 adolescentem;
3529 3636 3810 3688 caeterum

2103 3725 2304 3780 mirari
2332 3742 2413 3792 se,
2443 3725 2594 3796 quod
2612 3725 2793 3796 judex
2831 3729 2888 3779 et
2918 3723 3133 3779 arbiter
3161 3723 3311 3778 inter
3339 3722 3639 3794 episcopos
3669 3720 3811 3776 fuis-

2106 3818 2190 3870 set
2211 3815 2283 3869 ab
2311 3815 2435 3884 ipso
2474 3815 2830 3869 constitutus.
2876 3813 3229 3884 Augustinus
3267 3811 3412 3867 datis
3443 3811 3512 3866 ad
3542 3827 3680 3865 eum
3708 3810 3812 3864 de-

2105 3921 2220 3958 nuo
2249 3903 2452 3958 litteris
2479 3903 2788 3975 rescripsit,
2821 3918 3050 3974 rogasse
3102 3918 3162 3956 se
3211 3899 3607 3956 tantummodo
3654 3899 3812 3955 illius

2104 3992 2538 4063 benignitatem,
2569 3996 2627 4047 et
2655 3993 2838 4047 adhuc
2864 4008 3082 4062 rogare,
3117 3995 3181 4045 ut
3205 4008 3237 4044 a
3265 3987 3637 4045 Proculeiano
3656 4005 3812 4060 quae-

2105 4086 2276 4149 reret,
2302 4086 2498 4136 utrum
2531 4082 2640 4136 hoc
2670 4081 2790 4153 ipse
2821 4083 3145 4136 mandasset
3173 4079 3402 4146 Victori,
3435 4078 3592 4149 quod
3621 4079 3694 4132 ab
3741 4094 3812 4132 eo

2106 4169 2438 4226 sibidictum
2458 4171 2751 4241 publicum
2770 4171 3030 4226 Ofﬁcium
3045 4169 3498 4235 renuntiaverat;
3515 4168 3814 4240 simulque

2107 4263 2592 4332 percunctaretur,
2617 4260 2754 4332 quid
2779 4260 2874 4315 ille
2896 4260 2964 4315 dc
2982 4259 3263 4331 colloquio
3278 4258 3541 4312 sentiret:
3559 4257 3719 4329 quod
3742 4258 3812 4312 ad

2101 4348 2372 4419 juvenem
2421 4348 2585 4402 illum
2632 4352 2937 4419 spectaret;
2994 4347 3452 4414 Proculeianum,
3489 4345 3534 4398 si
3574 4350 3816 4415 paratus

2108 4441 2255 4492 esset
2283 4453 2414 4492 eum
2444 4455 2474 4492 a
2509 4454 2610 4491 sua
2638 4436 3039 4492 communione
3067 4436 3373 4508 prohibere
3415 4451 3546 4489 cum
3589 4433 3816 4489 facinus

2109 4525 2216 4597 ipsi
2243 4526 2391 4581 foret
2419 4527 2796 4598 exploratum,
2828 4542 2950 4581 rem
2985 4529 3203 4597 gestam
3247 4524 3414 4580 modo
3441 4539 3814 4595 cognoscere,

2109 4615 2277 4670 modo
2314 4614 2657 4686 prohibendi
2696 4630 2919 4671 moram
2968 4630 3235 4669 excusare
3264 4614 3590 4668 nullatenus
3621 4629 3811 4684 posse.

2111 4705 2248 4760 Eum
2271 4704 2489 4776 pariter
2508 4704 2576 4759 de
2601 4703 2709 4758 alio
2732 4703 2977 4772 monuit,
3002 4720 3173 4776 quem
3197 4703 3600 4759 Proculeianus
3622 4703 3817 4758 adhuc

2110 4812 2140 4849 a
2161 4811 2262 4850 sua
2286 4793 2690 4858 communione
2717 4798 3009 4849 teneretur
3039 4794 3359 4850 excludere.
3384 4793 3609 4849 Primus
3637 4793 3686 4848 is
3717 4809 3816 4864 ap-

2109 4886 2457 4957 pellabatur,
2489 4885 2818 4958 Spaniensis
2852 4884 3112 4940 Ecclesiae
3151 4885 3210 4939 in
3241 4883 3487 4950 dimcesi,
3527 4889 3592 4938 ut
3640 4901 3817 4956 appa-

2112 4979 2217 5044 ret,
2249 4974 2596 5046 Hipponensi
2634 4975 2925 5046 quondam
2969 4973 3349 5029 subdiaconus
3384 4989 3397 5028 :
3441 4973 3538 5044 qui
3569 4988 3704 5027 cum
3746 4973 3818 5028 ab

2113 5079 2339 5119 accessu
2368 5063 2794 5136 indisciplinato
2834 5061 3353 5118 sanctimonialium
3387 5061 3812 5133 prohiberetur,

2111 5157 2280 5224 atque
2309 5153 2571 5208 ordinata
2599 5157 2654 5207 et
2684 5169 2822 5208 sana
2849 5157 3136 5224 praecepta
3177 5155 3591 5216 contemneret,
3642 5167 3677 5205 a
3705 5152 3817 5205 cle-

2110 5241 2290 5296 ricatu
2319 5245 2567 5297 remotus
2597 5244 2702 5297 est.
2737 5241 2900 5306 Quod
2929 5241 3024 5295 ille
3055 5239 3292 5310 indigne
3320 5239 3530 5304 ferens,
3561 5238 3634 5293 ad
3676 5255 3816 5309 par-

2111 5334 2195 5385 tes
2223 5332 2649 5386 Donatistarum
2687 5329 2937 5396 transiit,
2969 5345 3003 5383 a
3041 5328 3250 5400 quibus
3278 5343 3396 5382 una
3425 5343 3556 5381 cum
3587 5327 3816 5382 duabus

2113 5419 2637 5476 sanctimonialibus
2667 5437 2735 5474 ex
2775 5420 2979 5475 eodem
3022 5435 3188 5490 pago,
3235 5433 3364 5489 qua:
3390 5417 3552 5471 illum
3602 5423 3815 5472 secutae

2113 5511 2362 5581 fuerant,
2386 5509 2767 5582 rebaptizatus
2803 5513 2906 5566 est.
2949 5510 3027 5565 Ex
3057 5523 3126 5564 eo
3155 5510 3414 5579 tempore
3442 5505 3594 5561 inter
3622 5506 3814 5578 perdi-
