4008 6184
167 328 259 378 257

170 451 245 499 tos
288 444 766 500 muliercularum
822 460 1043 517 greges,
1099 448 1154 500 et
1196 447 1562 503 exsecrandas
1619 448 1865 504 Circum-

174 533 466 587 cellionum
501 534 945 589 comessationes
992 534 1166 589 vitam
1197 552 1358 590 suam
1388 537 1545 591 omni
1578 537 1860 610 intempe-

172 622 353 677 rantia:
379 623 619 678 addixit.
643 622 844 678 Subdit
863 625 1233 695 Augustinus,
1258 626 1512 694 modum,
1539 644 1710 699 quem
1742 628 1863 698 ipse

169 717 394 778 teneret,
428 730 461 766 a
492 713 859 767 Proculeiano
899 713 1113 784 pariter
1150 732 1268 769 esse
1300 716 1659 783 servandum,
1693 716 1864 771 nimi-

168 818 277 855 rum
307 806 369 855 ut
406 802 506 872 qui
552 802 621 856 ab
670 803 931 869 Ecclesia,
981 802 1297 875 disciplima
1342 804 1628 876 fugienda!
1673 822 1862 873 causa,

165 890 495 952 desciscunt.
529 890 671 945 citra
702 892 1052 962 paauitentize
1083 893 1540 949 humiliationem
1572 911 1685 949 nou
1716 895 1863 950 reci-

161 980 406 1053 piantur.
459 981 643 1050 Rogat
686 980 863 1051 igitur
908 981 1234 1050 Eusebium,
1278 987 1337 1037 ut
1367 983 1435 1038 de
1466 983 1555 1038 his
1599 985 1864 1040 omnibus

162 1070 460 1125 certiorem
492 1071 931 1126 Proculeianum
960 1071 1155 1140 faciat;
1189 1076 1287 1127 aut
1312 1089 1369 1127 se
1396 1073 1504 1128 ista
1520 1090 1625 1145 per
1643 1074 1864 1129 codices

157 1160 415 1230 publicos
446 1158 633 1215 eidem
666 1160 1033 1216 Proculeiano
1065 1162 1534 1217 denuntiaturum
1555 1164 1867 1219 commina-

156 1256 283 1303 tur:
318 1249 497 1304 silere
528 1266 585 1303 se
628 1266 743 1305 non
771 1267 954 1321 posse,
987 1250 1086 1305 ubi
1127 1252 1276 1306 Deus
1321 1252 1480 1324 loqui
1519 1250 1721 1321 jubeat
1752 1270 1765 1309 :
1818 1254 1862 1308 si

154 1354 245 1408 per
272 1338 398 1392 vim
430 1338 517 1392 illi
545 1355 714 1411 agere
736 1340 1096 1410 contendant,
1129 1340 1436 1395 Dominum
1459 1342 1715 1397 Ecclesiae
1746 1360 1861 1399 suae

152 1443 255 1480 non
286 1427 653 1483 defuturum.
696 1430 877 1483 Aliam
926 1446 1154 1502 quoque
1198 1431 1589 1502 expostulandi
1636 1448 1863 1487 causam

151 1516 223 1570 illi
251 1517 521 1588 exponit.
574 1519 703 1573 Erat
748 1518 975 1574 cuidam
1021 1519 1280 1574 Ecclesiae
1327 1521 1529 1575 colono
1566 1521 1685 1577 ﬁlia
1713 1526 1860 1578 cate-

152 1608 456 1676 chumena,
508 1626 636 1681 qua:
684 1628 717 1665 a
769 1611 1098 1665 Donastistis
1148 1612 1377 1666 seducta
1427 1613 1776 1683 Baptismum
1808 1619 1864 1671 et

149 1698 600 1754 sanctimonialis
642 1700 816 1755 etiam
866 1700 1112 1755 formam
1159 1701 1229 1755 ab
1275 1701 1480 1755 iisdem
1519 1708 1859 1773 susceperat.

152 1788 331 1843 Voluit
364 1806 501 1843 eam
528 1794 691 1860 pater
720 1790 787 1843 ad
811 1788 1275 1844 communionem
1308 1791 1643 1845 catholicam
1676 1791 1860 1863 patrio

142 1876 259 1945 jure
299 1894 373 1931 ac
405 1877 592 1948 plagis
618 1876 847 1931 inflictis
879 1893 1140 1931 revocare
1181 1897 1194 1931 :
1237 1877 1335 1932 sed
1363 1879 1717 1949 Augustinus
1747 1879 1862 1933 vim

144 1964 220 2019 illi
245 1982 277 2019 a
309 1970 486 2035 patre
536 1966 712 2020 vetuit
742 1965 1021 2035 adhiberi,
1054 1966 1252 2020 nolens
1282 1982 1409 2021 eam
1439 1966 1549 2020 nisi
1577 1967 1862 2022 volentem

143 2059 195 2108 et
220 2059 437 2125 sponte
487 2071 589 2108 sua
636 2055 967 2109 redeuntem
1006 2054 1229 2126 suscipi.
1283 2054 1435 2110 Licet
1476 2054 1623 2110 hanc
1660 2056 1863 2127 agendi

142 2144 427 2197 rationem
460 2143 534 2198 ab
583 2147 740 2197 omni
788 2144 841 2197 vi
880 2144 1023 2198 adeo
1051 2143 1296 2198 alienam
1329 2144 1621 2212 tenuisset,
1653 2145 1860 2200 nihilo-

142 2233 328 2287 minus
355 2249 494 2286 cum
518 2249 619 2304 per
639 2232 987 2304 Spanianum
1000 2249 1213 2304 pagum
1234 2232 1545 2305 aliquando
1568 2234 1859 2304 transiret,

141 2316 505 2371 Proculeiani
536 2318 848 2388 presbyter,
882 2318 981 2390 qui
1022 2318 1073 2373 ei
1104 2318 1163 2372 in
1192 2318 1370 2373 fundo
1400 2319 1693 2374 catholicas
1721 2320 1860 2391 piis-

138 2404 420 2477 simaeque
451 2406 687 2460 femina:
714 2407 974 2474 occurrit,
1004 2406 1063 2461 in
1088 2424 1221 2462 eum
1252 2412 1308 2463 et
1334 2407 1395 2462 in
1433 2408 1617 2479 ipsam
1648 2414 1859 2463 matro-

138 2510 262 2548 nam
292 2495 517 2549 acriter
546 2495 802 2549 iuvectus
841 2499 942 2562 est,
979 2512 1188 2563 eosque
1217 2496 1523 2552 traditores
1569 2514 1631 2551 ac
1662 2514 1859 2569 perse-

141 2589 363 2639 cutores
398 2584 731 2656 appellavit.
784 2585 909 2639 Non
933 2586 1104 2639 modo
1135 2602 1192 2640 se
1219 2585 1341 2657 ipse
1366 2585 1524 2641 alite
1555 2587 1861 2642 refrenavit

138 2681 522 2752 Augustinus,
556 2682 654 2735 sed
684 2686 739 2735 et
763 2681 1212 2750 multitudinem,
1234 2700 1363 2755 quas
1392 2702 1451 2738 se
1480 2685 1859 2739 comitabatur

141 2769 523 2841 compescuit.
562 2769 667 2824 Sed
700 2768 787 2823 his
835 2768 1073 2840 aliisque
1120 2776 1309 2825 motus
1342 2772 1645 2827 Eusebium
1672 2776 1855 2843 rogat,

139 2863 197 2911 ut
222 2857 681 2913 Proculeianum
714 2857 783 2911 de
812 2858 1123 2912 coercenda
1152 2860 1487 2914 clericorum
1517 2878 1751 2915 suorum
1791 2861 1857 2915 li-

136 2948 315 3001 centia
340 2951 743 3013 commoneat;
770 2963 871 3001 nec
886 2947 1006 3018 jam
1027 2948 1163 3002 velit
1186 2966 1217 3002 a
1244 2948 1409 3003 bonis
1434 2951 1758 3020 pastoribus
1774 2954 1857 3005 ta-

132 3036 259 3102 ceri,
296 3038 453 3091 dum
487 3036 572 3090 illi
596 3052 795 3091 eorum
827 3036 1377 3092 ovesinsidiautibus
1392 3039 1857 3110 morsibuslupo-

132 3140 257 3179 rum
316 3140 497 3179 more
550 3124 871 3195 deprzedari
921 3131 1204 3181 conantur
1262 3128 1457 3197 (Epist.
1517 3131 1623 3199 35).
1693 3129 1860 3183 Binas

132 3214 263 3267 istas
313 3213 552 3268 litteras
602 3213 841 3267 Eusebio
889 3214 1113 3285 scripsit
1149 3216 1501 3288 Augustinus
1530 3233 1727 3272 recens
1756 3218 1859 3273 ad-

136 3302 240 3357 huc
274 3303 626 3375 episcopus;
663 3308 1013 3375 quapropter
1041 3304 1111 3359 ad
1144 3305 1251 3360 hoc
1282 3310 1506 3378 tempus
1538 3323 1631 3361 eas
1658 3308 1857 3363 retuli-

143 3407 288 3446 mus.

204 3485 259 3535 5.
309 3480 586 3535 Valerius
633 3480 951 3552 episcopus,
983 3472 1103 3553 'qui
1146 3482 1331 3537 adhuc
1358 3483 1418 3538 in
1462 3482 1603 3539 vivis
1632 3486 1855 3557 agebat,

132 3586 259 3625 cum
272 3570 649 3643 Augustinus
668 3570 1101 3626 Proculeianum
1124 3572 1194 3626 ad
1215 3576 1477 3627 mutuam
1498 3573 1859 3627 collationem

135 3660 344 3731 scripta
376 3658 498 3731 ipsi
528 3659 770 3729 epistola
790 3658 1060 3714 invitaret
1090 3660 1284 3731 (Epist.
1319 3664 1409 3730 33,
1438 3678 1495 3716 η.
1526 3662 1599 3730 4),
1634 3661 1861 3717 videtur

135 3750 307 3819 paulo
339 3753 481 3820 post
510 3764 580 3802 ex
607 3748 713 3802 hac
743 3748 852 3803 vita
881 3749 1157 3820 migrasse
1183 3766 1195 3803 :
1225 3751 1425 3804 saltem
1447 3749 1592 3805 nihil
1614 3751 1859 3822 amplius

135 3837 201 3891 de
231 3838 336 3892 illo
368 3836 787 3907 comperimus.
826 3838 1205 3909 Hieronymus
1236 3838 1556 3910 Vignierius
1600 3839 1661 3893 in
1690 3855 1860 3893 suum

130 3925 627 3999 Supplementnm
654 3927 845 3981 retulit
874 3943 1200 3982 sermonem
1231 3928 1858 4000 quemdam,habitum,

135 4020 195 4068 ut
216 4020 413 4086 putat,
451 4014 523 4069 ab
549 4014 869 4086 Augustino
899 4032 1032 4070 cum
1062 4016 1319 4087 primum
1344 4022 1475 4088 post
1505 4016 1725 4073 obitum
1756 4019 1861 4073 Va-

134 4103 258 4158 lerii
284 4103 474 4158 verba
498 4103 634 4158 fecit
653 4105 723 4159 ad
744 4106 1050 4176 populum,
1074 4112 1383 4178 postquam
1409 4111 1524 4161 tres
1554 4112 1863 4162 conventus

136 4193 275 4259 dies,
314 4194 396 4248 ob
428 4192 547 4246 vim
578 4193 957 4265 lacrymarum
979 4211 1215 4249 suarum
1236 4196 1522 4267 totiusque
1552 4196 1866 4267 populi,ta-

133 4282 278 4335 citus
310 4281 716 4353 praeteriisset.
752 4283 850 4336 llic
893 4300 1082 4338 sermo
1134 4284 1383 4356 plurima
1421 4291 1579 4355 gesta
1608 4287 1863 4356 comple-

134 4371 331 4438 ctitur,
368 4370 499 4442 qui,
541 4370 590 4424 si
620 4371 908 4441 legitimus
936 4373 1093 4427 credi
1133 4379 1343 4444 posset,
1372 4373 1728 4429 uberrimam
1759 4391 1864 4429 no-

131 4460 218 4513 bis
246 4459 492 4515 dicendi
538 4465 787 4531 segetem
827 4462 1238 4532 suppeditaret.
1276 4464 1418 4517 Eum
1449 4478 1572 4529 nos,
1619 4463 1755 4534 quia
1794 4464 1863 4518 de

130 4549 499 4604 subdiacono
526 4549 775 4619 quodam
802 4566 835 4603 a
866 4550 1170 4604 Donatistis
1191 4550 1542 4622 rebaptizato
1573 4556 1629 4605 et
1655 4551 1717 4606 in
1749 4552 1867 4606 dia-

130 4653 347 4692 conum
381 4637 651 4691 ordinato
695 4636 831 4708 agit,
864 4638 1166 4708 rejecimus
1190 4640 1260 4693 ad
1290 4640 1501 4693 calcem
1529 4641 1669 4694 tomi
1699 4640 1863 4721 noni,

132 4743 247 4797 quo
274 4727 503 4797 scripta
546 4730 741 4781 contra
771 4727 1093 4782 Donatistas
1121 4728 1509 4783 continentur.
1543 4730 1612 4783 Ut
1639 4729 1866 4783 omitta-

134 4832 263 4870 mus
298 4815 655 4886 expendere,
707 4832 847 4871 num
893 4816 1059 4871 stilus
1102 4822 1189 4872 sat
1216 4817 1507 4888 gravitatis
1544 4817 1770 4885 habeat,
1803 4823 1869 4873 ut

137 4905 475 4975 Augustino
506 4904 683 4975 possit
711 4904 978 4972 adscribi,
1020 4922 1207 4961 sermo
1239 4906 1345 4962 iste
1374 4906 1581 4978 majori
1610 4922 1677 4961 ex
1707 4910 1867 4978 parte

137 4997 371 5062 spectat
424 4992 498 5046 ad
546 4993 941 5049 Rusticianum
989 4996 1502 5066 Mutugennensem
1539 4996 1865 5062 diaconum,

136 5081 257 5134 sive
290 5079 747 5149 subdiaconum;
778 5082 879 5153 qui
906 5099 1036 5137 cum
1080 5083 1151 5138 ab
1193 5082 1438 5138 Ecclesia
1476 5082 1772 5137 defecisset
1795 5083 1868 5137 ad

132 5168 502 5237 Donatistas,
528 5186 561 5223 a
581 5169 860 5225 Macrobio
888 5170 1276 5242 rebaptizatus
1291 5172 1496 5236 fuerat,
1518 5175 1576 5226 et
1595 5170 1867 5226 diaconus

132 5258 471 5312 ordinatus.
506 5258 615 5313 Iste
643 5258 1003 5314 Rusticianus
1025 5276 1093 5314 ex
1112 5259 1379 5330 plurimis
1407 5259 1635 5315 indiciis
1660 5263 1716 5315 et
1736 5275 1869 5314 con-

122 5346 389 5415 jecturis
417 5347 645 5402 videtur
675 5348 825 5403 idem
853 5365 916 5403 ac
946 5349 1220 5404 diaconus
1249 5349 1345 5405 ille
1378 5348 1864 5420 Mutugennensis,

128 5436 199 5490 de
236 5453 370 5507 quo
402 5437 756 5508 Augustinus
801 5439 870 5493 ad
901 5438 1275 5495 Maximinum
1313 5438 1557 5511 scripsit,
1592 5442 1656 5493 ut
1694 5455 1869 5511 supra

137 5524 489 5579 notavimus
520 5527 655 5597 (Lib.
691 5530 741 5595 3,
775 5544 896 5597 cap.
930 5531 981 5593 9,
1013 5545 1070 5584 η.
1103 5528 1179 5599 6).

209 5617 265 5669 6.
328 5614 468 5669 Erat
501 5614 654 5671 inter
700 5616 879 5672 sancti
920 5617 1187 5674 Praesulis
1217 5616 1428 5674 amicos
1454 5617 1754 5691 presbyter
1786 5617 1866 5671 al-

1634 327 1837 382 LIBER
1877 326 2219 392 QUARTUS.

3568 341 3669 394 258

1970 450 2147 506 terius
2179 451 2457 520 Ecclesiae,
2508 453 2741 509 nomine
2793 454 3121 523 Casulanus,
3168 458 3328 530 cujus
3375 460 3576 515 studiis
3616 470 3671 519 et

1972 541 2099 596 stilo
2145 541 2402 613 impense
2452 543 2835 599 delectabatur
2884 546 3267 616 Augustinus;
3309 549 3407 620 qui
3436 566 3568 604 eum
3599 552 3671 605 ob

1970 630 2291 701 ingenium,
2323 633 2475 704 quod
2503 634 2562 687 in
2594 635 2847 705 epistolis
2875 636 2989 689 suis
3022 638 3371 704 ostendebat,
3407 640 3673 696 hortaba-

1973 723 2065 773 tur
2096 726 2156 775 ut
2184 720 2244 775 in
2273 722 2442 776 verbo
2477 724 2575 777 Dei
2600 724 2918 793 proliceret,
2952 730 3005 779 et
3034 726 3105 780 ad
3142 727 3397 782 Ecclesiae
3423 729 3673 785 fructum

1975 809 2154 881 magis
2186 827 2248 864 ac
2286 811 2468 882 magis
2497 812 2829 867 abundaret.
2868 814 3119 884 Degebat
3147 815 3212 879 is,
3250 821 3311 870 ut
3343 817 3582 886 videtur,
3612 819 3672 873 in

1973 899 2215 971 quadam
2244 900 2445 955 Africa:
2475 902 2714 956 Ecclesia
2743 919 2809 956 ex
2841 902 2909 956 iis
2936 902 2993 956 in
3026 904 3233 973 quibus
3264 904 3359 959 alii
3382 905 3671 976 jejunium

1972 989 2193 1044 sabbati
2220 991 2538 1059 servabant,
2562 990 2658 1045 alii
2686 990 2950 1047 minime.
2987 993 3109 1047 Non
3132 992 3285 1047 enim
3309 999 3431 1048 tum
3449 1011 3595 1050 unus
3618 1001 3675 1052 et

1970 1077 2122 1133 idem
2154 1078 2363 1150 ubique
2407 1096 2527 1133 mos
2574 1079 2829 1134 Ecclesia}
2880 1080 3024 1134 circa
3078 1080 3187 1135 hoc
3208 1082 3495 1152 jejunium
3528 1091 3668 1140 erat.

1972 1166 2230 1221 Romana
2275 1173 2333 1222 et
2362 1169 2580 1240 aliquot
2608 1168 2925 1223 Occidentis
2965 1170 3244 1238 Ecclesiae,
3278 1172 3501 1227 etiamsi
3528 1190 3671 1245 pau-

1972 1272 2071 1323 cce,
2105 1256 2244 1311 illud
2276 1262 2435 1312 extra
2473 1258 2894 1329 quinquaginta
2930 1259 3048 1313 dies
3086 1261 3360 1331 temporis
3390 1262 3672 1317 Paschalis

1971 1346 2364 1402 observabant.
2401 1348 2607 1402 Verum
2653 1365 2756 1419 per
2784 1364 2981 1402 omnes
3013 1348 3345 1416 Orientales,
3382 1356 3436 1405 ct
3464 1353 3674 1407 multos

1970 1436 2143 1489 etiam
2175 1436 2560 1491 Occidentales
2585 1438 2828 1508 populos
2865 1437 3204 1493 christianos
3234 1441 3425 1494 nullus
3457 1458 3522 1494 eo
3559 1441 3669 1509 die,

1970 1529 2353 1596 praeterquam
2382 1526 2611 1581 sabbato
2644 1532 2858 1593 sancto,
2876 1527 3191 1598 jejuuabat.
3221 1528 3281 1581 In
3304 1530 3409 1582 hac
3434 1546 3670 1585 consue-

1969 1613 2182 1667 tudinis
2208 1613 2604 1685 discrepantia,
2654 1615 2879 1670 videtur
2921 1616 3232 1671 Casulauus
3262 1618 3330 1670 ad
3363 1618 3672 1689 quemdam

1968 1702 2307 1756 familiarem
2328 1719 2495 1756 suum
2519 1704 2756 1758 Romam
2788 1704 3097 1775 scripsisse,
3130 1710 3193 1759 ut
3222 1705 3389 1760 sciret
3419 1707 3557 1777 quid
3583 1724 3671 1761 es-

1969 1795 2051 1845 set
2080 1791 2524 1846 observandum.
2556 1792 2692 1845 Inde
2713 1792 2929 1847 amicus
2959 1793 3055 1847 ille
3082 1793 3153 1848 ad
3180 1810 3311 1848 eum
3332 1795 3671 1863 rescribens,

1970 1880 2427 1935 dissertationem
2473 1880 2620 1935 bene
2668 1881 2899 1952 longam
2946 1882 3123 1950 misit,
3156 1882 3214 1937 in
3256 1900 3369 1954 qua
3400 1886 3671 1939 Romanas

1970 1968 2231 2025 Ecclesiae
2282 1969 2752 2024 consuetudinem
2796 1971 3131 2025 servandam
3165 1976 3222 2025 et
3257 1972 3490 2027 sabbato
3512 1973 3671 2043 jeju-

1969 2059 2222 2113 nandum
2278 2059 2692 2126 contendebat;
2750 2075 2814 2113 ac
2867 2076 3027 2114 secus
3063 2060 3354 2128 facientes,
3414 2062 3522 2117 hoc
3565 2064 3671 2129 est,

1969 2146 2298 2202 universum
2329 2164 2505 2219 prope
2535 2148 2734 2203 orbem
2764 2148 3137 2204 christianum
3168 2149 3457 2219 injuriosis
3486 2150 3671 2205 verbis

1968 2236 2269 2291 lacerabat.
2326 2236 2436 2291 Sed
2486 2253 2615 2292 cum
2647 2254 2953 2308 operosum
2999 2237 3164 2304 foret,
3215 2239 3671 2294 commentitium

1968 2326 2109 2379 illud
2133 2325 2434 2396 jejunandi
2460 2334 2814 2397 praeceptum
2837 2328 3035 2381 validis
3057 2327 3345 2382 rationum
3367 2328 3672 2383 momentis

1968 2414 2325 2481 conﬁrmare,
2358 2414 2498 2469 laxis
2526 2415 2764 2470 habenis
2812 2415 2873 2470 in
2908 2416 3115 2487 jejunii
3142 2416 3367 2470 laudem
3412 2433 3672 2473 excurre-

1966 2504 2082 2571 bat,
2128 2507 2182 2557 et
2212 2503 2271 2558 in
2301 2504 2743 2560 comessationes
2774 2522 2837 2559 ac
2867 2505 3180 2559 temulenta
3206 2504 3462 2560 convivia
3491 2505 3671 2560 insul-

1966 2592 2253 2647 tabundus
2294 2592 2671 2648 invehebatur
2722 2610 2734 2647 :
2779 2593 2934 2665 quod
2962 2594 3030 2647 ab
3060 2593 3321 2649 instituta
3352 2595 3670 2665 quaestione

1966 2680 2220 2735 alienum
2253 2685 2402 2748 erat;
2436 2687 2532 2736 aut
2576 2698 2775 2735 omnes
2805 2681 2904 2753 qui
2942 2681 3184 2752 singulis
3217 2683 3415 2737 diebus
3445 2699 3563 2738 non
3586 2686 3670 2753 je-

1962 2770 2253 2842 junarent,
2286 2770 2394 2825 hoc
2425 2775 2507 2824 est
2549 2772 2870 2825 Romanam
2898 2770 3204 2841 ipsammet
3248 2771 3575 2840 Ecclesiam,
3609 2778 3675 2827 ut

1967 2862 2300 2930 etjcasteras,
2346 2859 2778 2914 condemnabat.
2822 2861 2975 2913 Hanc
3014 2859 3471 2914 dissertationem
3498 2861 3667 2914 Casu-

1966 2949 2132 3003 lanus
2160 2949 2229 3003 ad
2246 2948 2634 3019 Augustinum
2658 2948 2833 3014 misit,
2868 2952 2930 3002 ut
2958 2964 3083 3002 eam
3114 2948 3417 3013 refelleret,
3451 2948 3672 3016 sibique

1968 3035 2301 3091 rescriberet
2322 3040 2539 3103 ,utrum
2565 3035 2798 3091 sabbato
2830 3036 3025 3091 liceret
3037 3036 3323 3107 jejunare.
3348 3034 3536 3089 Voluit
3556 3039 3671 3088 Au-

1968 3126 2259 3197 gustinum
2293 3142 2503 3180 nomen
2527 3124 2680 3180 illius
2710 3126 2996 3197 ignorare,
3031 3126 3194 3197 cujus
3224 3123 3671 3195 disputationem

1967 3215 2040 3269 ad
2077 3230 2210 3269 eum
2231 3214 2512 3285 mittebat,
2544 3215 2709 3270 illum
2740 3215 3139 3270 tantummodo
3176 3213 3439 3268 Urbicum
3470 3230 3673 3284 quem-

1967 3305 2098 3360 dam
2145 3320 2503 3377 nuncupans.
2546 3304 2867 3376 Augustino
2899 3320 2929 3359 e
2959 3303 3239 3359 memoria
3269 3302 3472 3357 excidit
3500 3302 3671 3358 Casu-

1968 3393 2098 3447 lano
2128 3393 2460 3461 rescribere,
2492 3393 2672 3448 donec
2702 3394 2908 3448 alteras
2938 3392 3246 3464 accepisset
3276 3392 3515 3460 litteras,
3548 3391 3671 3462 qui-

1966 3481 2073 3537 bus
2097 3482 2226 3553 jure
2256 3482 2568 3550 charitatis,
2601 3499 2715 3554 qua
2745 3498 2924 3536 unum
2954 3486 3137 3549 erant,
3169 3480 3278 3536 sibi
3322 3481 3555 3535 tandem
3584 3496 3677 3535 re-

1969 3571 2239 3642 sponderi
2278 3572 2588 3643 ﬂagitabat.
2643 3571 3000 3627 Arctissimas
3037 3570 3215 3641 igitur
3272 3570 3675 3641 occupationes

1969 3676 2100 3714 suas
2148 3661 2473 3727 intermisit,
2530 3666 2595 3714 ut
2652 3660 2911 3715 debitum
2948 3659 3100 3714 istud
3138 3659 3480 3726 exsolveret;
3508 3658 3676 3731 eique

1968 3746 2261 3813 indicaret,
2286 3746 2346 3801 in
2370 3747 2467 3817 huj
2479 3746 2700 3801 usmodi
2716 3747 2885 3800 rebus
2905 3746 3096 3801 divina
3117 3746 3241 3817 lege
3265 3745 3501 3801 minime
3528 3762 3673 3818 prae-

1970 3835 2193 3906 scriptis
2228 3835 2531 3891 certiorem
2561 3836 2841 3906 regulam,
2875 3853 3050 3907 quam
3081 3837 3152 3891 ab
3190 3836 3313 3908 ipso
3344 3837 3509 3891 beato
3539 3839 3673 3891 Am-

1969 3925 2159 3981 brosio
2207 3926 2533 3998 accepisset,
2584 3943 2701 3980 esse
2732 3926 3205 3981 consuetudinem
3249 3926 3429 3996 ipsius
3455 3923 3583 3992 loci,
3615 3922 3677 3976 in

1970 4032 2085 4088 quo
2114 4015 2409 4086 degimus;
2442 4020 2541 4071 aut
2569 4015 2617 4070 si
2643 4016 2767 4070 haec
2804 4015 3132 4070 uniusmodi
3162 4031 3279 4070 non
3310 4015 3400 4081 sit,
3433 4028 3678 4085 sequen-

1973 4105 2111 4160 dum
2150 4121 2271 4159 esse
2301 4106 2630 4175 exemplum
2661 4104 2931 4177 episcopi.
2963 4105 3070 4159 Sed
3099 4104 3239 4159 falsa
3267 4100 3679 4159 dissertationis

1973 4194 2081 4248 sibi
2110 4193 2297 4247 missa:
2328 4198 2671 4264 argumenta
2698 4194 2823 4249 fuse
2852 4192 3053 4261 diluit;
3097 4193 3175 4247 sic
3206 4197 3396 4246 tamen
3430 4195 3492 4245 ut
3521 4191 3582 4244 in
3608 4189 3679 4242 iis

1973 4282 2306 4353 singulatim
2361 4282 2687 4336 refellendis
2744 4299 2862 4336 non
2914 4282 3269 4341 immoratur,
3304 4296 3416 4350 quo
3446 4278 3505 4332 in
3550 4277 3675 4331 aliis

1974 4370 2245 4442 operibus
2300 4370 2485 4440 magis
2542 4370 2877 4441 urgentibus
2937 4369 3120 4423 otium
3168 4384 3337 4422 suum
3376 4367 3680 4420 collocaret

1975 4459 2176 4531 (Epist.
2212 4461 2328 4529 36).
2366 4464 2508 4514 Cum
2532 4459 2610 4514 ibi
2631 4459 2825 4514 laudat
2851 4457 3216 4513 Ambrosium
3241 4456 3303 4511 in
3333 4456 3455 4510 haec
3487 4456 3674 4521 verba,

1973 4549 2228 4604 Indicabo
2268 4549 2388 4615 tibi,
2421 4548 2557 4618 quid
2588 4550 2727 4602 mihi
2765 4547 2831 4601 de
2876 4547 2970 4602 hoc
2999 4547 3298 4616 requirenti
3342 4544 3679 4615 responderit

1974 4638 2311 4693 venerandus
2341 4638 2679 4705 Ambrosius,
2714 4654 2747 4691 a
2770 4652 2872 4705 quo
2903 4636 3214 4705 baptizatus
3242 4650 3382 4701 sum,
3413 4634 3678 4689 Mediola-

1973 4729 2155 4781 nensis
2169 4729 2448 4797 episcopus
2470 4726 2717 4797 (1bid.,n.
2750 4727 2837 4791 3'2)
2856 4723 3066 4790 ;locum
3087 4722 3186 4777 dat
3204 4720 3531 4793 suspicandi
3547 4737 3681 4776 eum

1976 4815 2221 4871 scribere
2243 4821 2373 4870 ante
2400 4814 2686 4869 Ambrosii
2716 4812 2956 4879 obitum,
2980 4811 3080 4883 qui
3098 4828 3249 4866 anno
3279 4810 3678 4866 trecentesimo

1975 4904 2347 4976 nonagesimo
2394 4903 2659 4975 septimo,
2703 4901 2887 4973 pridie
2935 4901 3221 4957 Paschatis
3272 4900 3529 4973 contigit.
3575 4898 3679 4953 Cui

1975 4993 2236 5065 opinioni
2262 4992 2406 5048 nihil
2443 4993 2680 5048 interest
2710 4990 3005 5062 refragari.

2656 5081 2884 5136 CAPUT
2924 5080 3014 5136 ΧΙ.

1981 5176 2001 5228 l
2036 5174 2115 5227 De
2143 5171 2297 5226 libris
2328 5169 2403 5224 ad
2432 5171 2850 5239 Simplicianum
2878 5170 3219 5237 conscriptis,
3260 5182 3363 5237 quo
3402 5168 3460 5219 in
3498 5163 3677 5217 labore

2044 5259 2535 5330 prazdestinationis
2563 5261 2761 5313 veritas
2790 5259 2875 5312 illi
2907 5274 2942 5312 a
2979 5259 3084 5311 Deo
3111 5256 3397 5310 revelatur.
3430 5254 3464 5305 2
3492 5250 3670 5315 Quan-

2047 5348 2243 5403 donam
2292 5346 2428 5401 editi
2464 5350 2573 5401 sint
2602 5347 2767 5401 iidem
2797 5347 2946 5401 libri.
2982 5348 3011 5400 3
3038 5343 3340 5414 Epistulam
3367 5338 3676 5407 Manichaei,

2048 5451 2211 5506 quam
2240 5436 2504 5492 vocabant
2531 5436 2911 5502 Fundamenti,
2933 5434 3133 5501 refellit
3150 5430 3511 5497 Augustinus.
3536 5431 3565 5480 4
3587 5428 3673 5482 Li-

2048 5526 2201 5581 brum
2230 5524 2343 5581 edit
2371 5524 2437 5579 de
2463 5524 2650 5592 Agone
2677 5525 2995 5580 christiano.

2052 5618 2100 5671 l.
2134 5615 2250 5670 Hoc
2278 5631 2428 5672 anno
2457 5614 2643 5684 pridie
2677 5629 2853 5667 nouas
2880 5608 3076 5680 aprilis
3100 5623 3165 5663 ex
3195 5607 3300 5663 hac
3332 5605 3447 5662 vita
3477 5605 3680 5677 migra-
