4008 6184
359 279 462 332 259
1595 272 1756 326 Vl'l‘A
1795 272 1847 326 S.
1891 270 2265 330 AUGUSTlNl
2310 269 2642 324 EPISCOPI.

360 399 440 454 vit
468 396 818 466 Ambrosius,
859 395 950 451 cui
993 395 1258 451 successit
1294 394 1715 468 Simplicianus.
1752 395 1912 450 Hunc
1949 399 2064 448 Au-

362 489 622 561 gustinus
654 485 951 542 Mediolani
981 489 1230 548 noverat,
1264 485 1500 557 ejusque
1530 483 1801 554 consiliis,
1833 499 1962 538 cum
1995 483 2064 538 de

362 594 464 632 sua
494 575 862 632 conversione
887 576 1009 647 jam
1037 574 1185 630 serio
1216 575 1511 646 cogitaret,
1544 590 1679 629 usus
1710 573 1906 628 fuerat.
1940 574 2065 627 Jam

361 667 560 722 tumin
583 683 649 719 eo
676 670 982 736 paternum
1010 664 1298 730 affectum,
1327 681 1440 735 quo
1471 661 1950 732 benignissimum
1971 677 2066 715 cor

364 756 514 812 illius
545 753 796 823 ardebat,
837 754 1020 808 fuerat
1055 757 1321 825 expertus
1366 753 1558 822 (Epist.
1604 754 1693 820 37,
1724 767 1778 806 η.
1824 753 1891 821 1).
1925 752 2064 806 Cum

364 845 568 901 deinde
599 842 949 913 Augustinus
979 842 1039 896 in
1065 841 1235 896 variis
1272 840 1762 896 lucubrationibus
1791 839 2065 894 desudas-

365 940 466 1003 set,
499 949 694 987 earum
723 931 1016 986 nonnulla).
1039 931 1096 984 in
1115 929 1470 1000 Simpliciani
1495 945 1695 983 manus
1720 928 2064 994 inciderunt,

365 1040 505 1095 quas
536 1021 628 1076 ille
661 1037 789 1075 cum
821 1020 1094 1091 singulari
1115 1019 1292 1072 animi
1317 1019 1600 1090 voluptate
1624 1017 1887 1088 perlegit.
1920 1017 2066 1082 Quin

365 1112 536 1165 etiam
560 1126 662 1180 per
693 1107 905 1163 litteras
935 1108 1255 1179 Augustino
1287 1106 1650 1177 significavit,
1683 1105 1832 1159 illius
1866 1121 1922 1159 se
1954 1110 2067 1159 stu-

365 1199 588 1253 diosum
611 1215 672 1251 ac
699 1214 1013 1251 memorem
1041 1197 1108 1250 de
1131 1195 1294 1250 donis
1312 1195 1582 1249 divinitus
1613 1194 1664 1248 ei
1695 1194 1909 1248 collatis
1937 1210 2064 1265 gra-

365 1287 534 1341 tulari
569 1303 581 1340 :
616 1286 781 1340 simul
823 1285 1165 1356 quaestiones
1213 1283 1424 1354 aliquot
1465 1283 1548 1336 illi
1580 1281 1894 1354 proposuit,
1928 1298 2067 1354 quas

365 1391 479 1429 uno
505 1375 693 1428 libello
719 1373 952 1426 enodari
981 1373 1050 1426 ab
1074 1389 1138 1426 eo
1159 1371 1480 1442 postulabat
1503 1371 1600 1442 (De
1619 1371 1846 1425 diversis
1869 1371 2062 1436 Quaest.

366 1465 440 1518 ad
469 1465 902 1532 Simplicianum,
937 1462 1027 1516 lib.
1060 1464 1112 1522 2,
1148 1465 1334 1529 quaest.
1371 1459 1446 1529 6).
1481 1459 1853 1530 Augustinus,
1896 1475 2066 1529 quem

367 1552 609 1606 illustria
641 1557 754 1604 tam
787 1551 962 1603 sancti
992 1549 1096 1602 viri
1131 1549 1332 1603 merita
1355 1565 1468 1602 non
1498 1549 1770 1614 latebant,
1804 1547 1955 1601 illius
1987 1549 2068 1602 di-

367 1640 620 1695 lectionis
651 1639 859 1693 indicia
889 1638 1357 1709 suffragiumque,
1400 1653 1512 1708 quo
1544 1636 1848 1690 litterarios
1890 1636 2067 1707 ipsius

365 1729 589 1783 labores
621 1727 1048 1799 comprobabat,
1072 1728 1198 1780 laeto
1221 1727 1414 1779 animo
1437 1724 1682 1796 excepit;
1703 1729 1858 1778 ratus
1891 1725 2066 1778 Deum

365 1817 422 1871 id
454 1816 635 1870 solatii
668 1815 815 1870 curis
845 1815 960 1869 suis
991 1815 1193 1869 ail‘erre
1213 1814 1476 1882 voluisse,
1499 1829 1629 1867 cum
1653 1828 1876 1884 semper
1905 1817 2069 1866 antea

364 1904 602 1976 pavidus
636 1921 755 1958 esse
788 1908 1087 1975 cogeretur
1118 1919 1179 1957 ac
1210 1903 1501 1970 sollicitus,
1534 1918 1606 1956 ne
1637 1901 1774 1973 quid
1805 1902 1866 1955 in
1896 1917 2068 1972 expo-

368 1993 569 2048 nendis
598 1993 903 2065 Seripturis
930 1999 1028 2048 aut
1056 2009 1159 2064 per
1189 1992 1473 2046 inscitiam
1521 1995 1618 2044 aut
1657 2008 1761 2062 per
1790 1991 2069 2045 incuriam

366 2082 740 2153 delinqueret.
776 2082 938 2146 Quod
979 2082 1048 2136 ad
1088 2081 1428 2154 quaestiones
1460 2079 1677 2146 attinet,
1712 2095 1852 2151 quas
1882 2079 1990 2133 sibi
2039 2097 2068 2132 τι

364 2170 732 2241 Simpliciano
766 2171 917 2224 velut
945 2170 1203 2241 piissimo
1233 2175 1394 2240 patre
1425 2168 1738 2240 propositas
1778 2167 1951 2222 fuisse
1983 2168 2067 2222 di-

367 2259 461 2325 cit,
499 2275 614 2312 non
646 2263 704 2312 ut
751 2259 820 2313 ab
867 2259 989 2329 ipso
1038 2258 1337 2330 quidpiam
1366 2257 1623 2323 disceret,
1658 2257 1754 2311 sed
1788 2261 1847 2311 ut
1877 2257 2062 2328 explo-

365 2351 519 2402 reret
551 2347 960 2417 prolicientem,
1011 2352 1067 2400 et
1111 2347 1444 2400 emendaret
1471 2349 1789 2411 errantem;
1833 2348 2070 2398 testatur

365 2453 424 2489 se
449 2452 564 2490 non
598 2441 989 2490 contumacem
1040 2435 1224 2501 modo,
1259 2435 1355 2489 sed
1390 2434 1681 2504 ingratum
1711 2433 1882 2486 etiam
1910 2433 2068 2486 futu-

368 2537 498 2578 rum
529 2523 719 2589 fuisse,
748 2523 859 2577 nisi
889 2523 970 2577 eis
1001 2511 1385 2594 respondisset
1414 2522 1598 2591 (lbid.,
1621 2525 1677 2575 in
1696 2523 2066 2590 Prae/titione).

367 2613 552 2677 Quare
584 2627 712 2666 cum
740 2612 851 2666 illm
883 2611 1224 2684 quaestiones
1251 2611 1462 2681 partim
1494 2616 1682 2664 essent
1711 2610 1780 2664 de
1822 2610 2070 2680 Epistola

367 2701 438 2755 ad
463 2701 771 2770 Romanos,
791 2700 997 2771 partim
1021 2701 1089 2755 de
1111 2700 1270 2754 libris
1303 2701 1552 2770 Regum;
1587 2698 1727 2752 duos
1750 2699 2070 2768 composuit

368 2789 564 2855 libros,
598 2788 850 2860 priorem
891 2789 1121 2860 quidem
1155 2788 1227 2871 de
1256 2788 1671 2860 quaestionibus
1715 2787 1774 2842 in
1806 2788 2066 2854 Paulum,

367 2894 496 2948 qum
527 2877 653 2931 duae
681 2877 916 2932 omnino
948 2883 1138 2945 erant;
1174 2877 1549 2948 posteriorem
1588 2893 1720 2931 vero
1755 2876 1822 2931 de
1852 2877 2070 2930 caeteris

367 2966 802 3037 qtmstionibus,
851 2982 1093 3038 quarum
1126 2966 1526 3037 propheticum
1579 2981 1808 3020 sensum
1839 2963 2068 3036 Simpli-

366 3055 563 3108 cianus
613 3055 956 3125 requirebat.
1001 3056 1064 3108 Et
1106 3055 1201 3108 illa
1251 3055 1500 3125 quidem,
1537 3070 1667 3125 quae
1699 3054 1767 3108 de
1799 3053 2068 3124 Apostolo

365 3143 724 3197 dissolvenda
753 3143 1154 3213 Simplicianus
1187 3144 1558 3213 proponebat,
1599 3144 1721 3214 jam
1761 3143 1831 3196 ab
1872 3145 2068 3212 Augu-

369 3231 517 3284 stino
569 3231 821 3284 discussa
860 3231 1107 3300 fuerant,
1151 3232 1465 3302 litterisque
1499 3232 1769 3285 mandata
1803 3247 1816 3285 :
1847 3231 1944 3284 sed
1973 3230 2070 3284 ille

367 3323 522 3373 ratus
561 3319 992 3390 Simplicianum
1038 3336 1102 3374 ea
1136 3319 1242 3374 sibi
1271 3320 1700 3391 propositurum
1731 3335 1846 3374 non
1873 3319 2068 3386 fuisse,

367 3408 415 3463 si
444 3425 642 3462 sensus
672 3425 870 3463 eorum
895 3408 1076 3463 facilis
1106 3405 1252 3462 feret
1281 3426 1343 3462 ac
1374 3408 1670 3479 expeditus
1701 3424 1713 3462 :
1748 3425 1818 3461 ne
1841 3406 1980 3478 quid
2012 3406 2070 3460 in

365 3496 546 3568 priori
580 3496 934 3551 discussione
965 3495 1325 3567 negligenter
1351 3495 1740 3566 prmteriisset,
1764 3511 1830 3548 ea
1849 3493 2071 3548 cautius

368 3585 557 3640 denuo
590 3585 972 3658 attentiusque
1012 3585 1249 3639 rimatus
1290 3590 1393 3639 est.
1439 3586 1516 3638 Ac
1565 3601 1624 3638 re
1673 3583 1905 3656 quidem
1949 3583 2070 3654 ipsa

365 3690 496 3729 cum
527 3676 765 3729 alteram
797 3675 1174 3746 quaestionem
1213 3674 1281 3728 de
1311 3673 1400 3728 his
1428 3673 1688 3744 Apostoli
1719 3671 2072 3742 verbis,0uid

367 3763 528 3818 habes
559 3764 703 3831 quod
722 3779 827 3817 non
848 3765 1105 3832 accepisti
1135 3763 1178 3833 (Ι
1211 3765 1329 3819 Cor.
1362 3778 1438 3831 iv,
1471 3762 1570 3830 7)?
1601 3763 1668 3816 ad
1687 3762 1965 3816 trutinam
1989 3777 2072 3814 re-

364 3856 635 3916 vocasset,
673 3851 911 3904 mutavit
939 3850 1276 3904 sententiam
1307 3850 1364 3903 in
1396 3867 1505 3920 qua
1534 3850 1694 3920 prius
1721 3850 2073 3918 tuerat,arbi—

363 3943 548 3993 tratus
579 3938 753 3992 ﬁdem
784 3954 902 3992 esse
935 3939 1002 3992 ab
1036 3937 1267 3992 homine
1296 3939 1389 4009 (De
1415 3939 1673 3992 Prwdest.
1705 3943 1901 4005 sanct.,
1935 3954 1980 3992 c.
2013 3939 2069 4007 4,

363 4041 421 4081 η.
441 4028 774 4097 8),eumque
788 4031 913 4097 post
930 4026 1183 4080 veritatis
1194 4027 1545 4096 praeconium
1565 4043 1622 4080 se
1640 4027 1708 4081 ad
1721 4027 2071 4082 credendum

366 4119 463 4170 aut
493 4132 610 4171 non
646 4115 996 4170 erodendum
1048 4115 1428 4170 determinare
1468 4115 1720 4186 propriae
1763 4116 2070 4170 voluntatis

366 4205 601 4260 arbitrio
621 4204 806 4273 (Ibid.,
829 4221 884 4259 η.
910 4204 984 4275 7).
1011 4205 1161 4258 Hanc
1177 4220 1337 4258 suam
1351 4203 1846 4275 sententiam,quze
1865 4202 2070 4258 deinde

365 4293 956 4364 Semipclagianorum
1003 4291 1128 4358 fuit,
1179 4291 1238 4346 in
1281 4293 1575 4346 nonnullis
1603 4291 1909 4363 opusculis,
1941 4307 2070 4362 qua:

369 4382 672 4453 scripserat
712 4381 899 4436 adhuc
943 4381 1258 4453 presbyter,
1302 4380 1666 4435 indicaverat.
1701 4381 1912 4435 Verum
1941 4395 2072 4434 cum

366 4486 469 4523 usu
512 4474 569 4524 et
595 4470 996 4525 exercitatione
1036 4469 1322 4524 scribendi
1363 4469 1704 4541 legendique
1746 4469 2068 4539 proliceret,

365 4557 572 4612 clarius
602 4557 662 4612 in
700 4559 805 4612 hoc
835 4575 1028 4630 opere,
1063 4573 1233 4630 quam
1268 4557 1405 4611 alias
1434 4574 1712 4628 unquam,
1743 4556 1972 4611 initium
2000 4555 2068 4612 ti-

365 4645 456 4701 dei
483 4646 719 4717 perinde
751 4663 814 4700 ac
863 4647 1144 4702 bonorum
1195 4661 1435 4717 operum
1479 4647 1952 4716 consequentium
1987 4661 2071 4699 se-

363 4734 534 4803 riem,
563 4734 777 4789 donum
810 4735 907 4789 Dei
950 4752 1070 4790 esse
1112 4751 1179 4790 ex
1212 4734 1404 4789 divina
1431 4733 1778 4788 revelatione
1803 4733 2070 4804 cognovit

325 4861 331 4868 ς
367 4823 466 4892 (De
491 4826 634 4878 Dono
658 4827 1093 4894 perseverantia,
1116 4841 1162 4879 c.
1185 4826 1275 4891 20,
1304 4840 1358 4878 η.
1390 4824 1504 4894 52).
1531 4823 1618 4877 Sic
1638 4827 1941 4894 postquam
1962 4839 2067 4893 pro

364 4911 544 4967 libero
561 4910 872 4966 laborasset
899 4913 1157 4982 arbitrio,
1183 4912 1415 4967 tandem
1439 4911 1746 4983 aliquando
1773 4910 1868 4964 Dei
1887 4910 2070 4982 gratia

365 5000 500 5056 vicit
525 5003 839 5072 (Retractat.
871 5002 968 5056 lib.
1000 5004 1052 5067 ‘2,
1075 5017 1197 5072 cap.
1234 5005 1284 5070 1,
1305 5018 1359 5056 η.
1392 5001 1467 5072 1).
1502 5001 1566 5055 In
1590 4999 1892 5072 posteriori
1913 4999 2068 5054 enim

365 5094 527 5162 parte
551 5088 760 5160 prioris
791 5087 921 5143 libri
977 5089 1174 5144 statuit
1209 5090 1366 5144 velut
1395 5105 1515 5143 rem
1547 5088 1782 5142 minime
1813 5088 2066 5152 dubiam,

365 5180 608 5249 gratiam
640 5177 739 5233 Dei
768 5193 884 5231 non
913 5177 1224 5232 secundum
1248 5177 1451 5252 merita
1471 5182 1666 5232 nostra
1687 5177 1832 5232 dari.
1864 5178 2070 5232 Probat

365 5268 538 5322 etiam
589 5265 822 5321 initium
867 5265 1001 5320 fidei
1032 5281 1152 5321 esse
1180 5266 1398 5320 donum
1433 5265 1557 5322 Dei.
1600 5267 1662 5320 Et
1693 5282 1758 5320 ea
1786 5265 2071 5336 principia

365 5357 548 5426 ponit,
599 5371 667 5412 ex
707 5355 914 5428 quibus
957 5353 1120 5409 facile
1159 5353 1232 5408 sit
1260 5353 1492 5422 inferre,
1533 5354 1663 5409 licet
1694 5355 1752 5409 id
1782 5355 2071 5424 conceptis

363 5444 551 5499 verbis
566 5461 684 5501 non
707 5445 986 5514 dicat,nos
1005 5442 1488 5516 perseverantiam
1512 5443 1761 5515 usque’in
1778 5443 1954 5498 tinem
1976 5443 2073 5498 ha-

363 5529 500 5588 bere
516 5548 632 5591 non
652 5534 954 5605 posse,nisi
974 5533 1045 5590 ab
1069 5548 1137 5589 eo
1154 5530 1254 5605 qui
1272 5547 1376 5588 nos
1397 5532 1464 5588 ad
1488 5547 1731 5603 regnum
1754 5537 1808 5587 et
1827 5530 2071 5603 gloriam

3762 278 3871 336 260

2177 410 2338 450 suam
2369 391 2812 465 praedestinavit,
2847 391 3010 448 nobis
3038 392 3362 448 conferatur
3409 394 3506 465 (De
3532 396 3675 450 Dono
3702 412 3881 466 perse-

2174 500 2312 555 vera,
2344 500 2389 540 c.
2422 486 2571 551 2l,n.
2603 482 2709 555 55).
2741 483 3124 548 Quamobrem
3156 484 3503 556 Prosperum
3523 487 3579 539 et
3600 485 3882 540 Hilarium

2177 578 2354 645 rogat,
2383 578 2446 627 ut
2475 574 2579 628 hoc
2608 590 2752 644 opus
2771 571 3236 638 Massiliensibus,
3271 573 3373 644 qui
3390 573 3706 628 doctrinam
3730 575 3883 629 hanc

2177 662 2612 733 impugnabant,
2659 666 2860 717 curent
2897 663 3331 734 perlegendum,
3375 662 3424 717 si
3469 663 3661 718 forsan
3693 664 3884 718 adhuc

2177 768 2294 807 non
2311 751 2556 823 legerint
2577 751 2674 821 (De
2697 751 2950 806 Praedest.
2973 757 3170 818 sanct.,
3188 767 3235 806 c.
3252 752 3304 817 4,
3325 767 3381 806 n.
3406 750 3481 822 8).
3507 752 3598 807 Sic
3612 752 3746 807 ﬁdei
3761 769 3884 807 suae

2177 843 2426 896 fructum
2450 840 2719 911 percepit,
2734 841 2895 910 cujus
2918 841 3169 912 impulsu
3197 841 3266 895 ad
3285 840 3724 912 Simplicianum
3743 842 3884 896 scri-

2179 936 2385 1003 pserat,
2420 948 2501 1000 se,
2530 930 2662 985 licet
2689 930 3032 1002 quaestiones
3065 931 3136 984 ab
3169 947 3236 986 eo
3267 930 3374 984 sibi
3403 931 3740 1002 propositas,
3774 949 3881 985 sua

2179 1021 2442 1075 tarditate
2492 1019 2833 1091 implicatus,
2875 1019 3064 1073 minus
3103 1018 3464 1090 intelligeret,
3509 1020 3631 1089 ejus
3684 1026 3880 1074 tamen

2181 1109 2400 1164 meritis
2418 1109 2625 1163 fretum
2651 1109 2773 1163 illas
2795 1113 3130 1178 aperturum
3161 1107 3363 1178 (Epist.
3399 1111 3490 1177 37,
3518 1125 3573 1162 η.
3607 1110 3680 1179 3).
3717 1109 3784 1164 Et.
3813 1109 3882 1174 ad

2179 1200 2420 1253 alteram
2438 1198 2813 1270 quaestionem
2836 1197 3078 1268 gradum
3105 1196 3335 1260 faciens,
3363 1201 3601 1254 testatur
3619 1215 3678 1251 se
3702 1197 3882 1268 ipsius

2178 1287 2443 1358 precibus
2483 1287 2765 1357 adjutum,
2812 1303 2932 1341 rem
2979 1286 3120 1340 adeo
3160 1285 3467 1356 implexam
3498 1290 3554 1339 et
3581 1286 3883 1341 obscuram

2179 1376 2417 1447 aggredi
2469 1392 2481 1429 :
2515 1391 2643 1429 cum
2683 1379 2867 1428 certus
2901 1373 2975 1428 sit
3004 1391 3106 1445 pro
3133 1374 3256 1445 ejus
3286 1390 3422 1444 erga
3451 1392 3509 1428 se
3539 1375 3887 1429 benevolen-

2179 1463 2276 1529 tia,
2329 1479 2625 1535 nunquam
2656 1479 2788 1517 eum
2813 1463 3109 1533 jussurum
3159 1461 3353 1527 fuisse,
3403 1465 3468 1516 ut
3513 1462 3635 1518 haec
3675 1480 3887 1518 arcana

2179 1557 2482 1618 reserarat,
2505 1552 2616 1605 nisi
2643 1551 2811 1605 simul
2834 1551 3035 1605 fuisset
3055 1568 3086 1604 a
3108 1551 3220 1605 Deo
3245 1550 3578 1621 deprecatus
3611 1557 3670 1604 ut
3695 1557 3887 1620 posset

2182 1639 2276 1710 (De
2307 1640 2533 1695 diversis
2565 1641 2758 1706 Quaast.
2792 1639 2866 1694 ad
2884 1641 3154 1709 Simplic.,
3187 1639 3281 1694 tib.
3310 1642 3364 1702 2,
3399 1644 3583 1709 quasi.
3621 1644 3673 1709 1,
3699 1642 3884 1709 Praef}.

2179 1729 2610 1800 Simplicianum
2636 1729 2852 1799 pariter
2883 1734 3060 1799 rogat,
3091 1733 3147 1783 ut
3179 1729 3240 1782 iu
3286 1729 3394 1783 hoc
3417 1746 3614 1801 opere,
3643 1730 3884 1801 aliisque

2180 1835 2307 1890 qum
2339 1819 2396 1872 in
2425 1835 2628 1872 manus
2658 1818 2812 1872 illius
2842 1819 2984 1872 forte
3016 1817 3403 1888 pervenirent,
3429 1835 3547 1872 non
3577 1821 3765 1872 solum
3799 1837 3889 1874 cu-

2180 1924 2304 1962 ram
2335 1907 2575 1978 legentis
2597 1907 2911 1976 impendat,
2942 1907 3035 1960 sed
3071 1906 3241 1961 etiam
3265 1923 3566 1961 censuram
3595 1908 3886 1977 corrigen-

2184 1995 2254 2050 tis
2291 2000 2543 2049 assumat
2571 1996 2766 2066 (Epist.
2801 1998 2889 2061 37,
2923 2012 2978 2050 n.
3015 1997 3091 2064 3).
3119 1995 3182 2049 Et
3203 1996 3260 2048 in
3290 2001 3544 2049 extrema
3574 1995 3705 2048 libri
3737 1996 3890 2049 clau-

2181 2084 2323 2150 sula,
2349 2089 2650 2154 postquam
2672 2099 2773 2154 pro
2795 2082 2911 2137 suis
2935 2082 3137 2137 erratis
3160 2098 3352 2153 preces
3374 2082 3443 2136 ab
3466 2099 3532 2137 eo
3549 2083 3883 2154 postulavit:

2179 2173 2508 2228 Sententiam
2564 2187 2708 2240 vero,
2740 2170 2946 2242 inquit,
2996 2171 3061 2224 de
3103 2171 3196 2225 hoc
3241 2187 3397 2241 opere
3443 2177 3591 2226 tuam
3634 2172 3887 2227 brevissi-

2179 2275 2343 2324 mam,
2371 2259 2464 2312 sed
2492 2259 2876 2326 gravissimam
2905 2259 3123 2325 ﬂagito;
3145 2262 3194 2312 et
3223 2257 3352 2311 dum
3377 2260 3450 2312 sit
3482 2260 3795 2323 verissima,
3816 2275 3889 2314 se-

2179 2349 2515 2402 verissimum
2543 2363 2650 2400 non
2696 2361 2877 2400 recuso
2911 2347 3005 2416 (De
3030 2345 3259 2400 diversis
3291 2346 3487 2412 Quaest.
3524 2347 3599 2400 ad
3640 2348 3888 2417 Simplic.

2181 2437 2276 2492 lib.
2309 2439 2365 2504 2,
2399 2440 2587 2506 quaest.
2642 2438 2711 2503 6).
2745 2436 2899 2489 Inter
2944 2434 3289 2506 quaestiones
3337 2435 3422 2488 illi
3453 2451 3485 2488 a
3513 2435 3887 2506 Simpliciano

2180 2525 2498 2597 propositas
2531 2541 2643 2578 una
2671 2528 2792 2578 erat
2820 2523 2887 2577 de
2921 2524 3271 2595 pythonissa,
3305 2539 3433 2595 quae
3465 2523 3751 2578 Samuelis
3772 2523 3886 2577 ani-

2181 2631 2336 2668 mam
2368 2613 2533 2668 Sauli
2555 2613 2809 2667 exhibuit
2839 2612 3028 2682 (Ibid.,
3062 2616 3249 2682 quaest.
3285 2612 3359 2682 3).
3381 2613 3519 2666 Cum
3543 2616 3741 2682 postea
3765 2611 3890 2665 Dul-

2181 2701 2348 2756 citius
2376 2701 2540 2755 illum
2571 2701 2768 2755 eadem
2800 2701 2868 2754 dc
2899 2718 2958 2754 re
2987 2701 3384 2769 consuluisset,
3417 2717 3482 2754 ea
3510 2717 3644 2771 quae
3670 2701 3795 2770 jam
3825 2700 3886 2752 ad

2181 2791 2616 2860 Simplicianum
2647 2791 2967 2860 scripserat,
3000 2789 3361 2844 solummodo
3392 2789 3640 2859 repetiit.
3672 2789 3888 2860 Adjeeit

2181 2881 2374 2932 tamen
2409 2877 2479 2932 ad
2508 2879 2718 2931 calcem
2749 2877 2958 2948 operis,
2989 2877 3169 2932 videri
3198 2877 3325 2944 sibi,
3353 2895 3419 2932 ex
3452 2878 3542 2932 his
3575 2894 3709 2949 quae
3742 2883 3888 2948 post-

2183 2965 2421 3021 modum
2471 2966 2529 3020 in
2568 2965 2952 3020 Ecclesiastico
2987 2967 3374 3038 comperisset,
3411 2982 3529 3021 non
3561 2967 3885 3021 simulatam

2181 3055 2458 3110 Samuelis
2497 3054 2809 3126 imaginem
2856 3055 3108 3126 maligno
3159 3054 3508 3127 pytlionissze
3567 3056 3885 3110 ministerio

2181 3148 2603 3214 praesentatam,
2634 3144 2731 3199 sed
2763 3144 3085 3198 Samuelem
3107 3144 3294 3215 ipsum
3327 3144 3574 3199 adfuisse
3601 3143 3880 3216 spectabi-

2183 3233 2293 3287 lem
2327 3233 2421 3304 (De
2450 3237 2562 3287 octo
2591 3233 2815 3286 Dulcitii
2843 3233 3063 3301 Quaest,
3095 3239 3282 3301 quwst.
3315 3235 3366 3294 6.
3397 3248 3453 3287 η.
3487 3234 3559 3300 5).

2252 3324 2305 3375 2.
2343 3321 2455 3375 Etsi
2484 3321 2835 3392 Augustinus
2864 3338 3063 3376 eorum
3093 3321 3392 3388 librorum,
3417 3338 3562 3392 quos
3582 3322 3886 3394 episcopus

2182 3409 2512 3477 elaboravit,
2536 3410 2752 3481 primos
2777 3426 2895 3465 esse
2913 3410 3056 3465 duos
3073 3411 3142 3465 ad
3162 3410 3600 3480 Simplicianum
3626 3412 3880 3482 (Retract.

2183 3497 2276 3552 lib.
2303 3501 2355 3566 2,
2385 3514 2505 3568 cap.
2543 3501 2592 3561 l,
2622 3514 2678 3552 η.
2716 3501 2785 3568 1),
2819 3515 3030 3570 eosque
3059 3499 3120 3552 in
3150 3499 3380 3554 exordio
3411 3498 3498 3553 sui
3529 3501 3888 3572 episcopatus

2182 3586 2419 3656 scriptos
2463 3603 2494 3640 a
2545 3602 2604 3641 se
2645 3591 2884 3642 testatur
2933 3588 3028 3657 (De
3076 3589 3331 3643 Prazdcst.
3382 3592 3552 3643 sanet.
3601 3604 3662 3646 π.
3707 3593 3772 3656 8;
3823 3593 3888 3643 De

2183 3679 2329 3731 Dono
2371 3691 2660 3746 ρετ-επακ,
2704 3693 2760 3732 η.
2800 3679 2907 3745 55),
2941 3676 3083 3731 nihil
3121 3677 3177 3732 id
3204 3677 3389 3731 obstat
3419 3677 3738 3748 quominus
3767 3678 3888 3732 illos

2181 3763 2239 3817 in
2263 3781 2476 3818 annum
2508 3765 2972 3820 trecentesimum
2995 3765 3435 3836 nonagesimum
3466 3766 3783 3836 septimum
3799 3783 3886 3821 re-

2180 3851 2339 3922 jiciat
2354 3854 2600 3906 Joannes
2630 3852 2844 3926 Rivius,
2867 3852 3021 3906 haud
3051 3853 3256 3908 dubius
3287 3870 3420 3907 sane
3451 3853 3885 3923 Simplicianum

2176 3941 2298 4012 jam
2328 3944 2451 3994 tum
2482 3957 2602 3995 esse
2634 3941 2965 4012 episcopum
2999 3943 3226 4009 (Rivius,
3265 3958 3432 4011 pagg.
3471 3945 3593 4010 125,
3627 3944 3756 4013 636)
3793 3941 3885 3997 :in

2184 4045 2297 4098 quo
2331 4029 2556 4084 Baronii
2589 4028 2928 4083 sententiam
2959 4029 3181 4083 videtur
3210 4034 3436 4083 secutus
3466 4031 3780 4100 (Baronius,
3818 4029 3887 4084 ad

2183 4133 2311 4172 ann.
2343 4120 2468 4186 397,
2495 4134 2550 4172 η.
2568 4117 2680 4185 55).
2704 4118 2838 4172 Ausi
2865 4135 2981 4173 non
3003 4135 3202 4174 sumus
3219 4119 3288 4174 ab
3307 4124 3550 4190 utroque
3568 4120 3883 4184 discedere,

2183 4222 2312 4260 cum
2343 4205 2402 4259 in
2433 4205 2585 4260 hisce
2619 4205 2778 4260 libris
2816 4208 3172 4278 Augustinus
3201 4207 3637 4279 Simplicianum
3667 4215 3887 4280 patrem

2183 4310 2352 4348 suum
2395 4295 2644 4365 appellet
2696 4294 2893 4365 (Epist.
2936 4300 3025 4364 37,
3072 4298 3229 4351 titulo
3267 4302 3316 4351 et
3345 4313 3399 4352 η.
3454 4300 3510 4363 1;
3544 4299 3621 4351 De
3659 4298 3888 4352 diuersis

2185 4384 2579 4449 Qua'stionibus
2622 4382 2696 4437 ad
2736 4383 3156 4452 Simplicianum
3208 4385 3300 4439 tib.
3338 4388 3384 4450 1,
3421 4387 3478 4439 in
3511 4386 3886 4452 Prae/aliane),

2183 4477 2578 4543 perpetuoque
2627 4477 2840 4525 asserat
2887 4472 3175 4542 scripsisse
3217 4490 3275 4526 se
3304 4472 3361 4527 id
3393 4474 3602 4543 operis,
3637 4491 3794 4528 nunc
3820 4475 3888 4525 ad

2183 4559 2616 4630 Simplicianum
2650 4559 2905 4614 Ecclesia:
2937 4560 3369 4616 Mediolanensis
3390 4561 3891 4624 antistitemmunc

2183 4648 2250 4702 ad
2309 4648 2740 4719 Simplicianum
2794 4648 3125 4720 episcopum
3154 4649 3590 4704 Mediolaunesis
3627 4649 3886 4704 Ecclesiae

2191 4738 2449 4807 (Retract.
2483 4737 2577 4792 lib.
2607 4740 2662 4803 2,
2692 4753 2814 4806 cap.
2851 4741 2900 4804 1,
2929 4740 2996 4791 De
3017 4741 3465 4807 Donopersever.,
3492 4755 3538 4793 c.
3565 4741 3656 4804 2t,
3689 4755 3745 4794 η.
3777 4739 3887 4804 55),

2181 4825 2360 4880 sancti
2389 4825 2672 4880 Ambrosii
2704 4842 3107 4881 successorem.
3149 4826 3245 4896 (De
3284 4827 3539 4882 Prwdest.
3590 4832 3793 4893 sanet,
3830 4843 3887 4879 η.

2182 4916 2238 4985 8)
2257 4918 2382 4981 ;aut
2401 4914 2540 4969 alias
2561 4913 2860 4981 dicat,rem
2879 4932 2910 4968 a
2932 4930 2990 4968 se
3009 4913 3301 4984 queesiisse
3319 4914 3762 4984 Simplicianum
3781 4915 3885 4968 Me-

2182 5003 2574 5058 diolanensem
2604 5003 2936 5074 episcopum
2971 5003 3061 5073 (De
3088 5007 3202 5057 octo
3219 5004 3446 5058 Dulcitii
3467 5003 3887 5068 Questionibus,

2183 5096 2370 5160 quaest.
2406 5095 2528 5158 6,12.
2561 5091 2614 5162 2)
2650 5107 2663 5146 :
2697 5106 2996 5162 nunquam
3023 5095 3211 5145 autem
3229 5090 3667 5162 Simplicianum
3693 5097 3893 5163 postea

2181 5180 2391 5234 factum
2419 5179 2750 5251 episcopum
2781 5179 3001 5233 innuat.
3034 5178 3374 5250 Quanquam
3399 5195 3513 5232 non
3531 5182 3754 5234 temere
3784 5176 3895 5232 exi-

2182 5267 2404 5321 stimari
2436 5268 2632 5339 possit,
2669 5267 3103 5339 Simplicianum
3146 5267 3332 5321 adhuc
3361 5267 3791 5338 presbyterum,
3820 5263 3893 5316 ab

2181 5354 2525 5425 Augustino,
2557 5371 2661 5426 pro
2691 5354 2969 5426 singulari
2999 5355 3123 5426 ejus
3153 5370 3288 5426 erga
3316 5359 3544 5408 tantum
3576 5354 3767 5408 virum
3797 5353 3891 5406 ob-

2182 5443 2480 5511 servantia,
2516 5448 2740 5515 patrem
2769 5443 3123 5515 nuncupari;
3156 5443 3439 5515 siquidem
3463 5443 3586 5514 ipse
3615 5439 3888 5513 Augusti-

2181 5548 2290 5588 nus
2320 5547 2453 5589 eum
2482 5533 2769 5589 Ambrosii
2798 5533 2856 5588 in
2879 5533 3208 5604 accipienda
3235 5533 3442 5588 Christi
3464 5533 3652 5604 gratia
3668 5537 3884 5605 patrem
