4008 6184
159 286 245 339 261
1631 290 1831 346 LIBER
1872 290 2214 356 QUARTUS.

160 408 431 476 nominat,
464 414 521 463 et
545 425 680 463 vere
709 414 775 466 ut
801 414 1025 482 patrem
1056 409 1126 465 ab
1157 410 1358 467 eodem
1390 412 1655 469 dilectum
1689 415 1859 470 fuisse

164 497 320 553 tradit
352 499 620 565 (Confess.
656 499 751 553 lib.
786 502 837 563 8,
871 516 987 570 cap.
1025 502 1078 563 2,
1111 516 1172 556 η.
1216 503 1280 568 3).
1315 503 1644 558 Ambrosius
1674 506 1862 575 reipsa

165 588 586 659 Simplicianum
646 589 822 660 patris
865 590 985 643 loco
1024 606 1083 644 sc
1126 591 1311 645 colere
1347 592 1565 646 disertis
1620 594 1862 663 ipsemet

166 677 329 731 verbis
360 677 649 746 significat
685 695 699 732 :
734 695 867 733 nam
909 683 963 731 ct
1008 695 1140 733 eum
1188 684 1368 750 rogat,
1418 686 1481 735 ut
1520 698 1576 734 se
1612 684 1862 751 parentis

164 768 352 822 affectu
380 766 625 837 diligere
648 772 845 838 pergat
866 768 1057 837 (Apud
1075 769 1323 824 Ambros.
1347 772 1522 838 Epist.
1548 774 1634 837 65,
1659 788 1713 825 η.
1745 773 1821 840 10)
1845 789 1857 826 :

161 861 203 910 et
229 854 391 910 alibi.
436 857 644 909 Veteris
673 857 924 924 affectum
955 860 1227 924 amicitiae,
1254 858 1458 928 inquit,
1491 864 1541 912 ct
1569 861 1712 927 quod
1738 863 1862 929 plus

157 950 243 1013 est,
290 949 550 1015 paternae
598 948 792 1011 gratiae
821 961 1053 1000 amorem
1088 962 1428 1013 recognosco;
1469 962 1597 1001 nam
1625 953 1862 1002 uetustos

160 1035 307 1088 habet
353 1034 579 1103 aliquid
621 1051 741 1089 cum
771 1035 1019 1104 pluribus
1048 1036 1417 1102 consociabile,
1455 1039 1672 1105 patrius
1714 1054 1866 1092 amor

156 1139 251 1175 non
284 1123 452 1176 habet
487 1123 668 1192 (Ibid,
704 1126 874 1193 Epist.
916 1126 1003 1189 37,
1033 1140 1089 1178 η.
1128 1123 1200 1193 1).
1240 1125 1378 1180 Cum
1410 1130 1600 1179 alitem
1632 1125 1860 1196 Simpli-

148 1212 373 1265 cianum
417 1214 535 1264 tam
583 1211 893 1265 honorifice
944 1212 1205 1267 habuerit
1271 1212 1619 1278 Ambrosius,
1678 1230 1861 1284 neque

150 1301 299 1353 deest
330 1300 494 1353 unde
525 1301 898 1371 Augustinus,
945 1301 1042 1371 qui
1074 1301 1373 1356 Ambrosio
1404 1307 1459 1356 et
1490 1306 1658 1356 aetate
1694 1306 1747 1354 et
1776 1303 1860 1355 di-

148 1389 359 1459 gnitate
387 1389 630 1442 inferior
650 1393 791 1455 erat,
813 1390 1074 1444 eumdem
1100 1390 1230 1444 licet
1252 1390 1504 1445 nondum
1529 1390 1861 1461 episcopum

148 1483 365 1547 patrem
403 1478 706 1532 nominare
737 1478 978 1532 voluisse
1009 1478 1381 1533 existimetur.
1420 1480 1717 1533 Enimvero
1746 1495 1860 1533 non

145 1565 395 1633 legimus
416 1566 609 1636 ipsum
630 1566 776 1619 hanc
790 1566 1234 1637 appellationem
1249 1568 1331 1620 vel
1350 1567 1619 1621 Romanis
1641 1568 1859 1621 deferre

144 1654 514 1723 prtesulibus,
565 1656 648 1708 vel
696 1655 962 1725 episcopo
1002 1656 1458 1726 Carthaginensi,
1509 1672 1651 1726 quos
1691 1656 1861 1710 etiam

146 1744 494 1814 plerumque
552 1742 756 1797 fratres
812 1744 1060 1814 appellat
1117 1743 1275 1798 Unde
1331 1743 1652 1814 intelligere
1709 1744 1858 1810 licet,

145 1848 270 1885 eum
310 1830 502 1902 patris
532 1832 764 1885 titulum
816 1831 921 1902 ipsi
952 1832 1340 1901 Simpliciano,
1375 1848 1489 1885 non
1521 1836 1711 1885 autem
1742 1833 1861 1886 sedi

151 1920 567 1974 Mediolanensi
597 1919 930 1973 concedere.
967 1920 1113 1974 Addi
1144 1921 1314 1974 etiam
1335 1924 1659 1990 potesteum
1676 1921 1861 1975 eidem

141 2008 543 2079 Simpliciano,
574 2009 621 2062 si
648 2010 767 2079 jam
798 2008 1100 2062 exstitisset
1139 2009 1440 2079 episcopus
1472 2009 1859 2063 Mediolanen-

141 2098 227 2161 sis,
254 2098 507 2151 titulum
527 2112 691 2168 papa!
713 2096 1081 2169 probabiliter
1100 2098 1439 2151 collaturum
1462 2097 1634 2151 fuisse
1659 2114 1859 2168 quem-

140 2186 462 2240 admodum
516 2186 749 2239 Aurelio
798 2184 1225 2257 Carthaginensi
1277 2188 1468 2255 (Epist.
1505 2188 1597 2254 41,
1637 2202 1692 2240 η.
1746 2188 1859 2254 60),

140 2291 364 2328 necnon
401 2274 515 2345 ipsi
546 2273 843 2328 Ambrosio
875 2274 1167 2328 deferebat
1196 2274 1396 2344 (Epist.
1434 2277 1521 2340 3t,
1555 2291 1610 2329 n.
1646 2278 1725 2343 8).
1768 2277 1861 2329 Hae

140 2363 424 2417 nimirum
476 2363 638 2417 sedes
680 2363 833 2433 paris
864 2364 1282 2434 propemodum
1331 2363 1624 2433 dignitatis
1659 2364 1717 2417 in
1765 2366 1859 2418 Ec-

138 2452 300 2505 clesia
376 2452 780 2517 censebantur,
835 2456 891 2506 et
945 2453 1066 2522 ipsa
1118 2454 1302 2505 locum
1360 2452 1720 2523 intercapedo
1776 2454 1864 2521 (ut

139 2541 532 2596 venerandam
580 2540 933 2611 Simpliciani
981 2540 1245 2594 canitiem
1288 2540 1572 2609 sileamus)
1606 2542 1733 2611 plus
1763 2542 1862 2595 ad-

141 2630 240 2683 huc
270 2629 465 2684 ofﬁcii
496 2634 553 2683 et
581 2628 819 2683 honoris
855 2644 992 2699 erga
1024 2628 1499 2683 Mediolanensem
1530 2629 1723 2683 sedem
1755 2629 1858 2683 ad-

138 2718 319 2771 hiberi
358 2718 715 2788 postulabat.
746 2719 828 2772 Ad
861 2718 982 2771 haec
1014 2718 1359 2784 Gennadius,
1385 2719 1483 2789 qui
1504 2718 1861 2789 Simpliciani

138 2807 345 2877 legisse
379 2807 614 2861 videtur
642 2806 962 2877 epistolam,
1011 2806 1169 2861 testis
1208 2811 1293 2860 est
1323 2822 1456 2860 eum
1486 2807 1557 2861 ad
1585 2809 1862 2877 Augusti-

137 2911 267 2949 num
304 2896 507 2949 adhuc
539 2894 930 2965 presbyterum
954 2894 1262 2965 scripsisse.
1292 2896 1399 2947 Has
1420 2894 1597 2965 igitur
1623 2896 1694 2949 ad
1728 2912 1858 2949 eum

135 2983 359 3038 litteras
380 2982 608 3037 dederit
637 2983 870 3036 ineunte
890 2998 1040 3036 anno
1064 2982 1457 3036 trecentesimo
1488 2984 1858 3054 nonagesimo

134 3080 287 3127 sexto
316 3090 331 3126 ε
364 3071 1240 3126 undeinducimurutcredamus
1254 3072 1636 3140 Augustinum
1659 3073 1859 3126 eodem

138 3163 381 3233 quidem
413 3177 571 3215 anno
600 3161 674 3214 ad
704 3161 864 3215 illum
907 3159 1229 3230 scripsisse;
1264 3160 1361 3213 sed
1389 3160 1485 3213 ubi
1518 3164 1715 3231 postea
1756 3162 1861 3215 hos

137 3252 199 3305 ad
228 3250 689 3321 Simplicianum
739 3250 912 3303 libros
959 3248 1313 3313 memoravit,
1368 3264 1518 3313 eum,
1567 3265 1860 3303 commen-

136 3341 314 3394 dandi
352 3345 412 3393 et
442 3338 739 3394 indicandi
760 3337 865 3392 viri
892 3354 1082 3406 causa,
1115 3338 1444 3410 episcopum
1474 3339 1860 3394 Mediolanen-

137 3446 253 3484 sem
278 3427 696 3499 appellavisse.

204 3520 256 3573 3.
291 3520 442 3572 Post
471 3515 649 3570 libros
680 3516 748 3570 ad
778 3515 1207 3587 Simplicianum
1237 3516 1476 3571 collocat
1506 3516 1861 3587 Augustinus

136 3606 495 3675 opusculum
548 3621 580 3658 a
631 3621 689 3658 se
731 3604 1089 3659 lucubratum
1120 3610 1314 3659 contra
1348 3605 1661 3675 Epistolam
1692 3606 1862 3659 Mani-

134 3694 490 3764 chaei,quam
521 3692 797 3747 vocabant
823 3692 1196 3746 Fundamenti
1219 3695 1469 3761 (Retract.
1492 3694 1588 3747 lib.
1612 3696 1667 3759 2,
1695 3709 1738 3747 c.
1764 3695 1819 3763 2)
1845 3710 1857 3747 :

135 3784 421 3854 quoniam
446 3781 636 3851 reipsa
656 3785 839 3835 totum
867 3782 1202 3852 pene,quod
1225 3782 1515 3836 Manichaei
1536 3782 1861 3848 credebant,

133 3872 633 3943 complectebatur
655 3870 831 3940 (Cant.
863 3872 1039 3939 Epist.
1074 3873 1379 3937 Manicha’i,
1402 3888 1449 3926 c.
1474 3876 1528 3941 5,
1558 3888 1613 3925 η.
1650 3876 1721 3936 6).
1756 3873 1861 3925 Ve-

136 3975 257 4013 rum
282 3962 420 4013 sola
441 3957 599 4012 illius
621 3957 922 4028 principia,
944 3958 997 4012 id
1026 3962 1128 4023 est,
1152 3959 1374 4028 priores
1395 3959 1650 4030 epistolae
1673 3964 1862 4031 partes

122 4046 372 4104 refellit.
416 4047 485 4101 In
510 4046 788 4117 reliquam
812 4045 966 4099 enim
990 4046 1288 4117 epistolam
1311 4046 1707 4101 adnotationes
1729 4050 1861 4101 tan-

136 4142 256 4191 tum
288 4135 559 4199 dictavit,
586 4150 713 4205 quae
736 4139 925 4189 tamen
947 4134 1143 4189 omnia
1164 4134 1233 4190 ad
1261 4151 1387 4189 eam
1414 4136 1861 4189 subvertendam

137 4224 474 4280 necessaria
500 4223 907 4287 continebant;
942 4228 1004 4278 ut
1032 4224 1122 4278 his
1152 4223 1307 4278 velut
1336 4224 1512 4294 signis
1540 4228 1594 4278 et
1636 4223 1861 4278 indiciis

136 4316 581 4377 admoneretur,
612 4312 660 4365 si
688 4312 998 4382 aliquando
1042 4316 1242 4366 contra
1278 4315 1457 4365 totam
1487 4311 1734 4367 scribere
1764 4328 1857 4366 va-

135 4407 293 4457 caret
330 4404 594 4473 (Retract.
631 4400 725 4454 lib.
757 4403 811 4467 2,
856 4416 973 4469 cap.
1004 4399 1077 4470 2).
1124 4400 1242 4454 Illas
1280 4400 1678 4454 adnotationes
1708 4401 1859 4455 exci-

136 4492 371 4545 derunt.
412 4490 530 4543 Hoc
576 4505 719 4560 Opus
767 4493 961 4543 contra
1012 4488 1349 4543 Manichaeos
1402 4488 1627 4543 orditur
1683 4491 1862 4544 Deum

134 4581 489 4651 deprecans,
536 4582 596 4632 ut
641 4578 748 4632 sibi
794 4582 1046 4632 mentem
1086 4578 1181 4633 det
1210 4581 1466 4649 pacatam
1497 4581 1669 4649 atque
1698 4583 1861 4633 tran-

135 4670 414 4740 quillam,
447 4682 577 4739 qua:
621 4667 690 4721 de
722 4666 952 4721 illorum
996 4666 1346 4720 correctione
1376 4665 1558 4736 magis
1590 4682 1763 4737 quam
1794 4667 1861 4721 de

134 4758 523 4813 subversione
550 4756 788 4826 cogitet;
835 4772 964 4810 cum
1005 4771 1141 4825 erga
1170 4771 1266 4808 eos
1298 4754 1707 4820 misericordia,
1742 4771 1861 4808 non

133 4847 268 4900 odio
300 4848 647 4911 moveatur;
678 4860 823 4916 quos
852 4859 1061 4912 nempe
1092 4843 1294 4897 iisdem
1324 4842 1632 4908 erroribus,
1654 4842 1863 4913 quibus

129 4948 287 5003 aegre
323 4933 472 4988 adeo
503 4949 563 4987 se
591 4932 920 5004 expedierit,
951 4932 1102 4986 videt
1132 4932 1466 5002 implicatos.

201 5025 259 5077 4.
284 5022 436 5076 Huic
452 5020 603 5075 libro
625 5019 854 5091 subjicit
882 5035 1037 5087 eum,
1061 5034 1231 5090 quem
1268 5021 1337 5073 De
1356 5019 1543 5087 Agone
1564 5018 1863 5074 christiano

131 5108 412 5165 inscribit
452 5109 649 5179 (lbid.,
699 5124 825 5178 cap.
879 5108 953 5177 3),
985 5124 1052 5162 eo
1103 5107 1256 5179 quod
1288 5105 1368 5161 ibi
1416 5106 1764 5162 Christianos
1793 5106 1863 5160 ad

131 5196 463 5252 iucundam
494 5200 692 5251 contra
723 5197 1047 5252 daemonem
1078 5200 1135 5250 et
1164 5210 1222 5250 se
1252 5194 1405 5267 ipsos
1448 5210 1701 5266 pugnam
1734 5211 1863 5249 eru-

130 5286 279 5341 diat.
326 5287 393 5341 In
426 5302 495 5341 eo
525 5286 659 5341 ﬁdei
700 5287 979 5357 regulam,
1029 5290 1086 5341 et
1132 5285 1278 5339 bene
1317 5284 1545 5339 vivendi
1581 5288 1867 5356 prazcepta

130 5376 344 5447 paucis
376 5375 563 5430 verbis
589 5375 785 5444 tradit,
810 5375 871 5429 in
902 5374 1108 5447 quibus
1128 5379 1321 5429 tamen
1352 5374 1534 5428 multa
1562 5376 1867 5428 occurrunt

129 5466 315 5535 longe
352 5464 758 5535 pulcherrima.
792 5463 1113 5534 Prtecipuas
1142 5462 1359 5534 pariter
1388 5463 1631 5517 hiereses
1660 5462 1769 5516 hoc
1804 5461 1864 5516 in

133 5554 291 5608 libro
322 5553 574 5609 breviter
602 5551 1058 5623 comprehendit,
1091 5568 1231 5625 quas
1260 5550 1410 5606 inter
1452 5555 1508 5607 et
1546 5550 1864 5605 Donatista-

3574 306 3677 359 262

1968 431 2098 471 rum
2121 422 2175 471 et
2207 417 2690 473 Luciferianorum
2720 423 2896 474 sectas
2928 428 3200 477 recenset.
3236 424 3503 481 Observat
3533 443 3673 498 quo-

1970 522 2082 577 que
2133 506 2446 560 Donatistas
2506 508 2561 560 in
2615 508 2766 562 varia
2822 510 3128 565 schismata
3178 512 3346 567 fuisse
3378 514 3675 569 distractos

1972 595 2066 665 (De
2098 595 2280 663 Agone
2300 598 2614 663 christiano,
2642 614 2733 652 nu.
2756 601 2841 665 3t,
2876 601 2986 669 32).
3019 601 3223 654 Verum
3249 602 3318 655 ad
3348 618 3530 656 causae
3558 620 3673 659 suae

1969 683 2270 737 utilitatem
2315 701 2430 738 non
2460 688 2653 753 trahit,
2690 687 2840 758 quod
2896 690 3292 743 Praetextatum
3342 695 3398 744 et
3444 691 3675 746 Felicia-

1969 787 2131 838 num,
2161 789 2287 826 cum
2320 773 2457 827 diris
2483 781 2615 828 ante
2648 776 3149 847 imprecationibus
3181 779 3405 848 ejectos,
3438 781 3680 851 recepis-

1971 866 2098 913 sent
2144 860 2205 914 in
2256 863 2727 918 communionem
2769 881 2930 919 suam
2976 882 2988 920 :
3023 867 3152 921 licet
3182 867 3239 921 id
3269 868 3414 922 circa
3450 867 3673 923 initium

1970 948 2105 1001 anni
2135 949 2521 1004 trecentesimi
2554 953 2909 1023 nonagesimi
2934 954 3161 1024 septimi
3196 956 3516 1025 contigerit.
3553 959 3672 1012 Non

1969 1050 2172 1105 parum
2208 1037 2313 1091 hoc
2338 1038 2484 1092 favet
2513 1039 2581 1092 iis
2612 1056 2741 1110 qua:
2773 1042 3039 1106 diximus,
3074 1059 3208 1097 eum
3236 1044 3420 1097 forsan
3445 1046 3514 1099 ad
3534 1045 3675 1100 Sim-

1970 1123 2279 1192 plicianum
2313 1125 2601 1196 scripsisse
2627 1129 2747 1198 jam
2777 1130 2908 1183 inde
2954 1131 3021 1185 ab
3075 1148 3225 1185 anno
3270 1134 3670 1188 trecentesimo

1969 1213 2339 1282 nonagesimo
2362 1220 2538 1270 sexto.
2576 1216 2739 1270 Natat
2766 1219 2917 1272 hunc
2948 1220 3158 1274 librum
3190 1222 3258 1274 de
3289 1223 3485 1291 Agone
3514 1222 3672 1276 chri-

1970 1300 2153 1353 stiano
2186 1302 2392 1356 humili
2422 1304 2571 1370 stilo,
2605 1309 2661 1359 et
2682 1307 3151 1361 fratribus'latino
3183 1324 3445 1362 sermone
3475 1309 3673 1365 leviter

1968 1388 2659 1455 imbutisaccommodato
2703 1410 2735 1447 a
2790 1411 2847 1448 se
2904 1395 3075 1450 fuisse
3126 1398 3510 1469 conscriptum
3552 1400 3673 1470 (Re-

1972 1482 2152 1545 tract,
2188 1480 2281 1533 lib.
2314 1482 2367 1547 2,
2399 1496 2518 1549 cap.
2555 1485 2625 1551 3).

2639 1571 2863 1625 CAPUT
2901 1573 3015 1627 ΧΠ.

1972 1657 1990 1709 1
2032 1654 2192 1708 Libri
2220 1656 2285 1710 de
2314 1660 2569 1711 Doctrina
2591 1660 2894 1713 christiana
2916 1667 3149 1729 quatuor
3169 1662 3236 1716 ab
3268 1664 3574 1730 Augustino
3600 1663 3676 1718 lu-

2040 1745 2270 1798 cubrati.
2301 1747 2334 1797 2
2369 1748 2502 1800 Tum
2542 1748 2676 1800 liber
2722 1754 2908 1802 contra
2947 1752 3160 1804 Partem
3194 1754 3388 1805 Donati
3412 1768 3425 1805 :
3454 1757 3504 1805 et
3533 1753 3675 1807 Con-

2039 1833 2334 1897 fessionum
2367 1832 2496 1885 libri
2515 1834 2793 1888 tredecim.
2830 1839 2860 1889 3
2903 1836 3048 1904 Opus
3074 1842 3261 1891 contra
3290 1839 3548 1893 Faustum
3575 1839 3674 1893 sub

2040 1920 2184 1973 idem
2226 1926 2431 1989 tempus
2471 1922 2775 1989 vulgatum.
2827 1926 2861 1977 4
2909 1926 2972 1977 1η
3016 1925 3298 1979 tribuendo
3346 1927 3671 1995 quibusdam

2039 2010 2312 2077 opusculis
2340 2024 2434 2063 suo
2464 2010 2596 2071 loco,
2622 2011 2759 2079 quid
2786 2012 3066 2065 observare
3087 2015 3259 2066 visum
3285 2017 3381 2067 est.
3416 2016 3445 2065 5
3470 2014 3673 2068 Scribit

2040 2097 2381 2163 Augustinus
2404 2098 2602 2151 librum
2619 2098 2683 2151 de
2708 2101 2946 2154 Canticis
2965 2100 3038 2153 ad
3058 2102 3257 2156 altare.
3288 2104 3317 2154 6
3342 2102 3671 2167 Quaestioncs

2038 2186 2476 2250 Evangeliorum.
2535 2190 2566 2239 7
2618 2187 3010 2243 Adnotationes
3040 2192 3097 2241 in
3130 2189 3241 2241 .Iob.
3289 2192 3319 2242 8
3359 2190 3579 2244 Librum
3609 2190 3675 2243 de

2040 2273 2452 2329 Catechizandis
2482 2274 2739 2332 rudibus.
2778 2279 2808 2331 9
2842 2276 2920 2330 Ac
2945 2277 3010 2331 de
3043 2279 3308 2331 Trinitate
3328 2277 3492 2333 libros
3523 2280 3676 2347 quin-

2040 2359 2233 2415 decim.

2044 2450 2093 2502 t.
2124 2448 2295 2515 Ordo,
2344 2465 2517 2520 quem
2549 2450 2608 2504 in
2639 2452 2754 2505 suis
2783 2452 3054 2523 operibus
3102 2454 3463 2509 recensendis
3489 2460 3675 2510 servat

1968 2536 2342 2605 Augustinus,
2375 2538 2506 2591 facit
2535 2543 2595 2591 ut
2623 2538 2745 2608 ejus
2777 2540 2846 2593 de
2880 2540 3145 2595 Doctrina
3175 2541 3483 2596 christiana
3514 2543 3671 2595 lucu-

1968 2622 2289 2679 brationem
2303 2625 2692 2696 huictempori
2714 2627 3068 2699 assignemus
3090 2632 3369 2698 (Retract.,
3393 2632 3427 2686 ι.
3445 2633 3499 2697 2,
3522 2646 3569 2686 c.
3597 2632 3670 2699 4).

1968 2712 2033 2765 In
2064 2728 2130 2765 ea
2154 2714 2335 2767 tribus
2366 2714 2601 2785 quidem
2630 2716 2919 2785 prioribus
2951 2718 3109 2771 libris
3130 2718 3515 2789 intelligendas
3532 2721 3674 2775 Scri-

1970 2806 2156 2872 pturae
2189 2804 2412 2873 regulas
2450 2805 2765 2873 praescribit
2799 2822 2811 2859 :
2846 2813 3051 2876 quarto
3082 2812 3272 2861 autem
3322 2810 3470 2863 libro
3511 2810 3676 2863 docet

1975 2892 2286 2961 quomodo,
2334 2908 2462 2961 quae
2511 2892 2799 2947 intellecta
2848 2900 2903 2948 et
2956 2899 3223 2966 percepta
3265 2896 3495 2963 fuerint,
3549 2898 3675 2950 aliis

1966 2980 2245 3034 tradenda
2275 2979 2404 3033 sint.
2442 2981 2583 3035 Cum
2610 2981 2677 3035 ad
2716 2980 2863 3036 istud
2897 2999 3040 3053 opus
3066 2983 3354 3037 edendum
3384 3001 3443 3038 se
3473 2990 3671 3039 contu-

1969 3068 2056 3135 lit,
2081 3068 2248 3138 plura
2276 3068 2344 3121 de
2377 3069 2481 3122 hac
2511 3086 2570 3123 re
2595 3070 2714 3139 jam
2747 3070 2805 3123 in
2834 3072 3173 3141 cogitatione
3204 3072 3449 3135 tenebat,
3485 3089 3673 3143 spera-

1971 3155 2202 3226 batque,
2258 3157 2354 3210 ubi
2405 3155 2529 3210 aliis
2574 3156 2906 3227 impendere
2951 3175 3015 3212 ea
3045 3159 3325 3230 caspisset,
3363 3162 3537 3214 Deum
3572 3162 3671 3232 qui

1970 3243 2091 3298 haec
2117 3245 2370 3313 dederat,
2403 3250 2605 3300 caetera
2652 3246 2759 3300 sibi
2790 3248 2973 3301 adhuc
3002 3248 3318 3303 necessaria
3356 3266 3470 3303 non
3500 3251 3673 3303 dene-

1969 3337 2234 3402 gaturum
2266 3334 2364 3403 (De
2392 3337 2649 3389 Doctrina
2679 3337 3004 3404 christiana,
3040 3338 3134 3391 lib.
3173 3341 3221 3405 t,
3251 3354 3307 3392 η.
3345 3338 3414 3408 t).
3450 3340 3559 3392 Hoc
3588 3343 3672 3393 ta-

1968 3436 2100 3475 men
2131 3438 2293 3492 opus,
2327 3437 2477 3476 anno
2506 3424 2647 3477 forte
2680 3425 3078 3478 trecentesimo
3109 3426 3479 3497 nonagesimo
3511 3428 3677 3498 septi-

1967 3524 2065 3561 mo
2094 3514 2363 3578 coeptum,
2398 3515 2533 3563 tunc
2561 3512 2835 3582 temporis
2862 3528 2976 3566 non
3020 3512 3289 3579 absolvit;
3331 3515 3424 3567 sed
3453 3515 3523 3569 ad
3555 3530 3673 3569 me-

1970 3597 2128 3650 dium
2151 3599 2512 3652 solummodo
2535 3604 2704 3669 caput
2727 3600 3062 3669 vigesimum
3086 3601 3351 3671 quintum
3378 3603 3505 3655 libri
3519 3603 3673 3657 tertii

1968 3685 2232 3755 perduxit
2257 3688 2506 3754 (Retract.
2541 3687 2636 3741 lib.
2669 3690 2721 3754 2,
2753 3703 2874 3756 cap.
2905 3689 2981 3759 4),
3006 3704 3069 3741 ac
3090 3689 3669 3762 statim,quamquam

1968 3773 2387 3843 imperfectum,
2408 3775 2672 3842 permisit
2692 3775 2750 3828 in
2775 3775 2980 3845 vulgus
3000 3776 3173 3844 exire,
3197 3778 3670 3849 quandoquidem

1967 3862 2025 3916 id
2057 3862 2193 3917 citat
2220 3862 2281 3916 in
2313 3864 2472 3917 libris
2503 3879 2643 3934 quos
2659 3870 2859 3918 contra
2878 3866 3148 3919 Faustum
3174 3867 3346 3936 paulo
3376 3870 3507 3937 post
3536 3884 3672 3922 con-

1971 3951 2196 4021 scripsit
2223 3953 2447 4020 (Contra
2472 3955 2752 4021 Faustum,
2783 3954 2877 4007 lib.
2907 3957 2996 4019 22,
3020 3971 3139 4024 cup.
3173 3956 3281 4025 9t).
3312 3956 3521 4010 Verum
3544 3973 3673 4011 cum

1970 4056 2146 4110 opera
2191 4056 2294 4094 sua
2339 4057 2751 4112 recognoscens
2797 4059 3063 4097 mancum
3111 4060 3255 4115 opus
3285 4045 3671 4116 comperisset,

1967 4129 2127 4199 prius
2156 4129 2571 4200 perliciendum
2615 4130 2721 4185 sibi
2752 4131 3113 4201 existimavit,
3146 4149 3318 4205 quam
3346 4135 3418 4189 ad
3448 4134 3555 4188 alia
3585 4151 3673 4188 re-

1966 4218 2260 4272 tractanda
2283 4221 2524 4289 gradum
2546 4221 2773 4275 faceret.
2800 4222 2955 4275 Tunc
2979 4221 3170 4293 itaque
3202 4223 3409 4276 librum
3437 4223 3669 4277 tertium

1968 4307 2285 4376 complevit,
2321 4313 2706 4379 quartumque
2747 4309 3032 4379 integrum
3065 4310 3271 4379 adjecit
3298 4313 3388 4375 (De
3419 4313 3674 4365 Doctrina

1969 4396 2183 4464 christ,
2206 4396 2303 4464 lib,
2331 4397 2384 4461 4,
2409 4412 2453 4451 c.
2478 4398 2567 4463 24,
2585 4413 2640 4451 n.
2666 4397 2777 4467 53),
2812 4399 3017 4468 elapsis
3046 4402 3179 4453 tunc
3196 4399 3265 4452 ab
3290 4399 3493 4453 itinere
3516 4402 3674 4472 quod

1968 4484 2037 4538 ad
2069 4484 2268 4538 urbem
2291 4485 2605 4540 Caesaream
2631 4487 2981 4541 Mauritaniae
3008 4504 3156 4541 anno
3179 4487 3383 4542 Christi
3401 4490 3675 4560 quadrin-

1968 4573 2286 4643 gentesimo
2319 4575 2539 4629 decimo
2570 4579 2783 4642 octavo,
2820 4592 3014 4630 mense
3045 4577 3376 4646 septembri,
3411 4594 3672 4650 suscepe-

1970 4667 2078 4731 rat,
2105 4662 2272 4716 annis
2308 4668 2432 4717 octo
2463 4664 2549 4718 vel
2579 4680 2808 4733 novem,
2839 4664 2895 4719 id
2926 4669 3024 4731 est,
3060 4681 3210 4719 anno
3244 4667 3470 4721 Domini
3500 4685 3675 4739 supra

1971 4750 2602 4821 quadringentesimum
2626 4757 2778 4807 sexto
2810 4757 2909 4807 aut
2934 4754 3198 4825 septimo.
3232 4755 3296 4810 In
3325 4758 3572 4812 secundo
3604 4758 3673 4812 li-

1971 4838 2097 4904 bro,
2134 4840 2229 4893 ubi
2266 4841 2456 4894 laudat
2486 4856 2630 4910 opus
2676 4841 2961 4896 Ambrosii
2993 4843 3144 4914 quod
3172 4861 3203 4899 a
3233 4846 3473 4900 Paulino
3502 4847 3679 4919 petie-

1968 4931 2078 4987 rat,
2101 4934 2359 4982 sanctum
2390 4929 2551 4983 illum
2576 4931 2878 5000 praesulem
2900 4937 3162 4988 nostrum
3189 4934 3555 4990 Ambrosium
3577 4952 3674 5007 ap-

1968 5018 2144 5087 pellat
2169 5017 2356 5089 (Ibid.,
2378 5018 2472 5073 lib.
2505 5020 2559 5086 2,
2581 5034 2627 5073 c.
2650 5020 2740 5085 28,
2763 5035 2819 5073 η.
2839 5021 2926 5090 43)
2977 5022 3131 5076 Unde
3153 5027 3367 5092 tamen,
3390 5029 3453 5078 ut
3474 5023 3673 5095 opina-

1972 5121 2120 5172 mur,
2154 5105 2350 5161 inferri
2380 5122 2496 5161 nou
2526 5111 2731 5179 potest,
2772 5107 2925 5162 hunc
2952 5114 3076 5165 tum
3105 5116 3206 5166 aut
3235 5112 3291 5166 in
3323 5112 3462 5166 vivis
3491 5112 3674 5166 adhuc

1971 5195 2174 5265 egisse,
2205 5199 2304 5250 aut
2332 5212 2361 5250 e
2392 5195 2532 5250 vivis
2573 5196 2694 5266 jam
2733 5198 3051 5253 excessisse.
3101 5200 3311 5266 Refert,
3345 5218 3403 5254 se
3436 5217 3549 5254 non
3596 5200 3673 5253 ita

1972 5283 2192 5354 pridem
2221 5283 2501 5354 accepisse
2531 5301 2563 5339 a
2591 5286 2939 5356 gravissimis
2971 5288 3126 5354 viris,
3157 5288 3381 5359 ﬁdeque
3410 5287 3674 5358 dignissi-

1972 5372 2100 5441 mis,
2132 5388 2357 5427 servum
2395 5373 2701 5429 barbarum
2746 5376 3141 5444 christianum,
3184 5375 3283 5447 qui
3314 5376 3529 5431 litteras
3558 5394 3673 5432 non

1971 5464 2183 5530 nosset,
2215 5461 2442 5532 plenam
2470 5479 2667 5519 earum
2693 5465 2955 5520 notitiam
2981 5464 3260 5519 triduanis
3288 5464 3551 5534 precibus
3581 5466 3675 5521 di-

1973 5550 2186 5605 vinitus
2214 5551 2547 5623 obtinuisse,
2580 5554 2720 5608 adeo
2753 5560 2812 5608 ut
2840 5553 3092 5607 codicem
3123 5553 3404 5623 oblatum,
3436 5558 3674 5626 stupen-
