  <div class='ocr_page' id='page_1' title='image "/cluster/home/n/w/nwhite01/storage/ocr_20150623/32/hvd.32044096580550/141.png"; bbox 0 0 4008 6184; ppageno 0'>
   <div class='ocr_carea' id='block_1_1' title="bbox 401 299 504 353">
    <p class='ocr_par' dir='ltr' id='par_1_1' title="bbox 401 299 504 353">
     <span class='ocr_line' id='line_1_1' title="bbox 401 299 504 353; baseline 0 0"><span class='ocrx_word' id='word_1_1' title='bbox 401 299 504 353; x_wconf 86' lang='lat'><strong>263</strong></span> 
     </span>
    </p>
   </div>
   <div class='ocr_carea' id='block_1_2' title="bbox 380 417 2078 494">
    <p class='ocr_par' dir='ltr' id='par_1_2' title="bbox 380 417 2078 494">
     <span class='ocr_line' id='line_1_2' title="bbox 380 417 2078 494; baseline -0.002 -16"><span class='ocrx_word' id='word_1_2' title='bbox 380 423 532 478; x_wconf 87' lang='lat' dir='ltr'><strong>tibus</strong></span> <span class='ocrx_word' id='word_1_3' title='bbox 563 421 662 494; x_wconf 87' lang='lat' dir='ltr'><strong>qui</strong></span> <span class='ocrx_word' id='word_1_4' title='bbox 687 418 1223 493; x_wconf 84' lang='lat' dir='ltr'><strong>aderant,expedite</strong></span> <span class='ocrx_word' id='word_1_5' title='bbox 1251 417 1491 492; x_wconf 89' lang='lat' dir='ltr'><strong>legendo</strong></span> <span class='ocrx_word' id='word_1_6' title='bbox 1512 418 1855 491; x_wconf 87' lang='lat' dir='ltr'><strong>percurrerit</strong></span> <span class='ocrx_word' id='word_1_7' title='bbox 1885 417 2078 489; x_wconf 83' lang='lat' dir='ltr'><strong>(Ibid.,</strong></span> 
     </span>
    </p>
   </div>
   <div class='ocr_carea' id='block_1_3' title="bbox 379 505 1778 581">
    <p class='ocr_par' dir='ltr' id='par_1_3' title="bbox 379 505 1778 581">
     <span class='ocr_line' id='line_1_3' title="bbox 379 505 1778 581; baseline -0.001 -14"><span class='ocrx_word' id='word_1_8' title='bbox 379 513 478 568; x_wconf 90' lang='lat' dir='ltr'><strong>lib.</strong></span> <span class='ocrx_word' id='word_1_9' title='bbox 516 515 566 576; x_wconf 89' lang='grc'><strong>1,</strong></span> <span class='ocrx_word' id='word_1_10' title='bbox 601 513 811 579; x_wconf 89' lang='lat' dir='ltr'><strong>Prolog.</strong></span> <span class='ocrx_word' id='word_1_11' title='bbox 845 527 899 566; x_wconf 78' lang='grc' dir='ltr'><strong>η.</strong></span> <span class='ocrx_word' id='word_1_12' title='bbox 933 511 1006 581; x_wconf 80' lang='grc'><strong>4).</strong></span> <span class='ocrx_word' id='word_1_13' title='bbox 1773 505 1778 512; x_wconf 79' lang='grc'><em>’</em></span> 
     </span>
    </p>
   </div>
   <div class='ocr_carea' id='block_1_4' title="bbox 450 601 2082 659">
    <p class='ocr_par' dir='ltr' id='par_1_4' title="bbox 450 601 2082 659">
     <span class='ocr_line' id='line_1_4' title="bbox 450 601 2082 659; baseline -0.002 0"><span class='ocrx_word' id='word_1_14' title='bbox 450 608 502 659; x_wconf 93' lang='lat'><strong>2.</strong></span> <span class='ocrx_word' id='word_1_15' title='bbox 554 605 687 659; x_wconf 88' lang='lat' dir='ltr'><strong>Post</strong></span> <span class='ocrx_word' id='word_1_16' title='bbox 734 604 907 659; x_wconf 93' lang='lat' dir='ltr'><strong>libros</strong></span> <span class='ocrx_word' id='word_1_17' title='bbox 952 603 1020 658; x_wconf 92' lang='lat' dir='ltr'><strong>de</strong></span> <span class='ocrx_word' id='word_1_18' title='bbox 1073 603 1333 658; x_wconf 80' lang='lat' dir='ltr'><strong>Doctrina</strong></span> <span class='ocrx_word' id='word_1_19' title='bbox 1385 602 1690 657; x_wconf 88' lang='lat' dir='ltr'><strong>christiana</strong></span> <span class='ocrx_word' id='word_1_20' title='bbox 1729 601 2082 656; x_wconf 82' lang='lat' dir='ltr'><strong>mentionem</strong></span> 
     </span>
    </p>
   </div>
   <div class='ocr_carea' id='block_1_5' title="bbox 381 693 2082 765">
    <p class='ocr_par' dir='ltr' id='par_1_5' title="bbox 381 693 2082 765">
     <span class='ocr_line' id='line_1_5' title="bbox 381 693 2082 765; baseline -0.002 -16"><span class='ocrx_word' id='word_1_21' title='bbox 381 694 517 750; x_wconf 82' lang='lat' dir='ltr'><strong>facit</strong></span> <span class='ocrx_word' id='word_1_22' title='bbox 540 694 890 765; x_wconf 79' lang='lat' dir='ltr'><strong>Augustinus</strong></span> <span class='ocrx_word' id='word_1_23' title='bbox 922 693 1166 748; x_wconf 89' lang='lat' dir='ltr'><strong>duorum</strong></span> <span class='ocrx_word' id='word_1_24' title='bbox 1190 693 1635 764; x_wconf 85' lang='lat' dir='ltr'><strong>librorum,quos</strong></span> <span class='ocrx_word' id='word_1_25' title='bbox 1653 693 1848 748; x_wconf 87' lang='lat' dir='ltr'><strong>Contra</strong></span> <span class='ocrx_word' id='word_1_26' title='bbox 1868 696 2082 762; x_wconf 89' lang='lat' dir='ltr'><strong>partem</strong></span> 
     </span>
    </p>
   </div>
   <div class='ocr_carea' id='block_1_6' title="bbox 374 781 2081 854">
    <p class='ocr_par' dir='ltr' id='par_1_6' title="bbox 374 781 2081 854">
     <span class='ocr_line' id='line_1_6' title="bbox 374 781 2081 854; baseline -0.003 -15"><span class='ocrx_word' id='word_1_27' title='bbox 374 786 574 839; x_wconf 80' lang='lat' dir='ltr'><strong>Donati</strong></span> <span class='ocrx_word' id='word_1_28' title='bbox 601 783 966 854; x_wconf 89' lang='lat' dir='ltr'><strong>inscripserat</strong></span> <span class='ocrx_word' id='word_1_29' title='bbox 999 783 1262 854; x_wconf 83' lang='lat' dir='ltr'><strong>(Retract.</strong></span> <span class='ocrx_word' id='word_1_30' title='bbox 1301 783 1394 836; x_wconf 88' lang='lat' dir='ltr'><strong>lib.</strong></span> <span class='ocrx_word' id='word_1_31' title='bbox 1427 785 1482 848; x_wconf 90' lang='lat'><strong>2,</strong></span> <span class='ocrx_word' id='word_1_32' title='bbox 1518 798 1639 851; x_wconf 85' lang='lat' dir='ltr'><strong>cap.</strong></span> <span class='ocrx_word' id='word_1_33' title='bbox 1675 782 1762 852; x_wconf 86' lang='lat'><strong>5);</strong></span> <span class='ocrx_word' id='word_1_34' title='bbox 1792 781 1889 835; x_wconf 91' lang='lat' dir='ltr'><strong>sed</strong></span> <span class='ocrx_word' id='word_1_35' title='bbox 1909 781 2081 836; x_wconf 90' lang='lat' dir='ltr'><strong>illiad</strong></span> 
     </span>
    </p>
   </div>
   <div class='ocr_carea' id='block_1_7' title="bbox 381 870 2080 944">
    <p class='ocr_par' dir='ltr' id='par_1_7' title="bbox 381 870 2080 944">
     <span class='ocr_line' id='line_1_7' title="bbox 381 870 2080 944; baseline -0.002 -16"><span class='ocrx_word' id='word_1_36' title='bbox 381 878 578 928; x_wconf 88' lang='lat' dir='ltr'><strong>nostra</strong></span> <span class='ocrx_word' id='word_1_37' title='bbox 596 877 856 944; x_wconf 88' lang='lat' dir='ltr'><strong>tempora</strong></span> <span class='ocrx_word' id='word_1_38' title='bbox 884 888 995 926; x_wconf 90' lang='lat' dir='ltr'><strong>non</strong></span> <span class='ocrx_word' id='word_1_39' title='bbox 1025 874 1420 942; x_wconf 87' lang='lat' dir='ltr'><strong>pervenerunt.</strong></span> <span class='ocrx_word' id='word_1_40' title='bbox 1447 871 1695 926; x_wconf 90' lang='lat' dir='ltr'><strong>Collocat</strong></span> <span class='ocrx_word' id='word_1_41' title='bbox 1713 870 1917 925; x_wconf 90' lang='lat' dir='ltr'><strong>deinde</strong></span> <span class='ocrx_word' id='word_1_42' title='bbox 1939 871 2080 924; x_wconf 90' lang='lat' dir='ltr'><strong>Con-</strong></span> 
     </span>
    </p>
   </div>
   <div class='ocr_carea' id='block_1_8' title="bbox 376 958 2080 1031">
    <p class='ocr_par' dir='ltr' id='par_1_8' title="bbox 376 958 2080 1031">
     <span class='ocr_line' id='line_1_8' title="bbox 376 958 2080 1031; baseline -0.004 -14"><span class='ocrx_word' id='word_1_43' title='bbox 376 962 688 1017; x_wconf 88' lang='lat' dir='ltr'><strong>fessionum</strong></span> <span class='ocrx_word' id='word_1_44' title='bbox 718 977 949 1015; x_wconf 89' lang='lat' dir='ltr'><strong>suarum</strong></span> <span class='ocrx_word' id='word_1_45' title='bbox 993 960 1190 1027; x_wconf 89' lang='lat' dir='ltr'><strong>libros,</strong></span> <span class='ocrx_word' id='word_1_46' title='bbox 1237 960 1297 1014; x_wconf 93' lang='lat' dir='ltr'><strong>in</strong></span> <span class='ocrx_word' id='word_1_47' title='bbox 1336 959 1546 1031; x_wconf 87' lang='lat' dir='ltr'><strong>quibus</strong></span> <span class='ocrx_word' id='word_1_48' title='bbox 1578 958 1676 1013; x_wconf 87' lang='lat' dir='ltr'><strong>Dei</strong></span> <span class='ocrx_word' id='word_1_49' title='bbox 1701 958 1984 1030; x_wconf 79' lang='lat' dir='ltr'><strong>justitiam</strong></span> <span class='ocrx_word' id='word_1_50' title='bbox 2017 975 2080 1012; x_wconf 90' lang='lat' dir='ltr'><strong>ac</strong></span> 
     </span>
    </p>
   </div>
   <div class='ocr_carea' id='block_1_9' title="bbox 381 1047 2078 1120">
    <p class='ocr_par' dir='ltr' id='par_1_9' title="bbox 381 1047 2078 1120">
     <span class='ocr_line' id='line_1_9' title="bbox 381 1047 2078 1120; baseline -0.002 -15"><span class='ocrx_word' id='word_1_51' title='bbox 381 1051 695 1105; x_wconf 90' lang='lat' dir='ltr'><strong>bonitatem</strong></span> <span class='ocrx_word' id='word_1_52' title='bbox 721 1050 779 1104; x_wconf 90' lang='lat' dir='ltr'><strong>in</strong></span> <span class='ocrx_word' id='word_1_53' title='bbox 810 1054 1171 1120; x_wconf 79' lang='lat' dir='ltr'><strong>peccatorum</strong></span> <span class='ocrx_word' id='word_1_54' title='bbox 1203 1065 1436 1103; x_wconf 89' lang='lat' dir='ltr'><strong>suorum</strong></span> <span class='ocrx_word' id='word_1_55' title='bbox 1468 1047 1858 1102; x_wconf 81' lang='lat' dir='ltr'><strong>recordatione</strong></span> <span class='ocrx_word' id='word_1_56' title='bbox 1887 1064 1950 1102; x_wconf 89' lang='lat' dir='ltr'><strong>ac</strong></span> <span class='ocrx_word' id='word_1_57' title='bbox 1980 1047 2078 1101; x_wconf 91' lang='lat' dir='ltr'><strong>be-</strong></span> 
     </span>
    </p>
   </div>
   <div class='ocr_carea' id='block_1_10' title="bbox 377 1137 2080 1209">
    <p class='ocr_par' dir='ltr' id='par_1_10' title="bbox 377 1137 2080 1209">
     <span class='ocr_line' id='line_1_10' title="bbox 377 1137 2080 1209; baseline -0.003 -15"><span class='ocrx_word' id='word_1_58' title='bbox 377 1140 717 1194; x_wconf 77' lang='lat' dir='ltr'><strong>neficiorum</strong></span> <span class='ocrx_word' id='word_1_59' title='bbox 750 1138 1024 1192; x_wconf 89' lang='lat' dir='ltr'><strong>divinitus</strong></span> <span class='ocrx_word' id='word_1_60' title='bbox 1065 1142 1420 1209; x_wconf 89' lang='lat' dir='ltr'><strong>acceptorum</strong></span> <span class='ocrx_word' id='word_1_61' title='bbox 1467 1137 1744 1191; x_wconf 82' lang='lat' dir='ltr'><strong>memoria</strong></span> <span class='ocrx_word' id='word_1_62' title='bbox 1781 1153 2080 1190; x_wconf 90' lang='lat' dir='ltr'><strong>commen-</strong></span> 
     </span>
    </p>
   </div>
   <div class='ocr_carea' id='block_1_11' title="bbox 378 1226 2081 1290">
    <p class='ocr_par' dir='ltr' id='par_1_11' title="bbox 378 1226 2081 1290">
     <span class='ocr_line' id='line_1_11' title="bbox 378 1226 2081 1290; baseline -0.002 -7"><span class='ocrx_word' id='word_1_63' title='bbox 378 1228 538 1290; x_wconf 88' lang='lat' dir='ltr'><strong>dans,</strong></span> <span class='ocrx_word' id='word_1_64' title='bbox 573 1229 819 1283; x_wconf 89' lang='lat' dir='ltr'><strong>hominis</strong></span> <span class='ocrx_word' id='word_1_65' title='bbox 853 1229 1204 1282; x_wconf 87' lang='lat' dir='ltr'><strong>intellectum</strong></span> <span class='ocrx_word' id='word_1_66' title='bbox 1227 1227 1286 1281; x_wconf 91' lang='lat' dir='ltr'><strong>in</strong></span> <span class='ocrx_word' id='word_1_67' title='bbox 1317 1243 1606 1281; x_wconf 89' lang='lat' dir='ltr'><strong>summum</strong></span> <span class='ocrx_word' id='word_1_68' title='bbox 1627 1226 1766 1281; x_wconf 90' lang='lat' dir='ltr'><strong>illud</strong></span> <span class='ocrx_word' id='word_1_69' title='bbox 1787 1227 1999 1280; x_wconf 89' lang='lat' dir='ltr'><strong>bonum</strong></span> <span class='ocrx_word' id='word_1_70' title='bbox 2023 1231 2081 1280; x_wconf 87' lang='lat' dir='ltr'><strong>et</strong></span> 
     </span>
    </p>
   </div>
   <div class='ocr_carea' id='block_1_12' title="bbox 375 1314 2078 1388">
    <p class='ocr_par' dir='ltr' id='par_1_12' title="bbox 375 1314 2078 1388">
     <span class='ocr_line' id='line_1_12' title="bbox 375 1314 2078 1388; baseline -0.002 -16"><span class='ocrx_word' id='word_1_71' title='bbox 375 1316 661 1372; x_wconf 74' lang='lat' dir='ltr'><strong>infinitam</strong></span> <span class='ocrx_word' id='word_1_72' title='bbox 703 1317 802 1372; x_wconf 89' lang='lat' dir='ltr'><strong>Dei</strong></span> <span class='ocrx_word' id='word_1_73' title='bbox 858 1317 1216 1388; x_wconf 87' lang='lat' dir='ltr'><strong>majestatem</strong></span> <span class='ocrx_word' id='word_1_74' title='bbox 1272 1315 1494 1370; x_wconf 79' lang='lat' dir='ltr'><strong>excitat.</strong></span> <span class='ocrx_word' id='word_1_75' title='bbox 1551 1317 1664 1369; x_wconf 89' lang='lat' dir='ltr'><strong>Hoc</strong></span> <span class='ocrx_word' id='word_1_76' title='bbox 1721 1314 1874 1369; x_wconf 87' lang='lat' dir='ltr'><strong>enim</strong></span> <span class='ocrx_word' id='word_1_77' title='bbox 1928 1314 1988 1368; x_wconf 91' lang='lat' dir='ltr'><strong>in</strong></span> <span class='ocrx_word' id='word_1_78' title='bbox 2019 1330 2078 1369; x_wconf 91' lang='lat' dir='ltr'><strong>se</strong></span> 
     </span>
    </p>
   </div>
   <div class='ocr_carea' id='block_1_13' title="bbox 376 1403 2080 1476">
    <p class='ocr_par' dir='ltr' id='par_1_13' title="bbox 376 1403 2080 1476">
     <span class='ocr_line' id='line_1_13' title="bbox 376 1403 2080 1476; baseline -0.002 -16"><span class='ocrx_word' id='word_1_79' title='bbox 376 1407 578 1476; x_wconf 84' lang='lat' dir='ltr'><strong>egisse,</strong></span> <span class='ocrx_word' id='word_1_80' title='bbox 612 1423 741 1460; x_wconf 89' lang='lat' dir='ltr'><strong>cum</strong></span> <span class='ocrx_word' id='word_1_81' title='bbox 776 1405 1177 1470; x_wconf 85' lang='lat' dir='ltr'><strong>scriberentur,</strong></span> <span class='ocrx_word' id='word_1_82' title='bbox 1211 1409 1266 1458; x_wconf 93' lang='lat' dir='ltr'><strong>et</strong></span> <span class='ocrx_word' id='word_1_83' title='bbox 1290 1420 1459 1474; x_wconf 89' lang='lat' dir='ltr'><strong>agere</strong></span> <span class='ocrx_word' id='word_1_84' title='bbox 1490 1420 1619 1458; x_wconf 89' lang='lat' dir='ltr'><strong>cum</strong></span> <span class='ocrx_word' id='word_1_85' title='bbox 1644 1403 2080 1476; x_wconf 87' lang='lat' dir='ltr'><strong>leguntur,mul-</strong></span> 
     </span>
    </p>
   </div>
   <div class='ocr_carea' id='block_1_14' title="bbox 375 1492 2074 1566">
    <p class='ocr_par' dir='ltr' id='par_1_14' title="bbox 375 1492 2074 1566">
     <span class='ocr_line' id='line_1_14' title="bbox 375 1492 2074 1566; baseline -0.001 -18"><span class='ocrx_word' id='word_1_86' title='bbox 375 1495 562 1566; x_wconf 87' lang='lat' dir='ltr'><strong>tisque</strong></span> <span class='ocrx_word' id='word_1_87' title='bbox 592 1493 864 1546; x_wconf 84' lang='lat' dir='ltr'><strong>fratribus</strong></span> <span class='ocrx_word' id='word_1_88' title='bbox 887 1509 984 1546; x_wconf 82' lang='lat' dir='ltr'><strong>eos</strong></span> <span class='ocrx_word' id='word_1_89' title='bbox 1005 1492 1282 1562; x_wconf 82' lang='lat' dir='ltr'><strong>placuisse</strong></span> <span class='ocrx_word' id='word_1_90' title='bbox 1305 1503 1360 1546; x_wconf 87' lang='lat' dir='ltr'><strong>et</strong></span> <span class='ocrx_word' id='word_1_91' title='bbox 1379 1493 1602 1563; x_wconf 85' lang='lat' dir='ltr'><strong>placere</strong></span> <span class='ocrx_word' id='word_1_92' title='bbox 1625 1496 1865 1547; x_wconf 87' lang='lat' dir='ltr'><strong>testatur</strong></span> <span class='ocrx_word' id='word_1_93' title='bbox 1886 1492 2074 1560; x_wconf 56' lang='lat' dir='ltr'><strong>(Ibid,</strong></span> 
     </span>
    </p>
   </div>
   <div class='ocr_carea' id='block_1_15' title="bbox 375 1581 2076 1653">
    <p class='ocr_par' dir='ltr' id='par_1_15' title="bbox 375 1581 2076 1653">
     <span class='ocr_line' id='line_1_15' title="bbox 375 1581 2076 1653; baseline -0.001 -17"><span class='ocrx_word' id='word_1_94' title='bbox 375 1598 433 1638; x_wconf 83' lang='grc' dir='ltr'><strong>η.</strong></span> <span class='ocrx_word' id='word_1_95' title='bbox 467 1585 543 1652; x_wconf 85' lang='grc'><strong>6).</strong></span> <span class='ocrx_word' id='word_1_96' title='bbox 571 1581 774 1636; x_wconf 82' lang='lat' dir='ltr'><strong>Scribit</strong></span> <span class='ocrx_word' id='word_1_97' title='bbox 793 1581 949 1648; x_wconf 87' lang='lat' dir='ltr'><strong>alibi,</strong></span> <span class='ocrx_word' id='word_1_98' title='bbox 967 1582 1188 1636; x_wconf 91' lang='lat' dir='ltr'><strong>nullum</strong></span> <span class='ocrx_word' id='word_1_99' title='bbox 1211 1597 1240 1636; x_wconf 89' lang='lat' dir='ltr'><strong>e</strong></span> <span class='ocrx_word' id='word_1_100' title='bbox 1267 1581 1381 1636; x_wconf 91' lang='lat' dir='ltr'><strong>suis</strong></span> <span class='ocrx_word' id='word_1_101' title='bbox 1404 1581 1673 1652; x_wconf 88' lang='lat' dir='ltr'><strong>operibus</strong></span> <span class='ocrx_word' id='word_1_102' title='bbox 1694 1586 1790 1635; x_wconf 89' lang='lat' dir='ltr'><strong>aut</strong></span> <span class='ocrx_word' id='word_1_103' title='bbox 1809 1581 2076 1653; x_wconf 87' lang='lat' dir='ltr'><strong>frequen-</strong></span> 
     </span>
    </p>
   </div>
   <div class='ocr_carea' id='block_1_16' title="bbox 376 1668 2076 1740">
    <p class='ocr_par' dir='ltr' id='par_1_16' title="bbox 376 1668 2076 1740">
     <span class='ocr_line' id='line_1_16' title="bbox 376 1668 2076 1740; baseline 0.001 -18"><span class='ocrx_word' id='word_1_104' title='bbox 376 1669 509 1735; x_wconf 84' lang='lat' dir='ltr'><strong>tius,</strong></span> <span class='ocrx_word' id='word_1_105' title='bbox 531 1674 630 1723; x_wconf 90' lang='lat' dir='ltr'><strong>aut</strong></span> <span class='ocrx_word' id='word_1_106' title='bbox 645 1668 1035 1723; x_wconf 87' lang='lat' dir='ltr'><strong>delectabilius</strong></span> <span class='ocrx_word' id='word_1_107' title='bbox 1059 1669 1230 1724; x_wconf 89' lang='lat' dir='ltr'><strong>fuisse</strong></span> <span class='ocrx_word' id='word_1_108' title='bbox 1243 1669 1558 1740; x_wconf 86' lang='lat' dir='ltr'><strong>perlectum</strong></span> <span class='ocrx_word' id='word_1_109' title='bbox 1578 1669 1674 1737; x_wconf 90' lang='lat' dir='ltr'><strong>(De</strong></span> <span class='ocrx_word' id='word_1_110' title='bbox 1686 1672 1829 1724; x_wconf 90' lang='lat' dir='ltr'><strong>Dono</strong></span> <span class='ocrx_word' id='word_1_111' title='bbox 1845 1685 2050 1739; x_wconf 83' lang='lat' dir='ltr'><strong>persev.</strong></span> <span class='ocrx_word' id='word_1_112' title='bbox 2063 1709 2076 1736; x_wconf 97' lang='lat'><strong>,</strong></span> 
     </span>
    </p>
   </div>
   <div class='ocr_carea' id='block_1_17' title="bbox 374 1758 2075 1828">
    <p class='ocr_par' dir='ltr' id='par_1_17' title="bbox 374 1758 2075 1828">
     <span class='ocr_line' id='line_1_17' title="bbox 374 1758 2075 1828; baseline 0.001 -16"><span class='ocrx_word' id='word_1_113' title='bbox 374 1773 430 1812; x_wconf 82' lang='grc' dir='ltr'><strong>η.</strong></span> <span class='ocrx_word' id='word_1_114' title='bbox 466 1759 579 1828; x_wconf 82' lang='grc'><strong>53).</strong></span> <span class='ocrx_word' id='word_1_115' title='bbox 615 1758 736 1811; x_wconf 84' lang='lat' dir='ltr'><strong>Non</strong></span> <span class='ocrx_word' id='word_1_116' title='bbox 768 1761 890 1812; x_wconf 87' lang='lat' dir='ltr'><strong>erat</strong></span> <span class='ocrx_word' id='word_1_117' title='bbox 919 1763 1110 1812; x_wconf 87' lang='lat' dir='ltr'><strong>tamen</strong></span> <span class='ocrx_word' id='word_1_118' title='bbox 1141 1759 1365 1812; x_wconf 89' lang='lat' dir='ltr'><strong>nescius</strong></span> <span class='ocrx_word' id='word_1_119' title='bbox 1386 1775 1418 1812; x_wconf 90' lang='lat' dir='ltr'><strong>a</strong></span> <span class='ocrx_word' id='word_1_120' title='bbox 1440 1759 1728 1813; x_wconf 87' lang='lat' dir='ltr'><strong>nonnullis</strong></span> <span class='ocrx_word' id='word_1_121' title='bbox 1749 1759 1940 1813; x_wconf 83' lang='lat' dir='ltr'><strong>forsan</strong></span> <span class='ocrx_word' id='word_1_122' title='bbox 1967 1759 2075 1814; x_wconf 91' lang='lat' dir='ltr'><strong>im-</strong></span> 
     </span>
    </p>
   </div>
   <div class='ocr_carea' id='block_1_18' title="bbox 376 1845 2076 1919">
    <p class='ocr_par' dir='ltr' id='par_1_18' title="bbox 376 1845 2076 1919">
     <span class='ocr_line' id='line_1_18' title="bbox 376 1845 2076 1919; baseline 0.001 -19"><span class='ocrx_word' id='word_1_123' title='bbox 376 1846 682 1917; x_wconf 88' lang='lat' dir='ltr'><strong>probatum</strong></span> <span class='ocrx_word' id='word_1_124' title='bbox 733 1846 803 1900; x_wconf 92' lang='lat' dir='ltr'><strong>iri</strong></span> <span class='ocrx_word' id='word_1_125' title='bbox 858 1845 1117 1915; x_wconf 84' lang='lat' dir='ltr'><strong>(Retract.</strong></span> <span class='ocrx_word' id='word_1_126' title='bbox 1166 1847 1259 1902; x_wconf 92' lang='lat' dir='ltr'><strong>lib.</strong></span> <span class='ocrx_word' id='word_1_127' title='bbox 1307 1849 1362 1910; x_wconf 87' lang='lat'><strong>2,</strong></span> <span class='ocrx_word' id='word_1_128' title='bbox 1402 1863 1522 1917; x_wconf 85' lang='lat' dir='ltr'><strong>cap.</strong></span> <span class='ocrx_word' id='word_1_129' title='bbox 1556 1850 1628 1915; x_wconf 88' lang='lat'><strong>6).</strong></span> <span class='ocrx_word' id='word_1_130' title='bbox 1666 1849 1729 1902; x_wconf 86' lang='lat' dir='ltr'><strong>Et</strong></span> <span class='ocrx_word' id='word_1_131' title='bbox 1757 1864 1816 1902; x_wconf 90' lang='lat' dir='ltr'><strong>re</strong></span> <span class='ocrx_word' id='word_1_132' title='bbox 1843 1848 2076 1919; x_wconf 89' lang='lat' dir='ltr'><strong>quidem</strong></span> 
     </span>
    </p>
   </div>
   <div class='ocr_carea' id='block_1_19' title="bbox 376 1931 2078 2008">
    <p class='ocr_par' dir='ltr' id='par_1_19' title="bbox 376 1931 2078 2008">
     <span class='ocr_line' id='line_1_19' title="bbox 376 1931 2078 2008; baseline 0.002 -19"><span class='ocrx_word' id='word_1_133' title='bbox 376 1935 499 2006; x_wconf 88' lang='lat' dir='ltr'><strong>ipsa</strong></span> <span class='ocrx_word' id='word_1_134' title='bbox 525 1951 654 1989; x_wconf 89' lang='lat' dir='ltr'><strong>cum</strong></span> <span class='ocrx_word' id='word_1_135' title='bbox 681 1935 988 2006; x_wconf 89' lang='lat' dir='ltr'><strong>aliquando</strong></span> <span class='ocrx_word' id='word_1_136' title='bbox 1008 1952 1041 1989; x_wconf 93' lang='lat' dir='ltr'><strong>a</strong></span> <span class='ocrx_word' id='word_1_137' title='bbox 1062 1937 1313 2006; x_wconf 89' lang='lat' dir='ltr'><strong>quodam</strong></span> <span class='ocrx_word' id='word_1_138' title='bbox 1335 1935 1599 2007; x_wconf 88' lang='lat' dir='ltr'><strong>episcopo</strong></span> <span class='ocrx_word' id='word_1_139' title='bbox 1623 1937 1744 1992; x_wconf 65' lang='lat' dir='ltr'><strong>haec</strong></span> <span class='ocrx_word' id='word_1_140' title='bbox 1771 1939 1892 2008; x_wconf 85' lang='lat' dir='ltr'><strong>ejus</strong></span> <span class='ocrx_word' id='word_1_141' title='bbox 1910 1931 2078 1992; x_wconf 74' lang='lat' dir='ltr'><strong>verba</strong></span> 
     </span>
    </p>
   </div>
   <div class='ocr_carea' id='block_1_20' title="bbox 377 2023 2078 2096">
    <p class='ocr_par' dir='ltr' id='par_1_20' title="bbox 377 2023 2078 2096">
     <span class='ocr_line' id='line_1_20' title="bbox 377 2023 2078 2096; baseline 0.002 -20"><span class='ocrx_word' id='word_1_142' title='bbox 377 2023 571 2077; x_wconf 74' lang='lat' dir='ltr'><strong>Roma:</strong></span> <span class='ocrx_word' id='word_1_143' title='bbox 601 2027 1208 2092; x_wconf 85' lang='lat' dir='ltr'><strong>commemorarentur,</strong></span> <span class='ocrx_word' id='word_1_144' title='bbox 1236 2028 1316 2080; x_wconf 91' lang='lat' dir='ltr'><strong>Da</strong></span> <span class='ocrx_word' id='word_1_145' title='bbox 1347 2026 1491 2093; x_wconf 82' lang='lat' dir='ltr'><strong>quod</strong></span> <span class='ocrx_word' id='word_1_146' title='bbox 1501 2025 1678 2095; x_wconf 86' lang='lat' dir='ltr'><strong>jubes,</strong></span> <span class='ocrx_word' id='word_1_147' title='bbox 1701 2031 1752 2080; x_wconf 89' lang='lat' dir='ltr'><strong>et</strong></span> <span class='ocrx_word' id='word_1_148' title='bbox 1773 2027 1904 2096; x_wconf 86' lang='lat' dir='ltr'><strong>jube</strong></span> <span class='ocrx_word' id='word_1_149' title='bbox 1933 2027 2078 2096; x_wconf 87' lang='lat' dir='ltr'><strong>quod</strong></span> 
     </span>
    </p>
   </div>
   <div class='ocr_carea' id='block_1_21' title="bbox 371 2113 2074 2184">
    <p class='ocr_par' dir='ltr' id='par_1_21' title="bbox 371 2113 2074 2184">
     <span class='ocr_line' id='line_1_21' title="bbox 371 2113 2074 2184; baseline 0.003 -18"><span class='ocrx_word' id='word_1_150' title='bbox 371 2115 484 2179; x_wconf 77' lang='lat' dir='ltr'><strong>ris;</strong></span> <span class='ocrx_word' id='word_1_151' title='bbox 515 2113 776 2183; x_wconf 83' lang='lat' dir='ltr'><strong>Pelagius</strong></span> <span class='ocrx_word' id='word_1_152' title='bbox 807 2113 906 2184; x_wconf 92' lang='lat' dir='ltr'><strong>qui</strong></span> <span class='ocrx_word' id='word_1_153' title='bbox 933 2113 1147 2180; x_wconf 89' lang='lat' dir='ltr'><strong>aderat,</strong></span> <span class='ocrx_word' id='word_1_154' title='bbox 1181 2118 1235 2167; x_wconf 90' lang='lat' dir='ltr'><strong>et</strong></span> <span class='ocrx_word' id='word_1_155' title='bbox 1257 2113 1486 2168; x_wconf 66' lang='lat' dir='ltr'><strong>haeresis</strong></span> <span class='ocrx_word' id='word_1_156' title='bbox 1509 2131 1624 2169; x_wconf 83' lang='lat' dir='ltr'><strong>suae</strong></span> <span class='ocrx_word' id='word_1_157' title='bbox 1649 2114 1800 2170; x_wconf 85' lang='lat' dir='ltr'><strong>virus</strong></span> <span class='ocrx_word' id='word_1_158' title='bbox 1830 2117 2074 2171; x_wconf 91' lang='lat' dir='ltr'><strong>necdum</strong></span> 
     </span>
    </p>
   </div>
   <div class='ocr_carea' id='block_1_22' title="bbox 373 2201 2072 2272">
    <p class='ocr_par' dir='ltr' id='par_1_22' title="bbox 373 2201 2072 2272">
     <span class='ocr_line' id='line_1_22' title="bbox 373 2201 2072 2272; baseline 0.003 -17"><span class='ocrx_word' id='word_1_159' title='bbox 373 2201 682 2271; x_wconf 86' lang='lat' dir='ltr'><strong>retegebat,</strong></span> <span class='ocrx_word' id='word_1_160' title='bbox 724 2217 790 2254; x_wconf 81' lang='lat' dir='ltr'><strong>ea</strong></span> <span class='ocrx_word' id='word_1_161' title='bbox 833 2201 979 2255; x_wconf 86' lang='lat' dir='ltr'><strong>ferre</strong></span> <span class='ocrx_word' id='word_1_162' title='bbox 1022 2218 1135 2256; x_wconf 92' lang='lat' dir='ltr'><strong>non</strong></span> <span class='ocrx_word' id='word_1_163' title='bbox 1174 2201 1392 2272; x_wconf 90' lang='lat' dir='ltr'><strong>potuit;</strong></span> <span class='ocrx_word' id='word_1_164' title='bbox 1447 2207 1501 2257; x_wconf 91' lang='lat' dir='ltr'><strong>ot</strong></span> <span class='ocrx_word' id='word_1_165' title='bbox 1549 2204 1940 2258; x_wconf 89' lang='lat' dir='ltr'><strong>contradicens</strong></span> <span class='ocrx_word' id='word_1_166' title='bbox 1970 2206 2072 2260; x_wconf 89' lang='lat' dir='ltr'><strong>ali-</strong></span> 
     </span>
    </p>
   </div>
   <div class='ocr_carea' id='block_1_23' title="bbox 373 2288 2077 2362">
    <p class='ocr_par' dir='ltr' id='par_1_23' title="bbox 373 2288 2077 2362">
     <span class='ocr_line' id='line_1_23' title="bbox 373 2288 2077 2362; baseline 0.003 -19"><span class='ocrx_word' id='word_1_167' title='bbox 373 2288 602 2362; x_wconf 85' lang='lat' dir='ltr'><strong>quando</strong></span> <span class='ocrx_word' id='word_1_168' title='bbox 633 2289 993 2357; x_wconf 90' lang='lat' dir='ltr'><strong>commotius,</strong></span> <span class='ocrx_word' id='word_1_169' title='bbox 1026 2306 1170 2361; x_wconf 89' lang='lat' dir='ltr'><strong>pene</strong></span> <span class='ocrx_word' id='word_1_170' title='bbox 1199 2307 1329 2344; x_wconf 89' lang='lat' dir='ltr'><strong>cum</strong></span> <span class='ocrx_word' id='word_1_171' title='bbox 1361 2307 1448 2358; x_wconf 91' lang='lat' dir='ltr'><strong>eo,</strong></span> <span class='ocrx_word' id='word_1_172' title='bbox 1481 2290 1579 2362; x_wconf 93' lang='lat' dir='ltr'><strong>qui</strong></span> <span class='ocrx_word' id='word_1_173' title='bbox 1609 2291 1706 2345; x_wconf 90' lang='lat' dir='ltr'><strong>illa</strong></span> <span class='ocrx_word' id='word_1_174' title='bbox 1735 2308 2077 2348; x_wconf 88' lang='lat' dir='ltr'><strong>commemo-</strong></span> 
     </span>
    </p>
   </div>
   <div class='ocr_carea' id='block_1_24' title="bbox 372 2378 2074 2454">
    <p class='ocr_par' dir='ltr' id='par_1_24' title="bbox 372 2378 2074 2454">
     <span class='ocr_line' id='line_1_24' title="bbox 372 2378 2074 2454; baseline 0.002 -21"><span class='ocrx_word' id='word_1_175' title='bbox 372 2382 614 2445; x_wconf 87' lang='lat' dir='ltr'><strong>raverat,</strong></span> <span class='ocrx_word' id='word_1_176' title='bbox 643 2378 886 2449; x_wconf 82' lang='lat' dir='ltr'><strong>litigavit</strong></span> <span class='ocrx_word' id='word_1_177' title='bbox 917 2381 1012 2448; x_wconf 90' lang='lat' dir='ltr'><strong>(De</strong></span> <span class='ocrx_word' id='word_1_178' title='bbox 1032 2382 1176 2433; x_wconf 86' lang='lat' dir='ltr'><strong>Dono</strong></span> <span class='ocrx_word' id='word_1_179' title='bbox 1191 2395 1424 2449; x_wconf 87' lang='lat' dir='ltr'><strong>persev.,</strong></span> <span class='ocrx_word' id='word_1_180' title='bbox 1456 2396 1511 2435; x_wconf 79' lang='grc' dir='ltr'><em>η,</em></span> <span class='ocrx_word' id='word_1_181' title='bbox 1545 2382 1652 2452; x_wconf 83' lang='grc'><strong>53).</strong></span> <span class='ocrx_word' id='word_1_182' title='bbox 1677 2382 1885 2436; x_wconf 88' lang='lat' dir='ltr'><strong>Verum</strong></span> <span class='ocrx_word' id='word_1_183' title='bbox 1909 2383 2074 2454; x_wconf 89' lang='lat' dir='ltr'><strong>longe</strong></span> 
     </span>
    </p>
   </div>
   <div class='ocr_carea' id='block_1_25' title="bbox 370 2466 2077 2541">
    <p class='ocr_par' dir='ltr' id='par_1_25' title="bbox 370 2466 2077 2541">
     <span class='ocr_line' id='line_1_25' title="bbox 370 2466 2077 2541; baseline 0.003 -20"><span class='ocrx_word' id='word_1_184' title='bbox 370 2468 566 2539; x_wconf 88' lang='lat' dir='ltr'><strong>plures</strong></span> <span class='ocrx_word' id='word_1_185' title='bbox 606 2473 738 2520; x_wconf 90' lang='lat' dir='ltr'><strong>sunt</strong></span> <span class='ocrx_word' id='word_1_186' title='bbox 774 2466 872 2521; x_wconf 85' lang='lat' dir='ltr'><strong>alii</strong></span> <span class='ocrx_word' id='word_1_187' title='bbox 920 2467 1089 2538; x_wconf 84' lang='lat' dir='ltr'><strong>hujus</strong></span> <span class='ocrx_word' id='word_1_188' title='bbox 1135 2467 1324 2539; x_wconf 90' lang='lat' dir='ltr'><strong>operis</strong></span> <span class='ocrx_word' id='word_1_189' title='bbox 1356 2468 1486 2534; x_wconf 92' lang='lat' dir='ltr'><strong>loci,</strong></span> <span class='ocrx_word' id='word_1_190' title='bbox 1516 2469 1670 2523; x_wconf 92' lang='lat' dir='ltr'><strong>unde</strong></span> <span class='ocrx_word' id='word_1_191' title='bbox 1702 2469 1990 2541; x_wconf 85' lang='lat' dir='ltr'><strong>Pelagiani</strong></span> <span class='ocrx_word' id='word_1_192' title='bbox 2021 2476 2077 2526; x_wconf 88' lang='lat' dir='ltr'><strong>et</strong></span> 
     </span>
    </p>
   </div>
   <div class='ocr_carea' id='block_1_26' title="bbox 373 2555 2074 2628">
    <p class='ocr_par' dir='ltr' id='par_1_26' title="bbox 373 2555 2074 2628">
     <span class='ocr_line' id='line_1_26' title="bbox 373 2555 2074 2628; baseline 0.002 -18"><span class='ocrx_word' id='word_1_193' title='bbox 373 2555 818 2626; x_wconf 89' lang='lat' dir='ltr'><strong>Semipelagiani</strong></span> <span class='ocrx_word' id='word_1_194' title='bbox 869 2555 1110 2610; x_wconf 84' lang='lat' dir='ltr'><strong>debeant</strong></span> <span class='ocrx_word' id='word_1_195' title='bbox 1174 2556 1549 2611; x_wconf 78' lang='lat' dir='ltr'><strong>offensionem</strong></span> <span class='ocrx_word' id='word_1_196' title='bbox 1605 2557 1882 2628; x_wconf 89' lang='lat' dir='ltr'><strong>accipere,</strong></span> <span class='ocrx_word' id='word_1_197' title='bbox 1944 2575 2074 2614; x_wconf 92' lang='lat' dir='ltr'><strong>cum</strong></span> 
     </span>
    </p>
   </div>
   <div class='ocr_carea' id='block_1_27' title="bbox 373 2644 2074 2718">
    <p class='ocr_par' dir='ltr' id='par_1_27' title="bbox 373 2644 2074 2718">
     <span class='ocr_line' id='line_1_27' title="bbox 373 2644 2074 2718; baseline 0.002 -19"><span class='ocrx_word' id='word_1_198' title='bbox 373 2644 605 2700; x_wconf 90' lang='lat' dir='ltr'><strong>illorum</strong></span> <span class='ocrx_word' id='word_1_199' title='bbox 635 2661 860 2700; x_wconf 89' lang='lat' dir='ltr'><strong>errores</strong></span> <span class='ocrx_word' id='word_1_200' title='bbox 885 2646 1141 2700; x_wconf 90' lang='lat' dir='ltr'><strong>nondum</strong></span> <span class='ocrx_word' id='word_1_201' title='bbox 1167 2651 1418 2715; x_wconf 83' lang='lat' dir='ltr'><strong>exortos,</strong></span> <span class='ocrx_word' id='word_1_202' title='bbox 1448 2645 1508 2700; x_wconf 93' lang='lat' dir='ltr'><strong>in</strong></span> <span class='ocrx_word' id='word_1_203' title='bbox 1539 2647 1643 2700; x_wconf 90' lang='lat' dir='ltr'><strong>hoc</strong></span> <span class='ocrx_word' id='word_1_204' title='bbox 1667 2663 1836 2718; x_wconf 89' lang='lat' dir='ltr'><strong>opere</strong></span> <span class='ocrx_word' id='word_1_205' title='bbox 1864 2648 2074 2718; x_wconf 89' lang='lat' dir='ltr'><strong>passim</strong></span> 
     </span>
    </p>
   </div>
   <div class='ocr_carea' id='block_1_28' title="bbox 376 2734 2074 2806">
    <p class='ocr_par' dir='ltr' id='par_1_28' title="bbox 376 2734 2074 2806">
     <span class='ocr_line' id='line_1_28' title="bbox 376 2734 2074 2806; baseline 0.001 -18"><span class='ocrx_word' id='word_1_206' title='bbox 376 2735 699 2805; x_wconf 86' lang='lat' dir='ltr'><strong>impugnet.</strong></span> <span class='ocrx_word' id='word_1_207' title='bbox 750 2737 1018 2805; x_wconf 86' lang='lat' dir='ltr'><strong>Apparet,</strong></span> <span class='ocrx_word' id='word_1_208' title='bbox 1071 2734 1413 2790; x_wconf 87' lang='lat' dir='ltr'><strong>Petiliauum</strong></span> <span class='ocrx_word' id='word_1_209' title='bbox 1456 2735 1718 2806; x_wconf 65' lang='lat' dir='ltr'><strong>quaedam</strong></span> <span class='ocrx_word' id='word_1_210' title='bbox 1747 2738 1914 2790; x_wconf 89' lang='lat' dir='ltr'><strong>verba</strong></span> <span class='ocrx_word' id='word_1_211' title='bbox 1943 2737 2074 2791; x_wconf 87' lang='lat' dir='ltr'><strong>libri</strong></span> 
     </span>
    </p>
   </div>
   <div class='ocr_carea' id='block_1_29' title="bbox 373 2823 2075 2898">
    <p class='ocr_par' dir='ltr' id='par_1_29' title="bbox 373 2823 2075 2898">
     <span class='ocr_line' id='line_1_29' title="bbox 373 2823 2075 2898; baseline 0.002 -21"><span class='ocrx_word' id='word_1_212' title='bbox 373 2823 528 2878; x_wconf 88' lang='lat' dir='ltr'><strong>tertii</strong></span> <span class='ocrx_word' id='word_1_213' title='bbox 566 2824 999 2878; x_wconf 89' lang='lat' dir='ltr'><strong>Confessionum</strong></span> <span class='ocrx_word' id='word_1_214' title='bbox 1051 2830 1399 2896; x_wconf 65' lang='lat' dir='ltr'><strong>praepostero</strong></span> <span class='ocrx_word' id='word_1_215' title='bbox 1439 2841 1606 2879; x_wconf 90' lang='lat' dir='ltr'><strong>sensu</strong></span> <span class='ocrx_word' id='word_1_216' title='bbox 1664 2827 1962 2898; x_wconf 86' lang='lat' dir='ltr'><strong>accepisse,</strong></span> <span class='ocrx_word' id='word_1_217' title='bbox 2014 2830 2075 2881; x_wconf 91' lang='lat' dir='ltr'><strong>ut</strong></span> 
     </span>
    </p>
   </div>
   <div class='ocr_carea' id='block_1_30' title="bbox 374 2912 2076 2986">
    <p class='ocr_par' dir='ltr' id='par_1_30' title="bbox 374 2912 2076 2986">
     <span class='ocr_line' id='line_1_30' title="bbox 374 2912 2076 2986; baseline 0.002 -20"><span class='ocrx_word' id='word_1_218' title='bbox 374 2912 506 2968; x_wconf 89' lang='lat' dir='ltr'><strong>inde</strong></span> <span class='ocrx_word' id='word_1_219' title='bbox 537 2929 735 2967; x_wconf 87' lang='lat' dir='ltr'><strong>ansam</strong></span> <span class='ocrx_word' id='word_1_220' title='bbox 765 2930 832 2969; x_wconf 91' lang='lat' dir='ltr'><strong>ea</strong></span> <span class='ocrx_word' id='word_1_221' title='bbox 861 2913 1204 2969; x_wconf 85' lang='lat' dir='ltr'><strong>criminandi</strong></span> <span class='ocrx_word' id='word_1_222' title='bbox 1248 2915 1558 2985; x_wconf 87' lang='lat' dir='ltr'><strong>arriperet;</strong></span> <span class='ocrx_word' id='word_1_223' title='bbox 1597 2915 1854 2986; x_wconf 79' lang='lat' dir='ltr'><strong>quamvis</strong></span> <span class='ocrx_word' id='word_1_224' title='bbox 1887 2922 1944 2970; x_wconf 88' lang='lat' dir='ltr'><strong>et</strong></span> <span class='ocrx_word' id='word_1_225' title='bbox 1970 2932 2076 2986; x_wconf 90' lang='lat' dir='ltr'><strong>per</strong></span> 
     </span>
    </p>
   </div>
   <div class='ocr_carea' id='block_1_31' title="bbox 372 3002 2075 3074">
    <p class='ocr_par' dir='ltr' id='par_1_31' title="bbox 372 3002 2075 3074">
     <span class='ocr_line' id='line_1_31' title="bbox 372 3002 2075 3074; baseline 0.002 -19"><span class='ocrx_word' id='word_1_226' title='bbox 372 3017 430 3056; x_wconf 89' lang='lat' dir='ltr'><strong>se</strong></span> <span class='ocrx_word' id='word_1_227' title='bbox 456 3002 777 3074; x_wconf 89' lang='lat' dir='ltr'><strong>perspicua,</strong></span> <span class='ocrx_word' id='word_1_228' title='bbox 811 3006 866 3055; x_wconf 91' lang='lat' dir='ltr'><strong>et</strong></span> <span class='ocrx_word' id='word_1_229' title='bbox 891 3019 957 3056; x_wconf 85' lang='lat' dir='ltr'><strong>ex</strong></span> <span class='ocrx_word' id='word_1_230' title='bbox 990 3003 1184 3057; x_wconf 89' lang='lat' dir='ltr'><strong>multis</strong></span> <span class='ocrx_word' id='word_1_231' title='bbox 1225 3008 1355 3058; x_wconf 92' lang='lat' dir='ltr'><strong>ante</strong></span> <span class='ocrx_word' id='word_1_232' title='bbox 1386 3009 1442 3058; x_wconf 90' lang='lat' dir='ltr'><strong>et</strong></span> <span class='ocrx_word' id='word_1_233' title='bbox 1467 3009 1664 3074; x_wconf 87' lang='lat' dir='ltr'><strong>postea</strong></span> <span class='ocrx_word' id='word_1_234' title='bbox 1693 3005 1855 3059; x_wconf 90' lang='lat' dir='ltr'><strong>dictis</strong></span> <span class='ocrx_word' id='word_1_235' title='bbox 1888 3011 2075 3061; x_wconf 88' lang='lat' dir='ltr'><strong>essent</strong></span> 
     </span>
    </p>
   </div>
   <div class='ocr_carea' id='block_1_32' title="bbox 371 3089 2073 3163">
    <p class='ocr_par' dir='ltr' id='par_1_32' title="bbox 371 3089 2073 3163">
     <span class='ocr_line' id='line_1_32' title="bbox 371 3089 2073 3163; baseline 0.004 -21"><span class='ocrx_word' id='word_1_236' title='bbox 371 3089 673 3144; x_wconf 87' lang='lat' dir='ltr'><strong>manifesta</strong></span> <span class='ocrx_word' id='word_1_237' title='bbox 703 3090 884 3157; x_wconf 85' lang='lat' dir='ltr'><strong>(Cont.</strong></span> <span class='ocrx_word' id='word_1_238' title='bbox 913 3093 1045 3144; x_wconf 87' lang='lat' dir='ltr'><strong>Litt.</strong></span> <span class='ocrx_word' id='word_1_239' title='bbox 1066 3092 1247 3154; x_wconf 86' lang='lat' dir='ltr'><strong>Petil.,</strong></span> <span class='ocrx_word' id='word_1_240' title='bbox 1270 3093 1363 3146; x_wconf 82' lang='lat' dir='ltr'><strong>lib.</strong></span> <span class='ocrx_word' id='word_1_241' title='bbox 1398 3096 1449 3159; x_wconf 89' lang='lat'><strong>3,</strong></span> <span class='ocrx_word' id='word_1_242' title='bbox 1481 3109 1535 3146; x_wconf 73' lang='grc' dir='ltr'><strong>τι.</strong></span> <span class='ocrx_word' id='word_1_243' title='bbox 1571 3096 1684 3163; x_wconf 89' lang='grc'>60).</span> <span class='ocrx_word' id='word_1_244' title='bbox 1709 3094 1850 3148; x_wconf 90' lang='lat' dir='ltr'><strong>Cum</strong></span> <span class='ocrx_word' id='word_1_245' title='bbox 1876 3093 2073 3149; x_wconf 89' lang='lat' dir='ltr'><strong>Darius</strong></span> 
     </span>
    </p>
   </div>
   <div class='ocr_carea' id='block_1_33' title="bbox 372 3177 2070 3252">
    <p class='ocr_par' dir='ltr' id='par_1_33' title="bbox 372 3177 2070 3252">
     <span class='ocr_line' id='line_1_33' title="bbox 372 3177 2070 3252; baseline 0.004 -22"><span class='ocrx_word' id='word_1_246' title='bbox 372 3177 572 3230; x_wconf 86' lang='lat' dir='ltr'><strong>Comes</strong></span> <span class='ocrx_word' id='word_1_247' title='bbox 603 3177 1036 3232; x_wconf 86' lang='lat' dir='ltr'><strong>Confessionum</strong></span> <span class='ocrx_word' id='word_1_248' title='bbox 1064 3179 1237 3232; x_wconf 89' lang='lat' dir='ltr'><strong>libros</strong></span> <span class='ocrx_word' id='word_1_249' title='bbox 1263 3179 1334 3233; x_wconf 91' lang='lat' dir='ltr'><strong>ab</strong></span> <span class='ocrx_word' id='word_1_250' title='bbox 1363 3180 1678 3252; x_wconf 75' lang='lat' dir='ltr'><strong>Augustino</strong></span> <span class='ocrx_word' id='word_1_251' title='bbox 1710 3183 2070 3252; x_wconf 84' lang='lat' dir='ltr'><strong>postulasset,</strong></span> 
     </span>
    </p>
   </div>
   <div class='ocr_carea' id='block_1_34' title="bbox 371 3265 2074 3339">
    <p class='ocr_par' dir='ltr' id='par_1_34' title="bbox 371 3265 2074 3339">
     <span class='ocr_line' id='line_1_34' title="bbox 371 3265 2074 3339; baseline 0.005 -22"><span class='ocrx_word' id='word_1_252' title='bbox 371 3281 467 3318; x_wconf 91' lang='lat' dir='ltr'><strong>eos</strong></span> <span class='ocrx_word' id='word_1_253' title='bbox 499 3265 592 3318; x_wconf 90' lang='lat' dir='ltr'><strong>ille</strong></span> <span class='ocrx_word' id='word_1_254' title='bbox 623 3265 1012 3319; x_wconf 77' lang='lat' dir='ltr'><strong>transmittens</strong></span> <span class='ocrx_word' id='word_1_255' title='bbox 1058 3266 1137 3320; x_wconf 91' lang='lat' dir='ltr'><strong>sic</strong></span> <span class='ocrx_word' id='word_1_256' title='bbox 1186 3267 1418 3321; x_wconf 89' lang='lat' dir='ltr'><strong>Darium</strong></span> <span class='ocrx_word' id='word_1_257' title='bbox 1450 3271 1752 3339; x_wconf 89' lang='lat' dir='ltr'><strong>compellat</strong></span> <span class='ocrx_word' id='word_1_258' title='bbox 1800 3287 1813 3325; x_wconf 91' lang='lat'>:</span> <span class='ocrx_word' id='word_1_259' title='bbox 1862 3272 1948 3326; x_wconf 85' lang='lat' dir='ltr'><strong>Ibi</strong></span> <span class='ocrx_word' id='word_1_260' title='bbox 1993 3288 2074 3326; x_wconf 89' lang='lat' dir='ltr'><strong>me</strong></span> 
     </span>
    </p>
   </div>
   <div class='ocr_carea' id='block_1_35' title="bbox 369 3354 2075 3424">
    <p class='ocr_par' dir='ltr' id='par_1_35' title="bbox 369 3354 2075 3424">
     <span class='ocr_line' id='line_1_35' title="bbox 369 3354 2075 3424; baseline 0.004 -16"><span class='ocrx_word' id='word_1_261' title='bbox 369 3355 596 3424; x_wconf 84' lang='lat' dir='ltr'><strong>inspice,</strong></span> <span class='ocrx_word' id='word_1_262' title='bbox 625 3369 692 3408; x_wconf 85' lang='lat' dir='ltr'><strong>ne</strong></span> <span class='ocrx_word' id='word_1_263' title='bbox 718 3370 800 3408; x_wconf 92' lang='lat' dir='ltr'><strong>me</strong></span> <span class='ocrx_word' id='word_1_264' title='bbox 842 3354 1028 3409; x_wconf 85' lang='lat' dir='ltr'><strong>laudes</strong></span> <span class='ocrx_word' id='word_1_265' title='bbox 1060 3357 1206 3410; x_wconf 89' lang='lat' dir='ltr'><strong>ultra</strong></span> <span class='ocrx_word' id='word_1_266' title='bbox 1245 3372 1406 3424; x_wconf 86' lang='lat' dir='ltr'><strong>quam</strong></span> <span class='ocrx_word' id='word_1_267' title='bbox 1437 3372 1584 3424; x_wconf 89' lang='lat' dir='ltr'><strong>sum;</strong></span> <span class='ocrx_word' id='word_1_268' title='bbox 1616 3359 1696 3412; x_wconf 88' lang='lat' dir='ltr'><strong>ibi</strong></span> <span class='ocrx_word' id='word_1_269' title='bbox 1717 3375 1821 3413; x_wconf 87' lang='lat' dir='ltr'><strong>non</strong></span> <span class='ocrx_word' id='word_1_270' title='bbox 1851 3361 1976 3414; x_wconf 91' lang='lat' dir='ltr'><strong>aliis</strong></span> <span class='ocrx_word' id='word_1_271' title='bbox 2009 3361 2075 3415; x_wconf 80' lang='lat' dir='ltr'><strong>de</strong></span> 
     </span>
    </p>
   </div>
   <div class='ocr_carea' id='block_1_36' title="bbox 371 3443 2074 3516">
    <p class='ocr_par' dir='ltr' id='par_1_36' title="bbox 371 3443 2074 3516">
     <span class='ocr_line' id='line_1_36' title="bbox 371 3443 2074 3516; baseline 0.005 -20"><span class='ocrx_word' id='word_1_272' title='bbox 371 3457 452 3496; x_wconf 88' lang='lat' dir='ltr'><strong>me</strong></span> <span class='ocrx_word' id='word_1_273' title='bbox 473 3443 647 3508; x_wconf 86' lang='lat' dir='ltr'><strong>crede,</strong></span> <span class='ocrx_word' id='word_1_274' title='bbox 682 3443 776 3497; x_wconf 87' lang='lat' dir='ltr'><strong>sed</strong></span> <span class='ocrx_word' id='word_1_275' title='bbox 804 3445 966 3514; x_wconf 83' lang='lat' dir='ltr'><strong>mihi;</strong></span> <span class='ocrx_word' id='word_1_276' title='bbox 998 3445 1078 3498; x_wconf 87' lang='lat' dir='ltr'><strong>ibi</strong></span> <span class='ocrx_word' id='word_1_277' title='bbox 1104 3461 1185 3499; x_wconf 90' lang='lat' dir='ltr'><strong>me</strong></span> <span class='ocrx_word' id='word_1_278' title='bbox 1213 3446 1449 3513; x_wconf 82' lang='lat' dir='ltr'><strong>attende,</strong></span> <span class='ocrx_word' id='word_1_279' title='bbox 1478 3452 1526 3500; x_wconf 88' lang='lat' dir='ltr'><strong>et</strong></span> <span class='ocrx_word' id='word_1_280' title='bbox 1555 3446 1680 3501; x_wconf 76' lang='lat' dir='ltr'><strong>vide</strong></span> <span class='ocrx_word' id='word_1_281' title='bbox 1709 3448 1844 3516; x_wconf 75' lang='lat' dir='ltr'><strong>quid</strong></span> <span class='ocrx_word' id='word_1_282' title='bbox 1871 3451 2074 3515; x_wconf 83' lang='lat' dir='ltr'><strong>fuerim</strong></span> 
     </span>
    </p>
   </div>
   <div class='ocr_carea' id='block_1_37' title="bbox 369 3532 2072 3606">
    <p class='ocr_par' dir='ltr' id='par_1_37' title="bbox 369 3532 2072 3606">
     <span class='ocr_line' id='line_1_37' title="bbox 369 3532 2072 3606; baseline 0.004 -21"><span class='ocrx_word' id='word_1_283' title='bbox 369 3532 427 3586; x_wconf 88' lang='lat' dir='ltr'><strong>in</strong></span> <span class='ocrx_word' id='word_1_284' title='bbox 458 3547 538 3586; x_wconf 86' lang='lat' dir='ltr'><strong>me</strong></span> <span class='ocrx_word' id='word_1_285' title='bbox 556 3534 693 3602; x_wconf 86' lang='lat' dir='ltr'><strong>ipso,</strong></span> <span class='ocrx_word' id='word_1_286' title='bbox 721 3547 820 3602; x_wconf 87' lang='lat' dir='ltr'><strong>per</strong></span> <span class='ocrx_word' id='word_1_287' title='bbox 846 3549 928 3587; x_wconf 89' lang='lat' dir='ltr'><strong>me</strong></span> <span class='ocrx_word' id='word_1_288' title='bbox 957 3534 1169 3603; x_wconf 87' lang='lat' dir='ltr'><strong>ipsum;</strong></span> <span class='ocrx_word' id='word_1_289' title='bbox 1203 3539 1252 3589; x_wconf 90' lang='lat' dir='ltr'><strong>et</strong></span> <span class='ocrx_word' id='word_1_290' title='bbox 1281 3536 1331 3588; x_wconf 89' lang='lat' dir='ltr'><strong>si</strong></span> <span class='ocrx_word' id='word_1_291' title='bbox 1355 3534 1491 3603; x_wconf 81' lang='lat' dir='ltr'><strong>quid</strong></span> <span class='ocrx_word' id='word_1_292' title='bbox 1521 3537 1580 3588; x_wconf 84' lang='lat' dir='ltr'><strong>in</strong></span> <span class='ocrx_word' id='word_1_293' title='bbox 1609 3551 1690 3590; x_wconf 87' lang='lat' dir='ltr'><strong>me</strong></span> <span class='ocrx_word' id='word_1_294' title='bbox 1720 3537 1822 3590; x_wconf 87' lang='lat' dir='ltr'><strong>tibi</strong></span> <span class='ocrx_word' id='word_1_295' title='bbox 1845 3539 2072 3606; x_wconf 85' lang='lat' dir='ltr'><strong>placue-</strong></span> 
     </span>
    </p>
   </div>
   <div class='ocr_carea' id='block_1_38' title="bbox 367 3621 2073 3694">
    <p class='ocr_par' dir='ltr' id='par_1_38' title="bbox 367 3621 2073 3694">
     <span class='ocr_line' id='line_1_38' title="bbox 367 3621 2073 3694; baseline 0.004 -20"><span class='ocrx_word' id='word_1_296' title='bbox 367 3623 467 3684; x_wconf 86' lang='lat' dir='ltr'><strong>rit,</strong></span> <span class='ocrx_word' id='word_1_297' title='bbox 502 3621 669 3675; x_wconf 88' lang='lat' dir='ltr'><strong>lauda</strong></span> <span class='ocrx_word' id='word_1_298' title='bbox 698 3621 778 3675; x_wconf 87' lang='lat' dir='ltr'><strong>ibi</strong></span> <span class='ocrx_word' id='word_1_299' title='bbox 799 3637 1021 3689; x_wconf 88' lang='lat' dir='ltr'><strong>mecum,</strong></span> <span class='ocrx_word' id='word_1_300' title='bbox 1069 3639 1223 3691; x_wconf 84' lang='lat' dir='ltr'><strong>quem</strong></span> <span class='ocrx_word' id='word_1_301' title='bbox 1253 3623 1476 3677; x_wconf 84' lang='lat' dir='ltr'><strong>laudari</strong></span> <span class='ocrx_word' id='word_1_302' title='bbox 1501 3623 1649 3677; x_wconf 75' lang='lat' dir='ltr'><strong>volui</strong></span> <span class='ocrx_word' id='word_1_303' title='bbox 1677 3623 1742 3677; x_wconf 88' lang='lat' dir='ltr'><strong>de</strong></span> <span class='ocrx_word' id='word_1_304' title='bbox 1765 3641 1877 3691; x_wconf 90' lang='lat' dir='ltr'><strong>me;</strong></span> <span class='ocrx_word' id='word_1_305' title='bbox 1904 3641 2073 3694; x_wconf 79' lang='lat' dir='ltr'><strong>neque</strong></span> 
     </span>
    </p>
   </div>
   <div class='ocr_carea' id='block_1_39' title="bbox 367 3711 2070 3782">
    <p class='ocr_par' dir='ltr' id='par_1_39' title="bbox 367 3711 2070 3782">
     <span class='ocr_line' id='line_1_39' title="bbox 367 3711 2070 3782; baseline 0.004 -19"><span class='ocrx_word' id='word_1_306' title='bbox 367 3711 507 3764; x_wconf 85' lang='lat' dir='ltr'><strong>enim</strong></span> <span class='ocrx_word' id='word_1_307' title='bbox 549 3726 648 3764; x_wconf 88' lang='lat' dir='ltr'><strong>me.</strong></span> <span class='ocrx_word' id='word_1_308' title='bbox 707 3711 974 3776; x_wconf 85' lang='lat' dir='ltr'><strong>Quoniam</strong></span> <span class='ocrx_word' id='word_1_309' title='bbox 1005 3713 1120 3781; x_wconf 87' lang='lat' dir='ltr'><strong>ipse</strong></span> <span class='ocrx_word' id='word_1_310' title='bbox 1148 3713 1278 3779; x_wconf 82' lang='lat' dir='ltr'><strong>fecit</strong></span> <span class='ocrx_word' id='word_1_311' title='bbox 1304 3727 1422 3782; x_wconf 84' lang='lat' dir='ltr'><strong>nos,</strong></span> <span class='ocrx_word' id='word_1_312' title='bbox 1449 3717 1500 3767; x_wconf 87' lang='lat' dir='ltr'><strong>et</strong></span> <span class='ocrx_word' id='word_1_313' title='bbox 1528 3728 1634 3767; x_wconf 83' lang='lat' dir='ltr'><strong>non</strong></span> <span class='ocrx_word' id='word_1_314' title='bbox 1684 3715 1795 3782; x_wconf 87' lang='lat' dir='ltr'><strong>ipsi</strong></span> <span class='ocrx_word' id='word_1_315' title='bbox 1821 3729 1945 3782; x_wconf 85' lang='lat' dir='ltr'><strong>nos;</strong></span> <span class='ocrx_word' id='word_1_316' title='bbox 1976 3731 2070 3769; x_wconf 85' lang='lat' dir='ltr'><strong>nos</strong></span> 
     </span>
    </p>
   </div>
   <div class='ocr_carea' id='block_1_40' title="bbox 367 3799 2070 3869">
    <p class='ocr_par' dir='ltr' id='par_1_40' title="bbox 367 3799 2070 3869">
     <span class='ocr_line' id='line_1_40' title="bbox 367 3799 2070 3869; baseline 0.004 -18"><span class='ocrx_word' id='word_1_317' title='bbox 367 3805 547 3852; x_wconf 88' lang='lat' dir='ltr'><strong>autem</strong></span> <span class='ocrx_word' id='word_1_318' title='bbox 567 3799 979 3868; x_wconf 80' lang='lat' dir='ltr'><strong>perdideramus</strong></span> <span class='ocrx_word' id='word_1_319' title='bbox 1003 3815 1119 3867; x_wconf 83' lang='lat' dir='ltr'><strong>nos,</strong></span> <span class='ocrx_word' id='word_1_320' title='bbox 1150 3800 1244 3854; x_wconf 85' lang='lat' dir='ltr'><strong>sed</strong></span> <span class='ocrx_word' id='word_1_321' title='bbox 1272 3804 1369 3868; x_wconf 85' lang='lat' dir='ltr'><strong>qui</strong></span> <span class='ocrx_word' id='word_1_322' title='bbox 1392 3804 1545 3868; x_wconf 81' lang='lat' dir='ltr'><strong>fecit,</strong></span> <span class='ocrx_word' id='word_1_323' title='bbox 1573 3803 1778 3869; x_wconf 76' lang='lat' dir='ltr'><strong>refecit.</strong></span> <span class='ocrx_word' id='word_1_324' title='bbox 1809 3805 1938 3860; x_wconf 88' lang='lat' dir='ltr'><strong>Cum</strong></span> <span class='ocrx_word' id='word_1_325' title='bbox 1964 3820 2070 3858; x_wconf 87' lang='lat' dir='ltr'><strong>au-</strong></span> 
     </span>
    </p>
   </div>
   <div class='ocr_carea' id='block_1_41' title="bbox 368 3887 2070 3962">
    <p class='ocr_par' dir='ltr' id='par_1_41' title="bbox 368 3887 2070 3962">
     <span class='ocr_line' id='line_1_41' title="bbox 368 3887 2070 3962; baseline 0.004 -22"><span class='ocrx_word' id='word_1_326' title='bbox 368 3891 472 3941; x_wconf 87' lang='lat' dir='ltr'><strong>tem</strong></span> <span class='ocrx_word' id='word_1_327' title='bbox 494 3887 572 3940; x_wconf 89' lang='lat' dir='ltr'><strong>ibi</strong></span> <span class='ocrx_word' id='word_1_328' title='bbox 599 3903 680 3941; x_wconf 89' lang='lat' dir='ltr'><strong>me</strong></span> <span class='ocrx_word' id='word_1_329' title='bbox 707 3890 992 3954; x_wconf 84' lang='lat' dir='ltr'><strong>inveneris,</strong></span> <span class='ocrx_word' id='word_1_330' title='bbox 1022 3905 1117 3942; x_wconf 87' lang='lat' dir='ltr'><strong>ora</strong></span> <span class='ocrx_word' id='word_1_331' title='bbox 1130 3905 1231 3958; x_wconf 84' lang='lat' dir='ltr'><strong>pro</strong></span> <span class='ocrx_word' id='word_1_332' title='bbox 1251 3906 1351 3956; x_wconf 91' lang='lat' dir='ltr'><strong>me,</strong></span> <span class='ocrx_word' id='word_1_333' title='bbox 1375 3906 1439 3942; x_wconf 85' lang='lat' dir='ltr'><strong>ne</strong></span> <span class='ocrx_word' id='word_1_334' title='bbox 1457 3891 1698 3959; x_wconf 84' lang='lat' dir='ltr'><strong>deﬁciam</strong></span> <span class='ocrx_word' id='word_1_335' title='bbox 1719 3893 1918 3961; x_wconf 81' lang='lat' dir='ltr'><strong>(Epist.</strong></span> <span class='ocrx_word' id='word_1_336' title='bbox 1942 3895 2036 3946; x_wconf 72' lang='grc' dir='ltr'><strong>ςὶ31</strong></span> <span class='ocrx_word' id='word_1_337' title='bbox 2055 3932 2070 3962; x_wconf 93' lang='grc'><strong>,</strong></span> 
     </span>
    </p>
   </div>
   <div class='ocr_carea' id='block_1_42' title="bbox 365 3975 2070 4050">
    <p class='ocr_par' dir='ltr' id='par_1_42' title="bbox 365 3975 2070 4050">
     <span class='ocr_line' id='line_1_42' title="bbox 365 3975 2070 4050; baseline 0.004 -21"><span class='ocrx_word' id='word_1_338' title='bbox 365 3991 420 4030; x_wconf 84' lang='lat' dir='ltr'><strong>n.</strong></span> <span class='ocrx_word' id='word_1_339' title='bbox 455 3977 530 4045; x_wconf 87' lang='lat'><strong>6).</strong></span> <span class='ocrx_word' id='word_1_340' title='bbox 556 3977 662 4029; x_wconf 88' lang='lat' dir='ltr'><strong>Hoc</strong></span> <span class='ocrx_word' id='word_1_341' title='bbox 684 3991 857 4045; x_wconf 84' lang='lat' dir='ltr'><strong>opere,</strong></span> <span class='ocrx_word' id='word_1_342' title='bbox 884 3975 1071 4046; x_wconf 89' lang='lat' dir='ltr'><strong>inquit</strong></span> <span class='ocrx_word' id='word_1_343' title='bbox 1092 3976 1401 4039; x_wconf 88' lang='lat' dir='ltr'><strong>Possidius,</strong></span> <span class='ocrx_word' id='word_1_344' title='bbox 1427 3980 1605 4046; x_wconf 86' lang='lat' dir='ltr'><strong>qualis</strong></span> <span class='ocrx_word' id='word_1_345' title='bbox 1627 3984 1751 4032; x_wconf 85' lang='lat' dir='ltr'><strong>ante</strong></span> <span class='ocrx_word' id='word_1_346' title='bbox 1763 3985 2070 4050; x_wconf 84' lang='lat' dir='ltr'><strong>perceptam</strong></span> 
     </span>
    </p>
   </div>
   <div class='ocr_carea' id='block_1_43' title="bbox 365 4065 2066 4137">
    <p class='ocr_par' dir='ltr' id='par_1_43' title="bbox 365 4065 2066 4137">
     <span class='ocr_line' id='line_1_43' title="bbox 365 4065 2066 4137; baseline 0.004 -19"><span class='ocrx_word' id='word_1_347' title='bbox 365 4067 605 4132; x_wconf 85' lang='lat' dir='ltr'><strong>gratiam</strong></span> <span class='ocrx_word' id='word_1_348' title='bbox 623 4066 816 4133; x_wconf 81' lang='lat' dir='ltr'><strong>fuerit,</strong></span> <span class='ocrx_word' id='word_1_349' title='bbox 831 4065 1115 4134; x_wconf 84' lang='lat' dir='ltr'><strong>qualisque</strong></span> <span class='ocrx_word' id='word_1_350' title='bbox 1127 4066 1248 4135; x_wconf 87' lang='lat' dir='ltr'><strong>jam</strong></span> <span class='ocrx_word' id='word_1_351' title='bbox 1265 4072 1481 4136; x_wconf 89' lang='lat' dir='ltr'><strong>sumpta</strong></span> <span class='ocrx_word' id='word_1_352' title='bbox 1501 4069 1719 4130; x_wconf 77' lang='lat' dir='ltr'><strong>vireret,</strong></span> <span class='ocrx_word' id='word_1_353' title='bbox 1743 4068 2066 4137; x_wconf 80' lang='lat' dir='ltr'><strong>designavit.</strong></span> 
     </span>
    </p>
   </div>
   <div class='ocr_carea' id='block_1_44' title="bbox 367 4155 2072 4228">
    <p class='ocr_par' dir='ltr' id='par_1_44' title="bbox 367 4155 2072 4228">
     <span class='ocr_line' id='line_1_44' title="bbox 367 4155 2072 4228; baseline 0.003 -20"><span class='ocrx_word' id='word_1_354' title='bbox 367 4155 478 4208; x_wconf 82' lang='lat' dir='ltr'><strong>Hoc</strong></span> <span class='ocrx_word' id='word_1_355' title='bbox 502 4156 643 4208; x_wconf 87' lang='lat' dir='ltr'><strong>enim</strong></span> <span class='ocrx_word' id='word_1_356' title='bbox 670 4156 850 4220; x_wconf 84' lang='lat' dir='ltr'><strong>facere</strong></span> <span class='ocrx_word' id='word_1_357' title='bbox 878 4155 1066 4223; x_wconf 79' lang='lat' dir='ltr'><strong>voluit,</strong></span> <span class='ocrx_word' id='word_1_358' title='bbox 1124 4160 1181 4210; x_wconf 90' lang='lat' dir='ltr'><strong>ut</strong></span> <span class='ocrx_word' id='word_1_359' title='bbox 1210 4157 1291 4210; x_wconf 88' lang='lat' dir='ltr'><strong>ait</strong></span> <span class='ocrx_word' id='word_1_360' title='bbox 1319 4157 1628 4225; x_wconf 82' lang='lat' dir='ltr'><strong>Apostolus,</strong></span> <span class='ocrx_word' id='word_1_361' title='bbox 1657 4173 1719 4210; x_wconf 87' lang='lat' dir='ltr'><strong>ne</strong></span> <span class='ocrx_word' id='word_1_362' title='bbox 1750 4158 1814 4212; x_wconf 84' lang='lat' dir='ltr'><strong>de</strong></span> <span class='ocrx_word' id='word_1_363' title='bbox 1841 4173 1895 4212; x_wconf 92' lang='lat' dir='ltr'><strong>se</strong></span> <span class='ocrx_word' id='word_1_364' title='bbox 1924 4161 2072 4228; x_wconf 88' lang='lat' dir='ltr'><strong>quis-</strong></span> 
     </span>
    </p>
   </div>
   <div class='ocr_carea' id='block_1_45' title="bbox 365 4243 2070 4313">
    <p class='ocr_par' dir='ltr' id='par_1_45' title="bbox 365 4243 2070 4313">
     <span class='ocr_line' id='line_1_45' title="bbox 365 4243 2070 4313; baseline 0.002 -17"><span class='ocrx_word' id='word_1_365' title='bbox 365 4257 528 4310; x_wconf 85' lang='lat' dir='ltr'><strong>quam</strong></span> <span class='ocrx_word' id='word_1_366' title='bbox 559 4243 825 4296; x_wconf 83' lang='lat' dir='ltr'><strong>hominum</strong></span> <span class='ocrx_word' id='word_1_367' title='bbox 855 4257 1027 4313; x_wconf 83' lang='lat' dir='ltr'><strong>supra</strong></span> <span class='ocrx_word' id='word_1_368' title='bbox 1075 4258 1240 4311; x_wconf 87' lang='lat' dir='ltr'><strong>quam</strong></span> <span class='ocrx_word' id='word_1_369' title='bbox 1286 4258 1340 4297; x_wconf 88' lang='lat' dir='ltr'><strong>se</strong></span> <span class='ocrx_word' id='word_1_370' title='bbox 1386 4258 1496 4297; x_wconf 89' lang='lat' dir='ltr'><strong>esse</strong></span> <span class='ocrx_word' id='word_1_371' title='bbox 1523 4248 1763 4312; x_wconf 79' lang='lat' dir='ltr'><strong>noverat,</strong></span> <span class='ocrx_word' id='word_1_372' title='bbox 1796 4250 1889 4298; x_wconf 89' lang='lat' dir='ltr'><strong>aut</strong></span> <span class='ocrx_word' id='word_1_373' title='bbox 1928 4245 1992 4298; x_wconf 87' lang='lat' dir='ltr'><strong>de</strong></span> <span class='ocrx_word' id='word_1_374' title='bbox 2015 4261 2070 4300; x_wconf 88' lang='lat' dir='ltr'><strong>se</strong></span> 
     </span>
    </p>
   </div>
   <div class='ocr_carea' id='block_1_46' title="bbox 365 4331 2071 4404">
    <p class='ocr_par' dir='ltr' id='par_1_46' title="bbox 365 4331 2071 4404">
     <span class='ocr_line' id='line_1_46' title="bbox 365 4331 2071 4404; baseline 0.004 -21"><span class='ocrx_word' id='word_1_375' title='bbox 365 4331 614 4386; x_wconf 87' lang='lat' dir='ltr'><strong>auditum</strong></span> <span class='ocrx_word' id='word_1_376' title='bbox 632 4334 848 4400; x_wconf 83' lang='lat' dir='ltr'><strong>fuisset,</strong></span> <span class='ocrx_word' id='word_1_377' title='bbox 879 4331 1114 4386; x_wconf 84' lang='lat' dir='ltr'><strong>crederet</strong></span> <span class='ocrx_word' id='word_1_378' title='bbox 1137 4333 1219 4386; x_wconf 78' lang='lat' dir='ltr'><strong>vel</strong></span> <span class='ocrx_word' id='word_1_379' title='bbox 1247 4337 1465 4402; x_wconf 84' lang='lat' dir='ltr'><strong>putaret</strong></span> <span class='ocrx_word' id='word_1_380' title='bbox 1488 4333 1563 4403; x_wconf 91' lang='grc' dir='ltr'><strong>(ΙΙ</strong></span> <span class='ocrx_word' id='word_1_381' title='bbox 1585 4334 1701 4388; x_wconf 92' lang='lat' dir='ltr'><strong>Cor.</strong></span> <span class='ocrx_word' id='word_1_382' title='bbox 1739 4350 1837 4401; x_wconf 79' lang='lat' dir='ltr'><strong>xu,</strong></span> <span class='ocrx_word' id='word_1_383' title='bbox 1872 4337 1942 4404; x_wconf 84' lang='lat'><strong>6).</strong></span> <span class='ocrx_word' id='word_1_384' title='bbox 1975 4335 2071 4390; x_wconf 84' lang='lat' dir='ltr'><strong>hu-</strong></span> 
     </span>
    </p>
   </div>
   <div class='ocr_carea' id='block_1_47' title="bbox 363 4420 2070 4492">
    <p class='ocr_par' dir='ltr' id='par_1_47' title="bbox 363 4420 2070 4492">
     <span class='ocr_line' id='line_1_47' title="bbox 363 4420 2070 4492; baseline 0.003 -19"><span class='ocrx_word' id='word_1_385' title='bbox 363 4420 617 4474; x_wconf 89' lang='lat' dir='ltr'><strong>militatis</strong></span> <span class='ocrx_word' id='word_1_386' title='bbox 649 4425 846 4476; x_wconf 56' lang='lat' dir='ltr'><strong>sancte</strong></span> <span class='ocrx_word' id='word_1_387' title='bbox 864 4437 1005 4476; x_wconf 82' lang='lat' dir='ltr'><strong>more</strong></span> <span class='ocrx_word' id='word_1_388' title='bbox 1034 4426 1208 4486; x_wconf 83' lang='lat' dir='ltr'><strong>utens,</strong></span> <span class='ocrx_word' id='word_1_389' title='bbox 1241 4426 1292 4476; x_wconf 86' lang='lat' dir='ltr'><strong>et</strong></span> <span class='ocrx_word' id='word_1_390' title='bbox 1313 4423 1435 4492; x_wconf 87' lang='lat' dir='ltr'><strong>jam</strong></span> <span class='ocrx_word' id='word_1_391' title='bbox 1472 4423 1679 4476; x_wconf 87' lang='lat' dir='ltr'><strong>nullum</strong></span> <span class='ocrx_word' id='word_1_392' title='bbox 1707 4424 1938 4491; x_wconf 79' lang='lat' dir='ltr'><strong>fallens;</strong></span> <span class='ocrx_word' id='word_1_393' title='bbox 1976 4425 2070 4479; x_wconf 86' lang='lat' dir='ltr'><strong>sed</strong></span> 
     </span>
    </p>
   </div>
   <div class='ocr_carea' id='block_1_48' title="bbox 366 4508 2070 4581">
    <p class='ocr_par' dir='ltr' id='par_1_48' title="bbox 366 4508 2070 4581">
     <span class='ocr_line' id='line_1_48' title="bbox 366 4508 2070 4581; baseline 0.005 -21"><span class='ocrx_word' id='word_1_394' title='bbox 366 4508 580 4562; x_wconf 85' lang='lat' dir='ltr'><strong>laudem</strong></span> <span class='ocrx_word' id='word_1_395' title='bbox 609 4525 714 4564; x_wconf 82' lang='lat' dir='ltr'><strong>non</strong></span> <span class='ocrx_word' id='word_1_396' title='bbox 743 4526 914 4576; x_wconf 89' lang='lat' dir='ltr'><strong>suam,</strong></span> <span class='ocrx_word' id='word_1_397' title='bbox 943 4511 1038 4566; x_wconf 82' lang='lat' dir='ltr'><strong>sed</strong></span> <span class='ocrx_word' id='word_1_398' title='bbox 1065 4513 1154 4565; x_wconf 88' lang='lat' dir='ltr'><strong>sui</strong></span> <span class='ocrx_word' id='word_1_399' title='bbox 1177 4513 1393 4565; x_wconf 79' lang='lat' dir='ltr'><strong>Domini</strong></span> <span class='ocrx_word' id='word_1_400' title='bbox 1412 4511 1476 4564; x_wconf 84' lang='lat' dir='ltr'><strong>de</strong></span> <span class='ocrx_word' id='word_1_401' title='bbox 1495 4514 1726 4581; x_wconf 87' lang='lat' dir='ltr'><strong>prop-ria</strong></span> <span class='ocrx_word' id='word_1_402' title='bbox 1757 4513 2070 4568; x_wconf 82' lang='lat' dir='ltr'><strong>liberatione</strong></span> 
     </span>
    </p>
   </div>
   <div class='ocr_carea' id='block_1_49' title="bbox 365 4600 2065 4670">
    <p class='ocr_par' dir='ltr' id='par_1_49' title="bbox 365 4600 2065 4670">
     <span class='ocr_line' id='line_1_49' title="bbox 365 4600 2065 4670; baseline 0.004 -21"><span class='ocrx_word' id='word_1_403' title='bbox 365 4611 428 4650; x_wconf 91' lang='lat' dir='ltr'><strong>ac</strong></span> <span class='ocrx_word' id='word_1_404' title='bbox 458 4612 673 4652; x_wconf 87' lang='lat' dir='ltr'><strong>munere</strong></span> <span class='ocrx_word' id='word_1_405' title='bbox 703 4615 964 4668; x_wconf 73' lang='lat' dir='ltr'><strong>quaerens,</strong></span> <span class='ocrx_word' id='word_1_406' title='bbox 995 4616 1062 4655; x_wconf 75' lang='lat' dir='ltr'><strong>ea:</strong></span> <span class='ocrx_word' id='word_1_407' title='bbox 1091 4602 1161 4655; x_wconf 88' lang='lat' dir='ltr'><strong>iis</strong></span> <span class='ocrx_word' id='word_1_408' title='bbox 1187 4600 1436 4655; x_wconf 83' lang='lat' dir='ltr'><strong>videlicet</strong></span> <span class='ocrx_word' id='word_1_409' title='bbox 1457 4615 1574 4668; x_wconf 65' lang='lat' dir='ltr'><strong>quae</strong></span> <span class='ocrx_word' id='word_1_410' title='bbox 1585 4601 1705 4670; x_wconf 87' lang='lat' dir='ltr'><strong>jam</strong></span> <span class='ocrx_word' id='word_1_411' title='bbox 1722 4607 2065 4670; x_wconf 84' lang='lat' dir='ltr'><strong>perceperat;</strong></span> 
     </span>
    </p>
   </div>
   <div class='ocr_carea' id='block_1_50' title="bbox 363 4687 2070 4760">
    <p class='ocr_par' dir='ltr' id='par_1_50' title="bbox 363 4687 2070 4760">
     <span class='ocr_line' id='line_1_50' title="bbox 363 4687 2070 4760; baseline 0.005 -22"><span class='ocrx_word' id='word_1_412' title='bbox 363 4689 413 4739; x_wconf 90' lang='lat' dir='ltr'><strong>et</strong></span> <span class='ocrx_word' id='word_1_413' title='bbox 438 4687 716 4752; x_wconf 83' lang='lat' dir='ltr'><strong>fraternas</strong></span> <span class='ocrx_word' id='word_1_414' title='bbox 741 4704 925 4758; x_wconf 84' lang='lat' dir='ltr'><strong>preces</strong></span> <span class='ocrx_word' id='word_1_415' title='bbox 952 4705 1176 4759; x_wconf 84' lang='lat' dir='ltr'><strong>poscens</strong></span> <span class='ocrx_word' id='word_1_416' title='bbox 1211 4689 1276 4743; x_wconf 87' lang='lat' dir='ltr'><strong>de</strong></span> <span class='ocrx_word' id='word_1_417' title='bbox 1305 4692 1373 4744; x_wconf 87' lang='lat' dir='ltr'><strong>iis</strong></span> <span class='ocrx_word' id='word_1_418' title='bbox 1413 4704 1531 4758; x_wconf 64' lang='lat' dir='ltr'><strong>quae</strong></span> <span class='ocrx_word' id='word_1_419' title='bbox 1555 4693 1794 4760; x_wconf 85' lang='lat' dir='ltr'><strong>accipere</strong></span> <span class='ocrx_word' id='word_1_420' title='bbox 1822 4691 2070 4760; x_wconf 86' lang='lat' dir='ltr'><strong>cupiebat</strong></span> 
     </span>
    </p>
   </div>
   <div class='ocr_carea' id='block_1_51' title="bbox 367 4773 2068 4848">
    <p class='ocr_par' dir='ltr' id='par_1_51' title="bbox 367 4773 2068 4848">
     <span class='ocr_line' id='line_1_51' title="bbox 367 4773 2068 4848; baseline 0.004 -20"><span class='ocrx_word' id='word_1_421' title='bbox 367 4773 606 4841; x_wconf 83' lang='lat' dir='ltr'><strong>(Possid.</strong></span> <span class='ocrx_word' id='word_1_422' title='bbox 628 4816 642 4844; x_wconf 88' lang='lat'><strong>,</strong></span> <span class='ocrx_word' id='word_1_423' title='bbox 672 4777 728 4828; x_wconf 88' lang='lat' dir='ltr'><strong>in</strong></span> <span class='ocrx_word' id='word_1_424' title='bbox 761 4777 892 4833; x_wconf 84' lang='lat' dir='ltr'><strong>Vita</strong></span> <span class='ocrx_word' id='word_1_425' title='bbox 920 4779 1180 4846; x_wconf 66' lang='lat' dir='ltr'><strong>August,</strong></span> <span class='ocrx_word' id='word_1_426' title='bbox 1202 4779 1423 4848; x_wconf 50' lang='lat' dir='ltr'><strong>Praef).</strong></span> <span class='ocrx_word' id='word_1_427' title='bbox 1461 4777 1605 4841; x_wconf 87' lang='lat' dir='ltr'><strong>Quia</strong></span> <span class='ocrx_word' id='word_1_428' title='bbox 1630 4794 1762 4832; x_wconf 88' lang='lat' dir='ltr'><strong>vero</strong></span> <span class='ocrx_word' id='word_1_429' title='bbox 1796 4779 2068 4834; x_wconf 86' lang='lat' dir='ltr'><strong>Paulinus</strong></span> 
     </span>
    </p>
   </div>
   <div class='ocr_carea' id='block_1_52' title="bbox 361 4862 2068 4938">
    <p class='ocr_par' dir='ltr' id='par_1_52' title="bbox 361 4862 2068 4938">
     <span class='ocr_line' id='line_1_52' title="bbox 361 4862 2068 4938; baseline 0.005 -22"><span class='ocrx_word' id='word_1_430' title='bbox 361 4862 633 4934; x_wconf 82' lang='lat' dir='ltr'><strong>Alypium</strong></span> <span class='ocrx_word' id='word_1_431' title='bbox 655 4863 1742 4938; x_wconf 88' lang='lat' dir='ltr'><strong>episcopum,quamvisfrustra,rogavit</strong></span> <span class='ocrx_word' id='word_1_432' title='bbox 1757 4871 1816 4921; x_wconf 91' lang='lat' dir='ltr'><strong>ut</strong></span> <span class='ocrx_word' id='word_1_433' title='bbox 1835 4885 2068 4924; x_wconf 91' lang='lat' dir='ltr'><strong>omnem</strong></span> 
     </span>
    </p>
   </div>
   <div class='ocr_carea' id='block_1_53' title="bbox 361 4951 2061 5027">
    <p class='ocr_par' dir='ltr' id='par_1_53' title="bbox 361 4951 2061 5027">
     <span class='ocr_line' id='line_1_53' title="bbox 361 4951 2061 5027; baseline 0.004 -22"><span class='ocrx_word' id='word_1_434' title='bbox 361 4951 490 5006; x_wconf 63' lang='lat' dir='ltr'><strong>vita:</strong></span> <span class='ocrx_word' id='word_1_435' title='bbox 520 4969 637 5006; x_wconf 66' lang='lat' dir='ltr'><strong>suae</strong></span> <span class='ocrx_word' id='word_1_436' title='bbox 664 4951 959 5009; x_wconf 87' lang='lat' dir='ltr'><strong>historiam</strong></span> <span class='ocrx_word' id='word_1_437' title='bbox 985 4955 1054 5008; x_wconf 90' lang='lat' dir='ltr'><strong>ad</strong></span> <span class='ocrx_word' id='word_1_438' title='bbox 1084 4955 1273 5026; x_wconf 89' lang='lat' dir='ltr'><strong>ipsum</strong></span> <span class='ocrx_word' id='word_1_439' title='bbox 1295 4955 1565 5010; x_wconf 89' lang='lat' dir='ltr'><strong>scriberet</strong></span> <span class='ocrx_word' id='word_1_440' title='bbox 1587 4955 1780 5026; x_wconf 84' lang='lat' dir='ltr'><strong>(Apud</strong></span> <span class='ocrx_word' id='word_1_441' title='bbox 1803 4956 2061 5027; x_wconf 61' lang='lat' dir='ltr'><strong>August,</strong></span> 
     </span>
    </p>
   </div>
   <div class='ocr_carea' id='block_1_54' title="bbox 361 5042 2064 5116">
    <p class='ocr_par' dir='ltr' id='par_1_54' title="bbox 361 5042 2064 5116">
     <span class='ocr_line' id='line_1_54' title="bbox 361 5042 2064 5116; baseline 0.003 -21"><span class='ocrx_word' id='word_1_442' title='bbox 361 5042 540 5110; x_wconf 83' lang='lat' dir='ltr'><strong>Epist.</strong></span> <span class='ocrx_word' id='word_1_443' title='bbox 572 5042 741 5107; x_wconf 63' lang='lat'><strong>24,11.</strong></span> <span class='ocrx_word' id='word_1_444' title='bbox 775 5042 857 5108; x_wconf 88' lang='lat'><strong>4),</strong></span> <span class='ocrx_word' id='word_1_445' title='bbox 881 5057 948 5096; x_wconf 89' lang='lat' dir='ltr'><strong>eo</strong></span> <span class='ocrx_word' id='word_1_446' title='bbox 979 5042 1154 5097; x_wconf 90' lang='lat' dir='ltr'><strong>fretus</strong></span> <span class='ocrx_word' id='word_1_447' title='bbox 1183 5045 1444 5116; x_wconf 85' lang='lat' dir='ltr'><strong>exemplo</strong></span> <span class='ocrx_word' id='word_1_448' title='bbox 1475 5044 1753 5099; x_wconf 88' lang='lat' dir='ltr'><strong>Baronius</strong></span> <span class='ocrx_word' id='word_1_449' title='bbox 1775 5045 2064 5116; x_wconf 87' lang='lat' dir='ltr'><strong>opinatur,</strong></span> 
     </span>
    </p>
   </div>
   <div class='ocr_carea' id='block_1_55' title="bbox 365 5129 2066 5204">
    <p class='ocr_par' dir='ltr' id='par_1_55' title="bbox 365 5129 2066 5204">
     <span class='ocr_line' id='line_1_55' title="bbox 365 5129 2066 5204; baseline 0.004 -20"><span class='ocrx_word' id='word_1_450' title='bbox 365 5130 622 5200; x_wconf 88' lang='lat' dir='ltr'><strong>ejusdem</strong></span> <span class='ocrx_word' id='word_1_451' title='bbox 637 5129 859 5185; x_wconf 87' lang='lat' dir='ltr'><strong>Paulini</strong></span> <span class='ocrx_word' id='word_1_452' title='bbox 877 5136 1076 5201; x_wconf 88' lang='lat' dir='ltr'><strong>rogatu</strong></span> <span class='ocrx_word' id='word_1_453' title='bbox 1092 5147 1152 5185; x_wconf 90' lang='lat' dir='ltr'><strong>ac</strong></span> <span class='ocrx_word' id='word_1_454' title='bbox 1169 5133 1420 5204; x_wconf 88' lang='lat' dir='ltr'><strong>impulsu</strong></span> <span class='ocrx_word' id='word_1_455' title='bbox 1433 5133 1672 5204; x_wconf 89' lang='lat' dir='ltr'><strong>scriptos</strong></span> <span class='ocrx_word' id='word_1_456' title='bbox 1685 5135 1856 5189; x_wconf 87' lang='lat' dir='ltr'><strong>fuisse</strong></span> <span class='ocrx_word' id='word_1_457' title='bbox 1872 5135 1940 5190; x_wconf 91' lang='lat' dir='ltr'><strong>ab</strong></span> <span class='ocrx_word' id='word_1_458' title='bbox 1953 5137 2066 5190; x_wconf 86' lang='lat' dir='ltr'><strong>Au-</strong></span> 
     </span>
    </p>
   </div>
   <div class='ocr_carea' id='block_1_56' title="bbox 360 5217 2062 5293">
    <p class='ocr_par' dir='ltr' id='par_1_56' title="bbox 360 5217 2062 5293">
     <span class='ocr_line' id='line_1_56' title="bbox 360 5217 2062 5293; baseline 0.002 -19"><span class='ocrx_word' id='word_1_459' title='bbox 360 5219 589 5288; x_wconf 85' lang='lat' dir='ltr'><strong>gustino</strong></span> <span class='ocrx_word' id='word_1_460' title='bbox 619 5235 751 5274; x_wconf 91' lang='lat' dir='ltr'><strong>suos</strong></span> <span class='ocrx_word' id='word_1_461' title='bbox 782 5217 1211 5274; x_wconf 86' lang='lat' dir='ltr'><strong>Confessionum</strong></span> <span class='ocrx_word' id='word_1_462' title='bbox 1230 5221 1404 5275; x_wconf 89' lang='lat' dir='ltr'><strong>libros</strong></span> <span class='ocrx_word' id='word_1_463' title='bbox 1430 5221 1676 5292; x_wconf 87' lang='lat' dir='ltr'><strong>(Baron.,</strong></span> <span class='ocrx_word' id='word_1_464' title='bbox 1698 5221 1772 5275; x_wconf 86' lang='lat' dir='ltr'><strong>ad</strong></span> <span class='ocrx_word' id='word_1_465' title='bbox 1797 5237 1888 5276; x_wconf 78' lang='lat' dir='ltr'><strong>an.</strong></span> <span class='ocrx_word' id='word_1_466' title='bbox 1913 5223 2062 5293; x_wconf 80' lang='lat'><strong>395).</strong></span> 
     </span>
    </p>
   </div>
   <div class='ocr_carea' id='block_1_57' title="bbox 363 5307 2064 5382">
    <p class='ocr_par' dir='ltr' id='par_1_57' title="bbox 363 5307 2064 5382">
     <span class='ocr_line' id='line_1_57' title="bbox 363 5307 2064 5382; baseline 0.004 -22"><span class='ocrx_word' id='word_1_467' title='bbox 363 5307 484 5362; x_wconf 84' lang='lat' dir='ltr'><strong>Non</strong></span> <span class='ocrx_word' id='word_1_468' title='bbox 508 5325 652 5363; x_wconf 92' lang='lat' dir='ltr'><strong>unus</strong></span> <span class='ocrx_word' id='word_1_469' title='bbox 664 5312 856 5362; x_wconf 89' lang='lat' dir='ltr'><strong>tamen</strong></span> <span class='ocrx_word' id='word_1_470' title='bbox 878 5307 1268 5376; x_wconf 91' lang='lat' dir='ltr'><strong>Paulinus,sed</strong></span> <span class='ocrx_word' id='word_1_471' title='bbox 1295 5310 1459 5363; x_wconf 91' lang='lat' dir='ltr'><strong>multi</strong></span> <span class='ocrx_word' id='word_1_472' title='bbox 1477 5309 1615 5364; x_wconf 90' lang='lat' dir='ltr'><strong>boni</strong></span> <span class='ocrx_word' id='word_1_473' title='bbox 1633 5309 2064 5382; x_wconf 87' lang='lat' dir='ltr'><strong>Christiani,qni</strong></span> 
     </span>
    </p>
   </div>
   <div class='ocr_carea' id='block_1_58' title="bbox 360 5395 2063 5469">
    <p class='ocr_par' dir='ltr' id='par_1_58' title="bbox 360 5395 2063 5469">
     <span class='ocr_line' id='line_1_58' title="bbox 360 5395 2063 5469; baseline 0.004 -22"><span class='ocrx_word' id='word_1_474' title='bbox 360 5410 493 5451; x_wconf 88' lang='lat' dir='ltr'><strong>eum</strong></span> <span class='ocrx_word' id='word_1_475' title='bbox 525 5397 922 5466; x_wconf 89' lang='lat' dir='ltr'><strong>noverant,vel</strong></span> <span class='ocrx_word' id='word_1_476' title='bbox 946 5395 1328 5469; x_wconf 91' lang='lat' dir='ltr'><strong>potius,quod</strong></span> <span class='ocrx_word' id='word_1_477' title='bbox 1355 5399 1424 5454; x_wconf 88' lang='lat' dir='ltr'><strong>ad</strong></span> <span class='ocrx_word' id='word_1_478' title='bbox 1447 5398 1907 5454; x_wconf 88' lang='lat' dir='ltr'><strong>constitutionem</strong></span> <span class='ocrx_word' id='word_1_479' title='bbox 1940 5399 2063 5453; x_wconf 88' lang='lat' dir='ltr'><strong>ani-</strong></span> 
     </span>
    </p>
   </div>
   <div class='ocr_carea' id='block_1_59' title="bbox 359 5486 2064 5558">
    <p class='ocr_par' dir='ltr' id='par_1_59' title="bbox 359 5486 2064 5558">
     <span class='ocr_line' id='line_1_59' title="bbox 359 5486 2064 5558; baseline 0.004 -23"><span class='ocrx_word' id='word_1_480' title='bbox 359 5496 468 5536; x_wconf 71' lang='lat' dir='ltr'><strong>mm</strong></span> <span class='ocrx_word' id='word_1_481' title='bbox 498 5499 612 5540; x_wconf 88' lang='lat' dir='ltr'><strong>non</strong></span> <span class='ocrx_word' id='word_1_482' title='bbox 641 5502 772 5541; x_wconf 89' lang='lat' dir='ltr'><strong>eum</strong></span> <span class='ocrx_word' id='word_1_483' title='bbox 796 5489 1085 5548; x_wconf 82' lang='lat' dir='ltr'><strong>noverant,</strong></span> <span class='ocrx_word' id='word_1_484' title='bbox 1108 5501 1235 5557; x_wconf 70' lang='lat' dir='ltr'><strong>quae</strong></span> <span class='ocrx_word' id='word_1_485' title='bbox 1258 5490 1408 5540; x_wconf 89' lang='lat' dir='ltr'><strong>esset</strong></span> <span class='ocrx_word' id='word_1_486' title='bbox 1436 5486 1552 5541; x_wconf 87' lang='lat' dir='ltr'><strong>vita</strong></span> <span class='ocrx_word' id='word_1_487' title='bbox 1581 5486 1759 5558; x_wconf 88' lang='lat' dir='ltr'><strong>ipsius</strong></span> <span class='ocrx_word' id='word_1_488' title='bbox 1791 5502 1952 5542; x_wconf 90' lang='lat' dir='ltr'><strong>nosse</strong></span> <span class='ocrx_word' id='word_1_489' title='bbox 1970 5503 2064 5542; x_wconf 92' lang='lat' dir='ltr'><strong>cu-</strong></span> 
     </span>
    </p>
   </div>
   <div class='ocr_carea' id='block_1_60' title="bbox 357 5569 2062 5647">
    <p class='ocr_par' dir='ltr' id='par_1_60' title="bbox 357 5569 2062 5647">
     <span class='ocr_line' id='line_1_60' title="bbox 357 5569 2062 5647; baseline 0.005 -23"><span class='ocrx_word' id='word_1_490' title='bbox 357 5569 609 5642; x_wconf 87' lang='lat' dir='ltr'><strong>piebant.</strong></span> <span class='ocrx_word' id='word_1_491' title='bbox 636 5575 731 5629; x_wconf 87' lang='lat' dir='ltr'><strong>His</strong></span> <span class='ocrx_word' id='word_1_492' title='bbox 758 5575 855 5631; x_wconf 89' lang='lat' dir='ltr'><strong>ille</strong></span> <span class='ocrx_word' id='word_1_493' title='bbox 875 5591 1096 5630; x_wconf 90' lang='lat' dir='ltr'><strong>morem</strong></span> <span class='ocrx_word' id='word_1_494' title='bbox 1127 5573 1316 5646; x_wconf 88' lang='lat' dir='ltr'><strong>gessit,</strong></span> <span class='ocrx_word' id='word_1_495' title='bbox 1347 5591 1492 5647; x_wconf 91' lang='lat' dir='ltr'><strong>quos</strong></span> <span class='ocrx_word' id='word_1_496' title='bbox 1521 5576 1809 5646; x_wconf 84' lang='lat' dir='ltr'><strong>sperabat,</strong></span> <span class='ocrx_word' id='word_1_497' title='bbox 1844 5579 1902 5631; x_wconf 90' lang='lat' dir='ltr'><strong>et</strong></span> <span class='ocrx_word' id='word_1_498' title='bbox 1931 5591 2062 5632; x_wconf 88' lang='lat' dir='ltr'><strong>con-</strong></span> 
     </span>
    </p>
   </div>
   <div class='ocr_carea' id='block_1_61' title="bbox 1640 291 3878 358">
    <p class='ocr_par' dir='ltr' id='par_1_61' title="bbox 1640 291 3878 358">
     <span class='ocr_line' id='line_1_61' title="bbox 1640 291 3878 358; baseline 0.004 -10"><span class='ocrx_word' id='word_1_499' title='bbox 1640 294 1796 348; x_wconf 88' lang='lat' dir='ltr'><strong>VITA</strong></span> <span class='ocrx_word' id='word_1_500' title='bbox 1834 292 1890 350; x_wconf 92' lang='lat' dir='ltr'><strong>S.</strong></span> <span class='ocrx_word' id='word_1_501' title='bbox 1932 291 2307 349; x_wconf 81' lang='lat' dir='ltr'><strong>AUGUSTINI</strong></span> <span class='ocrx_word' id='word_1_502' title='bbox 2350 293 2682 349; x_wconf 83' lang='lat' dir='ltr'><strong>EPlSCOPI.</strong></span> <span class='ocrx_word' id='word_1_503' title='bbox 3779 301 3878 358; x_wconf 63' lang='lat'><strong>264</strong></span> 
     </span>
    </p>
   </div>
   <div class='ocr_carea' id='block_1_62' title="bbox 2194 418 3882 490">
    <p class='ocr_par' dir='ltr' id='par_1_62' title="bbox 2194 418 3882 490">
     <span class='ocr_line' id='line_1_62' title="bbox 2194 418 3882 490; baseline 0.004 -18"><span class='ocrx_word' id='word_1_504' title='bbox 2194 419 2580 490; x_wconf 88' lang='lat' dir='ltr'><strong>gratulaturos</strong></span> <span class='ocrx_word' id='word_1_505' title='bbox 2609 419 2662 473; x_wconf 90' lang='lat' dir='ltr'><strong>ei</strong></span> <span class='ocrx_word' id='word_1_506' title='bbox 2703 419 2774 473; x_wconf 87' lang='lat' dir='ltr'><strong>de</strong></span> <span class='ocrx_word' id='word_1_507' title='bbox 2802 418 2970 473; x_wconf 88' lang='lat' dir='ltr'><strong>bonis</strong></span> <span class='ocrx_word' id='word_1_508' title='bbox 3003 418 3110 490; x_wconf 88' lang='lat' dir='ltr'><strong>ipsi</strong></span> <span class='ocrx_word' id='word_1_509' title='bbox 3139 436 3172 475; x_wconf 90' lang='lat' dir='ltr'><strong>a</strong></span> <span class='ocrx_word' id='word_1_510' title='bbox 3205 420 3318 475; x_wconf 87' lang='lat' dir='ltr'><strong>Deo</strong></span> <span class='ocrx_word' id='word_1_511' title='bbox 3350 421 3514 490; x_wconf 87' lang='lat' dir='ltr'><strong>datis,</strong></span> <span class='ocrx_word' id='word_1_512' title='bbox 3549 427 3606 478; x_wconf 85' lang='lat' dir='ltr'><strong>et</strong></span> <span class='ocrx_word' id='word_1_513' title='bbox 3633 427 3882 479; x_wconf 87' lang='lat' dir='ltr'><strong>oraturos</strong></span> 
     </span>
    </p>
   </div>
   <div class='ocr_carea' id='block_1_63' title="bbox 2194 508 3880 585">
    <p class='ocr_par' dir='ltr' id='par_1_63' title="bbox 2194 508 3880 585">
     <span class='ocr_line' id='line_1_63' title="bbox 2194 508 3880 585; baseline 0.005 -24"><span class='ocrx_word' id='word_1_514' title='bbox 2194 509 2373 562; x_wconf 90' lang='lat' dir='ltr'><strong>Deum</strong></span> <span class='ocrx_word' id='word_1_515' title='bbox 2402 525 2507 579; x_wconf 92' lang='lat' dir='ltr'><strong>pro</strong></span> <span class='ocrx_word' id='word_1_516' title='bbox 2539 508 2882 580; x_wconf 88' lang='lat' dir='ltr'><strong>quibusdam</strong></span> <span class='ocrx_word' id='word_1_517' title='bbox 2911 508 3282 580; x_wconf 90' lang='lat' dir='ltr'><strong>pristinorum</strong></span> <span class='ocrx_word' id='word_1_518' title='bbox 3318 510 3591 566; x_wconf 85' lang='lat' dir='ltr'><strong>vitiorum</strong></span> <span class='ocrx_word' id='word_1_519' title='bbox 3635 513 3880 585; x_wconf 87' lang='lat' dir='ltr'><strong>reliquiis</strong></span> 
     </span>
    </p>
   </div>
   <div class='ocr_carea' id='block_1_64' title="bbox 2191 596 3880 669">
    <p class='ocr_par' dir='ltr' id='par_1_64' title="bbox 2191 596 3880 669">
     <span class='ocr_line' id='line_1_64' title="bbox 2191 596 3880 669; baseline 0.005 -19"><span class='ocrx_word' id='word_1_520' title='bbox 2191 596 2370 668; x_wconf 89' lang='lat' dir='ltr'><strong>ipsius</strong></span> <span class='ocrx_word' id='word_1_521' title='bbox 2426 597 2485 650; x_wconf 92' lang='lat' dir='ltr'><strong>in</strong></span> <span class='ocrx_word' id='word_1_522' title='bbox 2524 597 2613 650; x_wconf 88' lang='lat' dir='ltr'><strong>via</strong></span> <span class='ocrx_word' id='word_1_523' title='bbox 2662 596 2760 650; x_wconf 90' lang='lat' dir='ltr'><strong>Dei</strong></span> <span class='ocrx_word' id='word_1_524' title='bbox 2817 613 3184 669; x_wconf 89' lang='lat' dir='ltr'><strong>progressum</strong></span> <span class='ocrx_word' id='word_1_525' title='bbox 3235 599 3418 654; x_wconf 85' lang='lat' dir='ltr'><strong>adhuc</strong></span> <span class='ocrx_word' id='word_1_526' title='bbox 3471 601 3880 658; x_wconf 88' lang='lat' dir='ltr'><strong>retardantibus</strong></span> 
     </span>
    </p>
   </div>
   <div class='ocr_carea' id='block_1_65' title="bbox 2193 687 3248 759">
    <p class='ocr_par' dir='ltr' id='par_1_65' title="bbox 2193 687 3248 759">
     <span class='ocr_line' id='line_1_65' title="bbox 2193 687 3248 759; baseline 0 -16"><span class='ocrx_word' id='word_1_527' title='bbox 2193 688 2454 754; x_wconf 82' lang='lat' dir='ltr'><strong>(Confess.</strong></span> <span class='ocrx_word' id='word_1_528' title='bbox 2481 687 2576 741; x_wconf 84' lang='lat' dir='ltr'><strong>lib.</strong></span> <span class='ocrx_word' id='word_1_529' title='bbox 2623 691 2706 754; x_wconf 84' lang='grc'><strong>10,</strong></span> <span class='ocrx_word' id='word_1_530' title='bbox 2735 703 2856 757; x_wconf 89' lang='lat' dir='ltr'><strong>cap.</strong></span> <span class='ocrx_word' id='word_1_531' title='bbox 2891 690 2944 756; x_wconf 89' lang='lat'><strong>3,</strong></span> <span class='ocrx_word' id='word_1_532' title='bbox 2966 690 3135 755; x_wconf 67' lang='lat'><strong>1211.4,</strong></span> <span class='ocrx_word' id='word_1_533' title='bbox 3170 690 3248 759; x_wconf 74' lang='grc'><strong>5).</strong></span> 
     </span>
    </p>
   </div>
   <div class='ocr_carea' id='block_1_66' title="bbox 2263 776 3879 846">
    <p class='ocr_par' dir='ltr' id='par_1_66' title="bbox 2263 776 3879 846">
     <span class='ocr_line' id='line_1_66' title="bbox 2263 776 3879 846; baseline 0.003 -16"><span class='ocrx_word' id='word_1_534' title='bbox 2263 779 2313 830; x_wconf 90' lang='grc'><strong>3.</strong></span> <span class='ocrx_word' id='word_1_535' title='bbox 2363 776 2517 846; x_wconf 89' lang='lat' dir='ltr'><strong>Opus</strong></span> <span class='ocrx_word' id='word_1_536' title='bbox 2561 782 2760 830; x_wconf 90' lang='lat' dir='ltr'><strong>contra</strong></span> <span class='ocrx_word' id='word_1_537' title='bbox 2808 777 3077 830; x_wconf 86' lang='lat' dir='ltr'><strong>Faustum</strong></span> <span class='ocrx_word' id='word_1_538' title='bbox 3120 777 3180 831; x_wconf 92' lang='lat' dir='ltr'><strong>in</strong></span> <span class='ocrx_word' id='word_1_539' title='bbox 3223 779 3704 835; x_wconf 81' lang='lat' dir='ltr'><strong>Hetractationum</strong></span> <span class='ocrx_word' id='word_1_540' title='bbox 3741 780 3879 835; x_wconf 87' lang='lat' dir='ltr'><strong>serie</strong></span> 
     </span>
    </p>
   </div>
   <div class='ocr_carea' id='block_1_67' title="bbox 2189 865 3878 940">
    <p class='ocr_par' dir='ltr' id='par_1_67' title="bbox 2189 865 3878 940">
     <span class='ocr_line' id='line_1_67' title="bbox 2189 865 3878 940; baseline 0.003 -20"><span class='ocrx_word' id='word_1_541' title='bbox 2189 865 2622 920; x_wconf 80' lang='lat' dir='ltr'><strong>Confessionum</strong></span> <span class='ocrx_word' id='word_1_542' title='bbox 2655 865 2826 920; x_wconf 91' lang='lat' dir='ltr'><strong>libros</strong></span> <span class='ocrx_word' id='word_1_543' title='bbox 2846 865 3329 937; x_wconf 81' lang='lat' dir='ltr'><strong>excipit(ltetract.</strong></span> <span class='ocrx_word' id='word_1_544' title='bbox 3359 868 3456 924; x_wconf 83' lang='lat' dir='ltr'><strong>lib.</strong></span> <span class='ocrx_word' id='word_1_545' title='bbox 3481 872 3533 932; x_wconf 86' lang='lat'><strong>2,</strong></span> <span class='ocrx_word' id='word_1_546' title='bbox 3557 885 3676 939; x_wconf 87' lang='lat' dir='ltr'><strong>cap.</strong></span> <span class='ocrx_word' id='word_1_547' title='bbox 3701 871 3778 940; x_wconf 84' lang='lat'><strong>7).</strong></span> <span class='ocrx_word' id='word_1_548' title='bbox 3802 871 3878 925; x_wconf 82' lang='lat' dir='ltr'><strong>De</strong></span> 
     </span>
    </p>
   </div>
   <div class='ocr_carea' id='block_1_68' title="bbox 2191 954 3874 1028">
    <p class='ocr_par' dir='ltr' id='par_1_68' title="bbox 2191 954 3874 1028">
     <span class='ocr_line' id='line_1_68' title="bbox 2191 954 3874 1028; baseline 0.002 -18"><span class='ocrx_word' id='word_1_549' title='bbox 2191 956 2393 1010; x_wconf 90' lang='lat' dir='ltr'><strong>Fausto</strong></span> <span class='ocrx_word' id='word_1_550' title='bbox 2413 970 2584 1026; x_wconf 86' lang='lat' dir='ltr'><strong>supra</strong></span> <span class='ocrx_word' id='word_1_551' title='bbox 2601 954 2865 1021; x_wconf 83' lang='lat' dir='ltr'><strong>diximus,</strong></span> <span class='ocrx_word' id='word_1_552' title='bbox 2893 971 2955 1009; x_wconf 88' lang='lat' dir='ltr'><strong>ac</strong></span> <span class='ocrx_word' id='word_1_553' title='bbox 2975 955 3044 1010; x_wconf 90' lang='lat' dir='ltr'><strong>de</strong></span> <span class='ocrx_word' id='word_1_554' title='bbox 3072 955 3216 1010; x_wconf 91' lang='lat' dir='ltr'><strong>libro</strong></span> <span class='ocrx_word' id='word_1_555' title='bbox 3236 973 3405 1028; x_wconf 89' lang='lat' dir='ltr'><strong>quem</strong></span> <span class='ocrx_word' id='word_1_556' title='bbox 3438 974 3543 1028; x_wconf 91' lang='lat' dir='ltr'><strong>pro</strong></span> <span class='ocrx_word' id='word_1_557' title='bbox 3566 959 3874 1014; x_wconf 71' lang='lat' dir='ltr'><strong>Manichasis</strong></span> 
     </span>
    </p>
   </div>
   <div class='ocr_carea' id='block_1_69' title="bbox 2189 1044 3873 1119">
    <p class='ocr_par' dir='ltr' id='par_1_69' title="bbox 2189 1044 3873 1119">
     <span class='ocr_line' id='line_1_69' title="bbox 2189 1044 3873 1119; baseline 0.004 -21"><span class='ocrx_word' id='word_1_558' title='bbox 2189 1045 2456 1098; x_wconf 89' lang='lat' dir='ltr'><strong>adversus</strong></span> <span class='ocrx_word' id='word_1_559' title='bbox 2502 1044 2801 1098; x_wconf 86' lang='lat' dir='ltr'><strong>Ecclesiam</strong></span> <span class='ocrx_word' id='word_1_560' title='bbox 2848 1045 3151 1116; x_wconf 87' lang='lat' dir='ltr'><strong>scripserat</strong></span> <span class='ocrx_word' id='word_1_561' title='bbox 3181 1045 3327 1112; x_wconf 86' lang='lat' dir='ltr'><strong>(Lib.</strong></span> <span class='ocrx_word' id='word_1_562' title='bbox 3366 1052 3411 1111; x_wconf 92' lang='grc'><strong>1,</strong></span> <span class='ocrx_word' id='word_1_563' title='bbox 3443 1063 3570 1117; x_wconf 87' lang='lat' dir='ltr'><strong>cap.</strong></span> <span class='ocrx_word' id='word_1_564' title='bbox 3623 1052 3672 1116; x_wconf 86' lang='lat'><strong>9,</strong></span> <span class='ocrx_word' id='word_1_565' title='bbox 3706 1065 3758 1105; x_wconf 85' lang='grc' dir='ltr'><strong>η.</strong></span> <span class='ocrx_word' id='word_1_566' title='bbox 3789 1052 3873 1119; x_wconf 65' lang='grc'><strong>4).</strong></span> 
     </span>
    </p>
   </div>
   <div class='ocr_carea' id='block_1_70' title="bbox 2188 1132 3876 1209">
    <p class='ocr_par' dir='ltr' id='par_1_70' title="bbox 2188 1132 3876 1209">
     <span class='ocr_line' id='line_1_70' title="bbox 2188 1132 3876 1209; baseline 0.003 -22"><span class='ocrx_word' id='word_1_567' title='bbox 2188 1133 2330 1188; x_wconf 90' lang='lat' dir='ltr'><strong>Cum</strong></span> <span class='ocrx_word' id='word_1_568' title='bbox 2359 1132 2465 1186; x_wconf 91' lang='lat' dir='ltr'><strong>iste</strong></span> <span class='ocrx_word' id='word_1_569' title='bbox 2495 1132 2641 1186; x_wconf 90' lang='lat' dir='ltr'><strong>liber</strong></span> <span class='ocrx_word' id='word_1_570' title='bbox 2664 1133 2723 1187; x_wconf 91' lang='lat' dir='ltr'><strong>in</strong></span> <span class='ocrx_word' id='word_1_571' title='bbox 2744 1133 3046 1204; x_wconf 87' lang='lat' dir='ltr'><strong>Augustini</strong></span> <span class='ocrx_word' id='word_1_572' title='bbox 3077 1150 3282 1189; x_wconf 91' lang='lat' dir='ltr'><strong>manus</strong></span> <span class='ocrx_word' id='word_1_573' title='bbox 3300 1135 3564 1201; x_wconf 82' lang='lat' dir='ltr'><strong>venisset,</strong></span> <span class='ocrx_word' id='word_1_574' title='bbox 3595 1137 3876 1209; x_wconf 87' lang='lat' dir='ltr'><strong>lectusque</strong></span> 
     </span>
    </p>
   </div>
   <div class='ocr_carea' id='block_1_71' title="bbox 2188 1220 3878 1297">
    <p class='ocr_par' dir='ltr' id='par_1_71' title="bbox 2188 1220 3878 1297">
     <span class='ocr_line' id='line_1_71' title="bbox 2188 1220 3878 1297; baseline 0.004 -22"><span class='ocrx_word' id='word_1_575' title='bbox 2188 1221 2388 1276; x_wconf 88' lang='lat' dir='ltr'><strong>fuisset</strong></span> <span class='ocrx_word' id='word_1_576' title='bbox 2433 1239 2463 1276; x_wconf 89' lang='lat' dir='ltr'><strong>a</strong></span> <span class='ocrx_word' id='word_1_577' title='bbox 2500 1220 2790 1285; x_wconf 86' lang='lat' dir='ltr'><strong>fratribus,</strong></span> <span class='ocrx_word' id='word_1_578' title='bbox 2835 1222 3001 1278; x_wconf 86' lang='lat' dir='ltr'><strong>enixe</strong></span> <span class='ocrx_word' id='word_1_579' title='bbox 3045 1223 3128 1277; x_wconf 91' lang='lat' dir='ltr'><strong>illi</strong></span> <span class='ocrx_word' id='word_1_580' title='bbox 3171 1239 3204 1277; x_wconf 90' lang='lat' dir='ltr'><strong>a</strong></span> <span class='ocrx_word' id='word_1_581' title='bbox 3235 1227 3429 1278; x_wconf 90' lang='lat' dir='ltr'><strong>sancto</strong></span> <span class='ocrx_word' id='word_1_582' title='bbox 3468 1225 3731 1292; x_wconf 71' lang='lat' dir='ltr'><strong>Prmsule,</strong></span> <span class='ocrx_word' id='word_1_583' title='bbox 3753 1227 3878 1297; x_wconf 87' lang='lat' dir='ltr'><strong>jure</strong></span> 
     </span>
    </p>
   </div>
   <div class='ocr_carea' id='block_1_72' title="bbox 2187 1310 3876 1385">
    <p class='ocr_par' dir='ltr' id='par_1_72' title="bbox 2187 1310 3876 1385">
     <span class='ocr_line' id='line_1_72' title="bbox 2187 1310 3876 1385; baseline 0.003 -21"><span class='ocrx_word' id='word_1_584' title='bbox 2187 1310 2479 1365; x_wconf 85' lang='lat' dir='ltr'><strong>charitatis</strong></span> <span class='ocrx_word' id='word_1_585' title='bbox 2499 1327 2612 1382; x_wconf 89' lang='lat' dir='ltr'><strong>qua</strong></span> <span class='ocrx_word' id='word_1_586' title='bbox 2631 1310 2771 1380; x_wconf 85' lang='lat' dir='ltr'><strong>ipsis</strong></span> <span class='ocrx_word' id='word_1_587' title='bbox 2791 1311 3088 1377; x_wconf 87' lang='lat' dir='ltr'><strong>serviebat,</strong></span> <span class='ocrx_word' id='word_1_588' title='bbox 3121 1311 3454 1384; x_wconf 84' lang='lat' dir='ltr'><strong>tlagitarunt</strong></span> <span class='ocrx_word' id='word_1_589' title='bbox 3473 1317 3539 1367; x_wconf 90' lang='lat' dir='ltr'><strong>ut</strong></span> <span class='ocrx_word' id='word_1_590' title='bbox 3567 1313 3620 1367; x_wconf 92' lang='lat' dir='ltr'><strong>ei</strong></span> <span class='ocrx_word' id='word_1_591' title='bbox 3650 1330 3876 1385; x_wconf 84' lang='lat' dir='ltr'><strong>respon-</strong></span> 
     </span>
    </p>
   </div>
   <div class='ocr_carea' id='block_1_73' title="bbox 2188 1399 3881 1471">
    <p class='ocr_par' dir='ltr' id='par_1_73' title="bbox 2188 1399 3881 1471">
     <span class='ocr_line' id='line_1_73' title="bbox 2188 1399 3881 1471; baseline 0.002 -17"><span class='ocrx_word' id='word_1_592' title='bbox 2188 1399 2366 1454; x_wconf 90' lang='lat' dir='ltr'><strong>deret.</strong></span> <span class='ocrx_word' id='word_1_593' title='bbox 2411 1399 2726 1470; x_wconf 83' lang='lat' dir='ltr'><strong>Respondit</strong></span> <span class='ocrx_word' id='word_1_594' title='bbox 2773 1399 2968 1470; x_wconf 88' lang='lat' dir='ltr'><strong>igitur,</strong></span> <span class='ocrx_word' id='word_1_595' title='bbox 3020 1403 3076 1454; x_wconf 92' lang='lat' dir='ltr'><strong>et</strong></span> <span class='ocrx_word' id='word_1_596' title='bbox 3111 1400 3422 1471; x_wconf 86' lang='lat' dir='ltr'><strong>propositis</strong></span> <span class='ocrx_word' id='word_1_597' title='bbox 3467 1401 3652 1456; x_wconf 84' lang='lat' dir='ltr'><strong>Fausti</strong></span> <span class='ocrx_word' id='word_1_598' title='bbox 3698 1403 3881 1458; x_wconf 81' lang='lat' dir='ltr'><strong>verbis</strong></span> 
     </span>
    </p>
   </div>
   <div class='ocr_carea' id='block_1_74' title="bbox 2189 1487 3880 1563">
    <p class='ocr_par' dir='ltr' id='par_1_74' title="bbox 2189 1487 3880 1563">
     <span class='ocr_line' id='line_1_74' title="bbox 2189 1487 3880 1563; baseline 0.004 -23"><span class='ocrx_word' id='word_1_599' title='bbox 2189 1487 2583 1557; x_wconf 90' lang='lat' dir='ltr'><strong>responsiones</strong></span> <span class='ocrx_word' id='word_1_600' title='bbox 2656 1503 2784 1542; x_wconf 89' lang='lat' dir='ltr'><strong>suas</strong></span> <span class='ocrx_word' id='word_1_601' title='bbox 2823 1487 3078 1559; x_wconf 89' lang='lat' dir='ltr'><strong>subjecit.</strong></span> <span class='ocrx_word' id='word_1_602' title='bbox 3122 1489 3211 1544; x_wconf 92' lang='lat' dir='ltr'><strong>Sic</strong></span> <span class='ocrx_word' id='word_1_603' title='bbox 3253 1506 3395 1561; x_wconf 90' lang='lat' dir='ltr'><strong>opus</strong></span> <span class='ocrx_word' id='word_1_604' title='bbox 3449 1489 3595 1544; x_wconf 88' lang='lat' dir='ltr'><strong>bene</strong></span> <span class='ocrx_word' id='word_1_605' title='bbox 3647 1491 3880 1563; x_wconf 88' lang='lat' dir='ltr'><strong>longum</strong></span> 
     </span>
    </p>
   </div>
   <div class='ocr_carea' id='block_1_75' title="bbox 2187 1575 3880 1652">
    <p class='ocr_par' dir='ltr' id='par_1_75' title="bbox 2187 1575 3880 1652">
     <span class='ocr_line' id='line_1_75' title="bbox 2187 1575 3880 1652; baseline 0.002 -21"><span class='ocrx_word' id='word_1_606' title='bbox 2187 1575 2381 1642; x_wconf 87' lang='lat' dir='ltr'><strong>evasit,</strong></span> <span class='ocrx_word' id='word_1_607' title='bbox 2424 1576 2483 1630; x_wconf 94' lang='lat' dir='ltr'><strong>in</strong></span> <span class='ocrx_word' id='word_1_608' title='bbox 2513 1582 2626 1631; x_wconf 91' lang='lat' dir='ltr'><strong>tres</strong></span> <span class='ocrx_word' id='word_1_609' title='bbox 2653 1581 2710 1631; x_wconf 91' lang='lat' dir='ltr'><strong>et</strong></span> <span class='ocrx_word' id='word_1_610' title='bbox 2740 1577 2979 1649; x_wconf 88' lang='lat' dir='ltr'><strong>triginta</strong></span> <span class='ocrx_word' id='word_1_611' title='bbox 3008 1577 3253 1632; x_wconf 90' lang='lat' dir='ltr'><strong>divisum</strong></span> <span class='ocrx_word' id='word_1_612' title='bbox 3283 1579 3716 1650; x_wconf 86' lang='lat' dir='ltr'><strong>disputationes,</strong></span> <span class='ocrx_word' id='word_1_613' title='bbox 3744 1597 3880 1652; x_wconf 90' lang='lat' dir='ltr'><strong>quas</strong></span> 
     </span>
    </p>
   </div>
   <div class='ocr_carea' id='block_1_76' title="bbox 2186 1665 3881 1742">
    <p class='ocr_par' dir='ltr' id='par_1_76' title="bbox 2186 1665 3881 1742">
     <span class='ocr_line' id='line_1_76' title="bbox 2186 1665 3881 1742; baseline 0.004 -25"><span class='ocrx_word' id='word_1_614' title='bbox 2186 1666 2403 1720; x_wconf 88' lang='lat' dir='ltr'><strong>mavult</strong></span> <span class='ocrx_word' id='word_1_615' title='bbox 2449 1665 2622 1720; x_wconf 90' lang='lat' dir='ltr'><strong>libros</strong></span> <span class='ocrx_word' id='word_1_616' title='bbox 2669 1667 2990 1738; x_wconf 88' lang='lat' dir='ltr'><strong>appellare;</strong></span> <span class='ocrx_word' id='word_1_617' title='bbox 3035 1667 3294 1738; x_wconf 89' lang='lat' dir='ltr'><strong>quamvis</strong></span> <span class='ocrx_word' id='word_1_618' title='bbox 3325 1667 3439 1722; x_wconf 90' lang='lat' dir='ltr'><strong>sint</strong></span> <span class='ocrx_word' id='word_1_619' title='bbox 3466 1668 3526 1723; x_wconf 92' lang='lat' dir='ltr'><strong>in</strong></span> <span class='ocrx_word' id='word_1_620' title='bbox 3560 1670 3640 1723; x_wconf 91' lang='lat' dir='ltr'><strong>eis</strong></span> <span class='ocrx_word' id='word_1_621' title='bbox 3670 1671 3881 1742; x_wconf 88' lang='lat' dir='ltr'><strong>aliquot</strong></span> 
     </span>
    </p>
   </div>
   <div class='ocr_carea' id='block_1_77' title="bbox 2185 1753 3882 1830">
    <p class='ocr_par' dir='ltr' id='par_1_77' title="bbox 2185 1753 3882 1830">
     <span class='ocr_line' id='line_1_77' title="bbox 2185 1753 3882 1830; baseline 0.004 -23"><span class='ocrx_word' id='word_1_622' title='bbox 2185 1753 2483 1826; x_wconf 90' lang='lat' dir='ltr'><strong>perbreves</strong></span> <span class='ocrx_word' id='word_1_623' title='bbox 2517 1771 2530 1809; x_wconf 88' lang='lat'>:</span> <span class='ocrx_word' id='word_1_624' title='bbox 2565 1754 2663 1809; x_wconf 89' lang='lat' dir='ltr'><strong>sed</strong></span> <span class='ocrx_word' id='word_1_625' title='bbox 2689 1759 2823 1810; x_wconf 90' lang='lat' dir='ltr'><strong>sunt</strong></span> <span class='ocrx_word' id='word_1_626' title='bbox 2853 1756 3116 1810; x_wconf 89' lang='lat' dir='ltr'><strong>nonnulli</strong></span> <span class='ocrx_word' id='word_1_627' title='bbox 3143 1757 3455 1813; x_wconf 85' lang='lat' dir='ltr'><strong>admodum</strong></span> <span class='ocrx_word' id='word_1_628' title='bbox 3480 1759 3710 1830; x_wconf 82' lang='lat' dir='ltr'><strong>prolixi,</strong></span> <span class='ocrx_word' id='word_1_629' title='bbox 3743 1776 3882 1830; x_wconf 71' lang='lat' dir='ltr'><strong>prm—</strong></span> 
     </span>
    </p>
   </div>
   <div class='ocr_carea' id='block_1_78' title="bbox 2186 1843 3880 1918">
    <p class='ocr_par' dir='ltr' id='par_1_78' title="bbox 2186 1843 3880 1918">
     <span class='ocr_line' id='line_1_78' title="bbox 2186 1843 3880 1918; baseline 0.003 -21"><span class='ocrx_word' id='word_1_630' title='bbox 2186 1843 2381 1898; x_wconf 87' lang='lat' dir='ltr'><strong>sertim</strong></span> <span class='ocrx_word' id='word_1_631' title='bbox 2409 1843 2706 1898; x_wconf 82' lang='lat' dir='ltr'><strong>vicesimus</strong></span> <span class='ocrx_word' id='word_1_632' title='bbox 2739 1845 3042 1914; x_wconf 88' lang='lat' dir='ltr'><strong>secundus,</strong></span> <span class='ocrx_word' id='word_1_633' title='bbox 3074 1845 3133 1900; x_wconf 95' lang='lat' dir='ltr'><strong>in</strong></span> <span class='ocrx_word' id='word_1_634' title='bbox 3163 1863 3276 1918; x_wconf 90' lang='lat' dir='ltr'><strong>quo</strong></span> <span class='ocrx_word' id='word_1_635' title='bbox 3315 1847 3768 1902; x_wconf 79' lang='lat' dir='ltr'><strong>Patriarcharum</strong></span> <span class='ocrx_word' id='word_1_636' title='bbox 3802 1849 3880 1902; x_wconf 88' lang='lat' dir='ltr'><strong>vi-</strong></span> 
     </span>
    </p>
   </div>
   <div class='ocr_carea' id='block_1_79' title="bbox 2186 1933 3878 2008">
    <p class='ocr_par' dir='ltr' id='par_1_79' title="bbox 2186 1933 3878 2008">
     <span class='ocr_line' id='line_1_79' title="bbox 2186 1933 3878 2008; baseline 0.002 -20"><span class='ocrx_word' id='word_1_637' title='bbox 2186 1938 2304 1988; x_wconf 87' lang='lat' dir='ltr'><strong>tam</strong></span> <span class='ocrx_word' id='word_1_638' title='bbox 2334 1939 2530 1988; x_wconf 90' lang='lat' dir='ltr'><strong>contra</strong></span> <span class='ocrx_word' id='word_1_639' title='bbox 2566 1933 2752 1988; x_wconf 83' lang='lat' dir='ltr'><strong>Fausti</strong></span> <span class='ocrx_word' id='word_1_640' title='bbox 2781 1934 3094 1988; x_wconf 90' lang='lat' dir='ltr'><strong>calumnias</strong></span> <span class='ocrx_word' id='word_1_641' title='bbox 3121 1935 3392 1991; x_wconf 87' lang='lat' dir='ltr'><strong>defendit.</strong></span> <span class='ocrx_word' id='word_1_642' title='bbox 3427 1937 3605 2008; x_wconf 84' lang='lat' dir='ltr'><strong>Hujus</strong></span> <span class='ocrx_word' id='word_1_643' title='bbox 3630 1937 3878 1991; x_wconf 85' lang='lat' dir='ltr'><strong>vicesimi</strong></span> 
     </span>
    </p>
   </div>
   <div class='ocr_carea' id='block_1_80' title="bbox 2185 2023 3879 2093">
    <p class='ocr_par' dir='ltr' id='par_1_80' title="bbox 2185 2023 3879 2093">
     <span class='ocr_line' id='line_1_80' title="bbox 2185 2023 3879 2093; baseline 0.002 -17"><span class='ocrx_word' id='word_1_644' title='bbox 2185 2023 2416 2077; x_wconf 88' lang='lat' dir='ltr'><strong>secundi</strong></span> <span class='ocrx_word' id='word_1_645' title='bbox 2436 2023 2567 2076; x_wconf 91' lang='lat' dir='ltr'><strong>libri</strong></span> <span class='ocrx_word' id='word_1_646' title='bbox 2597 2024 2786 2078; x_wconf 92' lang='lat' dir='ltr'><strong>locum</strong></span> <span class='ocrx_word' id='word_1_647' title='bbox 2811 2024 3029 2093; x_wconf 78' lang='lat' dir='ltr'><strong>profert</strong></span> <span class='ocrx_word' id='word_1_648' title='bbox 3060 2024 3118 2077; x_wconf 93' lang='lat' dir='ltr'><strong>in</strong></span> <span class='ocrx_word' id='word_1_649' title='bbox 3149 2025 3572 2088; x_wconf 70' lang='lat' dir='ltr'><strong>Qumstionibus</strong></span> <span class='ocrx_word' id='word_1_650' title='bbox 3597 2027 3669 2082; x_wconf 90' lang='lat' dir='ltr'><strong>ad</strong></span> <span class='ocrx_word' id='word_1_651' title='bbox 3693 2027 3879 2081; x_wconf 88' lang='lat' dir='ltr'><strong>Dulci-</strong></span> 
     </span>
    </p>
   </div>
   <div class='ocr_carea' id='block_1_81' title="bbox 2185 2111 3879 2186">
    <p class='ocr_par' dir='ltr' id='par_1_81' title="bbox 2185 2111 3879 2186">
     <span class='ocr_line' id='line_1_81' title="bbox 2185 2111 3879 2186; baseline 0.003 -21"><span class='ocrx_word' id='word_1_652' title='bbox 2185 2111 2328 2166; x_wconf 90' lang='lat' dir='ltr'><strong>tium</strong></span> <span class='ocrx_word' id='word_1_653' title='bbox 2371 2112 2593 2183; x_wconf 72' lang='lat' dir='ltr'><strong>(Quaest.</strong></span> <span class='ocrx_word' id='word_1_654' title='bbox 2629 2117 2704 2176; x_wconf 83' lang='lat'><strong>7).</strong></span> <span class='ocrx_word' id='word_1_655' title='bbox 2746 2113 2912 2167; x_wconf 88' lang='lat' dir='ltr'><strong>Liber</strong></span> <span class='ocrx_word' id='word_1_656' title='bbox 2957 2112 3061 2167; x_wconf 90' lang='lat' dir='ltr'><strong>iste</strong></span> <span class='ocrx_word' id='word_1_657' title='bbox 3106 2114 3330 2168; x_wconf 87' lang='lat' dir='ltr'><strong>videtur</strong></span> <span class='ocrx_word' id='word_1_658' title='bbox 3359 2131 3480 2170; x_wconf 89' lang='lat' dir='ltr'><strong>esse</strong></span> <span class='ocrx_word' id='word_1_659' title='bbox 3525 2131 3670 2186; x_wconf 91' lang='lat' dir='ltr'><strong>opus</strong></span> <span class='ocrx_word' id='word_1_660' title='bbox 3717 2115 3879 2184; x_wconf 91' lang='lat' dir='ltr'><strong>illud,</strong></span> 
     </span>
    </p>
   </div>
   <div class='ocr_carea' id='block_1_82' title="bbox 2185 2200 3878 2275">
    <p class='ocr_par' dir='ltr' id='par_1_82' title="bbox 2185 2200 3878 2275">
     <span class='ocr_line' id='line_1_82' title="bbox 2185 2200 3878 2275; baseline 0.003 -21"><span class='ocrx_word' id='word_1_661' title='bbox 2185 2201 2340 2271; x_wconf 89' lang='lat' dir='ltr'><strong>quod</strong></span> <span class='ocrx_word' id='word_1_662' title='bbox 2363 2200 2432 2254; x_wconf 90' lang='lat' dir='ltr'><strong>de</strong></span> <span class='ocrx_word' id='word_1_663' title='bbox 2453 2201 2566 2255; x_wconf 88' lang='lat' dir='ltr'><strong>vita</strong></span> <span class='ocrx_word' id='word_1_664' title='bbox 2593 2201 3047 2255; x_wconf 87' lang='lat' dir='ltr'><strong>Patriarcharum</strong></span> <span class='ocrx_word' id='word_1_665' title='bbox 3067 2205 3264 2256; x_wconf 90' lang='lat' dir='ltr'><strong>contra</strong></span> <span class='ocrx_word' id='word_1_666' title='bbox 3281 2203 3547 2258; x_wconf 89' lang='lat' dir='ltr'><strong>Faustum</strong></span> <span class='ocrx_word' id='word_1_667' title='bbox 3570 2211 3878 2275; x_wconf 83' lang='lat' dir='ltr'><strong>nuncupat.</strong></span> 
     </span>
    </p>
   </div>
   <div class='ocr_carea' id='block_1_83' title="bbox 2185 2284 3877 2360">
    <p class='ocr_par' dir='ltr' id='par_1_83' title="bbox 2185 2284 3877 2360">
     <span class='ocr_line' id='line_1_83' title="bbox 2185 2284 3877 2360; baseline 0.003 -21"><span class='ocrx_word' id='word_1_668' title='bbox 2185 2284 2341 2356; x_wconf 92' lang='lat' dir='ltr'><strong>Opus</strong></span> <span class='ocrx_word' id='word_1_669' title='bbox 2367 2301 2535 2340; x_wconf 87' lang='lat' dir='ltr'><strong>suum</strong></span> <span class='ocrx_word' id='word_1_670' title='bbox 2565 2289 2767 2339; x_wconf 87' lang='lat' dir='ltr'><strong>contra</strong></span> <span class='ocrx_word' id='word_1_671' title='bbox 2798 2287 3066 2340; x_wconf 88' lang='lat' dir='ltr'><strong>Faustum</strong></span> <span class='ocrx_word' id='word_1_672' title='bbox 3096 2303 3212 2341; x_wconf 89' lang='lat' dir='ltr'><strong>una</strong></span> <span class='ocrx_word' id='word_1_673' title='bbox 3241 2303 3370 2342; x_wconf 90' lang='lat' dir='ltr'><strong>cum</strong></span> <span class='ocrx_word' id='word_1_674' title='bbox 3401 2287 3640 2360; x_wconf 86' lang='lat' dir='ltr'><strong>epistola</strong></span> <span class='ocrx_word' id='word_1_675' title='bbox 3681 2290 3877 2360; x_wconf 82' lang='lat' dir='ltr'><strong>(Epist.</strong></span> 
     </span>
    </p>
   </div>
   <div class='ocr_carea' id='block_1_84' title="bbox 2185 2375 3884 2447">
    <p class='ocr_par' dir='ltr' id='par_1_84' title="bbox 2185 2375 3884 2447">
     <span class='ocr_line' id='line_1_84' title="bbox 2185 2375 3884 2447; baseline 0.003 -19"><span class='ocrx_word' id='word_1_676' title='bbox 2185 2376 2276 2442; x_wconf 76' lang='lat'><strong>8‘2,</strong></span> <span class='ocrx_word' id='word_1_677' title='bbox 2330 2390 2388 2429; x_wconf 84' lang='grc' dir='ltr'><strong>η.</strong></span> <span class='ocrx_word' id='word_1_678' title='bbox 2442 2377 2522 2443; x_wconf 85' lang='grc'><strong>17)</strong></span> <span class='ocrx_word' id='word_1_679' title='bbox 2566 2375 2719 2428; x_wconf 90' lang='lat' dir='ltr'><strong>misit</strong></span> <span class='ocrx_word' id='word_1_680' title='bbox 2764 2375 2836 2429; x_wconf 88' lang='lat' dir='ltr'><strong>ad</strong></span> <span class='ocrx_word' id='word_1_681' title='bbox 2880 2375 3288 2447; x_wconf 81' lang='lat' dir='ltr'><strong>Hieronymum</strong></span> <span class='ocrx_word' id='word_1_682' title='bbox 3319 2392 3469 2432; x_wconf 90' lang='lat' dir='ltr'><strong>anno</strong></span> <span class='ocrx_word' id='word_1_683' title='bbox 3499 2377 3726 2433; x_wconf 90' lang='lat' dir='ltr'><strong>circiter</strong></span> <span class='ocrx_word' id='word_1_684' title='bbox 3752 2395 3884 2445; x_wconf 84' lang='lat' dir='ltr'><strong>qua-</strong></span> 
     </span>
    </p>
   </div>
   <div class='ocr_carea' id='block_1_85' title="bbox 2184 2461 2888 2534">
    <p class='ocr_par' dir='ltr' id='par_1_85' title="bbox 2184 2461 2888 2534">
     <span class='ocr_line' id='line_1_85' title="bbox 2184 2461 2888 2534; baseline 0.004 -19"><span class='ocrx_word' id='word_1_685' title='bbox 2184 2461 2638 2533; x_wconf 88' lang='lat' dir='ltr'><strong>dringentesimo</strong></span> <span class='ocrx_word' id='word_1_686' title='bbox 2667 2463 2888 2534; x_wconf 91' lang='lat' dir='ltr'><strong>quinto.</strong></span> 
     </span>
    </p>
   </div>
   <div class='ocr_carea' id='block_1_86' title="bbox 2253 2551 3883 2628">
    <p class='ocr_par' dir='ltr' id='par_1_86' title="bbox 2253 2551 3883 2628">
     <span class='ocr_line' id='line_1_86' title="bbox 2253 2551 3883 2628; baseline 0.005 -23"><span class='ocrx_word' id='word_1_687' title='bbox 2253 2551 2309 2608; x_wconf 76' lang='lat'><strong>4.</strong></span> <span class='ocrx_word' id='word_1_688' title='bbox 2344 2553 2561 2607; x_wconf 69' lang='lat' dir='ltr'><strong>Nostras</strong></span> <span class='ocrx_word' id='word_1_689' title='bbox 2589 2553 2824 2624; x_wconf 89' lang='lat' dir='ltr'><strong>quidem</strong></span> <span class='ocrx_word' id='word_1_690' title='bbox 2850 2558 2986 2608; x_wconf 89' lang='lat' dir='ltr'><strong>sunt</strong></span> <span class='ocrx_word' id='word_1_691' title='bbox 3012 2557 3223 2625; x_wconf 86' lang='lat' dir='ltr'><strong>partes,</strong></span> <span class='ocrx_word' id='word_1_692' title='bbox 3255 2571 3491 2627; x_wconf 88' lang='lat' dir='ltr'><strong>operum</strong></span> <span class='ocrx_word' id='word_1_693' title='bbox 3524 2557 3883 2628; x_wconf 85' lang='lat' dir='ltr'><strong>singulorum</strong></span> 
     </span>
    </p>
   </div>
   <div class='ocr_carea' id='block_1_87' title="bbox 2185 2641 3887 2717">
    <p class='ocr_par' dir='ltr' id='par_1_87' title="bbox 2185 2641 3887 2717">
     <span class='ocr_line' id='line_1_87' title="bbox 2185 2641 3887 2717; baseline 0.004 -22"><span class='ocrx_word' id='word_1_694' title='bbox 2185 2645 2431 2712; x_wconf 88' lang='lat' dir='ltr'><strong>tempus,</strong></span> <span class='ocrx_word' id='word_1_695' title='bbox 2473 2641 2520 2695; x_wconf 90' lang='lat' dir='ltr'><strong>si</strong></span> <span class='ocrx_word' id='word_1_696' title='bbox 2574 2642 2747 2697; x_wconf 90' lang='lat' dir='ltr'><strong>modo</strong></span> <span class='ocrx_word' id='word_1_697' title='bbox 2800 2643 3104 2714; x_wconf 89' lang='lat' dir='ltr'><strong>comperiri</strong></span> <span class='ocrx_word' id='word_1_698' title='bbox 3135 2645 3333 2715; x_wconf 91' lang='lat' dir='ltr'><strong>possit,</strong></span> <span class='ocrx_word' id='word_1_699' title='bbox 3367 2645 3676 2717; x_wconf 89' lang='lat' dir='ltr'><strong>diligenter</strong></span> <span class='ocrx_word' id='word_1_700' title='bbox 3701 2649 3887 2702; x_wconf 86' lang='lat' dir='ltr'><strong>obser-</strong></span> 
     </span>
    </p>
   </div>
   <div class='ocr_carea' id='block_1_88' title="bbox 2186 2732 3885 2806">
    <p class='ocr_par' dir='ltr' id='par_1_88' title="bbox 2186 2732 3885 2806">
     <span class='ocr_line' id='line_1_88' title="bbox 2186 2732 3885 2806; baseline 0.005 -23"><span class='ocrx_word' id='word_1_701' title='bbox 2186 2746 2334 2786; x_wconf 89' lang='lat' dir='ltr'><strong>vare.</strong></span> <span class='ocrx_word' id='word_1_702' title='bbox 2369 2732 2578 2785; x_wconf 89' lang='lat' dir='ltr'><strong>Verum</strong></span> <span class='ocrx_word' id='word_1_703' title='bbox 2627 2748 2801 2803; x_wconf 89' lang='lat' dir='ltr'><strong>supra</strong></span> <span class='ocrx_word' id='word_1_704' title='bbox 2847 2733 3148 2787; x_wconf 89' lang='lat' dir='ltr'><strong>memorati</strong></span> <span class='ocrx_word' id='word_1_705' title='bbox 3195 2734 3324 2788; x_wconf 91' lang='lat' dir='ltr'><strong>libri</strong></span> <span class='ocrx_word' id='word_1_706' title='bbox 3363 2740 3463 2790; x_wconf 87' lang='lat' dir='ltr'><strong>aut</strong></span> <span class='ocrx_word' id='word_1_707' title='bbox 3489 2752 3668 2806; x_wconf 90' lang='lat' dir='ltr'><strong>parva</strong></span> <span class='ocrx_word' id='word_1_708' title='bbox 3697 2737 3885 2791; x_wconf 89' lang='lat' dir='ltr'><strong>admo-</strong></span> 
     </span>
    </p>
   </div>
   <div class='ocr_carea' id='block_1_89' title="bbox 2182 2817 3883 2895">
    <p class='ocr_par' dir='ltr' id='par_1_89' title="bbox 2182 2817 3883 2895">
     <span class='ocr_line' id='line_1_89' title="bbox 2182 2817 3883 2895; baseline 0.005 -23"><span class='ocrx_word' id='word_1_709' title='bbox 2182 2817 2341 2886; x_wconf 91' lang='lat' dir='ltr'><strong>dum,</strong></span> <span class='ocrx_word' id='word_1_710' title='bbox 2383 2824 2479 2874; x_wconf 90' lang='lat' dir='ltr'><strong>aut</strong></span> <span class='ocrx_word' id='word_1_711' title='bbox 2510 2821 2667 2874; x_wconf 89' lang='lat' dir='ltr'><strong>nulla</strong></span> <span class='ocrx_word' id='word_1_712' title='bbox 2697 2822 2970 2891; x_wconf 90' lang='lat' dir='ltr'><strong>temporis</strong></span> <span class='ocrx_word' id='word_1_713' title='bbox 3007 2822 3215 2877; x_wconf 84' lang='lat' dir='ltr'><strong>indicia</strong></span> <span class='ocrx_word' id='word_1_714' title='bbox 3242 2840 3360 2895; x_wconf 71' lang='lat' dir='ltr'><strong>prae</strong></span> <span class='ocrx_word' id='word_1_715' title='bbox 3409 2841 3467 2879; x_wconf 91' lang='lat' dir='ltr'><strong>se</strong></span> <span class='ocrx_word' id='word_1_716' title='bbox 3498 2825 3711 2880; x_wconf 86' lang='lat' dir='ltr'><strong>ferunt.</strong></span> <span class='ocrx_word' id='word_1_717' title='bbox 3749 2827 3883 2881; x_wconf 83' lang='lat' dir='ltr'><strong>Nam</strong></span> 
     </span>
    </p>
   </div>
   <div class='ocr_carea' id='block_1_90' title="bbox 2183 2909 3884 2980">
    <p class='ocr_par' dir='ltr' id='par_1_90' title="bbox 2183 2909 3884 2980">
     <span class='ocr_line' id='line_1_90' title="bbox 2183 2909 3884 2980; baseline 0.005 -18"><span class='ocrx_word' id='word_1_718' title='bbox 2183 2909 2334 2980; x_wconf 90' lang='lat' dir='ltr'><strong>quod</strong></span> <span class='ocrx_word' id='word_1_719' title='bbox 2383 2909 2452 2964; x_wconf 89' lang='lat' dir='ltr'><strong>ad</strong></span> <span class='ocrx_word' id='word_1_720' title='bbox 2497 2910 2670 2964; x_wconf 91' lang='lat' dir='ltr'><strong>libros</strong></span> <span class='ocrx_word' id='word_1_721' title='bbox 2707 2916 2902 2965; x_wconf 89' lang='lat' dir='ltr'><strong>contra</strong></span> <span class='ocrx_word' id='word_1_722' title='bbox 2955 2913 3244 2980; x_wconf 87' lang='lat' dir='ltr'><strong>Faustum,</strong></span> <span class='ocrx_word' id='word_1_723' title='bbox 3303 2913 3474 2968; x_wconf 84' lang='lat' dir='ltr'><strong>refert</strong></span> <span class='ocrx_word' id='word_1_724' title='bbox 3523 2915 3884 2972; x_wconf 87' lang='lat' dir='ltr'><strong>solummodo</strong></span> 
     </span>
    </p>
   </div>
   <div class='ocr_carea' id='block_1_91' title="bbox 2183 2998 3883 3075">
    <p class='ocr_par' dir='ltr' id='par_1_91' title="bbox 2183 2998 3883 3075">
     <span class='ocr_line' id='line_1_91' title="bbox 2183 2998 3883 3075; baseline 0.005 -23"><span class='ocrx_word' id='word_1_725' title='bbox 2183 2998 2555 3068; x_wconf 81' lang='lat' dir='ltr'><strong>Augustinus,</strong></span> <span class='ocrx_word' id='word_1_726' title='bbox 2597 3015 2657 3053; x_wconf 88' lang='lat' dir='ltr'><strong>se</strong></span> <span class='ocrx_word' id='word_1_727' title='bbox 2699 3000 2828 3054; x_wconf 91' lang='lat' dir='ltr'><strong>illos</strong></span> <span class='ocrx_word' id='word_1_728' title='bbox 2875 3000 3165 3071; x_wconf 85' lang='lat' dir='ltr'><strong>scripsisse</strong></span> <span class='ocrx_word' id='word_1_729' title='bbox 3204 3002 3298 3057; x_wconf 89' lang='lat' dir='ltr'><strong>diu</strong></span> <span class='ocrx_word' id='word_1_730' title='bbox 3331 3007 3462 3058; x_wconf 89' lang='lat' dir='ltr'><strong>ante</strong></span> <span class='ocrx_word' id='word_1_731' title='bbox 3488 3010 3790 3075; x_wconf 82' lang='lat' dir='ltr'><strong>acceptam</strong></span> <span class='ocrx_word' id='word_1_732' title='bbox 3820 3007 3883 3060; x_wconf 88' lang='lat' dir='ltr'><strong>ab</strong></span> 
     </span>
    </p>
   </div>
   <div class='ocr_carea' id='block_1_92' title="bbox 2184 3088 3882 3163">
    <p class='ocr_par' dir='ltr' id='par_1_92' title="bbox 2184 3088 3882 3163">
     <span class='ocr_line' id='line_1_92' title="bbox 2184 3088 3882 3163; baseline 0.004 -21"><span class='ocrx_word' id='word_1_733' title='bbox 2184 3088 2529 3159; x_wconf 85' lang='lat' dir='ltr'><strong>Hieronymo</strong></span> <span class='ocrx_word' id='word_1_734' title='bbox 2549 3089 2848 3160; x_wconf 88' lang='lat' dir='ltr'><strong>epistolam</strong></span> <span class='ocrx_word' id='word_1_735' title='bbox 2867 3106 3108 3145; x_wconf 91' lang='lat' dir='ltr'><strong>numero</strong></span> <span class='ocrx_word' id='word_1_736' title='bbox 3122 3093 3526 3163; x_wconf 80' lang='lat' dir='ltr'><strong>octogesimum</strong></span> <span class='ocrx_word' id='word_1_737' title='bbox 3549 3095 3882 3162; x_wconf 87' lang='lat' dir='ltr'><strong>secundam,</strong></span> 
     </span>
    </p>
   </div>
   <div class='ocr_carea' id='block_1_93' title="bbox 2183 3178 3886 3255">
    <p class='ocr_par' dir='ltr' id='par_1_93' title="bbox 2183 3178 3886 3255">
     <span class='ocr_line' id='line_1_93' title="bbox 2183 3178 3886 3255; baseline 0.006 -26"><span class='ocrx_word' id='word_1_738' title='bbox 2183 3193 2311 3248; x_wconf 66' lang='lat' dir='ltr'><strong>quas</strong></span> <span class='ocrx_word' id='word_1_739' title='bbox 2341 3178 2423 3230; x_wconf 91' lang='lat' dir='ltr'><strong>illi</strong></span> <span class='ocrx_word' id='word_1_740' title='bbox 2443 3178 2602 3232; x_wconf 90' lang='lat' dir='ltr'><strong>reddi</strong></span> <span class='ocrx_word' id='word_1_741' title='bbox 2627 3195 2740 3232; x_wconf 92' lang='lat' dir='ltr'><strong>non</strong></span> <span class='ocrx_word' id='word_1_742' title='bbox 2769 3179 2950 3248; x_wconf 86' lang='lat' dir='ltr'><strong>potuit</strong></span> <span class='ocrx_word' id='word_1_743' title='bbox 2975 3185 3104 3234; x_wconf 88' lang='lat' dir='ltr'><strong>ante</strong></span> <span class='ocrx_word' id='word_1_744' title='bbox 3136 3197 3351 3235; x_wconf 90' lang='lat' dir='ltr'><strong>annum</strong></span> <span class='ocrx_word' id='word_1_745' title='bbox 3381 3182 3886 3255; x_wconf 83' lang='lat' dir='ltr'><strong>quadringentesi-</strong></span> 
     </span>
    </p>
   </div>
   <div class='ocr_carea' id='block_1_94' title="bbox 2182 3265 3886 3343">
    <p class='ocr_par' dir='ltr' id='par_1_94' title="bbox 2182 3265 3886 3343">
     <span class='ocr_line' id='line_1_94' title="bbox 2182 3265 3886 3343; baseline 0.004 -23"><span class='ocrx_word' id='word_1_746' title='bbox 2182 3282 2343 3320; x_wconf 89' lang='lat' dir='ltr'><strong>mum</strong></span> <span class='ocrx_word' id='word_1_747' title='bbox 2374 3265 2664 3338; x_wconf 90' lang='lat' dir='ltr'><strong>quintum.</strong></span> <span class='ocrx_word' id='word_1_748' title='bbox 2693 3267 2861 3322; x_wconf 86' lang='lat' dir='ltr'><strong>Aliud</strong></span> <span class='ocrx_word' id='word_1_749' title='bbox 2883 3269 3060 3338; x_wconf 85' lang='lat' dir='ltr'><strong>igitur</strong></span> <span class='ocrx_word' id='word_1_750' title='bbox 3083 3269 3246 3324; x_wconf 91' lang='lat' dir='ltr'><strong>nobis</strong></span> <span class='ocrx_word' id='word_1_751' title='bbox 3275 3287 3388 3325; x_wconf 91' lang='lat' dir='ltr'><strong>non</strong></span> <span class='ocrx_word' id='word_1_752' title='bbox 3409 3271 3782 3343; x_wconf 89' lang='lat' dir='ltr'><strong>licuit,quam</strong></span> <span class='ocrx_word' id='word_1_753' title='bbox 3802 3290 3886 3327; x_wconf 87' lang='lat' dir='ltr'><strong>se-</strong></span> 
     </span>
    </p>
   </div>
   <div class='ocr_carea' id='block_1_95' title="bbox 2182 3355 3891 3428">
    <p class='ocr_par' dir='ltr' id='par_1_95' title="bbox 2182 3355 3891 3428">
     <span class='ocr_line' id='line_1_95' title="bbox 2182 3355 3891 3428; baseline 0.005 -20"><span class='ocrx_word' id='word_1_754' title='bbox 2182 3356 2281 3426; x_wconf 90' lang='lat' dir='ltr'><strong>qui</strong></span> <span class='ocrx_word' id='word_1_755' title='bbox 2313 3355 2514 3410; x_wconf 90' lang='lat' dir='ltr'><strong>seriem</strong></span> <span class='ocrx_word' id='word_1_756' title='bbox 2549 3356 2619 3410; x_wconf 88' lang='lat' dir='ltr'><strong>ab</strong></span> <span class='ocrx_word' id='word_1_757' title='bbox 2648 3356 2774 3427; x_wconf 91' lang='lat' dir='ltr'><strong>ipso</strong></span> <span class='ocrx_word' id='word_1_758' title='bbox 2806 3357 3126 3428; x_wconf 83' lang='lat' dir='ltr'><strong>Augustino</strong></span> <span class='ocrx_word' id='word_1_759' title='bbox 3156 3359 3218 3414; x_wconf 92' lang='lat' dir='ltr'><strong>in</strong></span> <span class='ocrx_word' id='word_1_760' title='bbox 3241 3361 3766 3416; x_wconf 83' lang='lat' dir='ltr'><strong>Retractationibus</strong></span> <span class='ocrx_word' id='word_1_761' title='bbox 3796 3363 3891 3417; x_wconf 83' lang='lat' dir='ltr'><strong>in-</strong></span> 
     </span>
    </p>
   </div>
   <div class='ocr_carea' id='block_1_96' title="bbox 2183 3443 3888 3520">
    <p class='ocr_par' dir='ltr' id='par_1_96' title="bbox 2183 3443 3888 3520">
     <span class='ocr_line' id='line_1_96' title="bbox 2183 3443 3888 3520; baseline 0.004 -24"><span class='ocrx_word' id='word_1_762' title='bbox 2183 3443 2457 3508; x_wconf 82' lang='lat' dir='ltr'><strong>stitutam,</strong></span> <span class='ocrx_word' id='word_1_763' title='bbox 2502 3443 2601 3514; x_wconf 91' lang='lat' dir='ltr'><strong>qui</strong></span> <span class='ocrx_word' id='word_1_764' title='bbox 2648 3459 2706 3497; x_wconf 88' lang='lat' dir='ltr'><strong>se</strong></span> <span class='ocrx_word' id='word_1_765' title='bbox 2736 3445 2999 3499; x_wconf 89' lang='lat' dir='ltr'><strong>ordinem</strong></span> <span class='ocrx_word' id='word_1_766' title='bbox 3033 3447 3328 3517; x_wconf 89' lang='lat' dir='ltr'><strong>temporis,</strong></span> <span class='ocrx_word' id='word_1_767' title='bbox 3361 3453 3645 3518; x_wconf 87' lang='lat' dir='ltr'><strong>quantum</strong></span> <span class='ocrx_word' id='word_1_768' title='bbox 3676 3450 3888 3520; x_wconf 88' lang='lat' dir='ltr'><strong>potuit,</strong></span> 
     </span>
    </p>
   </div>
   <div class='ocr_carea' id='block_1_97' title="bbox 2181 3533 3888 3605">
    <p class='ocr_par' dir='ltr' id='par_1_97' title="bbox 2181 3533 3888 3605">
     <span class='ocr_line' id='line_1_97' title="bbox 2181 3533 3888 3605; baseline 0.005 -21"><span class='ocrx_word' id='word_1_769' title='bbox 2181 3548 2430 3587; x_wconf 89' lang='lat' dir='ltr'><strong>servasse</strong></span> <span class='ocrx_word' id='word_1_770' title='bbox 2457 3535 2698 3586; x_wconf 87' lang='lat' dir='ltr'><strong>testatur</strong></span> <span class='ocrx_word' id='word_1_771' title='bbox 2725 3533 2981 3603; x_wconf 82' lang='lat' dir='ltr'><strong>(Retract.</strong></span> <span class='ocrx_word' id='word_1_772' title='bbox 3001 3536 3167 3602; x_wconf 88' lang='lat' dir='ltr'><strong>Prol.,</strong></span> <span class='ocrx_word' id='word_1_773' title='bbox 3197 3551 3254 3590; x_wconf 81' lang='lat' dir='ltr'><strong>n.</strong></span> <span class='ocrx_word' id='word_1_774' title='bbox 3289 3536 3360 3605; x_wconf 90' lang='lat'><strong>3).</strong></span> <span class='ocrx_word' id='word_1_775' title='bbox 3386 3537 3451 3590; x_wconf 90' lang='lat' dir='ltr'><strong>In</strong></span> <span class='ocrx_word' id='word_1_776' title='bbox 3471 3552 3539 3591; x_wconf 91' lang='lat' dir='ltr'><strong>eo</strong></span> <span class='ocrx_word' id='word_1_777' title='bbox 3559 3541 3759 3593; x_wconf 89' lang='lat' dir='ltr'><strong>tamen</strong></span> <span class='ocrx_word' id='word_1_778' title='bbox 3778 3556 3888 3594; x_wconf 89' lang='lat' dir='ltr'><strong>non</strong></span> 
     </span>
    </p>
   </div>
   <div class='ocr_carea' id='block_1_98' title="bbox 2181 3621 3889 3682">
    <p class='ocr_par' dir='ltr' id='par_1_98' title="bbox 2181 3621 3889 3682">
     <span class='ocr_line' id='line_1_98' title="bbox 2181 3621 3889 3682; baseline 0.004 -6"><span class='ocrx_word' id='word_1_779' title='bbox 2181 3621 2288 3676; x_wconf 90' lang='lat' dir='ltr'><strong>fuit</strong></span> <span class='ocrx_word' id='word_1_780' title='bbox 2334 3621 2568 3676; x_wconf 88' lang='lat' dir='ltr'><strong>omnino</strong></span> <span class='ocrx_word' id='word_1_781' title='bbox 2615 3630 2930 3679; x_wconf 88' lang='lat' dir='ltr'><strong>accuratus.</strong></span> <span class='ocrx_word' id='word_1_782' title='bbox 2990 3623 3131 3678; x_wconf 88' lang='lat' dir='ltr'><strong>Nam</strong></span> <span class='ocrx_word' id='word_1_783' title='bbox 3171 3625 3331 3679; x_wconf 91' lang='lat' dir='ltr'><strong>libris</strong></span> <span class='ocrx_word' id='word_1_784' title='bbox 3371 3630 3570 3681; x_wconf 89' lang='lat' dir='ltr'><strong>contra</strong></span> <span class='ocrx_word' id='word_1_785' title='bbox 3618 3629 3889 3682; x_wconf 88' lang='lat' dir='ltr'><strong>Faustum</strong></span> 
     </span>
    </p>
   </div>
   <div class='ocr_carea' id='block_1_99' title="bbox 2179 3709 3890 3782">
    <p class='ocr_par' dir='ltr' id='par_1_99' title="bbox 2179 3709 3890 3782">
     <span class='ocr_line' id='line_1_99' title="bbox 2179 3709 3890 3782; baseline 0.005 -19"><span class='ocrx_word' id='word_1_786' title='bbox 2179 3709 2438 3782; x_wconf 81' lang='lat' dir='ltr'><strong>proxime</strong></span> <span class='ocrx_word' id='word_1_787' title='bbox 2465 3710 2760 3782; x_wconf 88' lang='lat' dir='ltr'><strong>subjungit</strong></span> <span class='ocrx_word' id='word_1_788' title='bbox 2787 3709 3234 3782; x_wconf 88' lang='lat' dir='ltr'><strong>disputationem</strong></span> <span class='ocrx_word' id='word_1_789' title='bbox 3263 3719 3454 3768; x_wconf 88' lang='lat' dir='ltr'><strong>contra</strong></span> <span class='ocrx_word' id='word_1_790' title='bbox 3488 3716 3738 3772; x_wconf 77' lang='lat' dir='ltr'><strong>Felicem</strong></span> <span class='ocrx_word' id='word_1_791' title='bbox 3775 3719 3890 3774; x_wconf 73' lang='lat' dir='ltr'><strong>Ma-</strong></span> 
     </span>
    </p>
   </div>
   <div class='ocr_carea' id='block_1_100' title="bbox 2183 3799 3892 3871">
    <p class='ocr_par' dir='ltr' id='par_1_100' title="bbox 2183 3799 3892 3871">
     <span class='ocr_line' id='line_1_100' title="bbox 2183 3799 3892 3871; baseline 0.005 -18"><span class='ocrx_word' id='word_1_792' title='bbox 2183 3799 2488 3870; x_wconf 73' lang='lat' dir='ltr'><strong>nichasum,</strong></span> <span class='ocrx_word' id='word_1_793' title='bbox 2517 3816 2691 3871; x_wconf 89' lang='lat' dir='ltr'><strong>quam</strong></span> <span class='ocrx_word' id='word_1_794' title='bbox 2729 3801 2882 3855; x_wconf 89' lang='lat' dir='ltr'><strong>haud</strong></span> <span class='ocrx_word' id='word_1_795' title='bbox 2913 3801 3082 3856; x_wconf 86' lang='lat' dir='ltr'><strong>dubie</strong></span> <span class='ocrx_word' id='word_1_796' title='bbox 3114 3801 3312 3858; x_wconf 87' lang='lat' dir='ltr'><strong>habuit</strong></span> <span class='ocrx_word' id='word_1_797' title='bbox 3349 3819 3548 3858; x_wconf 90' lang='lat' dir='ltr'><strong>mense</strong></span> <span class='ocrx_word' id='word_1_798' title='bbox 3595 3805 3892 3861; x_wconf 91' lang='lat' dir='ltr'><strong>decembri</strong></span> 
     </span>
    </p>
   </div>
   <div class='ocr_carea' id='block_1_101' title="bbox 2179 3886 3888 3961">
    <p class='ocr_par' dir='ltr' id='par_1_101' title="bbox 2179 3886 3888 3961">
     <span class='ocr_line' id='line_1_101' title="bbox 2179 3886 3888 3961; baseline 0.006 -23"><span class='ocrx_word' id='word_1_799' title='bbox 2179 3886 2318 3939; x_wconf 88' lang='lat' dir='ltr'><strong>anni</strong></span> <span class='ocrx_word' id='word_1_800' title='bbox 2375 3886 2923 3959; x_wconf 88' lang='lat' dir='ltr'><strong>quadringentesimi</strong></span> <span class='ocrx_word' id='word_1_801' title='bbox 2960 3890 3150 3960; x_wconf 90' lang='lat' dir='ltr'><strong>quarti</strong></span> <span class='ocrx_word' id='word_1_802' title='bbox 3195 3890 3291 3961; x_wconf 87' lang='lat' dir='ltr'><strong>(De</strong></span> <span class='ocrx_word' id='word_1_803' title='bbox 3329 3894 3487 3948; x_wconf 85' lang='lat' dir='ltr'><strong>Actis</strong></span> <span class='ocrx_word' id='word_1_804' title='bbox 3535 3910 3657 3949; x_wconf 90' lang='lat' dir='ltr'><strong>cum</strong></span> <span class='ocrx_word' id='word_1_805' title='bbox 3694 3898 3888 3960; x_wconf 83' lang='lat' dir='ltr'><strong>Felice,</strong></span> 
     </span>
    </p>
   </div>
   <div class='ocr_carea' id='block_1_102' title="bbox 2180 3975 3890 4050">
    <p class='ocr_par' dir='ltr' id='par_1_102' title="bbox 2180 3975 3890 4050">
     <span class='ocr_line' id='line_1_102' title="bbox 2180 3975 3890 4050; baseline 0.005 -22"><span class='ocrx_word' id='word_1_806' title='bbox 2180 3975 2274 4029; x_wconf 82' lang='lat' dir='ltr'><strong>lib.</strong></span> <span class='ocrx_word' id='word_1_807' title='bbox 2311 3979 2358 4041; x_wconf 92' lang='grc'><strong>1,</strong></span> <span class='ocrx_word' id='word_1_808' title='bbox 2400 3990 2518 4045; x_wconf 89' lang='lat' dir='ltr'><strong>cap.</strong></span> <span class='ocrx_word' id='word_1_809' title='bbox 2574 3979 2637 4045; x_wconf 89' lang='grc'><strong>1).</strong></span> <span class='ocrx_word' id='word_1_810' title='bbox 2679 3978 2743 4031; x_wconf 90' lang='lat' dir='ltr'><strong>Et</strong></span> <span class='ocrx_word' id='word_1_811' title='bbox 2780 3978 2881 4032; x_wconf 90' lang='lat' dir='ltr'><strong>ubi</strong></span> <span class='ocrx_word' id='word_1_812' title='bbox 2915 3979 3236 4050; x_wconf 90' lang='lat' dir='ltr'><strong>complures</strong></span> <span class='ocrx_word' id='word_1_813' title='bbox 3274 3980 3415 4035; x_wconf 87' lang='lat' dir='ltr'><strong>alios</strong></span> <span class='ocrx_word' id='word_1_814' title='bbox 3454 3983 3760 4039; x_wconf 87' lang='lat' dir='ltr'><strong>Tractatus</strong></span> <span class='ocrx_word' id='word_1_815' title='bbox 3811 4001 3890 4038; x_wconf 83' lang='lat' dir='ltr'><strong>re-</strong></span> 
     </span>
    </p>
   </div>
   <div class='ocr_carea' id='block_1_103' title="bbox 2179 4063 3887 4143">
    <p class='ocr_par' dir='ltr' id='par_1_103' title="bbox 2179 4063 3887 4143">
     <span class='ocr_line' id='line_1_103' title="bbox 2179 4063 3887 4143; baseline 0.005 -26"><span class='ocrx_word' id='word_1_816' title='bbox 2179 4063 2417 4131; x_wconf 89' lang='lat' dir='ltr'><strong>censuit,</strong></span> <span class='ocrx_word' id='word_1_817' title='bbox 2449 4065 2686 4120; x_wconf 88' lang='lat' dir='ltr'><strong>collocat</strong></span> <span class='ocrx_word' id='word_1_818' title='bbox 2710 4066 2884 4122; x_wconf 90' lang='lat' dir='ltr'><strong>libros</strong></span> <span class='ocrx_word' id='word_1_819' title='bbox 2905 4071 3102 4123; x_wconf 85' lang='lat' dir='ltr'><strong>contra</strong></span> <span class='ocrx_word' id='word_1_820' title='bbox 3123 4069 3500 4126; x_wconf 89' lang='lat' dir='ltr'><strong>Petilianum:</strong></span> <span class='ocrx_word' id='word_1_821' title='bbox 3527 4089 3675 4143; x_wconf 92' lang='lat' dir='ltr'><strong>quos</strong></span> <span class='ocrx_word' id='word_1_822' title='bbox 3692 4077 3887 4128; x_wconf 86' lang='lat' dir='ltr'><strong>tamen</strong></span> 
     </span>
    </p>
   </div>
   <div class='ocr_carea' id='block_1_104' title="bbox 2181 4153 3890 4233">
    <p class='ocr_par' dir='ltr' id='par_1_104' title="bbox 2181 4153 3890 4233">
     <span class='ocr_line' id='line_1_104' title="bbox 2181 4153 3890 4233; baseline 0.006 -27"><span class='ocrx_word' id='word_1_823' title='bbox 2181 4153 2286 4207; x_wconf 93' lang='lat' dir='ltr'><strong>sub</strong></span> <span class='ocrx_word' id='word_1_824' title='bbox 2341 4154 2638 4209; x_wconf 89' lang='lat' dir='ltr'><strong>Anastasio</strong></span> <span class='ocrx_word' id='word_1_825' title='bbox 2687 4172 2858 4228; x_wconf 88' lang='lat' dir='ltr'><strong>papa,</strong></span> <span class='ocrx_word' id='word_1_826' title='bbox 2897 4157 3002 4212; x_wconf 89' lang='lat' dir='ltr'><strong>hoc</strong></span> <span class='ocrx_word' id='word_1_827' title='bbox 3043 4161 3146 4225; x_wconf 91' lang='lat' dir='ltr'><strong>est,</strong></span> <span class='ocrx_word' id='word_1_828' title='bbox 3194 4175 3342 4213; x_wconf 88' lang='lat' dir='ltr'><strong>anno</strong></span> <span class='ocrx_word' id='word_1_829' title='bbox 3382 4161 3585 4215; x_wconf 90' lang='lat' dir='ltr'><strong>saltem</strong></span> <span class='ocrx_word' id='word_1_830' title='bbox 3615 4162 3890 4233; x_wconf 84' lang='lat' dir='ltr'><strong>quadrin-</strong></span> 
     </span>
    </p>
   </div>
   <div class='ocr_carea' id='block_1_105' title="bbox 2179 4242 3886 4318">
    <p class='ocr_par' dir='ltr' id='par_1_105' title="bbox 2179 4242 3886 4318">
     <span class='ocr_line' id='line_1_105' title="bbox 2179 4242 3886 4318; baseline 0.005 -22"><span class='ocrx_word' id='word_1_831' title='bbox 2179 4242 2500 4312; x_wconf 90' lang='lat' dir='ltr'><strong>gentesimo</strong></span> <span class='ocrx_word' id='word_1_832' title='bbox 2529 4246 2777 4300; x_wconf 91' lang='lat' dir='ltr'><strong>secundo</strong></span> <span class='ocrx_word' id='word_1_833' title='bbox 2798 4246 3128 4318; x_wconf 90' lang='lat' dir='ltr'><strong>conscripsit</strong></span> <span class='ocrx_word' id='word_1_834' title='bbox 3151 4248 3317 4318; x_wconf 86' lang='lat' dir='ltr'><strong>(Cont.</strong></span> <span class='ocrx_word' id='word_1_835' title='bbox 3346 4250 3478 4304; x_wconf 88' lang='lat' dir='ltr'><strong>Litt.</strong></span> <span class='ocrx_word' id='word_1_836' title='bbox 3500 4251 3687 4318; x_wconf 87' lang='lat' dir='ltr'><strong>Petil.,</strong></span> <span class='ocrx_word' id='word_1_837' title='bbox 3711 4251 3812 4305; x_wconf 85' lang='lat' dir='ltr'><strong>lib.</strong></span> <span class='ocrx_word' id='word_1_838' title='bbox 3837 4254 3886 4316; x_wconf 84' lang='lat'><strong>2,</strong></span> 
     </span>
    </p>
   </div>
   <div class='ocr_carea' id='block_1_106' title="bbox 2177 4334 3890 4410">
    <p class='ocr_par' dir='ltr' id='par_1_106' title="bbox 2177 4334 3890 4410">
     <span class='ocr_line' id='line_1_106' title="bbox 2177 4334 3890 4410; baseline 0.004 -25"><span class='ocrx_word' id='word_1_839' title='bbox 2177 4346 2223 4385; x_wconf 89' lang='lat' dir='ltr'><strong>c.</strong></span> <span class='ocrx_word' id='word_1_840' title='bbox 2250 4335 2330 4398; x_wconf 83' lang='grc'><strong>15,</strong></span> <span class='ocrx_word' id='word_1_841' title='bbox 2355 4349 2410 4387; x_wconf 83' lang='grc' dir='ltr'><strong>η.</strong></span> <span class='ocrx_word' id='word_1_842' title='bbox 2436 4336 2577 4401; x_wconf 88' lang='grc'><strong>118).</strong></span> <span class='ocrx_word' id='word_1_843' title='bbox 2605 4334 2811 4388; x_wconf 87' lang='lat' dir='ltr'><strong>Forsan</strong></span> <span class='ocrx_word' id='word_1_844' title='bbox 2839 4336 3001 4407; x_wconf 91' lang='lat' dir='ltr'><strong>operi</strong></span> <span class='ocrx_word' id='word_1_845' title='bbox 3025 4341 3222 4391; x_wconf 89' lang='lat' dir='ltr'><strong>contra</strong></span> <span class='ocrx_word' id='word_1_846' title='bbox 3241 4338 3511 4392; x_wconf 91' lang='lat' dir='ltr'><strong>Faustum</strong></span> <span class='ocrx_word' id='word_1_847' title='bbox 3535 4343 3748 4394; x_wconf 69' lang='lat' dir='ltr'><strong>caetera</strong></span> <span class='ocrx_word' id='word_1_848' title='bbox 3767 4356 3890 4410; x_wconf 90' lang='lat' dir='ltr'><strong>ope-</strong></span> 
     </span>
    </p>
   </div>
   <div class='ocr_carea' id='block_1_107' title="bbox 2178 4423 3889 4495">
    <p class='ocr_par' dir='ltr' id='par_1_107' title="bbox 2178 4423 3889 4495">
     <span class='ocr_line' id='line_1_107' title="bbox 2178 4423 3889 4495; baseline 0.005 -23"><span class='ocrx_word' id='word_1_849' title='bbox 2178 4435 2262 4489; x_wconf 89' lang='lat' dir='ltr'><strong>ra,</strong></span> <span class='ocrx_word' id='word_1_850' title='bbox 2286 4437 2413 4493; x_wconf 70' lang='lat' dir='ltr'><strong>qute</strong></span> <span class='ocrx_word' id='word_1_851' title='bbox 2432 4423 2795 4492; x_wconf 88' lang='lat' dir='ltr'><strong>postmodum</strong></span> <span class='ocrx_word' id='word_1_852' title='bbox 2817 4425 3117 4495; x_wconf 86' lang='lat' dir='ltr'><strong>scripserat</strong></span> <span class='ocrx_word' id='word_1_853' title='bbox 3135 4426 3400 4481; x_wconf 89' lang='lat' dir='ltr'><strong>adversus</strong></span> <span class='ocrx_word' id='word_1_854' title='bbox 3418 4425 3889 4487; x_wconf 70' lang='lat' dir='ltr'><strong>Manichmos,vo—</strong></span> 
     </span>
    </p>
   </div>
   <div class='ocr_carea' id='block_1_108' title="bbox 2177 4508 3893 4587">
    <p class='ocr_par' dir='ltr' id='par_1_108' title="bbox 2177 4508 3893 4587">
     <span class='ocr_line' id='line_1_108' title="bbox 2177 4508 3893 4587; baseline 0.004 -25"><span class='ocrx_word' id='word_1_855' title='bbox 2177 4508 2286 4563; x_wconf 92' lang='lat' dir='ltr'><strong>luit</strong></span> <span class='ocrx_word' id='word_1_856' title='bbox 2314 4510 2675 4565; x_wconf 90' lang='lat' dir='ltr'><strong>continenter</strong></span> <span class='ocrx_word' id='word_1_857' title='bbox 2722 4517 3044 4570; x_wconf 90' lang='lat' dir='ltr'><strong>annectere.</strong></span> <span class='ocrx_word' id='word_1_858' title='bbox 3099 4515 3162 4569; x_wconf 90' lang='lat' dir='ltr'><strong>Et</strong></span> <span class='ocrx_word' id='word_1_859' title='bbox 3209 4531 3267 4569; x_wconf 87' lang='lat' dir='ltr'><strong>re</strong></span> <span class='ocrx_word' id='word_1_860' title='bbox 3305 4514 3542 4587; x_wconf 88' lang='lat' dir='ltr'><strong>quidem</strong></span> <span class='ocrx_word' id='word_1_861' title='bbox 3587 4515 3715 4586; x_wconf 88' lang='lat' dir='ltr'><strong>ipsa</strong></span> <span class='ocrx_word' id='word_1_862' title='bbox 3765 4519 3893 4586; x_wconf 87' lang='lat' dir='ltr'><strong>post</strong></span> 
     </span>
    </p>
   </div>
   <div class='ocr_carea' id='block_1_109' title="bbox 2176 4597 3894 4674">
    <p class='ocr_par' dir='ltr' id='par_1_109' title="bbox 2176 4597 3894 4674">
     <span class='ocr_line' id='line_1_109' title="bbox 2176 4597 3894 4674; baseline 0.003 -22"><span class='ocrx_word' id='word_1_863' title='bbox 2176 4597 2372 4666; x_wconf 90' lang='lat' dir='ltr'><strong>libros,</strong></span> <span class='ocrx_word' id='word_1_864' title='bbox 2407 4616 2551 4670; x_wconf 92' lang='lat' dir='ltr'><strong>quos</strong></span> <span class='ocrx_word' id='word_1_865' title='bbox 2568 4615 2633 4653; x_wconf 94' lang='lat' dir='ltr'><strong>eo</strong></span> <span class='ocrx_word' id='word_1_866' title='bbox 2650 4601 2761 4655; x_wconf 90' lang='lat' dir='ltr'><strong>loci</strong></span> <span class='ocrx_word' id='word_1_867' title='bbox 2786 4603 3144 4669; x_wconf 87' lang='lat' dir='ltr'><strong>memoravit,</strong></span> <span class='ocrx_word' id='word_1_868' title='bbox 3175 4604 3400 4658; x_wconf 91' lang='lat' dir='ltr'><strong>nullum</strong></span> <span class='ocrx_word' id='word_1_869' title='bbox 3419 4604 3670 4674; x_wconf 89' lang='lat' dir='ltr'><strong>amplius</strong></span> <span class='ocrx_word' id='word_1_870' title='bbox 3687 4604 3894 4658; x_wconf 87' lang='lat' dir='ltr'><strong>adver-</strong></span> 
     </span>
    </p>
   </div>
   <div class='ocr_carea' id='block_1_110' title="bbox 2176 4687 3890 4762">
    <p class='ocr_par' dir='ltr' id='par_1_110' title="bbox 2176 4687 3890 4762">
     <span class='ocr_line' id='line_1_110' title="bbox 2176 4687 3890 4762; baseline 0.003 -23"><span class='ocrx_word' id='word_1_871' title='bbox 2176 4701 2272 4739; x_wconf 90' lang='lat' dir='ltr'><strong>sus</strong></span> <span class='ocrx_word' id='word_1_872' title='bbox 2301 4687 2446 4741; x_wconf 88' lang='lat' dir='ltr'><strong>hanc</strong></span> <span class='ocrx_word' id='word_1_873' title='bbox 2472 4687 2734 4743; x_wconf 74' lang='lat' dir='ltr'><strong>hmresim</strong></span> <span class='ocrx_word' id='word_1_874' title='bbox 2766 4690 2834 4744; x_wconf 90' lang='lat' dir='ltr'><strong>ab</strong></span> <span class='ocrx_word' id='word_1_875' title='bbox 2866 4707 2932 4744; x_wconf 92' lang='lat' dir='ltr'><strong>eo</strong></span> <span class='ocrx_word' id='word_1_876' title='bbox 2961 4691 3237 4761; x_wconf 89' lang='lat' dir='ltr'><strong>scriptum</strong></span> <span class='ocrx_word' id='word_1_877' title='bbox 3275 4692 3682 4762; x_wconf 90' lang='lat' dir='ltr'><strong>comperimus.</strong></span> <span class='ocrx_word' id='word_1_878' title='bbox 3726 4693 3890 4746; x_wconf 84' lang='lat' dir='ltr'><strong>Hunc</strong></span> 
     </span>
    </p>
   </div>
   <div class='ocr_carea' id='block_1_111' title="bbox 2175 4774 3893 4851">
    <p class='ocr_par' dir='ltr' id='par_1_111' title="bbox 2175 4774 3893 4851">
     <span class='ocr_line' id='line_1_111' title="bbox 2175 4774 3893 4851; baseline 0.002 -23"><span class='ocrx_word' id='word_1_879' title='bbox 2175 4774 2433 4830; x_wconf 91' lang='lat' dir='ltr'><strong>ordinem</strong></span> <span class='ocrx_word' id='word_1_880' title='bbox 2458 4791 2784 4848; x_wconf 89' lang='lat' dir='ltr'><strong>sequemur,</strong></span> <span class='ocrx_word' id='word_1_881' title='bbox 2809 4777 3032 4850; x_wconf 89' lang='lat' dir='ltr'><strong>aliaque</strong></span> <span class='ocrx_word' id='word_1_882' title='bbox 3060 4795 3254 4850; x_wconf 89' lang='lat' dir='ltr'><strong>opera,</strong></span> <span class='ocrx_word' id='word_1_883' title='bbox 3281 4796 3408 4851; x_wconf 67' lang='lat' dir='ltr'><strong>quas</strong></span> <span class='ocrx_word' id='word_1_884' title='bbox 3430 4781 3592 4834; x_wconf 90' lang='lat' dir='ltr'><strong>libris</strong></span> <span class='ocrx_word' id='word_1_885' title='bbox 3621 4781 3690 4835; x_wconf 91' lang='lat' dir='ltr'><strong>ad</strong></span> <span class='ocrx_word' id='word_1_886' title='bbox 3719 4781 3893 4835; x_wconf 81' lang='lat' dir='ltr'><strong>Mani-</strong></span> 
     </span>
    </p>
   </div>
   <div class='ocr_carea' id='block_1_112' title="bbox 2175 4863 3888 4940">
    <p class='ocr_par' dir='ltr' id='par_1_112' title="bbox 2175 4863 3888 4940">
     <span class='ocr_line' id='line_1_112' title="bbox 2175 4863 3888 4940; baseline 0.002 -22"><span class='ocrx_word' id='word_1_887' title='bbox 2175 4863 2361 4919; x_wconf 74' lang='lat' dir='ltr'><strong>chmos</strong></span> <span class='ocrx_word' id='word_1_888' title='bbox 2425 4865 2810 4936; x_wconf 86' lang='lat' dir='ltr'><strong>spectantibus</strong></span> <span class='ocrx_word' id='word_1_889' title='bbox 2839 4867 3087 4940; x_wconf 86' lang='lat' dir='ltr'><strong>subjicit,</strong></span> <span class='ocrx_word' id='word_1_890' title='bbox 3117 4868 3209 4922; x_wconf 91' lang='lat' dir='ltr'><strong>hic</strong></span> <span class='ocrx_word' id='word_1_891' title='bbox 3237 4869 3410 4924; x_wconf 89' lang='lat' dir='ltr'><strong>etiam</strong></span> <span class='ocrx_word' id='word_1_892' title='bbox 3449 4870 3888 4936; x_wconf 87' lang='lat' dir='ltr'><strong>collocabimus,</strong></span> 
     </span>
    </p>
   </div>
   <div class='ocr_carea' id='block_1_113' title="bbox 2175 4953 3888 5029">
    <p class='ocr_par' dir='ltr' id='par_1_113' title="bbox 2175 4953 3888 5029">
     <span class='ocr_line' id='line_1_113' title="bbox 2175 4953 3888 5029; baseline 0.002 -23"><span class='ocrx_word' id='word_1_893' title='bbox 2175 4953 2364 5024; x_wconf 89' lang='lat' dir='ltr'><strong>quoad</strong></span> <span class='ocrx_word' id='word_1_894' title='bbox 2417 4960 2719 5010; x_wconf 88' lang='lat' dir='ltr'><strong>occurrant</strong></span> <span class='ocrx_word' id='word_1_895' title='bbox 2756 4955 2969 5028; x_wconf 88' lang='lat' dir='ltr'><strong>aliqua,</strong></span> <span class='ocrx_word' id='word_1_896' title='bbox 3015 4973 3265 5028; x_wconf 90' lang='lat' dir='ltr'><strong>quorum</strong></span> <span class='ocrx_word' id='word_1_897' title='bbox 3292 4961 3521 5029; x_wconf 89' lang='lat' dir='ltr'><strong>tempus</strong></span> <span class='ocrx_word' id='word_1_898' title='bbox 3550 4958 3888 5014; x_wconf 85' lang='lat' dir='ltr'><strong>distinctius</strong></span> 
     </span>
    </p>
   </div>
   <div class='ocr_carea' id='block_1_114' title="bbox 2174 5040 2762 5114">
    <p class='ocr_par' dir='ltr' id='par_1_114' title="bbox 2174 5040 2762 5114">
     <span class='ocr_line' id='line_1_114' title="bbox 2174 5040 2762 5114; baseline 0.009 -19"><span class='ocrx_word' id='word_1_899' title='bbox 2174 5040 2426 5097; x_wconf 88' lang='lat' dir='ltr'><strong>indicare</strong></span> <span class='ocrx_word' id='word_1_900' title='bbox 2454 5043 2762 5114; x_wconf 89' lang='lat' dir='ltr'><strong>possimus.</strong></span> 
     </span>
    </p>
   </div>
   <div class='ocr_carea' id='block_1_115' title="bbox 2245 5130 3888 5209">
    <p class='ocr_par' dir='ltr' id='par_1_115' title="bbox 2245 5130 3888 5209">
     <span class='ocr_line' id='line_1_115' title="bbox 2245 5130 3888 5209; baseline 0.003 -24"><span class='ocrx_word' id='word_1_901' title='bbox 2245 5133 2296 5185; x_wconf 83' lang='lat'><strong>5.</strong></span> <span class='ocrx_word' id='word_1_902' title='bbox 2331 5130 2556 5186; x_wconf 89' lang='lat' dir='ltr'><strong>Primus</strong></span> <span class='ocrx_word' id='word_1_903' title='bbox 2586 5132 2645 5187; x_wconf 92' lang='lat' dir='ltr'><strong>in</strong></span> <span class='ocrx_word' id='word_1_904' title='bbox 2675 5133 2780 5188; x_wconf 89' lang='lat' dir='ltr'><strong>hac</strong></span> <span class='ocrx_word' id='word_1_905' title='bbox 2809 5133 2951 5188; x_wconf 90' lang='lat' dir='ltr'><strong>serie</strong></span> <span class='ocrx_word' id='word_1_906' title='bbox 2981 5133 3147 5188; x_wconf 87' lang='lat' dir='ltr'><strong>nobis</strong></span> <span class='ocrx_word' id='word_1_907' title='bbox 3195 5135 3440 5191; x_wconf 89' lang='lat' dir='ltr'><strong>occurrit</strong></span> <span class='ocrx_word' id='word_1_908' title='bbox 3483 5135 3649 5204; x_wconf 86' lang='lat' dir='ltr'><strong>liber,</strong></span> <span class='ocrx_word' id='word_1_909' title='bbox 3709 5152 3888 5209; x_wconf 85' lang='lat' dir='ltr'><strong>quem</strong></span> 
     </span>
    </p>
   </div>
   <div class='ocr_carea' id='block_1_116' title="bbox 2173 5221 3889 5294">
    <p class='ocr_par' dir='ltr' id='par_1_116' title="bbox 2173 5221 3889 5294">
     <span class='ocr_line' id='line_1_116' title="bbox 2173 5221 3889 5294; baseline 0.003 -22"><span class='ocrx_word' id='word_1_910' title='bbox 2173 5223 2368 5274; x_wconf 81' lang='lat' dir='ltr'><strong>contra</strong></span> <span class='ocrx_word' id='word_1_911' title='bbox 2396 5221 2652 5276; x_wconf 84' lang='lat' dir='ltr'><strong>Hilarum</strong></span> <span class='ocrx_word' id='word_1_912' title='bbox 2684 5223 3010 5294; x_wconf 89' lang='lat' dir='ltr'><strong>quemdam,</strong></span> <span class='ocrx_word' id='word_1_913' title='bbox 3034 5223 3222 5278; x_wconf 90' lang='lat' dir='ltr'><strong>virum</strong></span> <span class='ocrx_word' id='word_1_914' title='bbox 3249 5223 3636 5288; x_wconf 85' lang='lat' dir='ltr'><strong>tribunitium,</strong></span> <span class='ocrx_word' id='word_1_915' title='bbox 3668 5226 3889 5280; x_wconf 90' lang='lat' dir='ltr'><strong>laicum</strong></span> 
     </span>
    </p>
   </div>
   <div class='ocr_carea' id='block_1_117' title="bbox 2173 5308 3888 5385">
    <p class='ocr_par' dir='ltr' id='par_1_117' title="bbox 2173 5308 3888 5385">
     <span class='ocr_line' id='line_1_117' title="bbox 2173 5308 3888 5385; baseline 0.003 -24"><span class='ocrx_word' id='word_1_916' title='bbox 2173 5308 2515 5365; x_wconf 88' lang='lat' dir='ltr'><strong>catholicum</strong></span> <span class='ocrx_word' id='word_1_917' title='bbox 2572 5310 2799 5382; x_wconf 90' lang='lat' dir='ltr'><strong>scripsit</strong></span> <span class='ocrx_word' id='word_1_918' title='bbox 2848 5314 3100 5383; x_wconf 79' lang='lat' dir='ltr'><strong>(Retract.</strong></span> <span class='ocrx_word' id='word_1_919' title='bbox 3157 5313 3250 5368; x_wconf 89' lang='lat' dir='ltr'><strong>lib.</strong></span> <span class='ocrx_word' id='word_1_920' title='bbox 3292 5315 3346 5381; x_wconf 88' lang='lat'><strong>2,</strong></span> <span class='ocrx_word' id='word_1_921' title='bbox 3401 5329 3524 5384; x_wconf 88' lang='lat' dir='ltr'><strong>cap.</strong></span> <span class='ocrx_word' id='word_1_922' title='bbox 3563 5317 3669 5385; x_wconf 92' lang='grc'><strong>11).</strong></span> <span class='ocrx_word' id='word_1_923' title='bbox 3705 5317 3760 5370; x_wconf 89' lang='lat' dir='ltr'><strong>Is</strong></span> <span class='ocrx_word' id='word_1_924' title='bbox 3805 5315 3888 5368; x_wconf 90' lang='lat' dir='ltr'><strong>ira</strong></span> 
     </span>
    </p>
   </div>
   <div class='ocr_carea' id='block_1_118' title="bbox 2171 5400 3888 5473">
    <p class='ocr_par' dir='ltr' id='par_1_118' title="bbox 2171 5400 3888 5473">
     <span class='ocr_line' id='line_1_118' title="bbox 2171 5400 3888 5473; baseline 0.003 -22"><span class='ocrx_word' id='word_1_925' title='bbox 2171 5413 2474 5453; x_wconf 89' lang='lat' dir='ltr'><strong>succensus</strong></span> <span class='ocrx_word' id='word_1_926' title='bbox 2530 5400 2718 5470; x_wconf 87' lang='lat' dir='ltr'><strong>(causa</strong></span> <span class='ocrx_word' id='word_1_927' title='bbox 2761 5417 2867 5455; x_wconf 89' lang='lat' dir='ltr'><strong>nos</strong></span> <span class='ocrx_word' id='word_1_928' title='bbox 2922 5401 3078 5473; x_wconf 91' lang='lat' dir='ltr'><strong>latet)</strong></span> <span class='ocrx_word' id='word_1_929' title='bbox 3123 5403 3394 5458; x_wconf 89' lang='lat' dir='ltr'><strong>adversus</strong></span> <span class='ocrx_word' id='word_1_930' title='bbox 3454 5404 3721 5459; x_wconf 76' lang='lat' dir='ltr'><strong>Ecclesim</strong></span> <span class='ocrx_word' id='word_1_931' title='bbox 3775 5402 3888 5458; x_wconf 86' lang='lat' dir='ltr'><strong>mi-</strong></span> 
     </span>
    </p>
   </div>
   <div class='ocr_carea' id='block_1_119' title="bbox 2172 5486 3886 5564">
    <p class='ocr_par' dir='ltr' id='par_1_119' title="bbox 2172 5486 3886 5564">
     <span class='ocr_line' id='line_1_119' title="bbox 2172 5486 3886 5564; baseline 0.002 -24"><span class='ocrx_word' id='word_1_932' title='bbox 2172 5486 2403 5555; x_wconf 86' lang='lat' dir='ltr'><strong>nistros,</strong></span> <span class='ocrx_word' id='word_1_933' title='bbox 2437 5491 2499 5543; x_wconf 87' lang='lat' dir='ltr'><strong>ut</strong></span> <span class='ocrx_word' id='word_1_934' title='bbox 2526 5488 2653 5544; x_wconf 83' lang='lat' dir='ltr'><strong>ﬁeri</strong></span> <span class='ocrx_word' id='word_1_935' title='bbox 2692 5491 2913 5557; x_wconf 88' lang='lat' dir='ltr'><strong>assolet,</strong></span> <span class='ocrx_word' id='word_1_936' title='bbox 2965 5491 3044 5545; x_wconf 88' lang='lat' dir='ltr'><strong>ait</strong></span> <span class='ocrx_word' id='word_1_937' title='bbox 3091 5491 3469 5563; x_wconf 87' lang='lat' dir='ltr'><strong>Augustinus,</strong></span> <span class='ocrx_word' id='word_1_938' title='bbox 3521 5509 3755 5548; x_wconf 89' lang='lat' dir='ltr'><strong>morem</strong></span> <span class='ocrx_word' id='word_1_939' title='bbox 3785 5491 3886 5564; x_wconf 89' lang='lat' dir='ltr'><strong>qui</strong></span> 
     </span>
    </p>
   </div>
   <div class='ocr_carea' id='block_1_120' title="bbox 2171 5577 3882 5654">
    <p class='ocr_par' dir='ltr' id='par_1_120' title="bbox 2171 5577 3882 5654">
     <span class='ocr_line' id='line_1_120' title="bbox 2171 5577 3882 5654; baseline 0.001 -23"><span class='ocrx_word' id='word_1_940' title='bbox 2171 5579 2310 5632; x_wconf 88' lang='lat' dir='ltr'><strong>tunc</strong></span> <span class='ocrx_word' id='word_1_941' title='bbox 2353 5577 2505 5649; x_wconf 88' lang='lat' dir='ltr'><strong>apud</strong></span> <span class='ocrx_word' id='word_1_942' title='bbox 2537 5578 2944 5651; x_wconf 84' lang='lat' dir='ltr'><strong>Carthaginem</strong></span> <span class='ocrx_word' id='word_1_943' title='bbox 2986 5579 3181 5636; x_wconf 90' lang='lat' dir='ltr'><strong>induci</strong></span> <span class='ocrx_word' id='word_1_944' title='bbox 3211 5586 3485 5653; x_wconf 71' lang='lat' dir='ltr'><strong>casperat,</strong></span> <span class='ocrx_word' id='word_1_945' title='bbox 3515 5587 3579 5638; x_wconf 91' lang='lat' dir='ltr'><strong>ut</strong></span> <span class='ocrx_word' id='word_1_946' title='bbox 3613 5579 3821 5654; x_wconf 84' lang='lat' dir='ltr'><strong>hymni</strong></span> <span class='ocrx_word' id='word_1_947' title='bbox 3853 5596 3882 5632; x_wconf 90' lang='lat' dir='ltr'><strong>e</strong></span> 
     </span>
    </p>
   </div>
  </div>
