4008 6184
147 202 244 253 263
1457 202 1671 259 LIBER
1724 202 2075 271 QUARTUS.

150 323 487 377 Psalmorum
510 322 654 377 libro
684 322 754 377 ad
784 324 960 378 altare
986 329 1345 394 canerentur,
1377 326 1492 381 sive
1520 331 1651 383 ante
1682 328 1832 383 obla-

152 416 364 472 tionem,
400 412 516 465 sive
541 429 670 467 cum
702 413 914 483 populo
948 413 1385 470 distribueretur
1413 416 1690 484 oblatum,
1718 434 1835 472 ma-

156 502 306 555 ledica
347 502 797 572 reprehensione
842 503 1130 574 carpebat.
1182 506 1321 559 Cum
1359 505 1537 577 igitur
1564 508 1711 561 hanc
1739 508 1833 563 ille

159 590 606 646 consuetudinem
638 592 791 646 velut
820 609 1121 647 crroneam
1152 594 1497 666 ubicumque
1538 596 1832 663 laceraret,

156 679 487 750 Augustinus
516 681 760 736 fratrum
803 698 1040 736 suorum
1081 683 1345 753 precibus
1377 686 1706 755 compulsus
1753 690 1835 739 est

154 786 255 822 eum
284 768 571 823 refellere.
627 771 739 824 Hoc
782 787 926 841 opus
972 772 1294 842 appellatur
1324 789 1356 826 a
1404 772 1657 827 Possidio
1690 773 1835 827 liber

154 861 320 911 contra
365 858 626 913 Hilarum
658 859 727 912 de
778 859 1020 914 Canticis
1067 877 1196 931 quas
1241 861 1311 916 ad
1351 862 1528 915 altare
1570 862 1835 917 dicuntur

148 947 382 1017 (Possid.,
416 949 475 1001 in
504 947 701 1011 India,
734 965 853 1018 cap.
888 949 958 1019 6).
990 950 1167 1005 Hodie
1199 966 1315 1005 non
1345 956 1545 1006 exstat.

204 1039 247 1090 6.
286 1037 429 1090 Post
473 1038 629 1091 hunc
679 1037 886 1093 librum
933 1039 1173 1093 collocat
1208 1040 1562 1111 Augustinus
1607 1040 1831 1112 exposi-

143 1126 301 1179 tiones
324 1128 720 1197 quorumdam
766 1129 1018 1183 locorum
1066 1145 1134 1183 ex
1178 1130 1478 1200 Evangelio
1519 1132 1831 1186 secundum

140 1216 454 1270 Matthaaum
475 1220 532 1270 et
552 1217 778 1284 Lucam,
798 1218 1021 1272 duobus
1042 1217 1198 1272 libris
1215 1218 1671 1289 comprehensas,
1692 1236 1833 1291 quas

142 1306 452 1370 Quastimies
482 1308 901 1375 Evangeliorum
932 1306 1191 1361 inscribit
1213 1308 1466 1375 (Retract.
1499 1309 1595 1364 lib.
1620 1308 1673 1377 2,
1707 1324 1825 1378 cap.

146 1394 232 1464 12).
256 1394 314 1447 ld
348 1394 546 1465 operis
566 1395 889 1465 composuit
911 1396 983 1450 ad
1009 1412 1176 1450 usum
1196 1396 1512 1466 cujusdam,
1536 1400 1634 1468 qui
1659 1398 1831 1451 Evan-

142 1482 331 1551 geliuni
352 1500 476 1536 una
497 1500 628 1537 cum
642 1499 708 1537 eo
727 1483 940 1555 legens,
960 1483 1006 1537 si
1029 1483 1165 1554 quid
1191 1483 1301 1555 ipsi
1322 1484 1617 1539 videbatur
1634 1486 1832 1539 obscu-

142 1588 262 1639 rum,
287 1572 465 1626 illum
496 1572 845 1639 consulebat,
870 1577 925 1627 et
953 1588 1080 1644 qua:
1101 1573 1221 1645 ipse
1248 1573 1436 1644 primo
1458 1573 1828 1645 praeterierat,

137 1662 435 1733 aliquando
469 1662 828 1716 retractabat.
852 1663 1010 1717 Unde
1035 1662 1097 1716 fit
1119 1667 1180 1717 ut
1205 1663 1319 1717 illa:
1348 1664 1688 1733 quaestiones
1715 1680 1830 1718 non

134 1767 343 1821 semper
374 1750 697 1822 evangelici
746 1755 933 1805 textus
981 1751 1185 1805 seriem
1226 1757 1558 1823 sequantur.
1611 1752 1712 1807 Cui
1741 1752 1827 1808 in-

130 1841 425 1895 commodo
462 1844 525 1894 ut
560 1840 887 1895 mederetur
914 1841 1288 1910 Augustinus,
1328 1842 1625 1897 titulorum
1656 1842 1825 1913 sylla-

126 1928 244 1982 bam
290 1929 505 1983 texuit.
558 1930 731 1983 Porro
761 1945 865 1983 nec
914 1944 1112 1983 omnes
1160 1928 1542 1997 difﬁcultates,
1592 1946 1696 1984 nec
1726 1930 1829 1984 ali-

126 2018 349 2087 quando
394 2017 686 2089 graviores
716 2035 844 2089 quae
862 2018 1103 2089 proponi
1137 2022 1395 2088 possunt,
1444 2018 1506 2073 in
1543 2019 1630 2073 his
1672 2019 1828 2073 libris

125 2108 479 2174 enodantur;
530 2106 667 2179 quia
714 2107 813 2179 qui
869 2107 1203 2162 consulebat
1251 2106 1658 2179 Augustinum,
1706 2110 1826 2180 jam

125 2196 397 2267 pleraque
427 2200 685 2249 noverat.

180 2289 237 2338 Ἰ.
285 2284 710 2339 Adnotationes
758 2283 816 2338 in
858 2283 961 2338 Job
994 2288 1127 2338 sunt
1156 2284 1420 2355 quaedam
1462 2284 1825 2341 solummodo

122 2376 353 2441 scholia,
390 2391 523 2445 quas
554 2392 587 2429 a
638 2379 831 2429 sancto
864 2376 1102 2429 Doctore
1151 2375 1222 2429 ad
1273 2375 1592 2445 marginem
1642 2378 1825 2429 textus

122 2464 426 2535 adscripta,
458 2479 667 2533 parum
715 2468 976 2517 accurate
1024 2462 1123 2517 alii
1170 2463 1613 2534 exscripserunt,
1660 2468 1715 2517 et
1764 2464 1825 2518 in

124 2570 297 2608 unum
329 2569 542 2623 corpus
576 2552 945 2623 redegerunt.
993 2553 1149 2606 Unde
1193 2552 1413 2607 dubitat
1447 2552 1823 2623 Augustinus,

120 2660 181 2697 an
214 2644 386 2698 hunc
414 2644 599 2696 fetum
646 2646 705 2695 ut
744 2657 911 2695 suum
941 2646 999 2696 et
1037 2641 1359 2713 legitimum
1392 2658 1695 2713 agnoscere
1728 2642 1824 2697 de-

116 2732 269 2789 beat.
309 2734 546 2787 Fatetur
575 2732 676 2786 has
704 2730 1109 2785 Adnotationes
1141 2735 1398 2801 acceptas
1428 2734 1484 2785 et
1512 2732 1579 2785 ad
1612 2730 1823 2785 intelli-

118 2821 375 2891 gentiam
423 2820 886 2875 accommodatas
936 2836 1051 2874 non
1090 2820 1233 2886 fore,
1288 2819 1399 2874 nisi
1436 2819 1821 2890 paucissimis;

121 2911 328 2982 quibus
362 2910 541 2964 etiam
574 2910 755 2964 multa
783 2908 842 2963 in
877 2909 963 2964 his
993 2912 1311 2972 occurrent,
1344 2925 1472 2980 quas
1503 2908 1828 2979 percepturi

118 3016 224 3054 non
266 2999 405 3067 sint,
440 3015 571 3069 cum
602 3001 840 3069 propter
870 2997 1285 3053 sententiarum
1314 2997 1667 3063 brevitatem,
1704 3001 1825 3051 tum

117 3095 355 3160 propter
378 3088 611 3155 menda,
645 3104 773 3159 quae
796 3088 857 3141 in
887 3104 979 3142 eas
1004 3091 1119 3141 tam
1140 3087 1338 3141 crebra
1366 3086 1741 3157 irrepserunt,
1766 3092 1828 3141 ut

115 3178 424 3232 emendare
480 3192 595 3230 non
639 3176 912 3246 potuerit.
964 3176 1387 3247 Qualecumque
1440 3180 1635 3230 tamen
1682 3179 1829 3229 esset

118 3267 218 3321 hoc
260 3282 430 3338 opus,
481 3264 799 3335 expetitum
824 3264 932 3319 fuit
960 3281 994 3317 a
1022 3264 1311 3331 fratribus,
1361 3280 1607 3335 quorum
1637 3262 1825 3317 studio

115 3372 244 3409 cum
277 3355 572 3423 denegare
613 3368 727 3405 non
761 3352 1035 3423 potuisset
1070 3352 1441 3421 Augustinus,
1478 3351 1536 3405 in
1570 3350 1687 3405 suis
1719 3352 1824 3405 lte-

117 3442 528 3497 tractationnm
596 3439 756 3495 libris
801 3440 945 3495 illud
1002 3444 1065 3495 ut
1130 3456 1302 3495 suum
1355 3440 1590 3512 agnovit
1641 3439 1824 3510 (lbid.,

115 3549 237 3601 cap.
270 3532 381 3607 l3).

182 3624 240 3676 8.
270 3619 687 3675 Adnotationes
727 3618 862 3672 istas
888 3617 1097 3689 excipit
1126 3618 1269 3674 liber
1308 3618 1376 3673 de
1406 3618 1825 3674 Catechizandis

116 3711 355 3765 rudibus
392 3708 585 3781 (Ibid.,
623 3723 743 3777 cap.
782 3707 890 3777 14),
931 3707 1004 3762 ad
1038 3708 1373 3778 Deogratias
1414 3708 1824 3779 Carthaginem-

118 3819 239 3856 sem
268 3801 603 3868 diaconum,
641 3799 713 3854 ad
753 3815 924 3870 quem
965 3798 1166 3869 primis
1204 3799 1339 3854 fidei
1376 3800 1675 3853 elementis
1717 3799 1825 3853 im-

120 3889 327 3944 buendi
370 3888 587 3959 saepius
630 3887 1082 3942 deducebantur:
1133 3887 1289 3957 quod
1327 3887 1375 3941 is
1417 3887 1478 3941 in
1519 3887 1828 3941 christiana

120 3978 392 4049 religione
436 3978 585 4032 foret
633 3976 892 4047 apprime
940 3976 1217 4043 eruditus,
1250 3992 1312 4030 ac
1354 3975 1513 4030 suavi
1561 3976 1827 4030 facundia

119 4067 512 4139 singularique
543 4064 931 4120 catechizandi
960 4065 1228 4119 facultate
1257 4064 1521 4135 polleret.
1555 4066 1821 4119 Attamen

119 4158 175 4212 in
212 4157 310 4212 hac
342 4155 749 4211 exercitatione
776 4152 883 4207 sibi
913 4153 1035 4224 ipse
1065 4169 1178 4207 non
1204 4152 1449 4207 faciebat
1477 4152 1642 4219 satis;
1675 4167 1825 4223 pene

120 4262 343 4317 semper
380 4244 679 4315 angustias
719 4242 1066 4313 patiebatur,
1106 4241 1314 4296 dubius
1355 4246 1412 4296 et
1459 4256 1666 4311 anceps
1709 4257 1823 4311 quo

116 4340 282 4405 pacto
321 4351 412 4405 ea,
446 4348 695 4405 quorum
728 4332 871 4386 fides
901 4348 1002 4385 nos
1031 4330 1370 4385 christianos
1394 4329 1544 4397 facit,
1581 4345 1822 4400 expone-

118 4430 238 4489 ret;
267 4424 563 4479 undenam
591 4420 941 4476 exordienda
966 4423 1114 4473 esset
1141 4417 1444 4487 institutio,
1477 4422 1528 4471 et
1560 4418 1658 4472 ubi
1688 4434 1820 4472 con-

118 4513 399 4568 cludenda
423 4528 438 4567 :
466 4528 542 4565 an
572 4508 916 4565 institutioni
948 4507 1302 4580 subjicienda
1332 4507 1596 4579 quaedam
1624 4508 1826 4561 exhor-

116 4602 274 4669 tatio,
306 4618 380 4656 an
415 4602 606 4654 solum
638 4598 972 4669 exponenda
1004 4600 1308 4668 praecepta,
1343 4612 1592 4668 quorum
1626 4596 1823 4650 obser-

121 4693 403 4746 vationem
437 4689 509 4744 ad
558 4687 862 4742 christiano
903 4703 1062 4740 more
1100 4684 1407 4739 vivendum
1446 4684 1823 4739 necessariam

115 4782 252 4834 scire
290 4783 592 4834 teneretur
640 4775 1091 4831 catechizandus.
1148 4774 1504 4838 Querebatur
1563 4790 1818 4845 quoque,

120 4869 261 4940 quod
292 4867 524 4940 prolixo
553 4882 817 4920 sermone
849 4864 1119 4936 fatigatus
1138 4879 1393 4934 persaepe
1420 4880 1537 4933 pra:
1566 4866 1822 4933 tempore

117 4960 529 5029 languesceret,
570 4960 627 5009 et
673 4954 751 5009 sic
798 4953 989 5009 animo
1034 4952 1269 5007 affectus
1320 4967 1425 5006 nec
1470 4951 1824 5005 catechizan-

117 5047 269 5114 dum,
312 5063 421 5102 nec
470 5044 772 5100 audientes
818 5042 1170 5098 accenderet.
1221 5039 1606 5111 Augustinum
1647 5039 1825 5110 igitur

117 5136 216 5191 hac
241 5138 311 5192 de
341 5153 403 5190 re
435 5134 547 5189 sibi
590 5132 815 5189 monita
848 5132 1116 5186 daturum
1158 5128 1398 5183 credidit
1430 5145 1442 5183 :
1477 5133 1534 5183 et
1566 5131 1631 5182 ut
1668 5126 1824 5181 illius

116 5226 404 5280 familiaris
434 5227 579 5291 erat,
612 5222 684 5277 ab
714 5237 779 5276 eo
804 5236 907 5292 per
930 5220 1150 5274 litteras
1174 5216 1359 5289 petiit,
1393 5221 1456 5271 ut
1479 5216 1629 5272 inter
1657 5232 1822 5270 occu-

117 5316 371 5385 pationes
411 5329 544 5368 suas
592 5328 712 5366 non
756 5314 1090 5381 gravaretur
1135 5306 1372 5379 aliquod
1420 5305 1529 5360 sibi
1576 5305 1821 5360 catechi-

117 5405 271 5459 zandi
301 5403 599 5476 specimen
632 5400 822 5455 edere.
854 5396 1217 5453 Existimavit
1253 5394 1628 5465 Augustinus,
1667 5411 1725 5447 se
1755 5410 1820 5449 ex

116 5493 292 5551 ofﬁcio
332 5498 394 5549 et
422 5491 728 5557 charitate,
761 5504 875 5560 qua
912 5503 1027 5541 non
1068 5485 1171 5540 uni
1210 5488 1431 5540 tantum
1477 5482 1683 5549 amico,
1726 5481 1824 5538 sed

466 5589 749 5655 PATROL.
802 5584 1051 5651 XXXII.

3536 225 3638 277 266

1938 331 2256 400 generatim
2309 332 2411 387 toti
2443 333 2698 388 Ecclesiae
2732 334 3009 392 obstricus
3039 343 3182 408 erat,
3224 341 3405 394 teneri
3454 359 3513 396 se
3561 345 3631 398 ad

1937 417 2078 473 illud
2110 421 2342 475 alterius
2372 428 2499 477 voto
2527 423 3232 482 libenterconeedendum.
3258 429 3464 495 Quanto
3485 435 3625 485 enim

1941 511 2117 579 cupio,
2153 510 2353 581 inquit,
2388 514 2552 566 latius
2581 516 2796 581 erogari
2810 518 3095 584 pecuniam
3113 517 3455 586 dominicam,
3491 524 3639 575 tanto

1940 600 2117 666 magis
2138 616 2218 653 me
2246 605 2469 669 oportet,
2502 604 2552 655 si
2577 618 2739 671 quam
2770 604 3167 673 dispensatores
3193 622 3467 663 conservos
3496 625 3635 665 meos

1942 687 2323 756 difﬁcultatem
2352 693 2407 744 in
2428 692 2696 758 eroganda
2727 695 2925 747 sentire
2953 710 3225 763 cognosco,
3266 712 3424 765 agere
3451 714 3634 768 quan—

1943 781 2058 831 tum
2089 780 2142 831 in
2174 793 2256 832 me
2294 783 2390 844 est,
2440 784 2499 833 ut
2535 782 2701 847 facile
2730 786 2892 851 atque
2940 784 3188 852 impedita
3229 788 3463 855 possint,
3497 789 3643 856 quod

1941 869 2172 936 impigre
2193 884 2254 922 ac
2277 870 2509 924 studiose
2534 872 2715 925 volunt
2733 872 2827 942 (De
2843 874 3052 928 Catech.
3076 875 3226 943 rud.,
3243 892 3288 930 c.
3317 880 3360 940 1,
3388 878 3533 948 n.2).
3561 881 3641 933 De

1940 955 2048 1010 hoc
2077 956 2252 1027 igitur
2280 963 2614 1029 argumento
2649 960 2855 1014 librum
2887 977 2999 1032 quo
3030 962 3097 1016 de
3127 963 3368 1033 agimus,
3404 966 3475 1020 ad
3504 982 3639 1021 eum

1942 1043 2185 1114 scripsit,
2213 1046 2309 1099 ubi
2332 1047 2582 1116 primum
2597 1050 2922 1103 consolatur
2938 1068 3070 1105 eum
3084 1052 3152 1105 de
3175 1053 3368 1120 taedio,
3388 1054 3536 1125 quod
3558 1054 3642 1109 illi

1940 1132 2148 1187 dicenti
2178 1135 2485 1205 subrepere
2512 1138 2747 1192 solebat.
2784 1140 2939 1193 Idem
2965 1139 3193 1195 sibimet
3215 1158 3391 1213 prope
3413 1159 3641 1213 semper

1940 1222 2271 1293 contingere
2303 1224 2532 1293 fatetur,
2568 1228 2703 1280 dum
2736 1227 2795 1281 in
2825 1230 3175 1298 exponendis
3198 1230 3329 1284 fidei
3356 1233 3640 1302 mysteriis

1938 1310 2135 1381 lingua
2162 1312 2340 1367 menti
2368 1314 2624 1368 sufficere
2658 1332 2767 1369 non
2789 1321 3010 1386 potest:
3034 1317 3166 1372 inde
3188 1319 3444 1373 animum
3471 1337 3637 1375 suum

1938 1400 2144 1470 frangi,
2177 1418 2350 1471 seque
2381 1402 2507 1456 aliis
2538 1405 2839 1458 molestum
2872 1406 3166 1473 arbitrari;
3200 1425 3328 1462 cum
3356 1413 3548 1464 tamen
3570 1427 3635 1463 ex

1937 1490 2126 1543 studio
2148 1494 2205 1544 et
2233 1491 2539 1559 alacritate,
2567 1509 2737 1563 quam
2761 1511 2879 1565 prae
2905 1512 2965 1549 se
2988 1495 3179 1551 ferunt
3194 1496 3507 1565 audientes,
3528 1500 3642 1553 elo-

1938 1577 2141 1648 quium
2180 1595 2369 1649 suum,
2402 1581 2767 1650 quantumvis
2797 1582 2903 1636 sibi
2924 1582 3034 1654 ipsi
3060 1583 3334 1655 frigidum
3356 1585 3638 1655 videatur,

1936 1665 2066 1720 illos
2110 1666 2470 1722 inﬂammare
2512 1668 2793 1739 conjiciat.
2842 1671 2996 1724 Inter
3036 1672 3145 1725 alia
3188 1679 3474 1745 praecepta
3504 1691 3634 1746 quas

1936 1754 2127 1821 tradit,
2160 1760 2359 1810 monet
2387 1756 2675 1827 expedire,
2717 1764 2780 1812 ut
2808 1759 3073 1829 privatim
3106 1761 3467 1817 instituendis
3497 1764 3638 1819 olfe-

1937 1847 2097 1897 ratur
2118 1844 2311 1908 sessio,
2336 1862 2465 1899 cum
2496 1851 2560 1900 ut
2588 1846 2810 1902 videtur
2837 1847 2936 1902 illa
2956 1849 3171 1919 species
3189 1850 3386 1918 fastus,
3409 1853 3638 1921 quando

1937 1936 2146 1987 stantes
2177 1934 2467 1989 sedentem
2499 1936 2777 2006 jubentur
2818 1936 3036 2005 audire,
3088 1942 3211 1993 tum
3241 1940 3377 2010 quia
3415 1941 3637 1995 contin-

1938 2036 2072 2090 gere
2114 2025 2317 2091 potest,
2373 2026 2436 2076 ut
2476 2023 2678 2077 stando
2729 2024 3021 2095 defatigati
3065 2042 3144 2096 se,
3189 2027 3361 2081 aliam
3409 2044 3637 2084 causam

1937 2112 2331 2179 praetexentes,
2382 2111 2731 2167 subducant:
2765 2114 2919 2183 quod
2952 2114 3059 2168 sibi
3108 2116 3383 2170 rusticum
3432 2134 3638 2188 quem-

1937 2198 2069 2252 dam
2087 2198 2288 2270 primis
2301 2200 2433 2254 tidei
2449 2200 2785 2255 rudimentis
2804 2201 3086 2258 imbuenti
3111 2204 3378 2259 accidisse
3398 2210 3642 2261 testatur

1939 2287 2123 2359 (Ibid.,
2152 2304 2196 2342 c.
2223 2291 2304 2354 l3,
2327 2304 2381 2343 n.
2411 2291 2514 2359 t9).
2543 2291 2893 2360 Deogratias,
2920 2292 3007 2346 cui
3035 2297 3307 2348 tractatus
3326 2294 3417 2349 hic
3439 2295 3639 2350 inscri-

1936 2376 2109 2447 bitur,
2142 2378 2211 2432 ad
2236 2379 2658 2450 presbyterium
2690 2380 2895 2435 deinde
2926 2386 3227 2452 provectus
3253 2388 3356 2450 est,
3390 2383 3438 2438 si
3471 2385 3640 2439 modo

1934 2465 2087 2520 idem
2130 2470 2213 2521 est
2241 2467 2330 2521 cui
2371 2468 2726 2539 Augustinus
2757 2469 2907 2524 circa
2954 2487 3170 2526 annum
3201 2473 3638 2545 quadringente-

1935 2554 2147 2610 simum
2177 2561 2402 2611 sextum
2455 2557 2523 2612 ad
2555 2559 2903 2629 quaestiones
2941 2560 3010 2614 ab
3053 2576 3119 2615 eo
3165 2561 3272 2616 sibi
3303 2562 3642 2634 Carthagine

1936 2645 2135 2699 missas
2190 2646 2498 2716 respondet
2545 2647 2785 2717 epistola
2823 2650 3130 2703 centesima
3167 2651 3431 2705 secunda.
3480 2653 3639 2706 llunc

1935 2732 2329 2803 presbyterum
2368 2750 2485 2787 non
2523 2736 2694 2789 modo
2727 2739 2789 2789 ut
2816 2736 3155 2791 familiarem
3193 2754 3379 2800 suum,
3427 2739 3518 2792 cui
3548 2739 3642 2793 de-

1936 2836 2145 2891 negare
2177 2821 2321 2875 nihil
2360 2822 2561 2892 possit,
2612 2825 2943 2893 compellat;
2988 2825 3087 2879 sed
3136 2825 3310 2879 etiam
3350 2829 3411 2879 ut
3451 2826 3635 2879 virum

1937 2911 2209 2981 peritum,
2235 2910 2333 2980 qui
2353 2912 2747 2966 consuleretur
2766 2911 2828 2965 in
2858 2913 3060 2975 dubiis,
3085 2917 3140 2967 et
3160 2914 3322 2985 cujus
3344 2914 3506 2969 stilus
3529 2914 3635 2968 sibi

1939 3003 1997 3053 et
2025 2999 2148 3052 aliis
2177 2999 2538 3069 probaretur.

2006 3090 2056 3141 9.
2089 3086 2253 3142 Libro
2285 3088 2353 3143 de
2378 3088 2798 3144 Catechizandis
2828 3089 3063 3146 rudibus
3093 3090 3285 3146 subdit
3313 3090 3643 3162 quindecim

1935 3174 2113 3230 libros
2145 3177 2214 3231 de
2245 3178 2518 3232 Trinitate
2550 3182 2807 3246 (Retract.
2843 3181 2936 3235 lib.
2970 3183 3023 3248 2,
3053 3196 3173 3251 cap.
3216 3181 3324 3251 l5),
3358 3199 3503 3253 quos
3532 3199 3636 3252 per

1936 3263 2158 3335 aliquot
2189 3283 2365 3321 annos
2395 3267 2759 3323 elucubratus
2790 3274 2895 3337 est,
2936 3286 3066 3323 cum
3097 3286 3215 3337 eos,
3250 3275 3312 3325 ut
3346 3271 3465 3340 ipse
3498 3273 3635 3325 scri-

1936 3353 2038 3420 bit,
2065 3353 2294 3423 juvenis
2323 3354 2624 3426 inchoarit,
2648 3374 2817 3411 senex
2845 3358 3085 3412 ediderit
3107 3358 3300 3429 (Epist.
3346 3360 3483 3430 174).
3509 3361 3639 3416 lllos

1935 3443 2221 3513 siquidem
2242 3443 2676 3513 intermittebat,
2702 3446 2923 3516 quoties
2945 3446 3056 3500 alio
3078 3446 3481 3518 implicabatur
3502 3465 3637 3519 ope-

1934 3533 2184 3600 re,quod
2208 3532 2467 3601 pluribus
2489 3533 2852 3602 profuturum
2875 3533 3236 3589 existimabat
3255 3538 3510 3604 (Retract.
3534 3537 3633 3591 lib.

1934 3621 1990 3686 2,
2024 3635 2145 3689 cap.
2172 3621 2284 3689 t6);
2310 3623 2464 3675 ratus
2495 3620 2643 3676 istud
2665 3622 2961 3693 operosius
2982 3627 3036 3678 et
3056 3624 3246 3677 minus
3271 3624 3429 3692 utile,
3455 3640 3630 3695 quam

1936 3708 2204 3779 pleraque
2234 3708 2365 3775 alia,
2399 3711 2555 3780 quod
2585 3724 2673 3764 res
2702 3711 2894 3765 minus
2919 3712 3261 3766 necessarias
3291 3716 3346 3767 et
3367 3712 3638 3783 apaucio-

1935 3795 2094 3851 ribus
2147 3796 2549 3868 intelligendas
2576 3799 2894 3855 contineret
2924 3802 3117 3871 (Epist.
3159 3804 3278 3867 169,
3309 3816 3354 3856 c.
3395 3805 3443 3868 1,
3474 3818 3529 3856 n.
3570 3802 3638 3871 1).

1938 3886 2096 3939 Unde
2126 3885 2180 3940 id
2212 3903 2354 3957 opus
2384 3888 2747 3957 potissimum
2778 3890 3021 3960 suscepit
3049 3889 3110 3943 in
3140 3906 3341 3944 eorum
3371 3890 3636 3961 gratiam,

1934 3974 2031 4044 qui
2048 3974 2183 4028 fidei
2196 3976 2588 4031 auctoritatem
2607 3977 2993 4048 repudiantes,
3022 3979 3429 4049 mysteriorum
3446 3979 3642 4034 verita-

1933 4067 2050 4118 tem
2080 4063 2301 4119 ratione
2333 4064 2441 4120 sibi
2463 4066 2843 4121 demonstrari
2872 4067 3139 4121 volebant
3163 4070 3252 4136 (De
3275 4070 3428 4123 Trin.
3464 4068 3556 4123 lib.
3588 4072 3638 4123 1.

1932 4167 1979 4207 c.
2014 4155 2060 4219 l,
2085 4169 2142 4208 η.
2168 4156 2238 4223 1).
2264 4154 2405 4208 Cum
2428 4158 2621 4209 autem
2646 4154 2708 4209 in
2724 4155 2850 4225 lege
2876 4154 3124 4222 Domini,
3147 4161 3424 4226 quantum
3449 4155 3558 4209 sibi
3580 4154 3643 4209 li-

1936 4240 2118 4309 cebat,
2139 4241 2544 4310 meditaretur;
2574 4258 2691 4297 non
2721 4242 3044 4314 patiebatur
3073 4242 3315 4296 charitas
3336 4259 3487 4309 cum,
3510 4259 3639 4314 quas

1932 4344 1997 4382 ex
2022 4328 2123 4382 Dei
2145 4328 2296 4383 dono
2314 4346 2376 4382 ac
2390 4328 2738 4385 revelatione
2754 4330 3080 4401 accepisset.
3100 4330 3226 4384 aliis
3245 4330 3557 4401 denegare:
3577 4347 3641 4385 ac

1932 4416 2041 4471 sibi
2062 4416 2438 4487 pollicebatur
2454 4418 2596 4487 fore,
2618 4423 2681 4474 ut
2702 4436 2767 4474 ea
2787 4419 3168 4475 ministrando
3189 4418 3337 4486 aliis,
3358 4418 3478 4490 ipse
3500 4436 3640 4491 quo-

1933 4522 2043 4576 que
2055 4506 2385 4576 proliceret;
2408 4508 2660 4580 dumque
2681 4510 2761 4563 eis
2772 4513 3005 4579 cuperet
3018 4496 3359 4578 respondere
3374 4525 3638 4579 quaeren-

1931 4594 2101 4655 tibus,
2135 4594 2288 4663 quod
2315 4594 2488 4648 etiam
2524 4596 2645 4666 ipse
2666 4597 2957 4668 quaerebat
2980 4594 3263 4650 inveniret
3285 4596 3473 4667 (Ibid.,
3505 4613 3549 4651 c.
3586 4600 3639 4665 3,

1930 4697 1986 4735 η.
2021 4681 2096 4751 5).
2120 4684 2263 4750 Ergo
2288 4685 2501 4752 suscepi
2525 4685 2653 4751 haec,
2677 4684 2884 4755 inquit,
2898 4683 3121 4753 jubente
3149 4689 3311 4753 atque
3338 4685 3637 4753 adjuvante

1931 4772 2154 4825 Domino
2189 4774 2286 4825 Deo
2306 4778 2506 4841 nostro,
2530 4788 2636 4827 non
2658 4777 2766 4826 tam
2788 4774 3002 4839 cognita
3031 4788 3157 4829 cum
3178 4776 3500 4829 auctoritate
3524 4775 3639 4829 dis-
3682 4787 3690 4795 '

1932 4874 2122 4926 serere,
2147 4876 2309 4928 quam
2329 4877 2392 4913 ea
2412 4877 2531 4914 cum
2555 4863 2758 4930 pietate
2778 4861 3088 4916 disserendo
3109 4877 3419 4930 cognoscere
3449 4863 3608 4924 (Ibid.
3622 4904 3636 4929 ,

1932 4967 1978 5003 c.
1994 4953 2048 5017 5,
2063 4964 2119 5002 η.
2135 4951 2211 5019 8).
2231 4948 2496 5003 Cernitur
2513 4948 2561 5003 is
2583 4949 2761 5003 sancti
2785 4950 3042 5005 Doctoris
3062 4950 3289 5006 animus
3309 4951 3370 5005 in
3391 4954 3641 5022 permul-

1932 5038 2004 5091 tis
2032 5038 2203 5107 hujus
2225 5038 2415 5109 operis
2436 5038 2587 5103 locis,
2615 5042 2670 5093 et
2687 5038 2746 5092 in
2768 5039 2904 5109 ipsis
2937 5040 3184 5095 maxime
3205 5040 3516 5113 prooemiis.
3540 5042 3638 5094 Te-

1933 5114 2115 5180 statur
2130 5126 2324 5181 stilum
2347 5143 2405 5181 se
2427 5127 2776 5198 perlibenter
2794 5128 2968 5185 fuisse
2991 5144 3454 5201 suppressurum,
3476 5128 3522 5182 si
3540 5132 3640 5183 aut

1932 5231 2022 5269 res
2051 5214 2382 5286 hujusmodi
2418 5215 2767 5271 sufficienter
2793 5234 2825 5272 a
2865 5218 3078 5273 Latinis
3115 5217 3514 5273 invenirentur
3541 5233 3636 5272 ex-

1932 5303 2152 5375 positas,
2183 5309 2282 5358 aut
2313 5304 2492 5360 Graeci
2521 5305 2825 5377 scriptores
2854 5312 3047 5362 essent
3073 5306 3248 5361 latine
3276 5304 3507 5373 redditi,
3539 5310 3640 5361 aut

1932 5393 2025 5448 alii
2048 5392 2293 5463 denique
2315 5410 2510 5450 curam
2532 5396 2914 5467 respondendi
2933 5394 3344 5467 quaestionibus
3367 5394 3477 5449 sibi
3503 5412 3638 5466 pro-

1933 5480 2375 5554 positisvellent
2420 5484 2731 5556 suscipere.
2772 5486 2943 5541 Initio
2987 5483 3119 5539 libri
3172 5482 3380 5538 decimi
3430 5484 3640 5556 quinti,

3065 5580 3324 5667 (Neu/9
