  <div class='ocr_page' id='page_1' title='image "/cluster/home/n/w/nwhite01/storage/ocr_20150623/32/hvd.32044096580550/143.png"; bbox 0 0 4008 6184; ppageno 0'>
   <div class='ocr_carea' id='block_1_1' title="bbox 401 273 504 327">
    <p class='ocr_par' dir='ltr' id='par_1_1' title="bbox 401 273 504 327">
     <span class='ocr_line' id='line_1_1' title="bbox 401 273 504 327; baseline -0.01 0"><span class='ocrx_word' id='word_1_1' title='bbox 401 273 504 327; x_wconf 81' lang='lat'><strong>267</strong></span> 
     </span>
    </p>
   </div>
   <div class='ocr_carea' id='block_1_2' title="bbox 401 392 2097 468">
    <p class='ocr_par' dir='ltr' id='par_1_2' title="bbox 401 392 2097 468">
     <span class='ocr_line' id='line_1_2' title="bbox 401 392 2097 468; baseline -0.004 -17"><span class='ocrx_word' id='word_1_2' title='bbox 401 412 531 468; x_wconf 64' lang='lat' dir='ltr'><strong>quae</strong></span> <span class='ocrx_word' id='word_1_3' title='bbox 574 395 635 450; x_wconf 93' lang='lat' dir='ltr'><strong>in</strong></span> <span class='ocrx_word' id='word_1_4' title='bbox 680 392 1072 466; x_wconf 85' lang='lat' dir='ltr'><strong>superioribus</strong></span> <span class='ocrx_word' id='word_1_5' title='bbox 1110 395 1469 464; x_wconf 83' lang='lat' dir='ltr'><strong>exposuerat,</strong></span> <span class='ocrx_word' id='word_1_6' title='bbox 1509 392 1934 464; x_wconf 84' lang='lat' dir='ltr'><strong>compendiario</strong></span> <span class='ocrx_word' id='word_1_7' title='bbox 1982 407 2097 446; x_wconf 88' lang='lat' dir='ltr'><strong>ser-</strong></span> 
     </span>
    </p>
   </div>
   <div class='ocr_carea' id='block_1_3' title="bbox 402 481 2097 555">
    <p class='ocr_par' dir='ltr' id='par_1_3' title="bbox 402 481 2097 555">
     <span class='ocr_line' id='line_1_3' title="bbox 402 481 2097 555; baseline -0.004 -15"><span class='ocrx_word' id='word_1_8' title='bbox 402 502 569 540; x_wconf 82' lang='lat' dir='ltr'><strong>mone</strong></span> <span class='ocrx_word' id='word_1_9' title='bbox 615 483 1012 555; x_wconf 81' lang='lat' dir='ltr'><strong>complectitur</strong></span> <span class='ocrx_word' id='word_1_10' title='bbox 1050 483 1232 553; x_wconf 84' lang='lat' dir='ltr'><strong>(Ibid.,</strong></span> <span class='ocrx_word' id='word_1_11' title='bbox 1275 483 1369 539; x_wconf 83' lang='lat' dir='ltr'><strong>lib.</strong></span> <span class='ocrx_word' id='word_1_12' title='bbox 1417 486 1504 551; x_wconf 82' lang='grc'><strong>15,</strong></span> <span class='ocrx_word' id='word_1_13' title='bbox 1549 498 1607 537; x_wconf 89' lang='lat' dir='ltr'><strong>n.</strong></span> <span class='ocrx_word' id='word_1_14' title='bbox 1649 485 1720 552; x_wconf 87' lang='grc'><strong>3).</strong></span> <span class='ocrx_word' id='word_1_15' title='bbox 1766 483 1873 536; x_wconf 84' lang='lat' dir='ltr'><strong>llos</strong></span> <span class='ocrx_word' id='word_1_16' title='bbox 1918 481 2097 535; x_wconf 91' lang='lat' dir='ltr'><strong>libros</strong></span> 
     </span>
    </p>
   </div>
   <div class='ocr_carea' id='block_1_4' title="bbox 400 568 2099 646">
    <p class='ocr_par' dir='ltr' id='par_1_4' title="bbox 400 568 2099 646">
     <span class='ocr_line' id='line_1_4' title="bbox 400 568 2099 646; baseline -0.004 -17"><span class='ocrx_word' id='word_1_17' title='bbox 400 573 734 646; x_wconf 82' lang='lat' dir='ltr'><strong>singillatim</strong></span> <span class='ocrx_word' id='word_1_18' title='bbox 764 572 932 628; x_wconf 90' lang='lat' dir='ltr'><strong>edere</strong></span> <span class='ocrx_word' id='word_1_19' title='bbox 964 571 1211 635; x_wconf 89' lang='lat' dir='ltr'><strong>nolebat,</strong></span> <span class='ocrx_word' id='word_1_20' title='bbox 1245 570 1410 625; x_wconf 80' lang='lat' dir='ltr'><strong>sicuti</strong></span> <span class='ocrx_word' id='word_1_21' title='bbox 1439 570 1611 625; x_wconf 91' lang='lat' dir='ltr'><strong>libros</strong></span> <span class='ocrx_word' id='word_1_22' title='bbox 1640 570 1709 624; x_wconf 91' lang='lat' dir='ltr'><strong>de</strong></span> <span class='ocrx_word' id='word_1_23' title='bbox 1741 569 1972 625; x_wconf 88' lang='lat' dir='ltr'><strong>Civitate</strong></span> <span class='ocrx_word' id='word_1_24' title='bbox 1997 568 2099 623; x_wconf 90' lang='lat' dir='ltr'><strong>Dei</strong></span> 
     </span>
    </p>
   </div>
   <div class='ocr_carea' id='block_1_5' title="bbox 400 656 2095 734">
    <p class='ocr_par' dir='ltr' id='par_1_5' title="bbox 400 656 2095 734">
     <span class='ocr_line' id='line_1_5' title="bbox 400 656 2095 734; baseline -0.004 -18"><span class='ocrx_word' id='word_1_25' title='bbox 400 667 602 734; x_wconf 90' lang='lat' dir='ltr'><strong>postea</strong></span> <span class='ocrx_word' id='word_1_26' title='bbox 622 660 819 728; x_wconf 84' lang='lat' dir='ltr'><strong>edidit,</strong></span> <span class='ocrx_word' id='word_1_27' title='bbox 845 660 945 715; x_wconf 90' lang='lat' dir='ltr'><strong>sed</strong></span> <span class='ocrx_word' id='word_1_28' title='bbox 970 675 1169 714; x_wconf 89' lang='lat' dir='ltr'><strong>omnes</strong></span> <span class='ocrx_word' id='word_1_29' title='bbox 1194 658 1394 725; x_wconf 90' lang='lat' dir='ltr'><strong>simul;</strong></span> <span class='ocrx_word' id='word_1_30' title='bbox 1417 659 1569 729; x_wconf 92' lang='lat' dir='ltr'><strong>quod</strong></span> <span class='ocrx_word' id='word_1_31' title='bbox 1596 661 1848 711; x_wconf 87' lang='lat' dir='ltr'><strong>extrema</strong></span> <span class='ocrx_word' id='word_1_32' title='bbox 1872 656 2095 728; x_wconf 82' lang='lat' dir='ltr'><strong>primis,</strong></span> 
     </span>
    </p>
   </div>
   <div class='ocr_carea' id='block_1_6' title="bbox 399 746 2097 820">
    <p class='ocr_par' dir='ltr' id='par_1_6' title="bbox 399 746 2097 820">
     <span class='ocr_line' id='line_1_6' title="bbox 399 746 2097 820; baseline -0.004 -14"><span class='ocrx_word' id='word_1_33' title='bbox 399 749 849 806; x_wconf 81' lang='lat' dir='ltr'><strong>ratiocinationis</strong></span> <span class='ocrx_word' id='word_1_34' title='bbox 894 748 1056 820; x_wconf 91' lang='lat' dir='ltr'><strong>quasi</strong></span> <span class='ocrx_word' id='word_1_35' title='bbox 1104 748 1351 813; x_wconf 91' lang='lat' dir='ltr'><strong>vinculo,</strong></span> <span class='ocrx_word' id='word_1_36' title='bbox 1404 751 1834 801; x_wconf 77' lang='lat' dir='ltr'><strong>connectuntur.</strong></span> <span class='ocrx_word' id='word_1_37' title='bbox 1887 746 2097 800; x_wconf 84' lang='lat' dir='ltr'><strong>Verum</strong></span> 
     </span>
    </p>
   </div>
   <div class='ocr_carea' id='block_1_7' title="bbox 402 833 2098 913">
    <p class='ocr_par' dir='ltr' id='par_1_7' title="bbox 402 833 2098 913">
     <span class='ocr_line' id='line_1_7' title="bbox 402 833 2098 913; baseline -0.005 -18"><span class='ocrx_word' id='word_1_38' title='bbox 402 840 501 913; x_wconf 88' lang='lat' dir='ltr'><strong>qui</strong></span> <span class='ocrx_word' id='word_1_39' title='bbox 532 840 599 895; x_wconf 91' lang='lat' dir='ltr'><strong>de</strong></span> <span class='ocrx_word' id='word_1_40' title='bbox 636 838 788 892; x_wconf 87' lang='lat' dir='ltr'><strong>hisce</strong></span> <span class='ocrx_word' id='word_1_41' title='bbox 827 837 987 891; x_wconf 82' lang='lat' dir='ltr'><strong>libris</strong></span> <span class='ocrx_word' id='word_1_42' title='bbox 1026 836 1239 907; x_wconf 90' lang='lat' dir='ltr'><strong>aliquid</strong></span> <span class='ocrx_word' id='word_1_43' title='bbox 1278 834 1598 903; x_wconf 82' lang='lat' dir='ltr'><strong>audierant,</strong></span> <span class='ocrx_word' id='word_1_44' title='bbox 1639 838 1695 888; x_wconf 87' lang='lat' dir='ltr'><strong>et</strong></span> <span class='ocrx_word' id='word_1_45' title='bbox 1722 833 1851 888; x_wconf 92' lang='lat' dir='ltr'><strong>illos</strong></span> <span class='ocrx_word' id='word_1_46' title='bbox 1889 833 2098 887; x_wconf 88' lang='lat' dir='ltr'><strong>habere</strong></span> 
     </span>
    </p>
   </div>
   <div class='ocr_carea' id='block_1_8' title="bbox 398 922 2099 996">
    <p class='ocr_par' dir='ltr' id='par_1_8' title="bbox 398 922 2099 996">
     <span class='ocr_line' id='line_1_8' title="bbox 398 922 2099 996; baseline -0.005 -13"><span class='ocrx_word' id='word_1_47' title='bbox 398 929 767 983; x_wconf 82' lang='lat' dir='ltr'><strong>vehementer</strong></span> <span class='ocrx_word' id='word_1_48' title='bbox 804 924 1129 996; x_wconf 89' lang='lat' dir='ltr'><strong>cupiebant,</strong></span> <span class='ocrx_word' id='word_1_49' title='bbox 1166 928 1385 978; x_wconf 84' lang='lat' dir='ltr'><strong>tantam</strong></span> <span class='ocrx_word' id='word_1_50' title='bbox 1415 938 1636 977; x_wconf 91' lang='lat' dir='ltr'><strong>moram</strong></span> <span class='ocrx_word' id='word_1_51' title='bbox 1666 925 1723 976; x_wconf 86' lang='lat' dir='ltr'><strong>et</strong></span> <span class='ocrx_word' id='word_1_52' title='bbox 1764 922 2099 977; x_wconf 84' lang='lat' dir='ltr'><strong>dilationem</strong></span> 
     </span>
    </p>
   </div>
   <div class='ocr_carea' id='block_1_9' title="bbox 399 1011 2098 1086">
    <p class='ocr_par' dir='ltr' id='par_1_9' title="bbox 399 1011 2098 1086">
     <span class='ocr_line' id='line_1_9' title="bbox 399 1011 2098 1086; baseline -0.004 -14"><span class='ocrx_word' id='word_1_53' title='bbox 399 1016 636 1072; x_wconf 90' lang='lat' dir='ltr'><strong>minime</strong></span> <span class='ocrx_word' id='word_1_54' title='bbox 666 1014 839 1086; x_wconf 86' lang='lat' dir='ltr'><strong>passi,</strong></span> <span class='ocrx_word' id='word_1_55' title='bbox 863 1029 1046 1067; x_wconf 91' lang='lat' dir='ltr'><strong>unum</strong></span> <span class='ocrx_word' id='word_1_56' title='bbox 1069 1012 1153 1066; x_wconf 92' lang='lat' dir='ltr'><strong>illi</strong></span> <span class='ocrx_word' id='word_1_57' title='bbox 1184 1012 1477 1083; x_wconf 81' lang='lat' dir='ltr'><strong>exemplar</strong></span> <span class='ocrx_word' id='word_1_58' title='bbox 1507 1012 1931 1078; x_wconf 86' lang='lat' dir='ltr'><strong>subtraxerunt,</strong></span> <span class='ocrx_word' id='word_1_59' title='bbox 1953 1011 2098 1065; x_wconf 89' lang='lat' dir='ltr'><strong>libro</strong></span> 
     </span>
    </p>
   </div>
   <div class='ocr_carea' id='block_1_10' title="bbox 399 1100 2099 1169">
    <p class='ocr_par' dir='ltr' id='par_1_10' title="bbox 399 1100 2099 1169">
     <span class='ocr_line' id='line_1_10' title="bbox 399 1100 2099 1169; baseline -0.005 -8"><span class='ocrx_word' id='word_1_60' title='bbox 399 1104 740 1161; x_wconf 90' lang='lat' dir='ltr'><strong>duodecimo</strong></span> <span class='ocrx_word' id='word_1_61' title='bbox 761 1103 1021 1157; x_wconf 93' lang='lat' dir='ltr'><strong>nondum</strong></span> <span class='ocrx_word' id='word_1_62' title='bbox 1049 1101 1334 1169; x_wconf 90' lang='lat' dir='ltr'><strong>absoluto,</strong></span> <span class='ocrx_word' id='word_1_63' title='bbox 1355 1105 1412 1155; x_wconf 92' lang='lat' dir='ltr'><strong>et</strong></span> <span class='ocrx_word' id='word_1_64' title='bbox 1432 1100 1558 1155; x_wconf 90' lang='lat' dir='ltr'><strong>aliis</strong></span> <span class='ocrx_word' id='word_1_65' title='bbox 1574 1100 1765 1155; x_wconf 90' lang='lat' dir='ltr'><strong>minus</strong></span> <span class='ocrx_word' id='word_1_66' title='bbox 1784 1100 2099 1155; x_wconf 88' lang='lat' dir='ltr'><strong>emendatis</strong></span> 
     </span>
    </p>
   </div>
   <div class='ocr_carea' id='block_1_11' title="bbox 397 1189 2097 1265">
    <p class='ocr_par' dir='ltr' id='par_1_11' title="bbox 397 1189 2097 1265">
     <span class='ocr_line' id='line_1_11' title="bbox 397 1189 2097 1265; baseline -0.004 -15"><span class='ocrx_word' id='word_1_67' title='bbox 397 1199 454 1250; x_wconf 88' lang='lat' dir='ltr'><strong>et</strong></span> <span class='ocrx_word' id='word_1_68' title='bbox 480 1192 807 1265; x_wconf 79' lang='lat' dir='ltr'><strong>recognitis,</strong></span> <span class='ocrx_word' id='word_1_69' title='bbox 839 1208 1013 1263; x_wconf 90' lang='lat' dir='ltr'><strong>quam</strong></span> <span class='ocrx_word' id='word_1_70' title='bbox 1042 1207 1137 1246; x_wconf 91' lang='lat' dir='ltr'><strong>eos</strong></span> <span class='ocrx_word' id='word_1_71' title='bbox 1166 1190 1423 1245; x_wconf 90' lang='lat' dir='ltr'><strong>editurus</strong></span> <span class='ocrx_word' id='word_1_72' title='bbox 1454 1206 1576 1244; x_wconf 89' lang='lat' dir='ltr'><strong>esse</strong></span> <span class='ocrx_word' id='word_1_73' title='bbox 1615 1189 1901 1244; x_wconf 91' lang='lat' dir='ltr'><strong>voluisset.</strong></span> <span class='ocrx_word' id='word_1_74' title='bbox 1934 1189 2097 1253; x_wconf 87' lang='lat' dir='ltr'><strong>Quod</strong></span> 
     </span>
    </p>
   </div>
   <div class='ocr_carea' id='block_1_12' title="bbox 397 1278 2098 1351">
    <p class='ocr_par' dir='ltr' id='par_1_12' title="bbox 397 1278 2098 1351">
     <span class='ocr_line' id='line_1_12' title="bbox 397 1278 2098 1351; baseline -0.003 -15"><span class='ocrx_word' id='word_1_75' title='bbox 397 1281 498 1336; x_wconf 89' lang='lat' dir='ltr'><strong>ubi</strong></span> <span class='ocrx_word' id='word_1_76' title='bbox 518 1280 814 1351; x_wconf 90' lang='lat' dir='ltr'><strong>comperit,</strong></span> <span class='ocrx_word' id='word_1_77' title='bbox 840 1283 1116 1335; x_wconf 88' lang='lat' dir='ltr'><strong>statuerat</strong></span> <span class='ocrx_word' id='word_1_78' title='bbox 1132 1295 1247 1346; x_wconf 89' lang='lat' dir='ltr'><strong>eos,</strong></span> <span class='ocrx_word' id='word_1_79' title='bbox 1272 1279 1466 1333; x_wconf 88' lang='lat' dir='ltr'><strong>labore</strong></span> <span class='ocrx_word' id='word_1_80' title='bbox 1485 1294 1587 1333; x_wconf 90' lang='lat' dir='ltr'><strong>suo</strong></span> <span class='ocrx_word' id='word_1_81' title='bbox 1610 1278 1953 1345; x_wconf 89' lang='lat' dir='ltr'><strong>intermisso,</strong></span> <span class='ocrx_word' id='word_1_82' title='bbox 1978 1294 2098 1332; x_wconf 93' lang='lat' dir='ltr'><strong>non</strong></span> 
     </span>
    </p>
   </div>
   <div class='ocr_carea' id='block_1_13' title="bbox 398 1366 2097 1440">
    <p class='ocr_par' dir='ltr' id='par_1_13' title="bbox 398 1366 2097 1440">
     <span class='ocr_line' id='line_1_13' title="bbox 398 1366 2097 1440; baseline -0.002 -15"><span class='ocrx_word' id='word_1_83' title='bbox 398 1370 586 1437; x_wconf 89' lang='lat' dir='ltr'><strong>edere,</strong></span> <span class='ocrx_word' id='word_1_84' title='bbox 614 1370 711 1424; x_wconf 90' lang='lat' dir='ltr'><strong>sed</strong></span> <span class='ocrx_word' id='word_1_85' title='bbox 731 1369 792 1423; x_wconf 92' lang='lat' dir='ltr'><strong>in</strong></span> <span class='ocrx_word' id='word_1_86' title='bbox 822 1369 934 1423; x_wconf 90' lang='lat' dir='ltr'><strong>alio</strong></span> <span class='ocrx_word' id='word_1_87' title='bbox 966 1368 1215 1440; x_wconf 89' lang='lat' dir='ltr'><strong>quodam</strong></span> <span class='ocrx_word' id='word_1_88' title='bbox 1237 1367 1508 1438; x_wconf 86' lang='lat' dir='ltr'><strong>opusculo</strong></span> <span class='ocrx_word' id='word_1_89' title='bbox 1530 1367 1597 1422; x_wconf 92' lang='lat' dir='ltr'><strong>de</strong></span> <span class='ocrx_word' id='word_1_90' title='bbox 1627 1367 1780 1421; x_wconf 90' lang='lat' dir='ltr'><strong>hisce</strong></span> <span class='ocrx_word' id='word_1_91' title='bbox 1802 1366 1960 1421; x_wconf 88' lang='lat' dir='ltr'><strong>libris</strong></span> <span class='ocrx_word' id='word_1_92' title='bbox 1989 1367 2097 1422; x_wconf 86' lang='lat' dir='ltr'><strong>sibi</strong></span> 
     </span>
    </p>
   </div>
   <div class='ocr_carea' id='block_1_14' title="bbox 397 1455 2099 1529">
    <p class='ocr_par' dir='ltr' id='par_1_14' title="bbox 397 1455 2099 1529">
     <span class='ocr_line' id='line_1_14' title="bbox 397 1455 2099 1529; baseline -0.002 -17"><span class='ocrx_word' id='word_1_93' title='bbox 397 1458 683 1529; x_wconf 88' lang='lat' dir='ltr'><strong>subreptis</strong></span> <span class='ocrx_word' id='word_1_94' title='bbox 712 1457 988 1529; x_wconf 88' lang='lat' dir='ltr'><strong>conqueri</strong></span> <span class='ocrx_word' id='word_1_95' title='bbox 1012 1473 1026 1511; x_wconf 89' lang='lat'><strong>:</strong></span> <span class='ocrx_word' id='word_1_96' title='bbox 1047 1473 1247 1511; x_wconf 88' lang='lat' dir='ltr'><strong>verum</strong></span> <span class='ocrx_word' id='word_1_97' title='bbox 1270 1455 1686 1511; x_wconf 90' lang='lat' dir='ltr'><strong>ardentissimis</strong></span> <span class='ocrx_word' id='word_1_98' title='bbox 1707 1455 1948 1510; x_wconf 86' lang='lat' dir='ltr'><strong>fratrum</strong></span> <span class='ocrx_word' id='word_1_99' title='bbox 1974 1471 2099 1524; x_wconf 81' lang='lat' dir='ltr'><strong>pre-</strong></span> 
     </span>
    </p>
   </div>
   <div class='ocr_carea' id='block_1_15' title="bbox 397 1543 2097 1617">
    <p class='ocr_par' dir='ltr' id='par_1_15' title="bbox 397 1543 2097 1617">
     <span class='ocr_line' id='line_1_15' title="bbox 397 1543 2097 1617; baseline -0.003 -15"><span class='ocrx_word' id='word_1_100' title='bbox 397 1547 574 1613; x_wconf 85' lang='lat' dir='ltr'><strong>cibus,</strong></span> <span class='ocrx_word' id='word_1_101' title='bbox 622 1551 677 1601; x_wconf 91' lang='lat' dir='ltr'><strong>et</strong></span> <span class='ocrx_word' id='word_1_102' title='bbox 720 1545 779 1600; x_wconf 90' lang='lat' dir='ltr'><strong>in</strong></span> <span class='ocrx_word' id='word_1_103' title='bbox 825 1545 1029 1617; x_wconf 84' lang='lat' dir='ltr'><strong>primis</strong></span> <span class='ocrx_word' id='word_1_104' title='bbox 1074 1545 1293 1600; x_wconf 84' lang='lat' dir='ltr'><strong>Aurelii</strong></span> <span class='ocrx_word' id='word_1_105' title='bbox 1338 1543 1801 1616; x_wconf 87' lang='lat' dir='ltr'><strong>Carthaginensis</strong></span> <span class='ocrx_word' id='word_1_106' title='bbox 1837 1543 2097 1598; x_wconf 68' lang='lat' dir='ltr'><strong>Ecclesiae</strong></span> 
     </span>
    </p>
   </div>
   <div class='ocr_carea' id='block_1_16' title="bbox 398 1632 2095 1707">
    <p class='ocr_par' dir='ltr' id='par_1_16' title="bbox 398 1632 2095 1707">
     <span class='ocr_line' id='line_1_16' title="bbox 398 1632 2095 1707; baseline -0.003 -16"><span class='ocrx_word' id='word_1_107' title='bbox 398 1635 652 1707; x_wconf 87' lang='lat' dir='ltr'><strong>episcopi</strong></span> <span class='ocrx_word' id='word_1_108' title='bbox 666 1634 839 1706; x_wconf 88' lang='lat' dir='ltr'><strong>jussis</strong></span> <span class='ocrx_word' id='word_1_109' title='bbox 856 1633 1123 1690; x_wconf 89' lang='lat' dir='ltr'><strong>reluctari</strong></span> <span class='ocrx_word' id='word_1_110' title='bbox 1144 1651 1260 1689; x_wconf 89' lang='lat' dir='ltr'><strong>non</strong></span> <span class='ocrx_word' id='word_1_111' title='bbox 1284 1633 1480 1689; x_wconf 87' lang='lat' dir='ltr'><strong>valuit.</strong></span> <span class='ocrx_word' id='word_1_112' title='bbox 1512 1634 1708 1705; x_wconf 88' lang='lat' dir='ltr'><strong>Itaque</strong></span> <span class='ocrx_word' id='word_1_113' title='bbox 1727 1632 1879 1704; x_wconf 88' lang='lat' dir='ltr'><strong>quod</strong></span> <span class='ocrx_word' id='word_1_114' title='bbox 1899 1648 2095 1703; x_wconf 89' lang='lat' dir='ltr'><strong>super-</strong></span> 
     </span>
    </p>
   </div>
   <div class='ocr_carea' id='block_1_17' title="bbox 400 1721 2095 1802">
    <p class='ocr_par' dir='ltr' id='par_1_17' title="bbox 400 1721 2095 1802">
     <span class='ocr_line' id='line_1_17' title="bbox 400 1721 2095 1802; baseline -0.002 -23"><span class='ocrx_word' id='word_1_115' title='bbox 400 1729 522 1780; x_wconf 88' lang='lat' dir='ltr'><strong>erat</strong></span> <span class='ocrx_word' id='word_1_116' title='bbox 550 1724 619 1778; x_wconf 91' lang='lat' dir='ltr'><strong>ad</strong></span> <span class='ocrx_word' id='word_1_117' title='bbox 657 1721 993 1778; x_wconf 87' lang='lat' dir='ltr'><strong>coronidem</strong></span> <span class='ocrx_word' id='word_1_118' title='bbox 1021 1722 1302 1802; x_wconf 71' lang='lat' dir='ltr'><strong>perduxit,</strong></span> <span class='ocrx_word' id='word_1_119' title='bbox 1348 1726 1404 1776; x_wconf 86' lang='lat' dir='ltr'><strong>et</strong></span> <span class='ocrx_word' id='word_1_120' title='bbox 1444 1721 1663 1792; x_wconf 85' lang='lat' dir='ltr'><strong>priores</strong></span> <span class='ocrx_word' id='word_1_121' title='bbox 1691 1721 1868 1777; x_wconf 91' lang='lat' dir='ltr'><strong>libros</strong></span> <span class='ocrx_word' id='word_1_122' title='bbox 1899 1737 2095 1776; x_wconf 89' lang='lat' dir='ltr'><strong>emen-</strong></span> 
     </span>
    </p>
   </div>
   <div class='ocr_carea' id='block_1_18' title="bbox 399 1810 2098 1881">
    <p class='ocr_par' dir='ltr' id='par_1_18' title="bbox 399 1810 2098 1881">
     <span class='ocr_line' id='line_1_18' title="bbox 399 1810 2098 1881; baseline -0.002 -12"><span class='ocrx_word' id='word_1_123' title='bbox 399 1813 586 1881; x_wconf 84' lang='lat' dir='ltr'><strong>davit;</strong></span> <span class='ocrx_word' id='word_1_124' title='bbox 610 1827 727 1867; x_wconf 92' lang='lat' dir='ltr'><strong>non</strong></span> <span class='ocrx_word' id='word_1_125' title='bbox 755 1816 950 1867; x_wconf 88' lang='lat' dir='ltr'><strong>tamen</strong></span> <span class='ocrx_word' id='word_1_126' title='bbox 979 1815 1043 1866; x_wconf 91' lang='lat' dir='ltr'><strong>ut</strong></span> <span class='ocrx_word' id='word_1_127' title='bbox 1063 1811 1133 1865; x_wconf 91' lang='lat' dir='ltr'><strong>ad</strong></span> <span class='ocrx_word' id='word_1_128' title='bbox 1162 1827 1251 1865; x_wconf 91' lang='lat' dir='ltr'><strong>res</strong></span> <span class='ocrx_word' id='word_1_129' title='bbox 1275 1811 1416 1866; x_wconf 89' lang='lat' dir='ltr'><strong>adeo</strong></span> <span class='ocrx_word' id='word_1_130' title='bbox 1439 1810 1695 1865; x_wconf 84' lang='lat' dir='ltr'><strong>difﬁciles</strong></span> <span class='ocrx_word' id='word_1_131' title='bbox 1716 1811 2098 1881; x_wconf 84' lang='lat' dir='ltr'><strong>explanandas</strong></span> 
     </span>
    </p>
   </div>
   <div class='ocr_carea' id='block_1_19' title="bbox 398 1898 2099 1971">
    <p class='ocr_par' dir='ltr' id='par_1_19' title="bbox 398 1898 2099 1971">
     <span class='ocr_line' id='line_1_19' title="bbox 398 1898 2099 1971; baseline -0.001 -16"><span class='ocrx_word' id='word_1_132' title='bbox 398 1906 455 1956; x_wconf 88' lang='lat' dir='ltr'><strong>et</strong></span> <span class='ocrx_word' id='word_1_133' title='bbox 482 1900 851 1955; x_wconf 89' lang='lat' dir='ltr'><strong>illustraudas</strong></span> <span class='ocrx_word' id='word_1_134' title='bbox 877 1899 1266 1955; x_wconf 87' lang='lat' dir='ltr'><strong>necessarium</strong></span> <span class='ocrx_word' id='word_1_135' title='bbox 1296 1915 1416 1954; x_wconf 89' lang='lat' dir='ltr'><strong>esse</strong></span> <span class='ocrx_word' id='word_1_136' title='bbox 1448 1898 1735 1969; x_wconf 87' lang='lat' dir='ltr'><strong>censebat,</strong></span> <span class='ocrx_word' id='word_1_137' title='bbox 1772 1899 1871 1954; x_wconf 88' lang='lat' dir='ltr'><strong>sed</strong></span> <span class='ocrx_word' id='word_1_138' title='bbox 1899 1902 1964 1954; x_wconf 92' lang='lat' dir='ltr'><strong>ut</strong></span> <span class='ocrx_word' id='word_1_139' title='bbox 1989 1916 2099 1971; x_wconf 87' lang='lat' dir='ltr'><strong>po-</strong></span> 
     </span>
    </p>
   </div>
   <div class='ocr_carea' id='block_1_20' title="bbox 396 1987 2098 2061">
    <p class='ocr_par' dir='ltr' id='par_1_20' title="bbox 396 1987 2098 2061">
     <span class='ocr_line' id='line_1_20' title="bbox 396 1987 2098 2061; baseline -0.002 -15"><span class='ocrx_word' id='word_1_140' title='bbox 396 1991 530 2053; x_wconf 90' lang='lat' dir='ltr'><strong>tuit,</strong></span> <span class='ocrx_word' id='word_1_141' title='bbox 562 2006 797 2061; x_wconf 83' lang='lat' dir='ltr'><strong>operam</strong></span> <span class='ocrx_word' id='word_1_142' title='bbox 827 1989 1103 2045; x_wconf 88' lang='lat' dir='ltr'><strong>adhibens</strong></span> <span class='ocrx_word' id='word_1_143' title='bbox 1124 2006 1195 2043; x_wconf 90' lang='lat' dir='ltr'><strong>ne</strong></span> <span class='ocrx_word' id='word_1_144' title='bbox 1218 1989 1402 2054; x_wconf 90' lang='lat' dir='ltr'><strong>abiis,</strong></span> <span class='ocrx_word' id='word_1_145' title='bbox 1440 1989 1540 2060; x_wconf 89' lang='lat' dir='ltr'><strong>qui</strong></span> <span class='ocrx_word' id='word_1_146' title='bbox 1568 1988 1693 2059; x_wconf 89' lang='lat' dir='ltr'><strong>ipso</strong></span> <span class='ocrx_word' id='word_1_147' title='bbox 1722 1987 1901 2043; x_wconf 90' lang='lat' dir='ltr'><strong>invito</strong></span> <span class='ocrx_word' id='word_1_148' title='bbox 1929 1989 2098 2059; x_wconf 89' lang='lat' dir='ltr'><strong>prod-</strong></span> 
     </span>
    </p>
   </div>
   <div class='ocr_carea' id='block_1_21' title="bbox 396 2075 2093 2148">
    <p class='ocr_par' dir='ltr' id='par_1_21' title="bbox 396 2075 2093 2148">
     <span class='ocr_line' id='line_1_21' title="bbox 396 2075 2093 2148; baseline -0.002 -15"><span class='ocrx_word' id='word_1_149' title='bbox 396 2079 603 2148; x_wconf 88' lang='lat' dir='ltr'><strong>ierant,</strong></span> <span class='ocrx_word' id='word_1_150' title='bbox 619 2079 865 2132; x_wconf 92' lang='lat' dir='ltr'><strong>multum</strong></span> <span class='ocrx_word' id='word_1_151' title='bbox 878 2077 1266 2148; x_wconf 82' lang='lat' dir='ltr'><strong>discreparent</strong></span> <span class='ocrx_word' id='word_1_152' title='bbox 1279 2078 1532 2148; x_wconf 82' lang='lat' dir='ltr'><strong>(Retract.</strong></span> <span class='ocrx_word' id='word_1_153' title='bbox 1550 2076 1640 2130; x_wconf 85' lang='lat' dir='ltr'><strong>lib.</strong></span> <span class='ocrx_word' id='word_1_154' title='bbox 1658 2080 1712 2143; x_wconf 94' lang='lat'><strong>2,</strong></span> <span class='ocrx_word' id='word_1_155' title='bbox 1727 2092 1848 2146; x_wconf 87' lang='lat' dir='ltr'><strong>cap.</strong></span> <span class='ocrx_word' id='word_1_156' title='bbox 1863 2078 2004 2143; x_wconf 82' lang='lat' dir='ltr'><strong>15,n.</strong></span> <span class='ocrx_word' id='word_1_157' title='bbox 2028 2075 2093 2145; x_wconf 98' lang='grc'><strong>1).</strong></span> 
     </span>
    </p>
   </div>
   <div class='ocr_carea' id='block_1_22' title="bbox 397 2165 2098 2239">
    <p class='ocr_par' dir='ltr' id='par_1_22' title="bbox 397 2165 2098 2239">
     <span class='ocr_line' id='line_1_22' title="bbox 397 2165 2098 2239; baseline -0.004 -14"><span class='ocrx_word' id='word_1_158' title='bbox 397 2171 505 2225; x_wconf 87' lang='lat' dir='ltr'><strong>Eos</strong></span> <span class='ocrx_word' id='word_1_159' title='bbox 535 2169 778 2224; x_wconf 86' lang='lat' dir='ltr'><strong>subinde</strong></span> <span class='ocrx_word' id='word_1_160' title='bbox 806 2184 912 2239; x_wconf 93' lang='lat' dir='ltr'><strong>per</strong></span> <span class='ocrx_word' id='word_1_161' title='bbox 949 2168 1254 2222; x_wconf 86' lang='lat' dir='ltr'><strong>diaconum</strong></span> <span class='ocrx_word' id='word_1_162' title='bbox 1286 2166 1591 2237; x_wconf 85' lang='lat' dir='ltr'><strong>quemdam</strong></span> <span class='ocrx_word' id='word_1_163' title='bbox 1624 2166 1780 2221; x_wconf 87' lang='lat' dir='ltr'><strong>misit</strong></span> <span class='ocrx_word' id='word_1_164' title='bbox 1815 2165 1888 2219; x_wconf 91' lang='lat' dir='ltr'><strong>ad</strong></span> <span class='ocrx_word' id='word_1_165' title='bbox 1924 2169 2098 2220; x_wconf 89' lang='lat' dir='ltr'><strong>Aure-</strong></span> 
     </span>
    </p>
   </div>
   <div class='ocr_carea' id='block_1_23' title="bbox 396 2254 2095 2327">
    <p class='ocr_par' dir='ltr' id='par_1_23' title="bbox 396 2254 2095 2327">
     <span class='ocr_line' id='line_1_23' title="bbox 396 2254 2095 2327; baseline -0.003 -14"><span class='ocrx_word' id='word_1_166' title='bbox 396 2259 540 2314; x_wconf 92' lang='lat' dir='ltr'><strong>lium</strong></span> <span class='ocrx_word' id='word_1_167' title='bbox 590 2256 1100 2327; x_wconf 87' lang='lat' dir='ltr'><strong>Carthaginensem</strong></span> <span class='ocrx_word' id='word_1_168' title='bbox 1132 2272 1246 2309; x_wconf 89' lang='lat' dir='ltr'><strong>una</strong></span> <span class='ocrx_word' id='word_1_169' title='bbox 1282 2271 1412 2309; x_wconf 91' lang='lat' dir='ltr'><strong>cum</strong></span> <span class='ocrx_word' id='word_1_170' title='bbox 1464 2254 1704 2325; x_wconf 86' lang='lat' dir='ltr'><strong>epistola</strong></span> <span class='ocrx_word' id='word_1_171' title='bbox 1740 2254 1940 2326; x_wconf 80' lang='lat' dir='ltr'><strong>(Epist.</strong></span> <span class='ocrx_word' id='word_1_172' title='bbox 1977 2255 2095 2324; x_wconf 79' lang='grc'>174)</span> 
     </span>
    </p>
   </div>
   <div class='ocr_carea' id='block_1_24' title="bbox 396 2343 2097 2420">
    <p class='ocr_par' dir='ltr' id='par_1_24' title="bbox 396 2343 2097 2420">
     <span class='ocr_line' id='line_1_24' title="bbox 396 2343 2097 2420; baseline -0.002 -18"><span class='ocrx_word' id='word_1_173' title='bbox 396 2364 572 2420; x_wconf 89' lang='lat' dir='ltr'><strong>quam</strong></span> <span class='ocrx_word' id='word_1_174' title='bbox 599 2346 661 2401; x_wconf 93' lang='lat' dir='ltr'><strong>in</strong></span> <span class='ocrx_word' id='word_1_175' title='bbox 688 2348 877 2401; x_wconf 89' lang='lat' dir='ltr'><strong>fronte</strong></span> <span class='ocrx_word' id='word_1_176' title='bbox 906 2347 1187 2400; x_wconf 89' lang='lat' dir='ltr'><strong>librorum</strong></span> <span class='ocrx_word' id='word_1_177' title='bbox 1212 2343 1437 2415; x_wconf 68' lang='lat' dir='ltr'><strong>praeﬁgi</strong></span> <span class='ocrx_word' id='word_1_178' title='bbox 1465 2345 1723 2414; x_wconf 85' lang='lat' dir='ltr'><strong>rogabat,</strong></span> <span class='ocrx_word' id='word_1_179' title='bbox 1755 2348 1819 2399; x_wconf 91' lang='lat' dir='ltr'><strong>ut</strong></span> <span class='ocrx_word' id='word_1_180' title='bbox 1841 2347 1988 2399; x_wconf 88' lang='lat' dir='ltr'><strong>esset</strong></span> <span class='ocrx_word' id='word_1_181' title='bbox 2014 2347 2097 2398; x_wconf 88' lang='lat' dir='ltr'><strong>in-</strong></span> 
     </span>
    </p>
   </div>
   <div class='ocr_carea' id='block_1_25' title="bbox 397 2432 2098 2506">
    <p class='ocr_par' dir='ltr' id='par_1_25' title="bbox 397 2432 2098 2506">
     <span class='ocr_line' id='line_1_25' title="bbox 397 2432 2098 2506; baseline -0.001 -16"><span class='ocrx_word' id='word_1_182' title='bbox 397 2442 516 2491; x_wconf 89' lang='lat' dir='ltr'><strong>star</strong></span> <span class='ocrx_word' id='word_1_183' title='bbox 532 2434 827 2506; x_wconf 73' lang='lat' dir='ltr'><strong>procemii:</strong></span> <span class='ocrx_word' id='word_1_184' title='bbox 843 2439 1151 2506; x_wconf 88' lang='lat' dir='ltr'><strong>propterea</strong></span> <span class='ocrx_word' id='word_1_185' title='bbox 1161 2433 1317 2504; x_wconf 92' lang='lat' dir='ltr'><strong>quod</strong></span> <span class='ocrx_word' id='word_1_186' title='bbox 1338 2434 1442 2486; x_wconf 89' lang='lat' dir='ltr'><strong>hac</strong></span> <span class='ocrx_word' id='word_1_187' title='bbox 1458 2432 1516 2486; x_wconf 93' lang='lat' dir='ltr'><strong>in</strong></span> <span class='ocrx_word' id='word_1_188' title='bbox 1540 2432 1800 2503; x_wconf 88' lang='lat' dir='ltr'><strong>epistola,</strong></span> <span class='ocrx_word' id='word_1_189' title='bbox 1817 2449 1946 2506; x_wconf 66' lang='lat' dir='ltr'><strong>quas</strong></span> <span class='ocrx_word' id='word_1_190' title='bbox 1966 2449 2098 2488; x_wconf 85' lang='lat' dir='ltr'><strong>mox</strong></span> 
     </span>
    </p>
   </div>
   <div class='ocr_carea' id='block_1_26' title="bbox 396 2521 2096 2593">
    <p class='ocr_par' dir='ltr' id='par_1_26' title="bbox 396 2521 2096 2593">
     <span class='ocr_line' id='line_1_26' title="bbox 396 2521 2096 2593; baseline -0.002 -13"><span class='ocrx_word' id='word_1_191' title='bbox 396 2524 699 2581; x_wconf 86' lang='lat' dir='ltr'><strong>retulimus</strong></span> <span class='ocrx_word' id='word_1_192' title='bbox 730 2523 1059 2580; x_wconf 85' lang='lat' dir='ltr'><strong>adnotabat.</strong></span> <span class='ocrx_word' id='word_1_193' title='bbox 1083 2523 1147 2576; x_wconf 92' lang='lat' dir='ltr'><strong>In</strong></span> <span class='ocrx_word' id='word_1_194' title='bbox 1176 2522 1428 2593; x_wconf 90' lang='lat' dir='ltr'><strong>quadam</strong></span> <span class='ocrx_word' id='word_1_195' title='bbox 1458 2521 1530 2575; x_wconf 90' lang='lat' dir='ltr'><strong>ad</strong></span> <span class='ocrx_word' id='word_1_196' title='bbox 1554 2521 1829 2576; x_wconf 82' lang='lat' dir='ltr'><strong>Evodium</strong></span> <span class='ocrx_word' id='word_1_197' title='bbox 1859 2522 2096 2593; x_wconf 88' lang='lat' dir='ltr'><strong>epistola</strong></span> 
     </span>
    </p>
   </div>
   <div class='ocr_carea' id='block_1_27' title="bbox 399 2609 2091 2681">
    <p class='ocr_par' dir='ltr' id='par_1_27' title="bbox 399 2609 2091 2681">
     <span class='ocr_line' id='line_1_27' title="bbox 399 2609 2091 2681; baseline -0.002 -13"><span class='ocrx_word' id='word_1_198' title='bbox 399 2613 617 2676; x_wconf 85' lang='lat' dir='ltr'><strong>scribit,</strong></span> <span class='ocrx_word' id='word_1_199' title='bbox 638 2628 695 2667; x_wconf 90' lang='lat' dir='ltr'><strong>se</strong></span> <span class='ocrx_word' id='word_1_200' title='bbox 717 2612 972 2666; x_wconf 90' lang='lat' dir='ltr'><strong>nondum</strong></span> <span class='ocrx_word' id='word_1_201' title='bbox 995 2611 1102 2665; x_wconf 86' lang='lat' dir='ltr'><strong>hoc</strong></span> <span class='ocrx_word' id='word_1_202' title='bbox 1126 2626 1272 2680; x_wconf 92' lang='lat' dir='ltr'><strong>opus</strong></span> <span class='ocrx_word' id='word_1_203' title='bbox 1294 2609 1535 2665; x_wconf 89' lang='lat' dir='ltr'><strong>edidisse</strong></span> <span class='ocrx_word' id='word_1_204' title='bbox 1563 2610 1757 2681; x_wconf 80' lang='lat' dir='ltr'><strong>(Epist.</strong></span> <span class='ocrx_word' id='word_1_205' title='bbox 1785 2613 1907 2678; x_wconf 84' lang='grc'>162,</span> <span class='ocrx_word' id='word_1_206' title='bbox 1927 2627 1981 2664; x_wconf 88' lang='lat' dir='ltr'><strong>n.</strong></span> <span class='ocrx_word' id='word_1_207' title='bbox 2004 2612 2091 2680; x_wconf 87' lang='lat'><strong>2);</strong></span> 
     </span>
    </p>
   </div>
   <div class='ocr_carea' id='block_1_28' title="bbox 397 2699 2093 2774">
    <p class='ocr_par' dir='ltr' id='par_1_28' title="bbox 397 2699 2093 2774">
     <span class='ocr_line' id='line_1_28' title="bbox 397 2699 2093 2774; baseline -0.002 -17"><span class='ocrx_word' id='word_1_208' title='bbox 397 2702 536 2758; x_wconf 87' lang='lat' dir='ltr'><strong>etin</strong></span> <span class='ocrx_word' id='word_1_209' title='bbox 566 2701 805 2774; x_wconf 87' lang='lat' dir='ltr'><strong>epistola</strong></span> <span class='ocrx_word' id='word_1_210' title='bbox 833 2700 905 2755; x_wconf 89' lang='lat' dir='ltr'><strong>ad</strong></span> <span class='ocrx_word' id='word_1_211' title='bbox 935 2699 1205 2755; x_wconf 90' lang='lat' dir='ltr'><strong>eumdem</strong></span> <span class='ocrx_word' id='word_1_212' title='bbox 1237 2700 1434 2767; x_wconf 90' lang='lat' dir='ltr'><strong>altera,</strong></span> <span class='ocrx_word' id='word_1_213' title='bbox 1468 2714 1598 2770; x_wconf 81' lang='lat' dir='ltr'><strong>quae</strong></span> <span class='ocrx_word' id='word_1_214' title='bbox 1638 2699 1824 2754; x_wconf 85' lang='lat' dir='ltr'><strong>solum</strong></span> <span class='ocrx_word' id='word_1_215' title='bbox 1854 2704 2093 2753; x_wconf 83' lang='lat' dir='ltr'><strong>exeunte</strong></span> 
     </span>
    </p>
   </div>
   <div class='ocr_carea' id='block_1_29' title="bbox 396 2788 2090 2862">
    <p class='ocr_par' dir='ltr' id='par_1_29' title="bbox 396 2788 2090 2862">
     <span class='ocr_line' id='line_1_29' title="bbox 396 2788 2090 2862; baseline -0.002 -16"><span class='ocrx_word' id='word_1_216' title='bbox 396 2807 548 2846; x_wconf 91' lang='lat' dir='ltr'><strong>anno</strong></span> <span class='ocrx_word' id='word_1_217' title='bbox 577 2788 1141 2862; x_wconf 86' lang='lat' dir='ltr'><strong>quadringentesimo</strong></span> <span class='ocrx_word' id='word_1_218' title='bbox 1163 2788 1382 2843; x_wconf 88' lang='lat' dir='ltr'><strong>decimo</strong></span> <span class='ocrx_word' id='word_1_219' title='bbox 1406 2788 1608 2859; x_wconf 90' lang='lat' dir='ltr'><strong>quinto</strong></span> <span class='ocrx_word' id='word_1_220' title='bbox 1638 2788 1958 2859; x_wconf 89' lang='lat' dir='ltr'><strong>conscripta</strong></span> <span class='ocrx_word' id='word_1_221' title='bbox 1987 2793 2090 2855; x_wconf 86' lang='lat' dir='ltr'><strong>est,</strong></span> 
     </span>
    </p>
   </div>
   <div class='ocr_carea' id='block_1_30' title="bbox 396 2877 2091 2948">
    <p class='ocr_par' dir='ltr' id='par_1_30' title="bbox 396 2877 2091 2948">
     <span class='ocr_line' id='line_1_30' title="bbox 396 2877 2091 2948; baseline -0.001 -15"><span class='ocrx_word' id='word_1_222' title='bbox 396 2896 455 2934; x_wconf 90' lang='lat' dir='ltr'><strong>se</strong></span> <span class='ocrx_word' id='word_1_223' title='bbox 484 2879 745 2935; x_wconf 90' lang='lat' dir='ltr'><strong>nondum</strong></span> <span class='ocrx_word' id='word_1_224' title='bbox 774 2877 917 2932; x_wconf 91' lang='lat' dir='ltr'><strong>illud</strong></span> <span class='ocrx_word' id='word_1_225' title='bbox 944 2877 1247 2948; x_wconf 88' lang='lat' dir='ltr'><strong>perfecisse</strong></span> <span class='ocrx_word' id='word_1_226' title='bbox 1281 2882 1519 2932; x_wconf 87' lang='lat' dir='ltr'><strong>testatur</strong></span> <span class='ocrx_word' id='word_1_227' title='bbox 1551 2877 1749 2947; x_wconf 90' lang='lat' dir='ltr'><strong>(Epist.</strong></span> <span class='ocrx_word' id='word_1_228' title='bbox 1797 2881 1919 2946; x_wconf 83' lang='grc'>169,</span> <span class='ocrx_word' id='word_1_229' title='bbox 1959 2893 2006 2932; x_wconf 91' lang='lat' dir='ltr'><strong>c.</strong></span> <span class='ocrx_word' id='word_1_230' title='bbox 2042 2881 2091 2945; x_wconf 87' lang='lat' dir='ltr'><strong>l,</strong></span> 
     </span>
    </p>
   </div>
   <div class='ocr_carea' id='block_1_31' title="bbox 392 2965 2094 3040">
    <p class='ocr_par' dir='ltr' id='par_1_31' title="bbox 392 2965 2094 3040">
     <span class='ocr_line' id='line_1_31' title="bbox 392 2965 2094 3040; baseline -0.002 -16"><span class='ocrx_word' id='word_1_231' title='bbox 392 2984 450 3024; x_wconf 89' lang='lat' dir='ltr'><strong>n.</strong></span> <span class='ocrx_word' id='word_1_232' title='bbox 472 2970 537 3040; x_wconf 88' lang='grc'><strong>1),</strong></span> <span class='ocrx_word' id='word_1_233' title='bbox 553 2967 943 3040; x_wconf 86' lang='lat' dir='ltr'><strong>quamvisjam</strong></span> <span class='ocrx_word' id='word_1_234' title='bbox 956 2965 1173 3039; x_wconf 91' lang='lat' dir='ltr'><strong>primos</strong></span> <span class='ocrx_word' id='word_1_235' title='bbox 1187 2966 1441 3039; x_wconf 90' lang='lat' dir='ltr'><strong>quinque</strong></span> <span class='ocrx_word' id='word_1_236' title='bbox 1462 2966 1529 3021; x_wconf 90' lang='lat' dir='ltr'><strong>de</strong></span> <span class='ocrx_word' id='word_1_237' title='bbox 1542 2965 1777 3021; x_wconf 89' lang='lat' dir='ltr'><strong>Civitate</strong></span> <span class='ocrx_word' id='word_1_238' title='bbox 1800 2965 1900 3020; x_wconf 88' lang='lat' dir='ltr'><strong>Dei</strong></span> <span class='ocrx_word' id='word_1_239' title='bbox 1918 2966 2094 3021; x_wconf 92' lang='lat' dir='ltr'><strong>libros</strong></span> 
     </span>
    </p>
   </div>
   <div class='ocr_carea' id='block_1_32' title="bbox 396 3055 2094 3127">
    <p class='ocr_par' dir='ltr' id='par_1_32' title="bbox 396 3055 2094 3127">
     <span class='ocr_line' id='line_1_32' title="bbox 396 3055 2094 3127; baseline -0.001 -16"><span class='ocrx_word' id='word_1_240' title='bbox 396 3058 757 3112; x_wconf 84' lang='lat' dir='ltr'><strong>elaborasset.</strong></span> <span class='ocrx_word' id='word_1_241' title='bbox 784 3058 861 3111; x_wconf 87' lang='lat' dir='ltr'><strong>Ex</strong></span> <span class='ocrx_word' id='word_1_242' title='bbox 880 3056 990 3110; x_wconf 89' lang='lat' dir='ltr'><strong>alia</strong></span> <span class='ocrx_word' id='word_1_243' title='bbox 1011 3072 1180 3127; x_wconf 90' lang='lat' dir='ltr'><strong>porro</strong></span> <span class='ocrx_word' id='word_1_244' title='bbox 1203 3055 1441 3127; x_wconf 86' lang='lat' dir='ltr'><strong>epistola</strong></span> <span class='ocrx_word' id='word_1_245' title='bbox 1460 3056 1564 3109; x_wconf 90' lang='lat' dir='ltr'><strong>sub</strong></span> <span class='ocrx_word' id='word_1_246' title='bbox 1588 3055 1762 3109; x_wconf 80' lang='lat' dir='ltr'><strong>finem</strong></span> <span class='ocrx_word' id='word_1_247' title='bbox 1795 3056 1930 3110; x_wconf 89' lang='lat' dir='ltr'><strong>anni</strong></span> <span class='ocrx_word' id='word_1_248' title='bbox 1960 3072 2094 3126; x_wconf 90' lang='lat' dir='ltr'><strong>qua-</strong></span> 
     </span>
    </p>
   </div>
   <div class='ocr_carea' id='block_1_33' title="bbox 395 3143 2095 3215">
    <p class='ocr_par' dir='ltr' id='par_1_33' title="bbox 395 3143 2095 3215">
     <span class='ocr_line' id='line_1_33' title="bbox 395 3143 2095 3215; baseline 0.001 -16"><span class='ocrx_word' id='word_1_249' title='bbox 395 3145 828 3215; x_wconf 84' lang='lat' dir='ltr'><strong>dringentesimi</strong></span> <span class='ocrx_word' id='word_1_250' title='bbox 866 3143 1188 3199; x_wconf 89' lang='lat' dir='ltr'><strong>duodecimi</strong></span> <span class='ocrx_word' id='word_1_251' title='bbox 1227 3145 1297 3199; x_wconf 90' lang='lat' dir='ltr'><strong>ad</strong></span> <span class='ocrx_word' id='word_1_252' title='bbox 1336 3144 1730 3199; x_wconf 85' lang='lat' dir='ltr'><strong>Marcellinum</strong></span> <span class='ocrx_word' id='word_1_253' title='bbox 1768 3144 1919 3213; x_wconf 89' lang='lat' dir='ltr'><strong>data,</strong></span> <span class='ocrx_word' id='word_1_254' title='bbox 1963 3145 2095 3200; x_wconf 88' lang='lat' dir='ltr'><strong>licet</strong></span> 
     </span>
    </p>
   </div>
   <div class='ocr_carea' id='block_1_34' title="bbox 398 3232 2091 3303">
    <p class='ocr_par' dir='ltr' id='par_1_34' title="bbox 398 3232 2091 3303">
     <span class='ocr_line' id='line_1_34' title="bbox 398 3232 2091 3303; baseline -0.001 -15"><span class='ocrx_word' id='word_1_255' title='bbox 398 3233 741 3303; x_wconf 88' lang='lat' dir='ltr'><strong>intelligere,</strong></span> <span class='ocrx_word' id='word_1_256' title='bbox 764 3232 975 3286; x_wconf 90' lang='lat' dir='ltr'><strong>amicos</strong></span> <span class='ocrx_word' id='word_1_257' title='bbox 1004 3233 1075 3286; x_wconf 92' lang='lat' dir='ltr'><strong>ab</strong></span> <span class='ocrx_word' id='word_1_258' title='bbox 1106 3248 1174 3287; x_wconf 89' lang='lat' dir='ltr'><strong>eo</strong></span> <span class='ocrx_word' id='word_1_259' title='bbox 1203 3232 1511 3303; x_wconf 82' lang='lat' dir='ltr'><strong>flagitasse,</strong></span> <span class='ocrx_word' id='word_1_260' title='bbox 1541 3236 1604 3286; x_wconf 92' lang='lat' dir='ltr'><strong>ut</strong></span> <span class='ocrx_word' id='word_1_261' title='bbox 1631 3233 1735 3287; x_wconf 91' lang='lat' dir='ltr'><strong>hos</strong></span> <span class='ocrx_word' id='word_1_262' title='bbox 1764 3232 1937 3287; x_wconf 89' lang='lat' dir='ltr'><strong>libros</strong></span> <span class='ocrx_word' id='word_1_263' title='bbox 1966 3234 2091 3288; x_wconf 88' lang='lat' dir='ltr'><strong>ede-</strong></span> 
     </span>
    </p>
   </div>
   <div class='ocr_carea' id='block_1_35' title="bbox 392 3320 2089 3393">
    <p class='ocr_par' dir='ltr' id='par_1_35' title="bbox 392 3320 2089 3393">
     <span class='ocr_line' id='line_1_35' title="bbox 392 3320 2089 3393; baseline 0 -16"><span class='ocrx_word' id='word_1_264' title='bbox 392 3327 499 3389; x_wconf 91' lang='lat' dir='ltr'><strong>ret,</strong></span> <span class='ocrx_word' id='word_1_265' title='bbox 523 3338 637 3393; x_wconf 90' lang='lat' dir='ltr'><strong>quo</strong></span> <span class='ocrx_word' id='word_1_266' title='bbox 656 3325 849 3392; x_wconf 87' lang='lat' dir='ltr'><strong>posset</strong></span> <span class='ocrx_word' id='word_1_267' title='bbox 875 3322 1206 3376; x_wconf 91' lang='lat' dir='ltr'><strong>eorumdem</strong></span> <span class='ocrx_word' id='word_1_268' title='bbox 1228 3320 1350 3393; x_wconf 87' lang='lat' dir='ltr'><strong>ipse</strong></span> <span class='ocrx_word' id='word_1_269' title='bbox 1373 3320 1767 3376; x_wconf 88' lang='lat' dir='ltr'><strong>defensionem</strong></span> <span class='ocrx_word' id='word_1_270' title='bbox 1783 3322 2089 3393; x_wconf 88' lang='lat' dir='ltr'><strong>suscipere,</strong></span> 
     </span>
    </p>
   </div>
   <div class='ocr_carea' id='block_1_36' title="bbox 393 3409 2091 3476">
    <p class='ocr_par' dir='ltr' id='par_1_36' title="bbox 393 3409 2091 3476">
     <span class='ocr_line' id='line_1_36' title="bbox 393 3409 2091 3476; baseline 0.001 -11"><span class='ocrx_word' id='word_1_271' title='bbox 393 3412 441 3465; x_wconf 90' lang='lat' dir='ltr'><strong>si</strong></span> <span class='ocrx_word' id='word_1_272' title='bbox 471 3412 556 3467; x_wconf 89' lang='lat' dir='ltr'><strong>vel</strong></span> <span class='ocrx_word' id='word_1_273' title='bbox 579 3411 649 3465; x_wconf 89' lang='lat' dir='ltr'><strong>ab</strong></span> <span class='ocrx_word' id='word_1_274' title='bbox 667 3409 915 3465; x_wconf 90' lang='lat' dir='ltr'><strong>inimicis</strong></span> <span class='ocrx_word' id='word_1_275' title='bbox 934 3410 1318 3476; x_wconf 88' lang='lat' dir='ltr'><strong>mordacibus,</strong></span> <span class='ocrx_word' id='word_1_276' title='bbox 1347 3410 1434 3465; x_wconf 89' lang='lat' dir='ltr'><strong>vel</strong></span> <span class='ocrx_word' id='word_1_277' title='bbox 1458 3410 1629 3464; x_wconf 89' lang='lat' dir='ltr'><strong>etiam</strong></span> <span class='ocrx_word' id='word_1_278' title='bbox 1655 3411 1726 3465; x_wconf 90' lang='lat' dir='ltr'><strong>ab</strong></span> <span class='ocrx_word' id='word_1_279' title='bbox 1756 3410 1953 3465; x_wconf 89' lang='lat' dir='ltr'><strong>amicis</strong></span> <span class='ocrx_word' id='word_1_280' title='bbox 1980 3411 2091 3466; x_wconf 90' lang='lat' dir='ltr'><strong>mi-</strong></span> 
     </span>
    </p>
   </div>
   <div class='ocr_carea' id='block_1_37' title="bbox 394 3496 2086 3570">
    <p class='ocr_par' dir='ltr' id='par_1_37' title="bbox 394 3496 2086 3570">
     <span class='ocr_line' id='line_1_37' title="bbox 394 3496 2086 3570; baseline 0.001 -17"><span class='ocrx_word' id='word_1_281' title='bbox 394 3515 503 3553; x_wconf 90' lang='lat' dir='ltr'><strong>nus</strong></span> <span class='ocrx_word' id='word_1_282' title='bbox 531 3498 991 3569; x_wconf 90' lang='lat' dir='ltr'><strong>intelligentibus</strong></span> <span class='ocrx_word' id='word_1_283' title='bbox 1010 3497 1306 3570; x_wconf 90' lang='lat' dir='ltr'><strong>quidpiam</strong></span> <span class='ocrx_word' id='word_1_284' title='bbox 1327 3496 1388 3552; x_wconf 91' lang='lat' dir='ltr'><strong>in</strong></span> <span class='ocrx_word' id='word_1_285' title='bbox 1413 3497 1525 3552; x_wconf 88' lang='lat' dir='ltr'><strong>illis</strong></span> <span class='ocrx_word' id='word_1_286' title='bbox 1554 3498 1699 3552; x_wconf 88' lang='lat' dir='ltr'><strong>forte</strong></span> <span class='ocrx_word' id='word_1_287' title='bbox 1722 3504 2086 3569; x_wconf 88' lang='lat' dir='ltr'><strong>carperetur:</strong></span> 
     </span>
    </p>
   </div>
   <div class='ocr_carea' id='block_1_38' title="bbox 391 3586 2092 3659">
    <p class='ocr_par' dir='ltr' id='par_1_38' title="bbox 391 3586 2092 3659">
     <span class='ocr_line' id='line_1_38' title="bbox 391 3586 2092 3659; baseline 0.001 -18"><span class='ocrx_word' id='word_1_288' title='bbox 391 3588 579 3659; x_wconf 87' lang='lat' dir='ltr'><strong>ipsum</strong></span> <span class='ocrx_word' id='word_1_289' title='bbox 610 3592 809 3643; x_wconf 88' lang='lat' dir='ltr'><strong>contra</strong></span> <span class='ocrx_word' id='word_1_290' title='bbox 844 3587 1058 3642; x_wconf 88' lang='lat' dir='ltr'><strong>diutius</strong></span> <span class='ocrx_word' id='word_1_291' title='bbox 1088 3603 1187 3641; x_wconf 93' lang='lat' dir='ltr'><strong>eos</strong></span> <span class='ocrx_word' id='word_1_292' title='bbox 1225 3586 1552 3653; x_wconf 89' lang='lat' dir='ltr'><strong>retinuisse,</strong></span> <span class='ocrx_word' id='word_1_293' title='bbox 1587 3601 1760 3657; x_wconf 90' lang='lat' dir='ltr'><strong>quam</strong></span> <span class='ocrx_word' id='word_1_294' title='bbox 1789 3586 2001 3641; x_wconf 88' lang='lat' dir='ltr'><strong>vellent</strong></span> <span class='ocrx_word' id='word_1_295' title='bbox 2027 3603 2092 3642; x_wconf 87' lang='lat' dir='ltr'><strong>ac</strong></span> 
     </span>
    </p>
   </div>
   <div class='ocr_carea' id='block_1_39' title="bbox 388 3674 2093 3748">
    <p class='ocr_par' dir='ltr' id='par_1_39' title="bbox 388 3674 2093 3748">
     <span class='ocr_line' id='line_1_39' title="bbox 388 3674 2093 3748; baseline -0.001 -17"><span class='ocrx_word' id='word_1_296' title='bbox 388 3678 609 3732; x_wconf 86' lang='lat' dir='ltr'><strong>ferrent</strong></span> <span class='ocrx_word' id='word_1_297' title='bbox 636 3676 825 3743; x_wconf 89' lang='lat' dir='ltr'><strong>amici,</strong></span> <span class='ocrx_word' id='word_1_298' title='bbox 859 3677 930 3731; x_wconf 91' lang='lat' dir='ltr'><strong>ob</strong></span> <span class='ocrx_word' id='word_1_299' title='bbox 959 3676 1279 3748; x_wconf 90' lang='lat' dir='ltr'><strong>periculum</strong></span> <span class='ocrx_word' id='word_1_300' title='bbox 1297 3676 1452 3748; x_wconf 88' lang='lat' dir='ltr'><strong>quod</strong></span> <span class='ocrx_word' id='word_1_301' title='bbox 1471 3676 1719 3745; x_wconf 86' lang='lat' dir='ltr'><strong>suberat,</strong></span> <span class='ocrx_word' id='word_1_302' title='bbox 1744 3692 1815 3730; x_wconf 91' lang='lat' dir='ltr'><strong>ne</strong></span> <span class='ocrx_word' id='word_1_303' title='bbox 1834 3674 1895 3729; x_wconf 92' lang='lat' dir='ltr'><strong>in</strong></span> <span class='ocrx_word' id='word_1_304' title='bbox 1924 3692 2093 3746; x_wconf 85' lang='lat' dir='ltr'><strong>argu-</strong></span> 
     </span>
    </p>
   </div>
   <div class='ocr_carea' id='block_1_40' title="bbox 390 3765 2092 3835">
    <p class='ocr_par' dir='ltr' id='par_1_40' title="bbox 390 3765 2092 3835">
     <span class='ocr_line' id='line_1_40' title="bbox 390 3765 2092 3835; baseline 0.001 -16"><span class='ocrx_word' id='word_1_305' title='bbox 390 3771 602 3833; x_wconf 87' lang='lat' dir='ltr'><strong>mento,</strong></span> <span class='ocrx_word' id='word_1_306' title='bbox 636 3765 706 3820; x_wconf 91' lang='lat' dir='ltr'><strong>de</strong></span> <span class='ocrx_word' id='word_1_307' title='bbox 735 3781 849 3835; x_wconf 92' lang='lat' dir='ltr'><strong>quo</strong></span> <span class='ocrx_word' id='word_1_308' title='bbox 880 3765 1218 3833; x_wconf 86' lang='lat' dir='ltr'><strong>tractabant,</strong></span> <span class='ocrx_word' id='word_1_309' title='bbox 1242 3765 1537 3819; x_wconf 88' lang='lat' dir='ltr'><strong>falleretur</strong></span> <span class='ocrx_word' id='word_1_310' title='bbox 1568 3782 1581 3819; x_wconf 89' lang='lat'><strong>:</strong></span> <span class='ocrx_word' id='word_1_311' title='bbox 1609 3767 1678 3820; x_wconf 92' lang='lat' dir='ltr'><strong>Ut</strong></span> <span class='ocrx_word' id='word_1_312' title='bbox 1704 3766 1755 3819; x_wconf 89' lang='lat' dir='ltr'><strong>si</strong></span> <span class='ocrx_word' id='word_1_313' title='bbox 1777 3780 1884 3820; x_wconf 87' lang='lat' dir='ltr'><strong>non</strong></span> <span class='ocrx_word' id='word_1_314' title='bbox 1910 3771 2092 3835; x_wconf 85' lang='lat' dir='ltr'><strong>potue-</strong></span> 
     </span>
    </p>
   </div>
   <div class='ocr_carea' id='block_1_41' title="bbox 387 3853 2088 3923">
    <p class='ocr_par' dir='ltr' id='par_1_41' title="bbox 387 3853 2088 3923">
     <span class='ocr_line' id='line_1_41' title="bbox 387 3853 2088 3923; baseline -0.001 -14"><span class='ocrx_word' id='word_1_315' title='bbox 387 3857 521 3921; x_wconf 83' lang='lat' dir='ltr'><strong>rint,</strong></span> <span class='ocrx_word' id='word_1_316' title='bbox 544 3853 751 3923; x_wconf 86' lang='lat' dir='ltr'><strong>inquit,</strong></span> <span class='ocrx_word' id='word_1_317' title='bbox 769 3855 881 3906; x_wconf 88' lang='lat' dir='ltr'><strong>nisi</strong></span> <span class='ocrx_word' id='word_1_318' title='bbox 902 3854 1092 3907; x_wconf 82' lang='lat' dir='ltr'><strong>habere</strong></span> <span class='ocrx_word' id='word_1_319' title='bbox 1112 3855 1320 3921; x_wconf 84' lang='lat' dir='ltr'><strong>aliqua,</strong></span> <span class='ocrx_word' id='word_1_320' title='bbox 1346 3870 1463 3921; x_wconf 72' lang='lat' dir='ltr'><strong>qua:</strong></span> <span class='ocrx_word' id='word_1_321' title='bbox 1482 3856 1670 3908; x_wconf 84' lang='lat' dir='ltr'><strong>merito</strong></span> <span class='ocrx_word' id='word_1_322' title='bbox 1690 3854 2088 3923; x_wconf 84' lang='lat' dir='ltr'><strong>reprehendan-</strong></span> 
     </span>
    </p>
   </div>
   <div class='ocr_carea' id='block_1_42' title="bbox 391 3943 2091 4012">
    <p class='ocr_par' dir='ltr' id='par_1_42' title="bbox 391 3943 2091 4012">
     <span class='ocr_line' id='line_1_42' title="bbox 391 3943 2091 4012; baseline 0.001 -15"><span class='ocrx_word' id='word_1_323' title='bbox 391 3948 501 4006; x_wconf 85' lang='lat' dir='ltr'><strong>tur,</strong></span> <span class='ocrx_word' id='word_1_324' title='bbox 532 3943 722 3997; x_wconf 78' lang='lat' dir='ltr'><strong>saltem</strong></span> <span class='ocrx_word' id='word_1_325' title='bbox 741 3944 1004 4010; x_wconf 83' lang='lat' dir='ltr'><strong>pauciora</strong></span> <span class='ocrx_word' id='word_1_326' title='bbox 1030 3944 1160 4008; x_wconf 91' lang='lat' dir='ltr'><strong>sint,</strong></span> <span class='ocrx_word' id='word_1_327' title='bbox 1186 3957 1348 4010; x_wconf 86' lang='lat' dir='ltr'><strong>quam</strong></span> <span class='ocrx_word' id='word_1_328' title='bbox 1365 3957 1475 3996; x_wconf 86' lang='lat' dir='ltr'><strong>esse</strong></span> <span class='ocrx_word' id='word_1_329' title='bbox 1491 3947 1726 4011; x_wconf 81' lang='lat' dir='ltr'><strong>possent,</strong></span> <span class='ocrx_word' id='word_1_330' title='bbox 1750 3945 1801 3997; x_wconf 90' lang='lat' dir='ltr'><strong>si</strong></span> <span class='ocrx_word' id='word_1_331' title='bbox 1814 3945 2091 4012; x_wconf 73' lang='lat' dir='ltr'><strong>praecipiti</strong></span> 
     </span>
    </p>
   </div>
   <div class='ocr_carea' id='block_1_43' title="bbox 387 4031 2083 4103">
    <p class='ocr_par' dir='ltr' id='par_1_43' title="bbox 387 4031 2083 4103">
     <span class='ocr_line' id='line_1_43' title="bbox 387 4031 2083 4103; baseline 0 -16"><span class='ocrx_word' id='word_1_332' title='bbox 387 4032 735 4100; x_wconf 79' lang='lat' dir='ltr'><strong>festinatione</strong></span> <span class='ocrx_word' id='word_1_333' title='bbox 773 4032 1127 4085; x_wconf 84' lang='lat' dir='ltr'><strong>inconsultius</strong></span> <span class='ocrx_word' id='word_1_334' title='bbox 1162 4031 1447 4085; x_wconf 81' lang='lat' dir='ltr'><strong>ederentur</strong></span> <span class='ocrx_word' id='word_1_335' title='bbox 1490 4032 1693 4101; x_wconf 88' lang='lat' dir='ltr'><strong>(Epist.</strong></span> <span class='ocrx_word' id='word_1_336' title='bbox 1746 4032 1865 4099; x_wconf 81' lang='grc'>143,</span> <span class='ocrx_word' id='word_1_337' title='bbox 1906 4048 1962 4086; x_wconf 85' lang='lat' dir='ltr'><strong>n.</strong></span> <span class='ocrx_word' id='word_1_338' title='bbox 2004 4033 2083 4103; x_wconf 74' lang='grc'>4).</span> 
     </span>
    </p>
   </div>
   <div class='ocr_carea' id='block_1_44' title="bbox 388 4118 2085 4191">
    <p class='ocr_par' dir='ltr' id='par_1_44' title="bbox 388 4118 2085 4191">
     <span class='ocr_line' id='line_1_44' title="bbox 388 4118 2085 4191; baseline -0.003 -14"><span class='ocrx_word' id='word_1_339' title='bbox 388 4120 649 4177; x_wconf 88' lang='lat' dir='ltr'><strong>Scribens</strong></span> <span class='ocrx_word' id='word_1_340' title='bbox 680 4135 910 4191; x_wconf 86' lang='lat' dir='ltr'><strong>quoque</strong></span> <span class='ocrx_word' id='word_1_341' title='bbox 952 4119 1023 4173; x_wconf 91' lang='lat' dir='ltr'><strong>ad</strong></span> <span class='ocrx_word' id='word_1_342' title='bbox 1069 4118 1462 4184; x_wconf 89' lang='lat' dir='ltr'><strong>Consentium,</strong></span> <span class='ocrx_word' id='word_1_343' title='bbox 1496 4118 1763 4173; x_wconf 89' lang='lat' dir='ltr'><strong>meminit</strong></span> <span class='ocrx_word' id='word_1_344' title='bbox 1800 4119 1987 4189; x_wconf 90' lang='lat' dir='ltr'><strong>operis</strong></span> <span class='ocrx_word' id='word_1_345' title='bbox 2017 4120 2085 4173; x_wconf 87' lang='lat' dir='ltr'><strong>de</strong></span> 
     </span>
    </p>
   </div>
   <div class='ocr_carea' id='block_1_45' title="bbox 385 4206 2085 4281">
    <p class='ocr_par' dir='ltr' id='par_1_45' title="bbox 385 4206 2085 4281">
     <span class='ocr_line' id='line_1_45' title="bbox 385 4206 2085 4281; baseline -0.004 -16"><span class='ocrx_word' id='word_1_346' title='bbox 385 4210 678 4276; x_wconf 89' lang='lat' dir='ltr'><strong>Trinitate,</strong></span> <span class='ocrx_word' id='word_1_347' title='bbox 705 4207 862 4281; x_wconf 91' lang='lat' dir='ltr'><strong>quod</strong></span> <span class='ocrx_word' id='word_1_348' title='bbox 891 4207 950 4261; x_wconf 91' lang='lat' dir='ltr'><strong>in</strong></span> <span class='ocrx_word' id='word_1_349' title='bbox 981 4206 1247 4261; x_wconf 89' lang='lat' dir='ltr'><strong>manibus</strong></span> <span class='ocrx_word' id='word_1_350' title='bbox 1272 4206 1537 4275; x_wconf 87' lang='lat' dir='ltr'><strong>habebat,</strong></span> <span class='ocrx_word' id='word_1_351' title='bbox 1572 4210 1628 4260; x_wconf 90' lang='lat' dir='ltr'><strong>et</strong></span> <span class='ocrx_word' id='word_1_352' title='bbox 1660 4206 1733 4259; x_wconf 91' lang='lat' dir='ltr'><strong>ob</strong></span> <span class='ocrx_word' id='word_1_353' title='bbox 1761 4206 2085 4277; x_wconf 89' lang='lat' dir='ltr'><strong>argumenti</strong></span> 
     </span>
    </p>
   </div>
   <div class='ocr_carea' id='block_1_46' title="bbox 385 4295 2087 4372">
    <p class='ocr_par' dir='ltr' id='par_1_46' title="bbox 385 4295 2087 4372">
     <span class='ocr_line' id='line_1_46' title="bbox 385 4295 2087 4372; baseline -0.004 -16"><span class='ocrx_word' id='word_1_354' title='bbox 385 4298 776 4372; x_wconf 67' lang='lat' dir='ltr'><strong>prmstantiam</strong></span> <span class='ocrx_word' id='word_1_355' title='bbox 798 4314 861 4352; x_wconf 89' lang='lat' dir='ltr'><strong>ac</strong></span> <span class='ocrx_word' id='word_1_356' title='bbox 881 4296 1278 4353; x_wconf 83' lang='lat' dir='ltr'><strong>difficultatem</strong></span> <span class='ocrx_word' id='word_1_357' title='bbox 1299 4296 1555 4350; x_wconf 91' lang='lat' dir='ltr'><strong>nondum</strong></span> <span class='ocrx_word' id='word_1_358' title='bbox 1577 4295 1850 4367; x_wconf 85' lang='lat' dir='ltr'><strong>perficere</strong></span> <span class='ocrx_word' id='word_1_359' title='bbox 1861 4298 2087 4367; x_wconf 87' lang='lat' dir='ltr'><strong>poterat</strong></span> 
     </span>
    </p>
   </div>
   <div class='ocr_carea' id='block_1_47' title="bbox 384 4384 2084 4460">
    <p class='ocr_par' dir='ltr' id='par_1_47' title="bbox 384 4384 2084 4460">
     <span class='ocr_line' id='line_1_47' title="bbox 384 4384 2084 4460; baseline -0.004 -15"><span class='ocrx_word' id='word_1_360' title='bbox 384 4391 583 4460; x_wconf 86' lang='lat' dir='ltr'><strong>(Epist.</strong></span> <span class='ocrx_word' id='word_1_361' title='bbox 622 4391 749 4459; x_wconf 85' lang='grc'>120,</span> <span class='ocrx_word' id='word_1_362' title='bbox 778 4403 824 4443; x_wconf 90' lang='lat' dir='ltr'><strong>c.</strong></span> <span class='ocrx_word' id='word_1_363' title='bbox 859 4390 910 4454; x_wconf 93' lang='lat'><strong>3,</strong></span> <span class='ocrx_word' id='word_1_364' title='bbox 937 4403 994 4441; x_wconf 84' lang='grc' dir='ltr'>η.</span> <span class='ocrx_word' id='word_1_365' title='bbox 1030 4388 1134 4457; x_wconf 86' lang='grc'>13).</span> <span class='ocrx_word' id='word_1_366' title='bbox 1160 4387 1225 4440; x_wconf 93' lang='lat' dir='ltr'><strong>In</strong></span> <span class='ocrx_word' id='word_1_367' title='bbox 1245 4385 1333 4440; x_wconf 91' lang='lat' dir='ltr'><strong>his</strong></span> <span class='ocrx_word' id='word_1_368' title='bbox 1354 4385 1618 4440; x_wconf 90' lang='lat' dir='ltr'><strong>omnibus</strong></span> <span class='ocrx_word' id='word_1_369' title='bbox 1643 4384 1804 4453; x_wconf 91' lang='lat' dir='ltr'><strong>locis,</strong></span> <span class='ocrx_word' id='word_1_370' title='bbox 1828 4384 1875 4439; x_wconf 89' lang='lat' dir='ltr'><strong>si</strong></span> <span class='ocrx_word' id='word_1_371' title='bbox 1893 4384 2084 4440; x_wconf 84' lang='lat' dir='ltr'><strong>forsan</strong></span> 
     </span>
    </p>
   </div>
   <div class='ocr_carea' id='block_1_48' title="bbox 382 4473 2085 4547">
    <p class='ocr_par' dir='ltr' id='par_1_48' title="bbox 382 4473 2085 4547">
     <span class='ocr_line' id='line_1_48' title="bbox 382 4473 2085 4547; baseline -0.002 -15"><span class='ocrx_word' id='word_1_372' title='bbox 382 4481 738 4547; x_wconf 89' lang='lat' dir='ltr'><strong>postremum</strong></span> <span class='ocrx_word' id='word_1_373' title='bbox 769 4475 1034 4547; x_wconf 82' lang='lat' dir='ltr'><strong>excipias,</strong></span> <span class='ocrx_word' id='word_1_374' title='bbox 1057 4473 1317 4546; x_wconf 88' lang='lat' dir='ltr'><strong>loquitur</strong></span> <span class='ocrx_word' id='word_1_375' title='bbox 1343 4473 1412 4529; x_wconf 91' lang='lat' dir='ltr'><strong>de</strong></span> <span class='ocrx_word' id='word_1_376' title='bbox 1443 4489 1614 4545; x_wconf 89' lang='lat' dir='ltr'><strong>opere</strong></span> <span class='ocrx_word' id='word_1_377' title='bbox 1641 4490 1744 4528; x_wconf 92' lang='lat' dir='ltr'><strong>suo</strong></span> <span class='ocrx_word' id='word_1_378' title='bbox 1772 4473 1928 4529; x_wconf 86' lang='lat' dir='ltr'><strong>velut</strong></span> <span class='ocrx_word' id='word_1_379' title='bbox 1956 4491 2085 4529; x_wconf 88' lang='lat' dir='ltr'><strong>nec-</strong></span> 
     </span>
    </p>
   </div>
   <div class='ocr_carea' id='block_1_49' title="bbox 384 4561 2081 4635">
    <p class='ocr_par' dir='ltr' id='par_1_49' title="bbox 384 4561 2081 4635">
     <span class='ocr_line' id='line_1_49' title="bbox 384 4561 2081 4635; baseline -0.003 -14"><span class='ocrx_word' id='word_1_380' title='bbox 384 4566 522 4621; x_wconf 89' lang='lat' dir='ltr'><strong>dum</strong></span> <span class='ocrx_word' id='word_1_381' title='bbox 553 4565 732 4620; x_wconf 88' lang='lat' dir='ltr'><strong>edito.</strong></span> <span class='ocrx_word' id='word_1_382' title='bbox 772 4564 1046 4630; x_wconf 88' lang='lat' dir='ltr'><strong>Quocirca</strong></span> <span class='ocrx_word' id='word_1_383' title='bbox 1074 4564 1391 4635; x_wconf 86' lang='lat' dir='ltr'><strong>conjectare</strong></span> <span class='ocrx_word' id='word_1_384' title='bbox 1420 4563 1572 4630; x_wconf 89' lang='lat' dir='ltr'><strong>licet,</strong></span> <span class='ocrx_word' id='word_1_385' title='bbox 1603 4561 1859 4633; x_wconf 89' lang='lat' dir='ltr'><strong>priorem</strong></span> <span class='ocrx_word' id='word_1_386' title='bbox 1896 4562 2081 4634; x_wconf 89' lang='lat' dir='ltr'><strong>ipsam</strong></span> 
     </span>
    </p>
   </div>
   <div class='ocr_carea' id='block_1_50' title="bbox 383 4650 2082 4725">
    <p class='ocr_par' dir='ltr' id='par_1_50' title="bbox 383 4650 2082 4725">
     <span class='ocr_line' id='line_1_50' title="bbox 383 4650 2082 4725; baseline -0.004 -15"><span class='ocrx_word' id='word_1_387' title='bbox 383 4655 713 4721; x_wconf 88' lang='lat' dir='ltr'><strong>editionem,</strong></span> <span class='ocrx_word' id='word_1_388' title='bbox 738 4670 867 4725; x_wconf 68' lang='lat' dir='ltr'><strong>quae</strong></span> <span class='ocrx_word' id='word_1_389' title='bbox 892 4671 959 4709; x_wconf 90' lang='lat' dir='ltr'><strong>eo</strong></span> <span class='ocrx_word' id='word_1_390' title='bbox 989 4653 1233 4709; x_wconf 87' lang='lat' dir='ltr'><strong>necdum</strong></span> <span class='ocrx_word' id='word_1_391' title='bbox 1264 4651 1523 4707; x_wconf 90' lang='lat' dir='ltr'><strong>absoluto</strong></span> <span class='ocrx_word' id='word_1_392' title='bbox 1544 4650 1774 4721; x_wconf 88' lang='lat' dir='ltr'><strong>prodiit,</strong></span> <span class='ocrx_word' id='word_1_393' title='bbox 1800 4666 1916 4704; x_wconf 91' lang='lat' dir='ltr'><strong>non</strong></span> <span class='ocrx_word' id='word_1_394' title='bbox 1938 4663 2082 4721; x_wconf 63' lang='lat' dir='ltr'><strong>prte-</strong></span> 
     </span>
    </p>
   </div>
   <div class='ocr_carea' id='block_1_51' title="bbox 381 4738 2082 4814">
    <p class='ocr_par' dir='ltr' id='par_1_51' title="bbox 381 4738 2082 4814">
     <span class='ocr_line' id='line_1_51' title="bbox 381 4738 2082 4814; baseline -0.005 -15"><span class='ocrx_word' id='word_1_395' title='bbox 381 4742 616 4799; x_wconf 88' lang='lat' dir='ltr'><strong>cessisse</strong></span> <span class='ocrx_word' id='word_1_396' title='bbox 636 4758 849 4796; x_wconf 89' lang='lat' dir='ltr'><strong>annum</strong></span> <span class='ocrx_word' id='word_1_397' title='bbox 862 4741 1492 4814; x_wconf 87' lang='lat' dir='ltr'><strong>quadringentesimum</strong></span> <span class='ocrx_word' id='word_1_398' title='bbox 1505 4738 2082 4795; x_wconf 86' lang='lat' dir='ltr'><strong>duodecimum.Con-</strong></span> 
     </span>
    </p>
   </div>
   <div class='ocr_carea' id='block_1_52' title="bbox 380 4827 2079 4901">
    <p class='ocr_par' dir='ltr' id='par_1_52' title="bbox 380 4827 2079 4901">
     <span class='ocr_line' id='line_1_52' title="bbox 380 4827 2079 4901; baseline -0.004 -14"><span class='ocrx_word' id='word_1_399' title='bbox 380 4836 491 4887; x_wconf 88' lang='lat' dir='ltr'><strong>stat</strong></span> <span class='ocrx_word' id='word_1_400' title='bbox 528 4834 742 4897; x_wconf 89' lang='lat' dir='ltr'><strong>autem,</strong></span> <span class='ocrx_word' id='word_1_401' title='bbox 792 4832 1030 4886; x_wconf 86' lang='lat' dir='ltr'><strong>alteram</strong></span> <span class='ocrx_word' id='word_1_402' title='bbox 1073 4830 1305 4886; x_wconf 87' lang='lat' dir='ltr'><strong>nonnisi</strong></span> <span class='ocrx_word' id='word_1_403' title='bbox 1351 4834 1482 4901; x_wconf 87' lang='lat' dir='ltr'><strong>post</strong></span> <span class='ocrx_word' id='word_1_404' title='bbox 1528 4829 1765 4899; x_wconf 90' lang='lat' dir='ltr'><strong>longum</strong></span> <span class='ocrx_word' id='word_1_405' title='bbox 1804 4827 2079 4898; x_wconf 89' lang='lat' dir='ltr'><strong>temporis</strong></span> 
     </span>
    </p>
   </div>
   <div class='ocr_carea' id='block_1_53' title="bbox 378 4914 2076 4987">
    <p class='ocr_par' dir='ltr' id='par_1_53' title="bbox 378 4914 2076 4987">
     <span class='ocr_line' id='line_1_53' title="bbox 378 4914 2076 4987; baseline -0.004 -12"><span class='ocrx_word' id='word_1_406' title='bbox 378 4918 744 4975; x_wconf 80' lang='lat' dir='ltr'><strong>intervallum</strong></span> <span class='ocrx_word' id='word_1_407' title='bbox 772 4917 1119 4987; x_wconf 88' lang='lat' dir='ltr'><strong>publicatam</strong></span> <span class='ocrx_word' id='word_1_408' title='bbox 1148 4934 1269 4973; x_wconf 90' lang='lat' dir='ltr'><strong>esse</strong></span> <span class='ocrx_word' id='word_1_409' title='bbox 1303 4934 1317 4973; x_wconf 91' lang='lat'><strong>:</strong></span> <span class='ocrx_word' id='word_1_410' title='bbox 1349 4931 1479 4972; x_wconf 89' lang='lat' dir='ltr'><strong>cum</strong></span> <span class='ocrx_word' id='word_1_411' title='bbox 1509 4915 1630 4987; x_wconf 91' lang='lat' dir='ltr'><strong>ipse</strong></span> <span class='ocrx_word' id='word_1_412' title='bbox 1662 4914 1809 4970; x_wconf 91' lang='lat' dir='ltr'><strong>libro</strong></span> <span class='ocrx_word' id='word_1_413' title='bbox 1852 4915 2076 4970; x_wconf 89' lang='lat' dir='ltr'><strong>decimo</strong></span> 
     </span>
    </p>
   </div>
   <div class='ocr_carea' id='block_1_54' title="bbox 376 5002 2078 5081">
    <p class='ocr_par' dir='ltr' id='par_1_54' title="bbox 376 5002 2078 5081">
     <span class='ocr_line' id='line_1_54' title="bbox 376 5002 2078 5081; baseline -0.005 -14"><span class='ocrx_word' id='word_1_414' title='bbox 376 5008 547 5067; x_wconf 86' lang='lat' dir='ltr'><strong>tertio</strong></span> <span class='ocrx_word' id='word_1_415' title='bbox 568 5005 868 5081; x_wconf 87' lang='lat' dir='ltr'><strong>quidpiam</strong></span> <span class='ocrx_word' id='word_1_416' title='bbox 893 5006 1041 5061; x_wconf 88' lang='lat' dir='ltr'><strong>dicat</strong></span> <span class='ocrx_word' id='word_1_417' title='bbox 1064 5023 1186 5062; x_wconf 90' lang='lat' dir='ltr'><strong>esse</strong></span> <span class='ocrx_word' id='word_1_418' title='bbox 1205 5008 1325 5080; x_wconf 89' lang='lat' dir='ltr'><strong>jam</strong></span> <span class='ocrx_word' id='word_1_419' title='bbox 1350 5023 1380 5061; x_wconf 89' lang='lat' dir='ltr'><strong>a</strong></span> <span class='ocrx_word' id='word_1_420' title='bbox 1400 5022 1459 5060; x_wconf 93' lang='lat' dir='ltr'><strong>se</strong></span> <span class='ocrx_word' id='word_1_421' title='bbox 1480 5004 1824 5076; x_wconf 87' lang='lat' dir='ltr'><strong>explicatum</strong></span> <span class='ocrx_word' id='word_1_422' title='bbox 1846 5002 1907 5058; x_wconf 92' lang='lat' dir='ltr'><strong>in</strong></span> <span class='ocrx_word' id='word_1_423' title='bbox 1938 5004 2078 5059; x_wconf 88' lang='lat' dir='ltr'><strong>duo-</strong></span> 
     </span>
    </p>
   </div>
   <div class='ocr_carea' id='block_1_55' title="bbox 374 5093 2076 5169">
    <p class='ocr_par' dir='ltr' id='par_1_55' title="bbox 374 5093 2076 5169">
     <span class='ocr_line' id='line_1_55' title="bbox 374 5093 2076 5169; baseline -0.006 -11"><span class='ocrx_word' id='word_1_424' title='bbox 374 5100 597 5159; x_wconf 90' lang='lat' dir='ltr'><strong>decimo</strong></span> <span class='ocrx_word' id='word_1_425' title='bbox 628 5097 699 5153; x_wconf 89' lang='lat' dir='ltr'><strong>de</strong></span> <span class='ocrx_word' id='word_1_426' title='bbox 730 5096 966 5152; x_wconf 87' lang='lat' dir='ltr'><strong>Civitate</strong></span> <span class='ocrx_word' id='word_1_427' title='bbox 997 5097 1125 5165; x_wconf 89' lang='lat' dir='ltr'><strong>Dei;</strong></span> <span class='ocrx_word' id='word_1_428' title='bbox 1155 5098 1254 5169; x_wconf 89' lang='lat' dir='ltr'><strong>qui</strong></span> <span class='ocrx_word' id='word_1_429' title='bbox 1286 5101 1415 5151; x_wconf 87' lang='lat' dir='ltr'><strong>ante</strong></span> <span class='ocrx_word' id='word_1_430' title='bbox 1446 5110 1661 5150; x_wconf 82' lang='lat' dir='ltr'><strong>annum</strong></span> <span class='ocrx_word' id='word_1_431' title='bbox 1693 5093 2076 5166; x_wconf 84' lang='lat' dir='ltr'><strong>quadringen-</strong></span> 
     </span>
    </p>
   </div>
   <div class='ocr_carea' id='block_1_56' title="bbox 369 5182 2076 5257">
    <p class='ocr_par' dir='ltr' id='par_1_56' title="bbox 369 5182 2076 5257">
     <span class='ocr_line' id='line_1_56' title="bbox 369 5182 2076 5257; baseline -0.004 -13"><span class='ocrx_word' id='word_1_432' title='bbox 369 5188 645 5245; x_wconf 90' lang='lat' dir='ltr'><strong>tesimum</strong></span> <span class='ocrx_word' id='word_1_433' title='bbox 674 5183 963 5241; x_wconf 87' lang='lat' dir='ltr'><strong>decimum</strong></span> <span class='ocrx_word' id='word_1_434' title='bbox 992 5188 1215 5239; x_wconf 89' lang='lat' dir='ltr'><strong>sextum</strong></span> <span class='ocrx_word' id='word_1_435' title='bbox 1244 5184 1591 5257; x_wconf 86' lang='lat' dir='ltr'><strong>compositus</strong></span> <span class='ocrx_word' id='word_1_436' title='bbox 1636 5199 1753 5239; x_wconf 92' lang='lat' dir='ltr'><strong>non</strong></span> <span class='ocrx_word' id='word_1_437' title='bbox 1789 5182 1926 5240; x_wconf 91' lang='lat' dir='ltr'><strong>fuit.</strong></span> <span class='ocrx_word' id='word_1_438' title='bbox 1968 5182 2076 5238; x_wconf 87' lang='lat' dir='ltr'><strong>Ubi</strong></span> 
     </span>
    </p>
   </div>
   <div class='ocr_carea' id='block_1_57' title="bbox 373 5272 2069 5345">
    <p class='ocr_par' dir='ltr' id='par_1_57' title="bbox 373 5272 2069 5345">
     <span class='ocr_line' id='line_1_57' title="bbox 373 5272 2069 5345; baseline -0.005 -11"><span class='ocrx_word' id='word_1_439' title='bbox 373 5277 733 5334; x_wconf 87' lang='lat' dir='ltr'><strong>mentionem</strong></span> <span class='ocrx_word' id='word_1_440' title='bbox 759 5272 894 5329; x_wconf 89' lang='lat' dir='ltr'><strong>fecit</strong></span> <span class='ocrx_word' id='word_1_441' title='bbox 930 5272 1281 5345; x_wconf 87' lang='lat' dir='ltr'><strong>Augustinus</strong></span> <span class='ocrx_word' id='word_1_442' title='bbox 1328 5273 1605 5329; x_wconf 89' lang='lat' dir='ltr'><strong>librorum</strong></span> <span class='ocrx_word' id='word_1_443' title='bbox 1653 5273 1723 5328; x_wconf 90' lang='lat' dir='ltr'><strong>de</strong></span> <span class='ocrx_word' id='word_1_444' title='bbox 1769 5272 2069 5341; x_wconf 88' lang='lat' dir='ltr'><strong>Trinitate,</strong></span> 
     </span>
    </p>
   </div>
   <div class='ocr_carea' id='block_1_58' title="bbox 374 5361 2073 5435">
    <p class='ocr_par' dir='ltr' id='par_1_58' title="bbox 374 5361 2073 5435">
     <span class='ocr_line' id='line_1_58' title="bbox 374 5361 2073 5435; baseline -0.002 -15"><span class='ocrx_word' id='word_1_445' title='bbox 374 5381 470 5421; x_wconf 90' lang='lat' dir='ltr'><strong>eos</strong></span> <span class='ocrx_word' id='word_1_446' title='bbox 498 5368 802 5431; x_wconf 89' lang='lat' dir='ltr'><strong>memorat,</strong></span> <span class='ocrx_word' id='word_1_447' title='bbox 835 5378 982 5435; x_wconf 88' lang='lat' dir='ltr'><strong>quos</strong></span> <span class='ocrx_word' id='word_1_448' title='bbox 1006 5362 1074 5416; x_wconf 91' lang='lat' dir='ltr'><strong>de</strong></span> <span class='ocrx_word' id='word_1_449' title='bbox 1104 5361 1397 5417; x_wconf 88' lang='lat' dir='ltr'><strong>Consensu</strong></span> <span class='ocrx_word' id='word_1_450' title='bbox 1430 5361 1916 5434; x_wconf 86' lang='lat' dir='ltr'><strong>Evangelistarum</strong></span> <span class='ocrx_word' id='word_1_451' title='bbox 1946 5366 2073 5433; x_wconf 91' lang='lat' dir='ltr'><strong>post</strong></span> 
     </span>
    </p>
   </div>
   <div class='ocr_carea' id='block_1_59' title="bbox 369 5449 2071 5525">
    <p class='ocr_par' dir='ltr' id='par_1_59' title="bbox 369 5449 2071 5525">
     <span class='ocr_line' id='line_1_59' title="bbox 369 5449 2071 5525; baseline -0.001 -18"><span class='ocrx_word' id='word_1_452' title='bbox 369 5452 656 5525; x_wconf 89' lang='lat' dir='ltr'><strong>ipsam,ut</strong></span> <span class='ocrx_word' id='word_1_453' title='bbox 673 5453 921 5521; x_wconf 89' lang='lat' dir='ltr'><strong>videtur,</strong></span> <span class='ocrx_word' id='word_1_454' title='bbox 937 5449 1293 5506; x_wconf 85' lang='lat' dir='ltr'><strong>eversionem</strong></span> <span class='ocrx_word' id='word_1_455' title='bbox 1312 5452 1664 5522; x_wconf 89' lang='lat' dir='ltr'><strong>templorum</strong></span> <span class='ocrx_word' id='word_1_456' title='bbox 1684 5467 1835 5507; x_wconf 90' lang='lat' dir='ltr'><strong>anno</strong></span> <span class='ocrx_word' id='word_1_457' title='bbox 1857 5455 2071 5506; x_wconf 88' lang='lat' dir='ltr'><strong>trecen-</strong></span> 
     </span>
    </p>
   </div>
   <div class='ocr_carea' id='block_1_60' title="bbox 370 5539 2070 5616">
    <p class='ocr_par' dir='ltr' id='par_1_60' title="bbox 370 5539 2070 5616">
     <span class='ocr_line' id='line_1_60' title="bbox 370 5539 2070 5616; baseline -0.001 -19"><span class='ocrx_word' id='word_1_458' title='bbox 370 5541 576 5599; x_wconf 89' lang='lat' dir='ltr'><strong>tesimo</strong></span> <span class='ocrx_word' id='word_1_459' title='bbox 600 5540 969 5616; x_wconf 87' lang='lat' dir='ltr'><strong>nonagesimo</strong></span> <span class='ocrx_word' id='word_1_460' title='bbox 997 5555 1151 5597; x_wconf 91' lang='lat' dir='ltr'><strong>nono</strong></span> <span class='ocrx_word' id='word_1_461' title='bbox 1178 5539 1406 5608; x_wconf 87' lang='lat' dir='ltr'><strong>factam,</strong></span> <span class='ocrx_word' id='word_1_462' title='bbox 1436 5540 1790 5614; x_wconf 86' lang='lat' dir='ltr'><strong>conscripsit.</strong></span> <span class='ocrx_word' id='word_1_463' title='bbox 1816 5540 2070 5612; x_wconf 88' lang='lat' dir='ltr'><strong>Quapro-</strong></span> 
     </span>
    </p>
   </div>
   <div class='ocr_carea' id='block_1_61' title="bbox 1608 266 2742 326">
    <p class='ocr_par' dir='ltr' id='par_1_61' title="bbox 1608 266 2742 326">
     <span class='ocr_line' id='line_1_61' title="bbox 1608 266 2742 326; baseline -0.004 -1"><span class='ocrx_word' id='word_1_464' title='bbox 1608 267 1783 326; x_wconf 84' lang='lat' dir='ltr'><strong>VITA</strong></span> <span class='ocrx_word' id='word_1_465' title='bbox 1839 268 1893 323; x_wconf 89' lang='lat' dir='ltr'><strong>S.</strong></span> <span class='ocrx_word' id='word_1_466' title='bbox 1962 267 2347 325; x_wconf 86' lang='lat' dir='ltr'><strong>AUGUSTINI</strong></span> <span class='ocrx_word' id='word_1_467' title='bbox 2403 266 2742 325; x_wconf 86' lang='lat' dir='ltr'><strong>EPISCOPI.</strong></span> 
     </span>
    </p>
   </div>
   <div class='ocr_carea' id='block_1_62' title="bbox 3810 273 3920 324">
    <p class='ocr_par' dir='ltr' id='par_1_62' title="bbox 3810 273 3920 324">
     <span class='ocr_line' id='line_1_62' title="bbox 3810 273 3920 324; baseline 0.009 -1"><span class='ocrx_word' id='word_1_468' title='bbox 3810 273 3920 324; x_wconf 76' lang='lat'><strong>268</strong></span> 
     </span>
    </p>
   </div>
   <div class='ocr_carea' id='block_1_63' title="bbox 2208 387 3921 462">
    <p class='ocr_par' dir='ltr' id='par_1_63' title="bbox 2208 387 3921 462">
     <span class='ocr_line' id='line_1_63' title="bbox 2208 387 3921 462; baseline 0 -16"><span class='ocrx_word' id='word_1_469' title='bbox 2208 395 2338 462; x_wconf 89' lang='lat' dir='ltr'><strong>pter</strong></span> <span class='ocrx_word' id='word_1_470' title='bbox 2367 391 2437 447; x_wconf 89' lang='lat' dir='ltr'><strong>de</strong></span> <span class='ocrx_word' id='word_1_471' title='bbox 2464 390 2578 445; x_wconf 88' lang='lat' dir='ltr'><strong>illis</strong></span> <span class='ocrx_word' id='word_1_472' title='bbox 2603 390 2710 445; x_wconf 90' lang='lat' dir='ltr'><strong>hoc</strong></span> <span class='ocrx_word' id='word_1_473' title='bbox 2740 390 2862 444; x_wconf 92' lang='lat' dir='ltr'><strong>loco</strong></span> <span class='ocrx_word' id='word_1_474' title='bbox 2894 404 3007 443; x_wconf 90' lang='lat' dir='ltr'><strong>non</strong></span> <span class='ocrx_word' id='word_1_475' title='bbox 3035 387 3278 459; x_wconf 87' lang='lat' dir='ltr'><strong>agimus.</strong></span> <span class='ocrx_word' id='word_1_476' title='bbox 3305 388 3430 444; x_wconf 89' lang='lat' dir='ltr'><strong>.lam</strong></span> <span class='ocrx_word' id='word_1_477' title='bbox 3456 389 3775 447; x_wconf 85' lang='lat' dir='ltr'><strong>notavimus</strong></span> <span class='ocrx_word' id='word_1_478' title='bbox 3808 392 3921 449; x_wconf 88' lang='lat' dir='ltr'><strong>mi-</strong></span> 
     </span>
    </p>
   </div>
   <div class='ocr_carea' id='block_1_64' title="bbox 2208 478 3916 550">
    <p class='ocr_par' dir='ltr' id='par_1_64' title="bbox 2208 478 3916 550">
     <span class='ocr_line' id='line_1_64' title="bbox 2208 478 3916 550; baseline 0.001 -16"><span class='ocrx_word' id='word_1_479' title='bbox 2208 479 2364 534; x_wconf 92' lang='lat' dir='ltr'><strong>nime</strong></span> <span class='ocrx_word' id='word_1_480' title='bbox 2394 496 2497 534; x_wconf 88' lang='lat' dir='ltr'><strong>nos</strong></span> <span class='ocrx_word' id='word_1_481' title='bbox 2516 479 2882 546; x_wconf 88' lang='lat' dir='ltr'><strong>contendere,</strong></span> <span class='ocrx_word' id='word_1_482' title='bbox 2912 478 3107 532; x_wconf 87' lang='lat' dir='ltr'><strong>omnia</strong></span> <span class='ocrx_word' id='word_1_483' title='bbox 3126 494 3319 549; x_wconf 86' lang='lat' dir='ltr'><strong>opera,</strong></span> <span class='ocrx_word' id='word_1_484' title='bbox 3345 495 3476 550; x_wconf 65' lang='lat' dir='ltr'><strong>quae</strong></span> <span class='ocrx_word' id='word_1_485' title='bbox 3498 481 3668 536; x_wconf 91' lang='lat' dir='ltr'><strong>modo</strong></span> <span class='ocrx_word' id='word_1_486' title='bbox 3690 497 3916 537; x_wconf 85' lang='lat' dir='ltr'><strong>memo-</strong></span> 
     </span>
    </p>
   </div>
   <div class='ocr_carea' id='block_1_65' title="bbox 2208 568 3916 637">
    <p class='ocr_par' dir='ltr' id='par_1_65' title="bbox 2208 568 3916 637">
     <span class='ocr_line' id='line_1_65' title="bbox 2208 568 3916 637; baseline 0.003 -16"><span class='ocrx_word' id='word_1_487' title='bbox 2208 568 2478 637; x_wconf 86' lang='lat' dir='ltr'><strong>ravimus,</strong></span> <span class='ocrx_word' id='word_1_488' title='bbox 2492 569 2600 623; x_wconf 90' lang='lat' dir='ltr'><strong>hoc</strong></span> <span class='ocrx_word' id='word_1_489' title='bbox 2615 584 2766 622; x_wconf 90' lang='lat' dir='ltr'><strong>anno</strong></span> <span class='ocrx_word' id='word_1_490' title='bbox 2788 568 2964 622; x_wconf 89' lang='lat' dir='ltr'><strong>fuisse</strong></span> <span class='ocrx_word' id='word_1_491' title='bbox 2977 568 3293 623; x_wconf 84' lang='lat' dir='ltr'><strong>elaborata:</strong></span> <span class='ocrx_word' id='word_1_492' title='bbox 3314 568 3412 622; x_wconf 92' lang='lat' dir='ltr'><strong>sed</strong></span> <span class='ocrx_word' id='word_1_493' title='bbox 3436 569 3622 623; x_wconf 89' lang='lat' dir='ltr'><strong>solum</strong></span> <span class='ocrx_word' id='word_1_494' title='bbox 3644 586 3710 624; x_wconf 90' lang='lat' dir='ltr'><strong>eo</strong></span> <span class='ocrx_word' id='word_1_495' title='bbox 3730 570 3916 626; x_wconf 88' lang='lat' dir='ltr'><strong>ferme</strong></span> 
     </span>
    </p>
   </div>
   <div class='ocr_carea' id='block_1_66' title="bbox 2208 656 3918 729">
    <p class='ocr_par' dir='ltr' id='par_1_66' title="bbox 2208 656 3918 729">
     <span class='ocr_line' id='line_1_66' title="bbox 2208 656 3918 729; baseline 0.001 -17"><span class='ocrx_word' id='word_1_496' title='bbox 2208 657 2427 725; x_wconf 89' lang='lat' dir='ltr'><strong>ordine,</strong></span> <span class='ocrx_word' id='word_1_497' title='bbox 2452 674 2627 729; x_wconf 81' lang='lat' dir='ltr'><strong>quem</strong></span> <span class='ocrx_word' id='word_1_498' title='bbox 2647 656 2759 711; x_wconf 87' lang='lat' dir='ltr'><strong>illis</strong></span> <span class='ocrx_word' id='word_1_499' title='bbox 2781 656 3199 727; x_wconf 84' lang='lat' dir='ltr'><strong>assignavimus</strong></span> <span class='ocrx_word' id='word_1_500' title='bbox 3219 674 3232 712; x_wconf 91' lang='lat'><strong>:</strong></span> <span class='ocrx_word' id='word_1_501' title='bbox 3250 661 3306 711; x_wconf 93' lang='lat' dir='ltr'><strong>et</strong></span> <span class='ocrx_word' id='word_1_502' title='bbox 3326 658 3559 728; x_wconf 91' lang='lat' dir='ltr'><strong>quidem</strong></span> <span class='ocrx_word' id='word_1_503' title='bbox 3583 665 3715 714; x_wconf 90' lang='lat' dir='ltr'><strong>ante</strong></span> <span class='ocrx_word' id='word_1_504' title='bbox 3736 660 3918 715; x_wconf 87' lang='lat' dir='ltr'><strong>libros</strong></span> 
     </span>
    </p>
   </div>
   <div class='ocr_carea' id='block_1_67' title="bbox 2209 745 3917 819">
    <p class='ocr_par' dir='ltr' id='par_1_67' title="bbox 2209 745 3917 819">
     <span class='ocr_line' id='line_1_67' title="bbox 2209 745 3917 819; baseline 0.001 -18"><span class='ocrx_word' id='word_1_505' title='bbox 2209 746 2280 801; x_wconf 90' lang='lat' dir='ltr'><strong>de</strong></span> <span class='ocrx_word' id='word_1_506' title='bbox 2311 746 2604 801; x_wconf 89' lang='lat' dir='ltr'><strong>Consensu</strong></span> <span class='ocrx_word' id='word_1_507' title='bbox 2648 745 3157 815; x_wconf 87' lang='lat' dir='ltr'><strong>Evangelistarum,</strong></span> <span class='ocrx_word' id='word_1_508' title='bbox 3194 745 3449 818; x_wconf 88' lang='lat' dir='ltr'><strong>aliosque</strong></span> <span class='ocrx_word' id='word_1_509' title='bbox 3488 751 3686 819; x_wconf 87' lang='lat' dir='ltr'><strong>postea</strong></span> <span class='ocrx_word' id='word_1_510' title='bbox 3712 763 3917 804; x_wconf 87' lang='lat' dir='ltr'><strong>recen—</strong></span> 
     </span>
    </p>
   </div>
   <div class='ocr_carea' id='block_1_68' title="bbox 2210 835 2435 891">
    <p class='ocr_par' dir='ltr' id='par_1_68' title="bbox 2210 835 2435 891">
     <span class='ocr_line' id='line_1_68' title="bbox 2210 835 2435 891; baseline -0.004 -1"><span class='ocrx_word' id='word_1_511' title='bbox 2210 835 2435 891; x_wconf 68' lang='lat' dir='ltr'><strong>sendos.‘</strong></span> 
     </span>
    </p>
   </div>
   <div class='ocr_carea' id='block_1_69' title="bbox 2855 921 3259 978">
    <p class='ocr_par' dir='ltr' id='par_1_69' title="bbox 2855 921 3259 978">
     <span class='ocr_line' id='line_1_69' title="bbox 2855 921 3259 978; baseline -0.007 0"><span class='ocrx_word' id='word_1_512' title='bbox 2855 922 3082 978; x_wconf 85' lang='lat' dir='ltr'><strong>CAPUT</strong></span> <span class='ocrx_word' id='word_1_513' title='bbox 3118 921 3259 976; x_wconf 77' lang='lat' dir='ltr'><strong>XIII.</strong></span> 
     </span>
    </p>
   </div>
   <div class='ocr_carea' id='block_1_70' title="bbox 2212 1010 3905 1082">
    <p class='ocr_par' dir='ltr' id='par_1_70' title="bbox 2212 1010 3905 1082">
     <span class='ocr_line' id='line_1_70' title="bbox 2212 1010 3905 1082; baseline 0.002 -16"><span class='ocrx_word' id='word_1_514' title='bbox 2212 1014 2233 1066; x_wconf 90' lang='grc'><strong>1</strong></span> <span class='ocrx_word' id='word_1_515' title='bbox 2266 1010 2506 1066; x_wconf 81' lang='lat' dir='ltr'><strong>Possidii</strong></span> <span class='ocrx_word' id='word_1_516' title='bbox 2531 1010 2803 1067; x_wconf 82' lang='lat' dir='ltr'><strong>ordinatio</strong></span> <span class='ocrx_word' id='word_1_517' title='bbox 2831 1012 2890 1064; x_wconf 90' lang='lat' dir='ltr'><strong>in</strong></span> <span class='ocrx_word' id='word_1_518' title='bbox 2915 1011 3278 1067; x_wconf 86' lang='lat' dir='ltr'><strong>Calamensem</strong></span> <span class='ocrx_word' id='word_1_519' title='bbox 3306 1012 3631 1082; x_wconf 84' lang='lat' dir='ltr'><strong>episcopum.</strong></span> <span class='ocrx_word' id='word_1_520' title='bbox 3650 1014 3681 1064; x_wconf 80' lang='grc'><strong>2</strong></span> <span class='ocrx_word' id='word_1_521' title='bbox 3711 1015 3905 1068; x_wconf 84' lang='lat' dir='ltr'><strong>Hiero-</strong></span> 
     </span>
    </p>
   </div>
   <div class='ocr_carea' id='block_1_71' title="bbox 2276 1098 3913 1170">
    <p class='ocr_par' dir='ltr' id='par_1_71' title="bbox 2276 1098 3913 1170">
     <span class='ocr_line' id='line_1_71' title="bbox 2276 1098 3913 1170; baseline 0.003 -18"><span class='ocrx_word' id='word_1_522' title='bbox 2276 1114 2472 1170; x_wconf 79' lang='lat' dir='ltr'><strong>nymus</strong></span> <span class='ocrx_word' id='word_1_523' title='bbox 2514 1099 2751 1170; x_wconf 71' lang='lat' dir='ltr'><strong>scribens</strong></span> <span class='ocrx_word' id='word_1_524' title='bbox 2794 1099 2869 1153; x_wconf 86' lang='lat' dir='ltr'><strong>ad</strong></span> <span class='ocrx_word' id='word_1_525' title='bbox 2908 1098 3299 1168; x_wconf 83' lang='lat' dir='ltr'><strong>Augustinum,</strong></span> <span class='ocrx_word' id='word_1_526' title='bbox 3337 1114 3500 1169; x_wconf 75' lang='lat' dir='ltr'><strong>papa:</strong></span> <span class='ocrx_word' id='word_1_527' title='bbox 3532 1104 3711 1170; x_wconf 85' lang='lat' dir='ltr'><strong>ipsum</strong></span> <span class='ocrx_word' id='word_1_528' title='bbox 3752 1104 3913 1157; x_wconf 82' lang='lat' dir='ltr'><strong>titulo</strong></span> 
     </span>
    </p>
   </div>
   <div class='ocr_carea' id='block_1_72' title="bbox 2277 1188 3909 1260">
    <p class='ocr_par' dir='ltr' id='par_1_72' title="bbox 2277 1188 3909 1260">
     <span class='ocr_line' id='line_1_72' title="bbox 2277 1188 3909 1260; baseline 0.002 -17"><span class='ocrx_word' id='word_1_529' title='bbox 2277 1192 2523 1243; x_wconf 71' lang='lat' dir='ltr'><strong>emomat.</strong></span> <span class='ocrx_word' id='word_1_530' title='bbox 2559 1191 2589 1243; x_wconf 92' lang='lat'><strong>3</strong></span> <span class='ocrx_word' id='word_1_531' title='bbox 2618 1189 2866 1258; x_wconf 85' lang='lat' dir='ltr'><strong>Epistola</strong></span> <span class='ocrx_word' id='word_1_532' title='bbox 2895 1188 2969 1242; x_wconf 83' lang='lat' dir='ltr'><strong>ad</strong></span> <span class='ocrx_word' id='word_1_533' title='bbox 3007 1190 3391 1257; x_wconf 79' lang='lat' dir='ltr'><strong>Hieronymum</strong></span> <span class='ocrx_word' id='word_1_534' title='bbox 3419 1189 3553 1243; x_wconf 82' lang='lat' dir='ltr'><strong>data</strong></span> <span class='ocrx_word' id='word_1_535' title='bbox 3590 1192 3759 1246; x_wconf 84' lang='lat' dir='ltr'><strong>Paulo</strong></span> <span class='ocrx_word' id='word_1_536' title='bbox 3790 1208 3909 1260; x_wconf 82' lang='lat' dir='ltr'><strong>per-</strong></span> 
     </span>
    </p>
   </div>
   <div class='ocr_carea' id='block_1_73' title="bbox 2275 1276 3913 1347">
    <p class='ocr_par' dir='ltr' id='par_1_73' title="bbox 2275 1276 3913 1347">
     <span class='ocr_line' id='line_1_73' title="bbox 2275 1276 3913 1347; baseline 0.002 -16"><span class='ocrx_word' id='word_1_537' title='bbox 2275 1276 2504 1343; x_wconf 82' lang='lat' dir='ltr'><strong>ferenda</strong></span> <span class='ocrx_word' id='word_1_538' title='bbox 2530 1276 2742 1330; x_wconf 85' lang='lat' dir='ltr'><strong>tardius</strong></span> <span class='ocrx_word' id='word_1_539' title='bbox 2767 1277 2854 1331; x_wconf 84' lang='lat' dir='ltr'><strong>illi</strong></span> <span class='ocrx_word' id='word_1_540' title='bbox 2871 1276 3142 1332; x_wconf 81' lang='lat' dir='ltr'><strong>redditur.</strong></span> <span class='ocrx_word' id='word_1_541' title='bbox 3174 1279 3208 1331; x_wconf 81' lang='grc'><strong>4</strong></span> <span class='ocrx_word' id='word_1_542' title='bbox 3236 1279 3494 1347; x_wconf 68' lang='lat' dir='ltr'><strong>Epistolz</strong></span> <span class='ocrx_word' id='word_1_543' title='bbox 3520 1278 3596 1333; x_wconf 85' lang='lat' dir='ltr'><strong>ad</strong></span> <span class='ocrx_word' id='word_1_544' title='bbox 3621 1281 3913 1336; x_wconf 83' lang='lat' dir='ltr'><strong>Paulinum</strong></span> 
     </span>
    </p>
   </div>
   <div class='ocr_carea' id='block_1_74' title="bbox 2277 1366 3393 1436">
    <p class='ocr_par' dir='ltr' id='par_1_74' title="bbox 2277 1366 3393 1436">
     <span class='ocr_line' id='line_1_74' title="bbox 2277 1366 3393 1436; baseline 0.001 -16"><span class='ocrx_word' id='word_1_545' title='bbox 2277 1366 2581 1433; x_wconf 83' lang='lat' dir='ltr'><strong>Augustini</strong></span> <span class='ocrx_word' id='word_1_546' title='bbox 2602 1367 2869 1435; x_wconf 80' lang='lat' dir='ltr'><strong>rescripta</strong></span> <span class='ocrx_word' id='word_1_547' title='bbox 2896 1366 3222 1436; x_wconf 80' lang='lat' dir='ltr'><strong>postulantis</strong></span> <span class='ocrx_word' id='word_1_548' title='bbox 3251 1367 3393 1421; x_wconf 73' lang='lat' dir='ltr'><strong>duae.</strong></span> 
     </span>
    </p>
   </div>
   <div class='ocr_carea' id='block_1_75' title="bbox 2281 1454 3907 1525">
    <p class='ocr_par' dir='ltr' id='par_1_75' title="bbox 2281 1454 3907 1525">
     <span class='ocr_line' id='line_1_75' title="bbox 2281 1454 3907 1525; baseline 0.004 -18"><span class='ocrx_word' id='word_1_549' title='bbox 2281 1456 2330 1508; x_wconf 92' lang='grc'><strong>1.</strong></span> <span class='ocrx_word' id='word_1_550' title='bbox 2364 1455 2434 1507; x_wconf 91' lang='lat' dir='ltr'><strong>Ut</strong></span> <span class='ocrx_word' id='word_1_551' title='bbox 2462 1469 2683 1520; x_wconf 90' lang='lat' dir='ltr'><strong>eorum,</strong></span> <span class='ocrx_word' id='word_1_552' title='bbox 2715 1470 2845 1525; x_wconf 72' lang='lat' dir='ltr'><strong>quae</strong></span> <span class='ocrx_word' id='word_1_553' title='bbox 2875 1454 2945 1509; x_wconf 89' lang='lat' dir='ltr'><strong>ad</strong></span> <span class='ocrx_word' id='word_1_554' title='bbox 2978 1470 3193 1508; x_wconf 89' lang='lat' dir='ltr'><strong>annum</strong></span> <span class='ocrx_word' id='word_1_555' title='bbox 3223 1454 3692 1511; x_wconf 88' lang='lat' dir='ltr'><strong>trecentesimum</strong></span> <span class='ocrx_word' id='word_1_556' title='bbox 3722 1472 3907 1513; x_wconf 60' lang='lat' dir='ltr'><strong>nona-</strong></span> 
     </span>
    </p>
   </div>
   <div class='ocr_carea' id='block_1_76' title="bbox 2208 1540 3913 1617">
    <p class='ocr_par' dir='ltr' id='par_1_76' title="bbox 2208 1540 3913 1617">
     <span class='ocr_line' id='line_1_76' title="bbox 2208 1540 3913 1617; baseline 0.003 -22"><span class='ocrx_word' id='word_1_557' title='bbox 2208 1540 2489 1612; x_wconf 90' lang='lat' dir='ltr'><strong>gesimum</strong></span> <span class='ocrx_word' id='word_1_558' title='bbox 2532 1542 2844 1612; x_wconf 89' lang='lat' dir='ltr'><strong>septimum</strong></span> <span class='ocrx_word' id='word_1_559' title='bbox 2884 1542 3085 1597; x_wconf 86' lang='lat' dir='ltr'><strong>referri</strong></span> <span class='ocrx_word' id='word_1_560' title='bbox 3122 1547 3387 1614; x_wconf 90' lang='lat' dir='ltr'><strong>possunt,</strong></span> <span class='ocrx_word' id='word_1_561' title='bbox 3420 1546 3627 1599; x_wconf 89' lang='lat' dir='ltr'><strong>seriem</strong></span> <span class='ocrx_word' id='word_1_562' title='bbox 3675 1550 3913 1617; x_wconf 86' lang='lat' dir='ltr'><strong>repeta-</strong></span> 
     </span>
    </p>
   </div>
   <div class='ocr_carea' id='block_1_77' title="bbox 2206 1631 3914 1703">
    <p class='ocr_par' dir='ltr' id='par_1_77' title="bbox 2206 1631 3914 1703">
     <span class='ocr_line' id='line_1_77' title="bbox 2206 1631 3914 1703; baseline 0.002 -18"><span class='ocrx_word' id='word_1_563' title='bbox 2206 1645 2364 1685; x_wconf 90' lang='lat' dir='ltr'><strong>mus:</strong></span> <span class='ocrx_word' id='word_1_564' title='bbox 2380 1631 2743 1702; x_wconf 88' lang='lat' dir='ltr'><strong>reponendus</strong></span> <span class='ocrx_word' id='word_1_565' title='bbox 2757 1636 2841 1686; x_wconf 89' lang='lat' dir='ltr'><strong>est</strong></span> <span class='ocrx_word' id='word_1_566' title='bbox 2860 1632 2968 1686; x_wconf 89' lang='lat' dir='ltr'><strong>hoc</strong></span> <span class='ocrx_word' id='word_1_567' title='bbox 2985 1648 3135 1687; x_wconf 90' lang='lat' dir='ltr'><strong>anno</strong></span> <span class='ocrx_word' id='word_1_568' title='bbox 3158 1632 3381 1703; x_wconf 86' lang='lat' dir='ltr'><strong>Megalii</strong></span> <span class='ocrx_word' id='word_1_569' title='bbox 3406 1632 3692 1688; x_wconf 76' lang='lat' dir='ltr'><strong>Numidiae</strong></span> <span class='ocrx_word' id='word_1_570' title='bbox 3712 1633 3914 1689; x_wconf 83' lang='lat' dir='ltr'><strong>decani</strong></span> 
     </span>
    </p>
   </div>
   <div class='ocr_carea' id='block_1_78' title="bbox 2206 1719 3908 1792">
    <p class='ocr_par' dir='ltr' id='par_1_78' title="bbox 2206 1719 3908 1792">
     <span class='ocr_line' id='line_1_78' title="bbox 2206 1719 3908 1792; baseline 0.002 -19"><span class='ocrx_word' id='word_1_571' title='bbox 2206 1719 2322 1773; x_wconf 85' lang='lat' dir='ltr'><strong>sive</strong></span> <span class='ocrx_word' id='word_1_572' title='bbox 2357 1719 2617 1791; x_wconf 86' lang='lat' dir='ltr'><strong>primatis</strong></span> <span class='ocrx_word' id='word_1_573' title='bbox 2654 1720 2863 1789; x_wconf 89' lang='lat' dir='ltr'><strong>obitus,</strong></span> <span class='ocrx_word' id='word_1_574' title='bbox 2899 1736 3030 1775; x_wconf 90' lang='lat' dir='ltr'><strong>cum</strong></span> <span class='ocrx_word' id='word_1_575' title='bbox 3069 1721 3130 1775; x_wconf 89' lang='lat' dir='ltr'><strong>in</strong></span> <span class='ocrx_word' id='word_1_576' title='bbox 3169 1720 3409 1775; x_wconf 90' lang='lat' dir='ltr'><strong>concilio</strong></span> <span class='ocrx_word' id='word_1_577' title='bbox 3449 1721 3908 1792; x_wconf 88' lang='lat' dir='ltr'><strong>Carthaginensi,</strong></span> 
     </span>
    </p>
   </div>
   <div class='ocr_carea' id='block_1_79' title="bbox 2207 1808 3911 1881">
    <p class='ocr_par' dir='ltr' id='par_1_79' title="bbox 2207 1808 3911 1881">
     <span class='ocr_line' id='line_1_79' title="bbox 2207 1808 3911 1881; baseline 0.003 -19"><span class='ocrx_word' id='word_1_578' title='bbox 2207 1808 2361 1881; x_wconf 89' lang='lat' dir='ltr'><strong>quod</strong></span> <span class='ocrx_word' id='word_1_579' title='bbox 2403 1810 2751 1864; x_wconf 89' lang='lat' dir='ltr'><strong>celebratum</strong></span> <span class='ocrx_word' id='word_1_580' title='bbox 2795 1809 3013 1864; x_wconf 89' lang='lat' dir='ltr'><strong>esthoc</strong></span> <span class='ocrx_word' id='word_1_581' title='bbox 3042 1826 3215 1878; x_wconf 88' lang='lat' dir='ltr'><strong>anno,</strong></span> <span class='ocrx_word' id='word_1_582' title='bbox 3264 1810 3466 1881; x_wconf 90' lang='lat' dir='ltr'><strong>quinto</strong></span> <span class='ocrx_word' id='word_1_583' title='bbox 3499 1811 3779 1866; x_wconf 86' lang='lat' dir='ltr'><strong>kalendas</strong></span> <span class='ocrx_word' id='word_1_584' title='bbox 3825 1828 3911 1867; x_wconf 87' lang='lat' dir='ltr'><strong>se-</strong></span> 
     </span>
    </p>
   </div>
   <div class='ocr_carea' id='block_1_80' title="bbox 2204 1897 3912 1972">
    <p class='ocr_par' dir='ltr' id='par_1_80' title="bbox 2204 1897 3912 1972">
     <span class='ocr_line' id='line_1_80' title="bbox 2204 1897 3912 1972; baseline 0.003 -21"><span class='ocrx_word' id='word_1_585' title='bbox 2204 1897 2502 1967; x_wconf 88' lang='lat' dir='ltr'><strong>ptembris,</strong></span> <span class='ocrx_word' id='word_1_586' title='bbox 2535 1898 2801 1952; x_wconf 83' lang='lat' dir='ltr'><strong>Aurelius</strong></span> <span class='ocrx_word' id='word_1_587' title='bbox 2820 1914 2878 1951; x_wconf 90' lang='lat' dir='ltr'><strong>se</strong></span> <span class='ocrx_word' id='word_1_588' title='bbox 2911 1898 3127 1953; x_wconf 89' lang='lat' dir='ltr'><strong>litteras</strong></span> <span class='ocrx_word' id='word_1_589' title='bbox 3144 1916 3176 1953; x_wconf 90' lang='lat' dir='ltr'><strong>a</strong></span> <span class='ocrx_word' id='word_1_590' title='bbox 3197 1899 3597 1954; x_wconf 83' lang='lat' dir='ltr'><strong>Crescentiano</strong></span> <span class='ocrx_word' id='word_1_591' title='bbox 3618 1901 3912 1972; x_wconf 71' lang='lat' dir='ltr'><strong>primaria:</strong></span> 
     </span>
    </p>
   </div>
   <div class='ocr_carea' id='block_1_81' title="bbox 2206 1986 3908 2060">
    <p class='ocr_par' dir='ltr' id='par_1_81' title="bbox 2206 1986 3908 2060">
     <span class='ocr_line' id='line_1_81' title="bbox 2206 1986 3908 2060; baseline 0.003 -21"><span class='ocrx_word' id='word_1_592' title='bbox 2206 1986 2356 2040; x_wconf 91' lang='lat' dir='ltr'><strong>sedis</strong></span> <span class='ocrx_word' id='word_1_593' title='bbox 2389 1986 2805 2055; x_wconf 87' lang='lat' dir='ltr'><strong>Numidiarum,</strong></span> <span class='ocrx_word' id='word_1_594' title='bbox 2837 1991 2901 2041; x_wconf 90' lang='lat' dir='ltr'><strong>ut</strong></span> <span class='ocrx_word' id='word_1_595' title='bbox 2933 1988 3364 2043; x_wconf 88' lang='lat' dir='ltr'><strong>Crescentianus</strong></span> <span class='ocrx_word' id='word_1_596' title='bbox 3404 1988 3527 2060; x_wconf 89' lang='lat' dir='ltr'><strong>ipse</strong></span> <span class='ocrx_word' id='word_1_597' title='bbox 3555 1988 3908 2057; x_wconf 87' lang='lat' dir='ltr'><strong>insinuabat,</strong></span> 
     </span>
    </p>
   </div>
   <div class='ocr_carea' id='block_1_82' title="bbox 2207 2074 3906 2148">
    <p class='ocr_par' dir='ltr' id='par_1_82' title="bbox 2207 2074 3906 2148">
     <span class='ocr_line' id='line_1_82' title="bbox 2207 2074 3906 2148; baseline 0.001 -18"><span class='ocrx_word' id='word_1_598' title='bbox 2207 2074 2492 2146; x_wconf 89' lang='lat' dir='ltr'><strong>episcopo,</strong></span> <span class='ocrx_word' id='word_1_599' title='bbox 2515 2090 2634 2129; x_wconf 91' lang='lat' dir='ltr'><strong>non</strong></span> <span class='ocrx_word' id='word_1_600' title='bbox 2655 2075 2735 2129; x_wconf 91' lang='lat' dir='ltr'><strong>ita</strong></span> <span class='ocrx_word' id='word_1_601' title='bbox 2759 2074 2981 2146; x_wconf 90' lang='lat' dir='ltr'><strong>pridem</strong></span> <span class='ocrx_word' id='word_1_602' title='bbox 3011 2076 3294 2147; x_wconf 91' lang='lat' dir='ltr'><strong>accepisse</strong></span> <span class='ocrx_word' id='word_1_603' title='bbox 3325 2080 3564 2131; x_wconf 86' lang='lat' dir='ltr'><strong>testetur</strong></span> <span class='ocrx_word' id='word_1_604' title='bbox 3585 2077 3738 2148; x_wconf 84' lang='lat' dir='ltr'><strong>(Cod.</strong></span> <span class='ocrx_word' id='word_1_605' title='bbox 3775 2079 3906 2134; x_wconf 81' lang='lat' dir='ltr'><strong>Can.</strong></span> 
     </span>
    </p>
   </div>
   <div class='ocr_carea' id='block_1_83' title="bbox 2207 2163 3907 2236">
    <p class='ocr_par' dir='ltr' id='par_1_83' title="bbox 2207 2163 3907 2236">
     <span class='ocr_line' id='line_1_83' title="bbox 2207 2163 3907 2236; baseline 0.002 -18"><span class='ocrx_word' id='word_1_606' title='bbox 2207 2166 2389 2231; x_wconf 74' lang='lat' dir='ltr'><strong>Afris.</strong></span> <span class='ocrx_word' id='word_1_607' title='bbox 2421 2179 2541 2218; x_wconf 87' lang='lat' dir='ltr'><strong>can.</strong></span> <span class='ocrx_word' id='word_1_608' title='bbox 2585 2164 2693 2235; x_wconf 88' lang='lat'><strong>33).</strong></span> <span class='ocrx_word' id='word_1_609' title='bbox 2729 2163 2884 2218; x_wconf 91' lang='lat' dir='ltr'><strong>Unde</strong></span> <span class='ocrx_word' id='word_1_610' title='bbox 2914 2163 3095 2236; x_wconf 88' lang='lat' dir='ltr'><strong>liquet</strong></span> <span class='ocrx_word' id='word_1_611' title='bbox 3122 2166 3388 2227; x_wconf 87' lang='lat' dir='ltr'><strong>nesciisse</strong></span> <span class='ocrx_word' id='word_1_612' title='bbox 3419 2170 3557 2220; x_wconf 86' lang='lat' dir='ltr'><strong>tunc</strong></span> <span class='ocrx_word' id='word_1_613' title='bbox 3587 2167 3907 2234; x_wconf 89' lang='lat' dir='ltr'><strong>Aurelium,</strong></span> 
     </span>
    </p>
   </div>
   <div class='ocr_carea' id='block_1_84' title="bbox 2207 2252 3907 2326">
    <p class='ocr_par' dir='ltr' id='par_1_84' title="bbox 2207 2252 3907 2326">
     <span class='ocr_line' id='line_1_84' title="bbox 2207 2252 3907 2326; baseline 0.001 -19"><span class='ocrx_word' id='word_1_614' title='bbox 2207 2268 2341 2307; x_wconf 89' lang='lat' dir='ltr'><strong>eum</strong></span> <span class='ocrx_word' id='word_1_615' title='bbox 2370 2268 2489 2307; x_wconf 90' lang='lat' dir='ltr'><strong>esse</strong></span> <span class='ocrx_word' id='word_1_616' title='bbox 2528 2252 2836 2319; x_wconf 88' lang='lat' dir='ltr'><strong>decanum;</strong></span> <span class='ocrx_word' id='word_1_617' title='bbox 2871 2254 3023 2324; x_wconf 86' lang='lat' dir='ltr'><strong>quod</strong></span> <span class='ocrx_word' id='word_1_618' title='bbox 3067 2258 3263 2308; x_wconf 89' lang='lat' dir='ltr'><strong>tamen</strong></span> <span class='ocrx_word' id='word_1_619' title='bbox 3289 2255 3350 2308; x_wconf 90' lang='lat' dir='ltr'><strong>in</strong></span> <span class='ocrx_word' id='word_1_620' title='bbox 3386 2254 3591 2326; x_wconf 90' lang='lat' dir='ltr'><strong>primis</strong></span> <span class='ocrx_word' id='word_1_621' title='bbox 3619 2256 3767 2311; x_wconf 88' lang='lat' dir='ltr'><strong>scire</strong></span> <span class='ocrx_word' id='word_1_622' title='bbox 3810 2256 3907 2311; x_wconf 36' lang='lat' dir='ltr'><strong>de,</strong></span> 
     </span>
    </p>
   </div>
   <div class='ocr_carea' id='block_1_85' title="bbox 2205 2328 3907 2406">
    <p class='ocr_par' dir='ltr' id='par_1_85' title="bbox 2205 2328 3907 2406">
     <span class='ocr_line' id='line_1_85' title="bbox 2205 2328 3907 2406; baseline 0.002 -11"><span class='ocrx_word' id='word_1_623' title='bbox 2205 2341 2432 2395; x_wconf 87' lang='lat' dir='ltr'><strong>buerat.</strong></span> <span class='ocrx_word' id='word_1_624' title='bbox 2471 2341 2682 2406; x_wconf 89' lang='lat' dir='ltr'><strong>Quarto</strong></span> <span class='ocrx_word' id='word_1_625' title='bbox 2722 2345 2779 2395; x_wconf 83' lang='lat' dir='ltr'><strong>et</strong></span> <span class='ocrx_word' id='word_1_626' title='bbox 2806 2341 3075 2396; x_wconf 90' lang='lat' dir='ltr'><strong>vicesimo</strong></span> <span class='ocrx_word' id='word_1_627' title='bbox 3114 2328 3341 2397; x_wconf 77' lang='lat' dir='ltr'><strong>circiter</strong></span> <span class='ocrx_word' id='word_1_628' title='bbox 3369 2343 3461 2398; x_wconf 89' lang='lat' dir='ltr'><strong>die</strong></span> <span class='ocrx_word' id='word_1_629' title='bbox 3490 2344 3562 2398; x_wconf 90' lang='lat' dir='ltr'><strong>ab</strong></span> <span class='ocrx_word' id='word_1_630' title='bbox 3602 2344 3767 2399; x_wconf 91' lang='lat' dir='ltr'><strong>obitu</strong></span> <span class='ocrx_word' id='word_1_631' title='bbox 3799 2346 3907 2400; x_wconf 69' lang='lat' dir='ltr'><strong>Ile-</strong></span> 
     </span>
    </p>
   </div>
   <div class='ocr_carea' id='block_1_86' title="bbox 2206 2430 3907 2503">
    <p class='ocr_par' dir='ltr' id='par_1_86' title="bbox 2206 2430 3907 2503">
     <span class='ocr_line' id='line_1_86' title="bbox 2206 2430 3907 2503; baseline 0.002 -18"><span class='ocrx_word' id='word_1_632' title='bbox 2206 2430 2343 2503; x_wconf 90' lang='lat' dir='ltr'><strong>galii</strong></span> <span class='ocrx_word' id='word_1_633' title='bbox 2383 2431 2608 2502; x_wconf 85' lang='lat' dir='ltr'><strong>scripsit</strong></span> <span class='ocrx_word' id='word_1_634' title='bbox 2652 2430 3008 2501; x_wconf 85' lang='lat' dir='ltr'><strong>Augustinus</strong></span> <span class='ocrx_word' id='word_1_635' title='bbox 3057 2431 3128 2486; x_wconf 90' lang='lat' dir='ltr'><strong>ad</strong></span> <span class='ocrx_word' id='word_1_636' title='bbox 3172 2432 3542 2487; x_wconf 86' lang='lat' dir='ltr'><strong>Profuturum</strong></span> <span class='ocrx_word' id='word_1_637' title='bbox 3589 2433 3907 2488; x_wconf 87' lang='lat' dir='ltr'><strong>Cirtensem</strong></span> 
     </span>
    </p>
   </div>
   <div class='ocr_carea' id='block_1_87' title="bbox 2206 2520 3903 2593">
    <p class='ocr_par' dir='ltr' id='par_1_87' title="bbox 2206 2520 3903 2593">
     <span class='ocr_line' id='line_1_87' title="bbox 2206 2520 3903 2593; baseline 0.002 -19"><span class='ocrx_word' id='word_1_638' title='bbox 2206 2520 2555 2591; x_wconf 87' lang='lat' dir='ltr'><strong>episcopum,</strong></span> <span class='ocrx_word' id='word_1_639' title='bbox 2586 2524 2649 2575; x_wconf 89' lang='lat' dir='ltr'><strong>ut</strong></span> <span class='ocrx_word' id='word_1_640' title='bbox 2680 2520 2847 2574; x_wconf 85' lang='lat' dir='ltr'><strong>sciret</strong></span> <span class='ocrx_word' id='word_1_641' title='bbox 2876 2537 2947 2575; x_wconf 90' lang='lat' dir='ltr'><strong>an</strong></span> <span class='ocrx_word' id='word_1_642' title='bbox 2978 2537 3359 2576; x_wconf 90' lang='lat' dir='ltr'><strong>successorem</strong></span> <span class='ocrx_word' id='word_1_643' title='bbox 3389 2522 3448 2576; x_wconf 91' lang='lat' dir='ltr'><strong>in</strong></span> <span class='ocrx_word' id='word_1_644' title='bbox 3470 2522 3623 2577; x_wconf 88' lang='lat' dir='ltr'><strong>illius</strong></span> <span class='ocrx_word' id='word_1_645' title='bbox 3653 2523 3903 2593; x_wconf 86' lang='lat' dir='ltr'><strong>primatu</strong></span> 
     </span>
    </p>
   </div>
   <div class='ocr_carea' id='block_1_88' title="bbox 2204 2608 3906 2682">
    <p class='ocr_par' dir='ltr' id='par_1_88' title="bbox 2204 2608 3906 2682">
     <span class='ocr_line' id='line_1_88' title="bbox 2204 2608 3906 2682; baseline 0.004 -21"><span class='ocrx_word' id='word_1_646' title='bbox 2204 2608 2514 2663; x_wconf 87' lang='lat' dir='ltr'><strong>invenisset</strong></span> <span class='ocrx_word' id='word_1_647' title='bbox 2545 2625 2557 2663; x_wconf 89' lang='lat'>:</span> <span class='ocrx_word' id='word_1_648' title='bbox 2592 2609 2647 2664; x_wconf 87' lang='lat' dir='ltr'><strong>id</strong></span> <span class='ocrx_word' id='word_1_649' title='bbox 2687 2609 2843 2663; x_wconf 90' lang='lat' dir='ltr'><strong>enim</strong></span> <span class='ocrx_word' id='word_1_650' title='bbox 2873 2610 3254 2681; x_wconf 64' lang='lat' dir='ltr'><strong>quaesiturum</strong></span> <span class='ocrx_word' id='word_1_651' title='bbox 3292 2628 3350 2666; x_wconf 90' lang='lat' dir='ltr'><strong>se</strong></span> <span class='ocrx_word' id='word_1_652' title='bbox 3394 2612 3686 2682; x_wconf 87' lang='lat' dir='ltr'><strong>pollicitus</strong></span> <span class='ocrx_word' id='word_1_653' title='bbox 3723 2613 3906 2667; x_wconf 87' lang='lat' dir='ltr'><strong>fuerat</strong></span> 
     </span>
    </p>
   </div>
   <div class='ocr_carea' id='block_1_89' title="bbox 2206 2698 3907 2773">
    <p class='ocr_par' dir='ltr' id='par_1_89' title="bbox 2206 2698 3907 2773">
     <span class='ocr_line' id='line_1_89' title="bbox 2206 2698 3907 2773; baseline 0.003 -22"><span class='ocrx_word' id='word_1_654' title='bbox 2206 2699 2402 2769; x_wconf 83' lang='lat' dir='ltr'><strong>(Epist.</strong></span> <span class='ocrx_word' id='word_1_655' title='bbox 2436 2700 2523 2764; x_wconf 90' lang='lat'><strong>38,</strong></span> <span class='ocrx_word' id='word_1_656' title='bbox 2556 2714 2613 2752; x_wconf 79' lang='grc' dir='ltr'>η.</span> <span class='ocrx_word' id='word_1_657' title='bbox 2636 2700 2707 2766; x_wconf 87' lang='lat'><strong>2).</strong></span> <span class='ocrx_word' id='word_1_658' title='bbox 2740 2698 2827 2752; x_wconf 90' lang='lat' dir='ltr'><strong>Ad</strong></span> <span class='ocrx_word' id='word_1_659' title='bbox 2856 2699 3125 2753; x_wconf 89' lang='lat' dir='ltr'><strong>eumdem</strong></span> <span class='ocrx_word' id='word_1_660' title='bbox 3156 2700 3371 2768; x_wconf 91' lang='lat' dir='ltr'><strong>scribit,</strong></span> <span class='ocrx_word' id='word_1_661' title='bbox 3404 2718 3464 2755; x_wconf 92' lang='lat' dir='ltr'><strong>se</strong></span> <span class='ocrx_word' id='word_1_662' title='bbox 3492 2717 3613 2772; x_wconf 63' lang='lat' dir='ltr'><strong>prae</strong></span> <span class='ocrx_word' id='word_1_663' title='bbox 3643 2701 3907 2773; x_wconf 82' lang='lat' dir='ltr'><strong>rhagadis</strong></span> 
     </span>
    </p>
   </div>
   <div class='ocr_carea' id='block_1_90' title="bbox 2204 2786 3904 2859">
    <p class='ocr_par' dir='ltr' id='par_1_90' title="bbox 2204 2786 3904 2859">
     <span class='ocr_line' id='line_1_90' title="bbox 2204 2786 3904 2859; baseline 0.003 -18"><span class='ocrx_word' id='word_1_664' title='bbox 2204 2788 2291 2841; x_wconf 89' lang='lat' dir='ltr'><strong>vel</strong></span> <span class='ocrx_word' id='word_1_665' title='bbox 2321 2786 2622 2841; x_wconf 86' lang='lat' dir='ltr'><strong>exochadis</strong></span> <span class='ocrx_word' id='word_1_666' title='bbox 2651 2788 2845 2842; x_wconf 89' lang='lat' dir='ltr'><strong>dolore</strong></span> <span class='ocrx_word' id='word_1_667' title='bbox 2873 2804 2938 2842; x_wconf 91' lang='lat' dir='ltr'><strong>ac</strong></span> <span class='ocrx_word' id='word_1_668' title='bbox 2966 2793 3211 2855; x_wconf 90' lang='lat' dir='ltr'><strong>tumore,</strong></span> <span class='ocrx_word' id='word_1_669' title='bbox 3234 2805 3339 2844; x_wconf 92' lang='lat' dir='ltr'><strong>nec</strong></span> <span class='ocrx_word' id='word_1_670' title='bbox 3369 2791 3587 2854; x_wconf 91' lang='lat' dir='ltr'><strong>sedere,</strong></span> <span class='ocrx_word' id='word_1_671' title='bbox 3607 2806 3718 2845; x_wconf 90' lang='lat' dir='ltr'><strong>nec</strong></span> <span class='ocrx_word' id='word_1_672' title='bbox 3738 2796 3904 2859; x_wconf 84' lang='lat' dir='ltr'><strong>stare,</strong></span> 
     </span>
    </p>
   </div>
   <div class='ocr_carea' id='block_1_91' title="bbox 2204 2875 3907 2951">
    <p class='ocr_par' dir='ltr' id='par_1_91' title="bbox 2204 2875 3907 2951">
     <span class='ocr_line' id='line_1_91' title="bbox 2204 2875 3907 2951; baseline 0.003 -21"><span class='ocrx_word' id='word_1_673' title='bbox 2204 2891 2307 2930; x_wconf 91' lang='lat' dir='ltr'><strong>nec</strong></span> <span class='ocrx_word' id='word_1_674' title='bbox 2325 2875 2617 2929; x_wconf 88' lang='lat' dir='ltr'><strong>ambulare</strong></span> <span class='ocrx_word' id='word_1_675' title='bbox 2638 2892 2826 2946; x_wconf 90' lang='lat' dir='ltr'><strong>posse,</strong></span> <span class='ocrx_word' id='word_1_676' title='bbox 2847 2876 2945 2930; x_wconf 89' lang='lat' dir='ltr'><strong>sed</strong></span> <span class='ocrx_word' id='word_1_677' title='bbox 2969 2876 3115 2931; x_wconf 90' lang='lat' dir='ltr'><strong>lecto</strong></span> <span class='ocrx_word' id='word_1_678' title='bbox 3136 2877 3293 2949; x_wconf 85' lang='lat' dir='ltr'><strong>afﬁgi</strong></span> <span class='ocrx_word' id='word_1_679' title='bbox 3317 2894 3329 2932; x_wconf 94' lang='lat'>:</span> <span class='ocrx_word' id='word_1_680' title='bbox 3353 2878 3755 2946; x_wconf 88' lang='lat' dir='ltr'><strong>nihilominus,</strong></span> <span class='ocrx_word' id='word_1_681' title='bbox 3773 2896 3907 2951; x_wconf 88' lang='lat' dir='ltr'><strong>quo-</strong></span> 
     </span>
    </p>
   </div>
   <div class='ocr_carea' id='block_1_92' title="bbox 2202 2964 3902 3039">
    <p class='ocr_par' dir='ltr' id='par_1_92' title="bbox 2202 2964 3902 3039">
     <span class='ocr_line' id='line_1_92' title="bbox 2202 2964 3902 3039; baseline 0.002 -19"><span class='ocrx_word' id='word_1_682' title='bbox 2202 2964 2360 3020; x_wconf 89' lang='lat' dir='ltr'><strong>niam</strong></span> <span class='ocrx_word' id='word_1_683' title='bbox 2383 2964 2441 3019; x_wconf 92' lang='lat' dir='ltr'><strong>id</strong></span> <span class='ocrx_word' id='word_1_684' title='bbox 2472 2964 2713 3019; x_wconf 90' lang='lat' dir='ltr'><strong>Domino</strong></span> <span class='ocrx_word' id='word_1_685' title='bbox 2756 2966 3027 3036; x_wconf 89' lang='lat' dir='ltr'><strong>placeret,</strong></span> <span class='ocrx_word' id='word_1_686' title='bbox 3058 2982 3251 3021; x_wconf 89' lang='lat' dir='ltr'><strong>secum</strong></span> <span class='ocrx_word' id='word_1_687' title='bbox 3290 2968 3383 3039; x_wconf 91' lang='lat' dir='ltr'><strong>agi</strong></span> <span class='ocrx_word' id='word_1_688' title='bbox 3410 2968 3691 3039; x_wconf 65' lang='lat' dir='ltr'><strong>praeclare</strong></span> <span class='ocrx_word' id='word_1_689' title='bbox 3721 2969 3902 3039; x_wconf 62' lang='lat' dir='ltr'><strong>(Ibid,</strong></span> 
     </span>
    </p>
   </div>
   <div class='ocr_carea' id='block_1_93' title="bbox 2201 3054 3902 3128">
    <p class='ocr_par' dir='ltr' id='par_1_93' title="bbox 2201 3054 3902 3128">
     <span class='ocr_line' id='line_1_93' title="bbox 2201 3054 3902 3128; baseline 0.001 -18"><span class='ocrx_word' id='word_1_690' title='bbox 2201 3070 2262 3110; x_wconf 85' lang='grc' dir='ltr'>η.</span> <span class='ocrx_word' id='word_1_691' title='bbox 2301 3054 2373 3124; x_wconf 87' lang='grc'><strong>1).</strong></span> <span class='ocrx_word' id='word_1_692' title='bbox 2408 3055 2471 3108; x_wconf 93' lang='lat' dir='ltr'><strong>In</strong></span> <span class='ocrx_word' id='word_1_693' title='bbox 2503 3054 2703 3109; x_wconf 90' lang='lat' dir='ltr'><strong>eadem</strong></span> <span class='ocrx_word' id='word_1_694' title='bbox 2734 3054 2972 3126; x_wconf 88' lang='lat' dir='ltr'><strong>epistola</strong></span> <span class='ocrx_word' id='word_1_695' title='bbox 3001 3055 3172 3111; x_wconf 89' lang='lat' dir='ltr'><strong>habet</strong></span> <span class='ocrx_word' id='word_1_696' title='bbox 3200 3056 3370 3128; x_wconf 91' lang='lat' dir='ltr'><strong>longe</strong></span> <span class='ocrx_word' id='word_1_697' title='bbox 3411 3057 3809 3128; x_wconf 87' lang='lat' dir='ltr'><strong>pulcherrima</strong></span> <span class='ocrx_word' id='word_1_698' title='bbox 3838 3058 3902 3113; x_wconf 87' lang='lat' dir='ltr'><strong>de</strong></span> 
     </span>
    </p>
   </div>
   <div class='ocr_carea' id='block_1_94' title="bbox 2204 3142 3901 3218">
    <p class='ocr_par' dir='ltr' id='par_1_94' title="bbox 2204 3142 3901 3218">
     <span class='ocr_line' id='line_1_94' title="bbox 2204 3142 3901 3218; baseline 0.002 -19"><span class='ocrx_word' id='word_1_699' title='bbox 2204 3143 2407 3199; x_wconf 76' lang='lat' dir='ltr'><strong>affectu</strong></span> <span class='ocrx_word' id='word_1_700' title='bbox 2434 3142 2536 3197; x_wconf 81' lang='lat' dir='ltr'><strong>irae</strong></span> <span class='ocrx_word' id='word_1_701' title='bbox 2564 3143 2904 3212; x_wconf 91' lang='lat' dir='ltr'><strong>eohibendo,</strong></span> <span class='ocrx_word' id='word_1_702' title='bbox 2937 3160 3006 3199; x_wconf 88' lang='lat' dir='ltr'><strong>ne</strong></span> <span class='ocrx_word' id='word_1_703' title='bbox 3044 3145 3104 3199; x_wconf 92' lang='lat' dir='ltr'><strong>in</strong></span> <span class='ocrx_word' id='word_1_704' title='bbox 3133 3145 3331 3200; x_wconf 89' lang='lat' dir='ltr'><strong>odium</strong></span> <span class='ocrx_word' id='word_1_705' title='bbox 3370 3146 3686 3216; x_wconf 89' lang='lat' dir='ltr'><strong>degeneret</strong></span> <span class='ocrx_word' id='word_1_706' title='bbox 3716 3146 3901 3218; x_wconf 67' lang='lat' dir='ltr'><strong>(Ibid,</strong></span> 
     </span>
    </p>
   </div>
   <div class='ocr_carea' id='block_1_95' title="bbox 2202 3231 3905 3308">
    <p class='ocr_par' dir='ltr' id='par_1_95' title="bbox 2202 3231 3905 3308">
     <span class='ocr_line' id='line_1_95' title="bbox 2202 3231 3905 3308; baseline 0.002 -22"><span class='ocrx_word' id='word_1_707' title='bbox 2202 3248 2258 3287; x_wconf 80' lang='grc' dir='ltr'>η.</span> <span class='ocrx_word' id='word_1_708' title='bbox 2290 3232 2361 3302; x_wconf 89' lang='lat'><strong>2).</strong></span> <span class='ocrx_word' id='word_1_709' title='bbox 2391 3231 2513 3296; x_wconf 89' lang='lat' dir='ltr'><strong>Qua</strong></span> <span class='ocrx_word' id='word_1_710' title='bbox 2543 3232 2613 3287; x_wconf 93' lang='lat' dir='ltr'><strong>de</strong></span> <span class='ocrx_word' id='word_1_711' title='bbox 2643 3249 2704 3287; x_wconf 91' lang='lat' dir='ltr'><strong>re</strong></span> <span class='ocrx_word' id='word_1_712' title='bbox 2733 3233 2993 3288; x_wconf 90' lang='lat' dir='ltr'><strong>consulto</strong></span> <span class='ocrx_word' id='word_1_713' title='bbox 3021 3234 3296 3306; x_wconf 89' lang='lat' dir='ltr'><strong>loquitur,</strong></span> <span class='ocrx_word' id='word_1_714' title='bbox 3330 3235 3403 3290; x_wconf 92' lang='lat' dir='ltr'><strong>ob</strong></span> <span class='ocrx_word' id='word_1_715' title='bbox 3441 3235 3501 3290; x_wconf 90' lang='lat' dir='ltr'><strong>id</strong></span> <span class='ocrx_word' id='word_1_716' title='bbox 3531 3236 3692 3306; x_wconf 92' lang='lat' dir='ltr'><strong>quod</strong></span> <span class='ocrx_word' id='word_1_717' title='bbox 3721 3252 3905 3308; x_wconf 90' lang='lat' dir='ltr'><strong>nuper</strong></span> 
     </span>
    </p>
   </div>
   <div class='ocr_carea' id='block_1_96' title="bbox 2202 3320 3903 3399">
    <p class='ocr_par' dir='ltr' id='par_1_96' title="bbox 2202 3320 3903 3399">
     <span class='ocr_line' id='line_1_96' title="bbox 2202 3320 3903 3399; baseline 0.005 -25"><span class='ocrx_word' id='word_1_718' title='bbox 2202 3320 2312 3391; x_wconf 91' lang='lat' dir='ltr'><strong>ipsi</strong></span> <span class='ocrx_word' id='word_1_719' title='bbox 2338 3322 2674 3378; x_wconf 85' lang='lat' dir='ltr'><strong>Profuturus</strong></span> <span class='ocrx_word' id='word_1_720' title='bbox 2703 3323 2764 3378; x_wconf 93' lang='lat' dir='ltr'><strong>in</strong></span> <span class='ocrx_word' id='word_1_721' title='bbox 2787 3323 2993 3380; x_wconf 89' lang='lat' dir='ltr'><strong>itinere</strong></span> <span class='ocrx_word' id='word_1_722' title='bbox 3023 3326 3260 3381; x_wconf 83' lang='lat' dir='ltr'><strong>dixerat.</strong></span> <span class='ocrx_word' id='word_1_723' title='bbox 3295 3326 3503 3381; x_wconf 86' lang='lat' dir='ltr'><strong>Verum</strong></span> <span class='ocrx_word' id='word_1_724' title='bbox 3531 3326 3675 3399; x_wconf 90' lang='lat' dir='ltr'><strong>quid</strong></span> <span class='ocrx_word' id='word_1_725' title='bbox 3705 3326 3793 3382; x_wconf 88' lang='lat' dir='ltr'><strong>rei</strong></span> <span class='ocrx_word' id='word_1_726' title='bbox 3816 3328 3903 3393; x_wconf 86' lang='lat' dir='ltr'><strong>sil,</strong></span> 
     </span>
    </p>
   </div>
   <div class='ocr_carea' id='block_1_97' title="bbox 2202 3408 3901 3484">
    <p class='ocr_par' dir='ltr' id='par_1_97' title="bbox 2202 3408 3901 3484">
     <span class='ocr_line' id='line_1_97' title="bbox 2202 3408 3901 3484; baseline 0.004 -22"><span class='ocrx_word' id='word_1_727' title='bbox 2202 3408 2408 3479; x_wconf 91' lang='lat' dir='ltr'><strong>conjici</strong></span> <span class='ocrx_word' id='word_1_728' title='bbox 2432 3426 2547 3464; x_wconf 93' lang='lat' dir='ltr'><strong>non</strong></span> <span class='ocrx_word' id='word_1_729' title='bbox 2576 3414 2784 3481; x_wconf 89' lang='lat' dir='ltr'><strong>potest.</strong></span> <span class='ocrx_word' id='word_1_730' title='bbox 2816 3410 3050 3483; x_wconf 88' lang='lat' dir='ltr'><strong>Scripsit</strong></span> <span class='ocrx_word' id='word_1_731' title='bbox 3080 3413 3149 3467; x_wconf 89' lang='lat' dir='ltr'><strong>ad</strong></span> <span class='ocrx_word' id='word_1_732' title='bbox 3178 3413 3551 3468; x_wconf 87' lang='lat' dir='ltr'><strong>Profuturum</strong></span> <span class='ocrx_word' id='word_1_733' title='bbox 3580 3430 3692 3484; x_wconf 90' lang='lat' dir='ltr'><strong>per</strong></span> <span class='ocrx_word' id='word_1_734' title='bbox 3712 3415 3901 3469; x_wconf 89' lang='lat' dir='ltr'><strong>Victo-</strong></span> 
     </span>
    </p>
   </div>
   <div class='ocr_carea' id='block_1_98' title="bbox 2202 3498 3902 3573">
    <p class='ocr_par' dir='ltr' id='par_1_98' title="bbox 2202 3498 3902 3573">
     <span class='ocr_line' id='line_1_98' title="bbox 2202 3498 3902 3573; baseline 0.005 -23"><span class='ocrx_word' id='word_1_735' title='bbox 2202 3512 2344 3568; x_wconf 87' lang='lat' dir='ltr'><strong>rem,</strong></span> <span class='ocrx_word' id='word_1_736' title='bbox 2369 3498 2470 3570; x_wconf 85' lang='lat' dir='ltr'><strong>qui</strong></span> <span class='ocrx_word' id='word_1_737' title='bbox 2509 3500 2941 3555; x_wconf 86' lang='lat' dir='ltr'><strong>Constantinam</strong></span> <span class='ocrx_word' id='word_1_738' title='bbox 2979 3501 3265 3571; x_wconf 87' lang='lat' dir='ltr'><strong>petiturus</strong></span> <span class='ocrx_word' id='word_1_739' title='bbox 3296 3518 3429 3557; x_wconf 90' lang='lat' dir='ltr'><strong>eum</strong></span> <span class='ocrx_word' id='word_1_740' title='bbox 3455 3508 3902 3573; x_wconf 69' lang='lat' dir='ltr'><strong>praemonuerat.</strong></span> 
     </span>
    </p>
   </div>
   <div class='ocr_carea' id='block_1_99' title="bbox 2202 3586 3904 3663">
    <p class='ocr_par' dir='ltr' id='par_1_99' title="bbox 2202 3586 3904 3663">
     <span class='ocr_line' id='line_1_99' title="bbox 2202 3586 3904 3663; baseline 0.004 -23"><span class='ocrx_word' id='word_1_741' title='bbox 2202 3586 2632 3658; x_wconf 89' lang='lat' dir='ltr'><strong>Quapropterin</strong></span> <span class='ocrx_word' id='word_1_742' title='bbox 2655 3587 2895 3643; x_wconf 89' lang='lat' dir='ltr'><strong>dubium</strong></span> <span class='ocrx_word' id='word_1_743' title='bbox 2916 3590 3103 3643; x_wconf 83' lang='lat' dir='ltr'><strong>vocari</strong></span> <span class='ocrx_word' id='word_1_744' title='bbox 3125 3606 3242 3645; x_wconf 90' lang='lat' dir='ltr'><strong>non</strong></span> <span class='ocrx_word' id='word_1_745' title='bbox 3262 3595 3470 3662; x_wconf 85' lang='lat' dir='ltr'><strong>potest,</strong></span> <span class='ocrx_word' id='word_1_746' title='bbox 3485 3591 3631 3663; x_wconf 90' lang='lat' dir='ltr'><strong>quin</strong></span> <span class='ocrx_word' id='word_1_747' title='bbox 3654 3592 3764 3649; x_wconf 87' lang='lat' dir='ltr'><strong>iste</strong></span> <span class='ocrx_word' id='word_1_748' title='bbox 3779 3593 3904 3648; x_wconf 88' lang='lat' dir='ltr'><strong>Pro-</strong></span> 
     </span>
    </p>
   </div>
   <div class='ocr_carea' id='block_1_100' title="bbox 2199 3673 3905 3749">
    <p class='ocr_par' dir='ltr' id='par_1_100' title="bbox 2199 3673 3905 3749">
     <span class='ocr_line' id='line_1_100' title="bbox 2199 3673 3905 3749; baseline 0.004 -21"><span class='ocrx_word' id='word_1_749' title='bbox 2199 3674 2425 3729; x_wconf 89' lang='lat' dir='ltr'><strong>futurus</strong></span> <span class='ocrx_word' id='word_1_750' title='bbox 2453 3673 2547 3728; x_wconf 90' lang='lat' dir='ltr'><strong>ille</strong></span> <span class='ocrx_word' id='word_1_751' title='bbox 2576 3674 2698 3745; x_wconf 90' lang='lat' dir='ltr'><strong>ipse</strong></span> <span class='ocrx_word' id='word_1_752' title='bbox 2731 3674 2822 3743; x_wconf 90' lang='lat' dir='ltr'><strong>sit,</strong></span> <span class='ocrx_word' id='word_1_753' title='bbox 2858 3676 2958 3748; x_wconf 85' lang='lat' dir='ltr'><strong>qui</strong></span> <span class='ocrx_word' id='word_1_754' title='bbox 2989 3677 3125 3731; x_wconf 88' lang='lat' dir='ltr'><strong>alibi</strong></span> <span class='ocrx_word' id='word_1_755' title='bbox 3152 3679 3362 3749; x_wconf 89' lang='lat' dir='ltr'><strong>legitur</strong></span> <span class='ocrx_word' id='word_1_756' title='bbox 3388 3678 3562 3735; x_wconf 88' lang='lat' dir='ltr'><strong>fuisse</strong></span> <span class='ocrx_word' id='word_1_757' title='bbox 3593 3678 3769 3735; x_wconf 56' lang='lat' dir='ltr'><strong>tlirta‘.</strong></span> <span class='ocrx_word' id='word_1_758' title='bbox 3798 3680 3905 3735; x_wconf 85' lang='lat' dir='ltr'><strong>sive</strong></span> 
     </span>
    </p>
   </div>
   <div class='ocr_carea' id='block_1_101' title="bbox 2203 3763 3903 3839">
    <p class='ocr_par' dir='ltr' id='par_1_101' title="bbox 2203 3763 3903 3839">
     <span class='ocr_line' id='line_1_101' title="bbox 2203 3763 3903 3839; baseline 0.004 -22"><span class='ocrx_word' id='word_1_759' title='bbox 2203 3763 2586 3818; x_wconf 61' lang='lat' dir='ltr'><strong>Constantinus</strong></span> <span class='ocrx_word' id='word_1_760' title='bbox 2618 3763 2938 3835; x_wconf 88' lang='lat' dir='ltr'><strong>episcopus.</strong></span> <span class='ocrx_word' id='word_1_761' title='bbox 2971 3766 3155 3837; x_wconf 86' lang='lat' dir='ltr'><strong>Rogat</strong></span> <span class='ocrx_word' id='word_1_762' title='bbox 3171 3782 3303 3821; x_wconf 91' lang='lat' dir='ltr'><strong>eum</strong></span> <span class='ocrx_word' id='word_1_763' title='bbox 3328 3767 3708 3839; x_wconf 81' lang='lat' dir='ltr'><strong>Augustinus,</strong></span> <span class='ocrx_word' id='word_1_764' title='bbox 3736 3768 3903 3824; x_wconf 85' lang='lat' dir='ltr'><strong>utVi-</strong></span> 
     </span>
    </p>
   </div>
   <div class='ocr_carea' id='block_1_102' title="bbox 2202 3853 3905 3929">
    <p class='ocr_par' dir='ltr' id='par_1_102' title="bbox 2202 3853 3905 3929">
     <span class='ocr_line' id='line_1_102' title="bbox 2202 3853 3905 3929; baseline 0.005 -24"><span class='ocrx_word' id='word_1_765' title='bbox 2202 3856 2322 3905; x_wconf 87' lang='lat' dir='ltr'><strong>ctor</strong></span> <span class='ocrx_word' id='word_1_766' title='bbox 2349 3868 2452 3923; x_wconf 86' lang='lat' dir='ltr'><strong>per</strong></span> <span class='ocrx_word' id='word_1_767' title='bbox 2482 3853 2873 3909; x_wconf 89' lang='lat' dir='ltr'><strong>Calamensem</strong></span> <span class='ocrx_word' id='word_1_768' title='bbox 2900 3853 3186 3910; x_wconf 89' lang='lat' dir='ltr'><strong>civitatem</strong></span> <span class='ocrx_word' id='word_1_769' title='bbox 3215 3862 3431 3911; x_wconf 89' lang='lat' dir='ltr'><strong>remeet</strong></span> <span class='ocrx_word' id='word_1_770' title='bbox 3461 3856 3558 3927; x_wconf 91' lang='lat' dir='ltr'><strong>(sic</strong></span> <span class='ocrx_word' id='word_1_771' title='bbox 3590 3857 3755 3912; x_wconf 88' lang='lat' dir='ltr'><strong>enim</strong></span> <span class='ocrx_word' id='word_1_772' title='bbox 3782 3873 3905 3929; x_wconf 59' lang='lat' dir='ltr'><strong>pro</strong></span> 
     </span>
    </p>
   </div>
   <div class='ocr_carea' id='block_1_103' title="bbox 2201 3940 3901 4016">
    <p class='ocr_par' dir='ltr' id='par_1_103' title="bbox 2201 3940 3901 4016">
     <span class='ocr_line' id='line_1_103' title="bbox 2201 3940 3901 4016; baseline 0.005 -22"><span class='ocrx_word' id='word_1_773' title='bbox 2201 3940 2477 4011; x_wconf 89' lang='lat' dir='ltr'><strong>miserat),</strong></span> <span class='ocrx_word' id='word_1_774' title='bbox 2502 3941 2575 3996; x_wconf 92' lang='lat' dir='ltr'><strong>ob</strong></span> <span class='ocrx_word' id='word_1_775' title='bbox 2601 3942 2898 4013; x_wconf 90' lang='lat' dir='ltr'><strong>negotium</strong></span> <span class='ocrx_word' id='word_1_776' title='bbox 2916 3943 3079 4015; x_wconf 89' lang='lat' dir='ltr'><strong>cujus</strong></span> <span class='ocrx_word' id='word_1_777' title='bbox 3106 3943 3227 4016; x_wconf 90' lang='lat' dir='ltr'><strong>ipse</strong></span> <span class='ocrx_word' id='word_1_778' title='bbox 3253 3944 3520 4000; x_wconf 90' lang='lat' dir='ltr'><strong>notitiam</strong></span> <span class='ocrx_word' id='word_1_779' title='bbox 3546 3946 3812 4015; x_wconf 86' lang='lat' dir='ltr'><strong>haberet,</strong></span> <span class='ocrx_word' id='word_1_780' title='bbox 3837 3947 3901 4002; x_wconf 87' lang='lat' dir='ltr'><strong>de</strong></span> 
     </span>
    </p>
   </div>
   <div class='ocr_carea' id='block_1_104' title="bbox 2198 4030 3897 4105">
    <p class='ocr_par' dir='ltr' id='par_1_104' title="bbox 2198 4030 3897 4105">
     <span class='ocr_line' id='line_1_104' title="bbox 2198 4030 3897 4105; baseline 0.005 -23"><span class='ocrx_word' id='word_1_781' title='bbox 2198 4045 2313 4100; x_wconf 86' lang='lat' dir='ltr'><strong>quo</strong></span> <span class='ocrx_word' id='word_1_782' title='bbox 2344 4045 2376 4083; x_wconf 88' lang='lat' dir='ltr'><strong>a</strong></span> <span class='ocrx_word' id='word_1_783' title='bbox 2417 4030 2677 4085; x_wconf 88' lang='lat' dir='ltr'><strong>Nectario</strong></span> <span class='ocrx_word' id='word_1_784' title='bbox 2719 4032 2934 4102; x_wconf 88' lang='lat' dir='ltr'><strong>majore</strong></span> <span class='ocrx_word' id='word_1_785' title='bbox 2975 4033 3349 4088; x_wconf 89' lang='lat' dir='ltr'><strong>vehementer</strong></span> <span class='ocrx_word' id='word_1_786' title='bbox 3396 4040 3727 4105; x_wconf 90' lang='lat' dir='ltr'><strong>urgeretur.</strong></span> <span class='ocrx_word' id='word_1_787' title='bbox 3758 4035 3897 4101; x_wconf 89' lang='lat' dir='ltr'><strong>Quid</strong></span> 
     </span>
    </p>
   </div>
   <div class='ocr_carea' id='block_1_105' title="bbox 2194 4115 3900 4196">
    <p class='ocr_par' dir='ltr' id='par_1_105' title="bbox 2194 4115 3900 4196">
     <span class='ocr_line' id='line_1_105' title="bbox 2194 4115 3900 4196; baseline 0.004 -27"><span class='ocrx_word' id='word_1_788' title='bbox 2194 4115 2336 4170; x_wconf 89' lang='lat' dir='ltr'><strong>illud</strong></span> <span class='ocrx_word' id='word_1_789' title='bbox 2361 4116 2554 4185; x_wconf 88' lang='lat' dir='ltr'><strong>fuerit,</strong></span> <span class='ocrx_word' id='word_1_790' title='bbox 2587 4134 2703 4173; x_wconf 93' lang='lat' dir='ltr'><strong>non</strong></span> <span class='ocrx_word' id='word_1_791' title='bbox 2721 4120 2920 4191; x_wconf 87' lang='lat' dir='ltr'><strong>liquet.</strong></span> <span class='ocrx_word' id='word_1_792' title='bbox 2950 4122 3338 4193; x_wconf 85' lang='lat' dir='ltr'><strong>Augustinum</strong></span> <span class='ocrx_word' id='word_1_793' title='bbox 3353 4123 3551 4194; x_wconf 89' lang='lat' dir='ltr'><strong>paucis</strong></span> <span class='ocrx_word' id='word_1_794' title='bbox 3580 4130 3714 4196; x_wconf 89' lang='lat' dir='ltr'><strong>post</strong></span> <span class='ocrx_word' id='word_1_795' title='bbox 3741 4125 3900 4180; x_wconf 84' lang='lat' dir='ltr'><strong>annis</strong></span> 
     </span>
    </p>
   </div>
   <div class='ocr_carea' id='block_1_106' title="bbox 2196 4205 3891 4283">
    <p class='ocr_par' dir='ltr' id='par_1_106' title="bbox 2196 4205 3891 4283">
     <span class='ocr_line' id='line_1_106' title="bbox 2196 4205 3891 4283; baseline 0.006 -25"><span class='ocrx_word' id='word_1_796' title='bbox 2196 4205 2485 4276; x_wconf 88' lang='lat' dir='ltr'><strong>scripsisse</strong></span> <span class='ocrx_word' id='word_1_797' title='bbox 2523 4206 2845 4263; x_wconf 90' lang='lat' dir='ltr'><strong>videbimus</strong></span> <span class='ocrx_word' id='word_1_798' title='bbox 2873 4209 2945 4263; x_wconf 91' lang='lat' dir='ltr'><strong>ad</strong></span> <span class='ocrx_word' id='word_1_799' title='bbox 2980 4210 3306 4265; x_wconf 86' lang='lat' dir='ltr'><strong>Nectarium</strong></span> <span class='ocrx_word' id='word_1_800' title='bbox 3337 4214 3533 4283; x_wconf 86' lang='lat' dir='ltr'><strong>(Epist.</strong></span> <span class='ocrx_word' id='word_1_801' title='bbox 3568 4214 3681 4283; x_wconf 87' lang='lat' dir='ltr'><strong>9l),</strong></span> <span class='ocrx_word' id='word_1_802' title='bbox 3714 4229 3891 4270; x_wconf 86' lang='lat' dir='ltr'><strong>unum</strong></span> 
     </span>
    </p>
   </div>
   <div class='ocr_carea' id='block_1_107' title="bbox 2194 4295 3894 4373">
    <p class='ocr_par' dir='ltr' id='par_1_107' title="bbox 2194 4295 3894 4373">
     <span class='ocr_line' id='line_1_107' title="bbox 2194 4295 3894 4373; baseline 0.006 -26"><span class='ocrx_word' id='word_1_803' title='bbox 2194 4309 2224 4347; x_wconf 92' lang='lat' dir='ltr'><strong>e</strong></span> <span class='ocrx_word' id='word_1_804' title='bbox 2244 4295 2488 4349; x_wconf 65' lang='lat' dir='ltr'><strong>Calamus</strong></span> <span class='ocrx_word' id='word_1_805' title='bbox 2504 4296 2876 4368; x_wconf 86' lang='lat' dir='ltr'><strong>primoribus,</strong></span> <span class='ocrx_word' id='word_1_806' title='bbox 2898 4298 3207 4355; x_wconf 91' lang='lat' dir='ltr'><strong>admodum</strong></span> <span class='ocrx_word' id='word_1_807' title='bbox 3227 4304 3393 4355; x_wconf 55' lang='lat' dir='ltr'><strong>aetate</strong></span> <span class='ocrx_word' id='word_1_808' title='bbox 3417 4307 3780 4373; x_wconf 86' lang='lat' dir='ltr'><strong>provectum,</strong></span> <span class='ocrx_word' id='word_1_809' title='bbox 3805 4302 3894 4357; x_wconf 84' lang='lat' dir='ltr'><strong>sed</strong></span> 
     </span>
    </p>
   </div>
   <div class='ocr_carea' id='block_1_108' title="bbox 2192 4386 3902 4460">
    <p class='ocr_par' dir='ltr' id='par_1_108' title="bbox 2192 4386 3902 4460">
     <span class='ocr_line' id='line_1_108' title="bbox 2192 4386 3902 4460; baseline 0.005 -24"><span class='ocrx_word' id='word_1_810' title='bbox 2192 4399 2499 4455; x_wconf 86' lang='lat' dir='ltr'><strong>paganum,</strong></span> <span class='ocrx_word' id='word_1_811' title='bbox 2514 4386 2773 4456; x_wconf 89' lang='lat' dir='ltr'><strong>quamvis</strong></span> <span class='ocrx_word' id='word_1_812' title='bbox 2786 4386 2938 4442; x_wconf 89' lang='lat' dir='ltr'><strong>illius</strong></span> <span class='ocrx_word' id='word_1_813' title='bbox 2950 4393 3115 4460; x_wconf 89' lang='lat' dir='ltr'><strong>pater</strong></span> <span class='ocrx_word' id='word_1_814' title='bbox 3125 4389 3495 4445; x_wconf 78' lang='lat' dir='ltr'><strong>christianum</strong></span> <span class='ocrx_word' id='word_1_815' title='bbox 3508 4391 3684 4447; x_wconf 82' lang='lat' dir='ltr'><strong>fidem</strong></span> <span class='ocrx_word' id='word_1_816' title='bbox 3700 4392 3902 4446; x_wconf 83' lang='lat' dir='ltr'><strong>fuisset</strong></span> 
     </span>
    </p>
   </div>
   <div class='ocr_carea' id='block_1_109' title="bbox 2189 4473 3895 4551">
    <p class='ocr_par' dir='ltr' id='par_1_109' title="bbox 2189 4473 3895 4551">
     <span class='ocr_line' id='line_1_109' title="bbox 2189 4473 3895 4551; baseline 0.005 -26"><span class='ocrx_word' id='word_1_817' title='bbox 2189 4473 2497 4543; x_wconf 89' lang='lat' dir='ltr'><strong>professus.</strong></span> <span class='ocrx_word' id='word_1_818' title='bbox 2531 4474 2820 4544; x_wconf 81' lang='lat' dir='ltr'><strong>Megalius,</strong></span> <span class='ocrx_word' id='word_1_819' title='bbox 2854 4480 2917 4531; x_wconf 89' lang='lat' dir='ltr'><strong>ut</strong></span> <span class='ocrx_word' id='word_1_820' title='bbox 2943 4476 3209 4541; x_wconf 87' lang='lat' dir='ltr'><strong>diximus,</strong></span> <span class='ocrx_word' id='word_1_821' title='bbox 3242 4479 3591 4534; x_wconf 88' lang='lat' dir='ltr'><strong>Calamensis</strong></span> <span class='ocrx_word' id='word_1_822' title='bbox 3623 4486 3748 4537; x_wconf 86' lang='lat' dir='ltr'><strong>erat</strong></span> <span class='ocrx_word' id='word_1_823' title='bbox 3776 4481 3895 4551; x_wconf 86' lang='lat' dir='ltr'><strong>epi-</strong></span> 
     </span>
    </p>
   </div>
   <div class='ocr_carea' id='block_1_110' title="bbox 2190 4562 3899 4640">
    <p class='ocr_par' dir='ltr' id='par_1_110' title="bbox 2190 4562 3899 4640">
     <span class='ocr_line' id='line_1_110' title="bbox 2190 4562 3899 4640; baseline 0.005 -27"><span class='ocrx_word' id='word_1_824' title='bbox 2190 4577 2393 4631; x_wconf 89' lang='lat' dir='ltr'><strong>scopus</strong></span> <span class='ocrx_word' id='word_1_825' title='bbox 2409 4578 2422 4629; x_wconf 93' lang='lat'><strong>;</strong></span> <span class='ocrx_word' id='word_1_826' title='bbox 2438 4562 2692 4633; x_wconf 89' lang='lat' dir='ltr'><strong>adeoque</strong></span> <span class='ocrx_word' id='word_1_827' title='bbox 2713 4563 2796 4618; x_wconf 90' lang='lat' dir='ltr'><strong>illi</strong></span> <span class='ocrx_word' id='word_1_828' title='bbox 2810 4565 3100 4621; x_wconf 91' lang='lat' dir='ltr'><strong>Possidius</strong></span> <span class='ocrx_word' id='word_1_829' title='bbox 3120 4567 3429 4639; x_wconf 88' lang='lat' dir='ltr'><strong>Augustini</strong></span> <span class='ocrx_word' id='word_1_830' title='bbox 3442 4568 3763 4640; x_wconf 88' lang='lat' dir='ltr'><strong>discipulus</strong></span> <span class='ocrx_word' id='word_1_831' title='bbox 3781 4584 3899 4622; x_wconf 50' lang='lat' dir='ltr'><strong>suc.</strong></span> 
     </span>
    </p>
   </div>
   <div class='ocr_carea' id='block_1_111' title="bbox 2189 4652 3895 4714">
    <p class='ocr_par' dir='ltr' id='par_1_111' title="bbox 2189 4652 3895 4714">
     <span class='ocr_line' id='line_1_111' title="bbox 2189 4652 3895 4714; baseline 0.005 -11"><span class='ocrx_word' id='word_1_832' title='bbox 2189 4652 2417 4706; x_wconf 87' lang='lat' dir='ltr'><strong>cesserit</strong></span> <span class='ocrx_word' id='word_1_833' title='bbox 2447 4667 2676 4706; x_wconf 89' lang='lat' dir='ltr'><strong>necesse</strong></span> <span class='ocrx_word' id='word_1_834' title='bbox 2702 4657 2785 4707; x_wconf 87' lang='lat' dir='ltr'><strong>est</strong></span> <span class='ocrx_word' id='word_1_835' title='bbox 2818 4670 2830 4708; x_wconf 90' lang='lat'><strong>:</strong></span> <span class='ocrx_word' id='word_1_836' title='bbox 2863 4671 2999 4710; x_wconf 89' lang='lat' dir='ltr'><strong>eum</strong></span> <span class='ocrx_word' id='word_1_837' title='bbox 3024 4655 3180 4712; x_wconf 90' lang='lat' dir='ltr'><strong>enim</strong></span> <span class='ocrx_word' id='word_1_838' title='bbox 3217 4657 3413 4712; x_wconf 90' lang='lat' dir='ltr'><strong>sedem</strong></span> <span class='ocrx_word' id='word_1_839' title='bbox 3442 4657 3592 4712; x_wconf 87' lang='lat' dir='ltr'><strong>hanc</strong></span> <span class='ocrx_word' id='word_1_840' title='bbox 3632 4659 3895 4714; x_wconf 87' lang='lat' dir='ltr'><strong>laborum</strong></span> 
     </span>
    </p>
   </div>
   <div class='ocr_carea' id='block_1_112' title="bbox 2189 4740 3895 4815">
    <p class='ocr_par' dir='ltr' id='par_1_112' title="bbox 2189 4740 3895 4815">
     <span class='ocr_line' id='line_1_112' title="bbox 2189 4740 3895 4815; baseline 0.004 -23"><span class='ocrx_word' id='word_1_841' title='bbox 2189 4755 2425 4794; x_wconf 91' lang='lat' dir='ltr'><strong>suorum</strong></span> <span class='ocrx_word' id='word_1_842' title='bbox 2454 4745 2510 4795; x_wconf 88' lang='lat' dir='ltr'><strong>et</strong></span> <span class='ocrx_word' id='word_1_843' title='bbox 2537 4740 2891 4797; x_wconf 87' lang='lat' dir='ltr'><strong>fortitudinis</strong></span> <span class='ocrx_word' id='word_1_844' title='bbox 2916 4744 3098 4815; x_wconf 92' lang='lat' dir='ltr'><strong>gloria</strong></span> <span class='ocrx_word' id='word_1_845' title='bbox 3122 4744 3506 4801; x_wconf 88' lang='lat' dir='ltr'><strong>illustrantem</strong></span> <span class='ocrx_word' id='word_1_846' title='bbox 3532 4746 3784 4802; x_wconf 86' lang='lat' dir='ltr'><strong>subinde</strong></span> <span class='ocrx_word' id='word_1_847' title='bbox 3816 4744 3895 4799; x_wconf 80' lang='lat' dir='ltr'><strong>vi-</strong></span> 
     </span>
    </p>
   </div>
   <div class='ocr_carea' id='block_1_113' title="bbox 2189 4827 3898 4903">
    <p class='ocr_par' dir='ltr' id='par_1_113' title="bbox 2189 4827 3898 4903">
     <span class='ocr_line' id='line_1_113' title="bbox 2189 4827 3898 4903; baseline 0.004 -22"><span class='ocrx_word' id='word_1_848' title='bbox 2189 4827 2469 4885; x_wconf 88' lang='lat' dir='ltr'><strong>debimus.</strong></span> <span class='ocrx_word' id='word_1_849' title='bbox 2504 4829 2842 4901; x_wconf 87' lang='lat' dir='ltr'><strong>Quanquam</strong></span> <span class='ocrx_word' id='word_1_850' title='bbox 2873 4837 3099 4903; x_wconf 89' lang='lat' dir='ltr'><strong>oportet</strong></span> <span class='ocrx_word' id='word_1_851' title='bbox 3135 4834 3531 4891; x_wconf 89' lang='lat' dir='ltr'><strong>Calamensem</strong></span> <span class='ocrx_word' id='word_1_852' title='bbox 3569 4836 3774 4891; x_wconf 90' lang='lat' dir='ltr'><strong>sedem</strong></span> <span class='ocrx_word' id='word_1_853' title='bbox 3801 4837 3898 4890; x_wconf 84' lang='lat' dir='ltr'><strong>aut</strong></span> 
     </span>
    </p>
   </div>
   <div class='ocr_carea' id='block_1_114' title="bbox 2187 4917 3899 4996">
    <p class='ocr_par' dir='ltr' id='par_1_114' title="bbox 2187 4917 3899 4996">
     <span class='ocr_line' id='line_1_114' title="bbox 2187 4917 3899 4996; baseline 0.004 -25"><span class='ocrx_word' id='word_1_854' title='bbox 2187 4917 2523 4989; x_wconf 89' lang='lat' dir='ltr'><strong>aliquandiu</strong></span> <span class='ocrx_word' id='word_1_855' title='bbox 2549 4934 2773 4975; x_wconf 87' lang='lat' dir='ltr'><strong>vacasse</strong></span> <span class='ocrx_word' id='word_1_856' title='bbox 2799 4925 2927 4991; x_wconf 88' lang='lat' dir='ltr'><strong>post</strong></span> <span class='ocrx_word' id='word_1_857' title='bbox 2958 4923 3284 4994; x_wconf 86' lang='lat' dir='ltr'><strong>Megalium,</strong></span> <span class='ocrx_word' id='word_1_858' title='bbox 3308 4929 3407 4980; x_wconf 88' lang='lat' dir='ltr'><strong>aut</strong></span> <span class='ocrx_word' id='word_1_859' title='bbox 3434 4924 3775 4996; x_wconf 91' lang='lat' dir='ltr'><strong>episcopum</strong></span> <span class='ocrx_word' id='word_1_860' title='bbox 3798 4925 3899 4979; x_wconf 84' lang='lat' dir='ltr'><strong>ha-</strong></span> 
     </span>
    </p>
   </div>
   <div class='ocr_carea' id='block_1_115' title="bbox 2184 5006 3893 5082">
    <p class='ocr_par' dir='ltr' id='par_1_115' title="bbox 2184 5006 3893 5082">
     <span class='ocr_line' id='line_1_115' title="bbox 2184 5006 3893 5082; baseline 0.004 -21"><span class='ocrx_word' id='word_1_861' title='bbox 2184 5006 2376 5061; x_wconf 90' lang='lat' dir='ltr'><strong>buisse</strong></span> <span class='ocrx_word' id='word_1_862' title='bbox 2406 5007 2475 5061; x_wconf 91' lang='lat' dir='ltr'><strong>ad</strong></span> <span class='ocrx_word' id='word_1_863' title='bbox 2520 5008 2812 5064; x_wconf 89' lang='lat' dir='ltr'><strong>modicum</strong></span> <span class='ocrx_word' id='word_1_864' title='bbox 2865 5015 3092 5082; x_wconf 89' lang='lat' dir='ltr'><strong>tempus</strong></span> <span class='ocrx_word' id='word_1_865' title='bbox 3133 5012 3311 5069; x_wconf 88' lang='lat' dir='ltr'><strong>alium</strong></span> <span class='ocrx_word' id='word_1_866' title='bbox 3362 5030 3396 5069; x_wconf 90' lang='lat' dir='ltr'><strong>a</strong></span> <span class='ocrx_word' id='word_1_867' title='bbox 3434 5014 3718 5069; x_wconf 87' lang='lat' dir='ltr'><strong>Possidio.</strong></span> <span class='ocrx_word' id='word_1_868' title='bbox 3753 5015 3893 5069; x_wconf 83' lang='lat' dir='ltr'><strong>Nam</strong></span> 
     </span>
    </p>
   </div>
   <div class='ocr_carea' id='block_1_116' title="bbox 2185 5095 3893 5175">
    <p class='ocr_par' dir='ltr' id='par_1_116' title="bbox 2185 5095 3893 5175">
     <span class='ocr_line' id='line_1_116' title="bbox 2185 5095 3893 5175; baseline 0.004 -26"><span class='ocrx_word' id='word_1_869' title='bbox 2185 5095 2473 5151; x_wconf 90' lang='lat' dir='ltr'><strong>Profuturi</strong></span> <span class='ocrx_word' id='word_1_870' title='bbox 2497 5097 2752 5169; x_wconf 90' lang='lat' dir='ltr'><strong>episcopi</strong></span> <span class='ocrx_word' id='word_1_871' title='bbox 2783 5099 3050 5154; x_wconf 89' lang='lat' dir='ltr'><strong>Cirtensis</strong></span> <span class='ocrx_word' id='word_1_872' title='bbox 3076 5101 3149 5156; x_wconf 89' lang='lat' dir='ltr'><strong>ad</strong></span> <span class='ocrx_word' id='word_1_873' title='bbox 3179 5118 3353 5173; x_wconf 90' lang='lat' dir='ltr'><strong>quem</strong></span> <span class='ocrx_word' id='word_1_874' title='bbox 3380 5102 3620 5175; x_wconf 77' lang='lat' dir='ltr'><strong>Megalio</strong></span> <span class='ocrx_word' id='word_1_875' title='bbox 3646 5104 3772 5174; x_wconf 85' lang='lat' dir='ltr'><strong>jam</strong></span> <span class='ocrx_word' id='word_1_876' title='bbox 3793 5103 3893 5158; x_wconf 89' lang='lat' dir='ltr'><strong>de-</strong></span> 
     </span>
    </p>
   </div>
   <div class='ocr_carea' id='block_1_117' title="bbox 2183 5184 3895 5259">
    <p class='ocr_par' dir='ltr' id='par_1_117' title="bbox 2183 5184 3895 5259">
     <span class='ocr_line' id='line_1_117' title="bbox 2183 5184 3895 5259; baseline 0.002 -19"><span class='ocrx_word' id='word_1_877' title='bbox 2183 5184 2378 5240; x_wconf 89' lang='lat' dir='ltr'><strong>functo</strong></span> <span class='ocrx_word' id='word_1_878' title='bbox 2407 5186 2553 5241; x_wconf 70' lang='lat' dir='ltr'><strong>data:</strong></span> <span class='ocrx_word' id='word_1_879' title='bbox 2582 5193 2714 5241; x_wconf 89' lang='lat' dir='ltr'><strong>sunt</strong></span> <span class='ocrx_word' id='word_1_880' title='bbox 2738 5188 2808 5242; x_wconf 91' lang='lat' dir='ltr'><strong>ab</strong></span> <span class='ocrx_word' id='word_1_881' title='bbox 2833 5188 3155 5259; x_wconf 83' lang='lat' dir='ltr'><strong>Augustino</strong></span> <span class='ocrx_word' id='word_1_882' title='bbox 3177 5191 3405 5259; x_wconf 66' lang='lat' dir='ltr'><strong>litterae,</strong></span> <span class='ocrx_word' id='word_1_883' title='bbox 3437 5207 3733 5247; x_wconf 88' lang='lat' dir='ltr'><strong>successor</strong></span> <span class='ocrx_word' id='word_1_884' title='bbox 3761 5192 3895 5247; x_wconf 82' lang='lat' dir='ltr'><strong>For-</strong></span> 
     </span>
    </p>
   </div>
   <div class='ocr_carea' id='block_1_118' title="bbox 2183 5274 3890 5352">
    <p class='ocr_par' dir='ltr' id='par_1_118' title="bbox 2183 5274 3890 5352">
     <span class='ocr_line' id='line_1_118' title="bbox 2183 5274 3890 5352; baseline 0.004 -24"><span class='ocrx_word' id='word_1_885' title='bbox 2183 5277 2416 5329; x_wconf 85' lang='lat' dir='ltr'><strong>tunatus</strong></span> <span class='ocrx_word' id='word_1_886' title='bbox 2445 5274 2507 5330; x_wconf 92' lang='lat' dir='ltr'><strong>in</strong></span> <span class='ocrx_word' id='word_1_887' title='bbox 2545 5276 2823 5332; x_wconf 88' lang='lat' dir='ltr'><strong>Africanis</strong></span> <span class='ocrx_word' id='word_1_888' title='bbox 2861 5277 3077 5352; x_wconf 89' lang='lat' dir='ltr'><strong>ubique</strong></span> <span class='ocrx_word' id='word_1_889' title='bbox 3104 5280 3357 5336; x_wconf 89' lang='lat' dir='ltr'><strong>conciliis</strong></span> <span class='ocrx_word' id='word_1_890' title='bbox 3394 5284 3529 5336; x_wconf 87' lang='lat' dir='ltr'><strong>ante</strong></span> <span class='ocrx_word' id='word_1_891' title='bbox 3565 5280 3890 5337; x_wconf 89' lang='lat' dir='ltr'><strong>Possidium</strong></span> 
     </span>
    </p>
   </div>
   <div class='ocr_carea' id='block_1_119' title="bbox 2181 5362 2512 5420">
    <p class='ocr_par' dir='ltr' id='par_1_119' title="bbox 2181 5362 2512 5420">
     <span class='ocr_line' id='line_1_119' title="bbox 2181 5362 2512 5420; baseline 0.009 -4"><span class='ocrx_word' id='word_1_892' title='bbox 2181 5362 2512 5420; x_wconf 89' lang='lat' dir='ltr'><strong>collocatur.</strong></span> 
     </span>
    </p>
   </div>
   <div class='ocr_carea' id='block_1_120' title="bbox 2249 5452 3889 5531">
    <p class='ocr_par' dir='ltr' id='par_1_120' title="bbox 2249 5452 3889 5531">
     <span class='ocr_line' id='line_1_120' title="bbox 2249 5452 3889 5531; baseline 0.005 -25"><span class='ocrx_word' id='word_1_893' title='bbox 2249 5454 2302 5507; x_wconf 88' lang='lat'><strong>2.</strong></span> <span class='ocrx_word' id='word_1_894' title='bbox 2336 5452 2451 5508; x_wconf 85' lang='lat' dir='ltr'><strong>Hoc</strong></span> <span class='ocrx_word' id='word_1_895' title='bbox 2479 5452 2604 5525; x_wconf 90' lang='lat' dir='ltr'><strong>ipso</strong></span> <span class='ocrx_word' id='word_1_896' title='bbox 2642 5470 2813 5525; x_wconf 89' lang='lat' dir='ltr'><strong>anno,</strong></span> <span class='ocrx_word' id='word_1_897' title='bbox 2843 5460 2911 5512; x_wconf 89' lang='lat' dir='ltr'><strong>ut</strong></span> <span class='ocrx_word' id='word_1_898' title='bbox 2936 5456 3184 5527; x_wconf 87' lang='lat' dir='ltr'><strong>videtur,</strong></span> <span class='ocrx_word' id='word_1_899' title='bbox 3218 5457 3623 5530; x_wconf 81' lang='lat' dir='ltr'><strong>Hieronymus,</strong></span> <span class='ocrx_word' id='word_1_900' title='bbox 3657 5458 3760 5531; x_wconf 90' lang='lat' dir='ltr'><strong>qui</strong></span> <span class='ocrx_word' id='word_1_901' title='bbox 3785 5470 3889 5530; x_wconf 80' lang='lat' dir='ltr'><strong>per</strong></span> 
     </span>
    </p>
   </div>
   <div class='ocr_carea' id='block_1_121' title="bbox 2180 5539 3887 5621">
    <p class='ocr_par' dir='ltr' id='par_1_121' title="bbox 2180 5539 3887 5621">
     <span class='ocr_line' id='line_1_121' title="bbox 2180 5539 3887 5621; baseline 0.005 -25"><span class='ocrx_word' id='word_1_902' title='bbox 2180 5539 2468 5599; x_wconf 85' lang='lat' dir='ltr'><strong>Asterium</strong></span> <span class='ocrx_word' id='word_1_903' title='bbox 2498 5558 2651 5601; x_wconf 86' lang='lat' dir='ltr'><strong>anno</strong></span> <span class='ocrx_word' id='word_1_904' title='bbox 2682 5545 2967 5618; x_wconf 85' lang='lat' dir='ltr'><strong>superiori</strong></span> <span class='ocrx_word' id='word_1_905' title='bbox 3000 5546 3222 5606; x_wconf 88' lang='lat' dir='ltr'><strong>litteras</strong></span> <span class='ocrx_word' id='word_1_906' title='bbox 3258 5548 3333 5605; x_wconf 88' lang='lat' dir='ltr'><strong>ad</strong></span> <span class='ocrx_word' id='word_1_907' title='bbox 3360 5548 3755 5621; x_wconf 87' lang='lat' dir='ltr'><strong>Augustinum</strong></span> <span class='ocrx_word' id='word_1_908' title='bbox 3792 5544 3887 5604; x_wconf 70' lang='lat' dir='ltr'><strong>mi</strong></span> 
     </span>
    </p>
   </div>
  </div>
