4008 6184
414 270 509 322 271

409 406 560 445 unus
590 407 655 443 ex
686 388 797 443 illis
843 393 1081 458 septem,
1122 389 1221 460 qui
1250 388 1318 444 ad
1352 387 1604 443 Ecclesia:
1652 404 1880 443 causam
1925 387 1984 440 in
2015 404 2101 440 ce-

411 479 714 533 leberrima
749 478 846 532 illa
877 477 1310 547 Carthagiucnsi
1341 477 1644 532 collatione
1693 482 1892 531 contra
1922 477 2104 530 Dona-

408 569 566 622 tistas
588 569 1091 638 propugnantium,
1110 585 1264 621 anno
1299 566 1862 638 quadringentesimo
1888 565 2108 619 undeci-

410 675 525 724 mo,
567 658 636 711 ab
668 657 943 710 universis
988 657 1190 710 Africae
1241 655 1517 727 episcOpis
1559 655 1848 709 catholicis
1906 654 2107 709 delecti

409 751 558 801 sunt.
595 746 676 800 0b
704 744 961 799 studium
981 745 1330 816 paupertatis
1359 746 1626 799 laudatur
1655 746 1729 798 ab
1761 744 2105 815 Augustine,

407 835 506 907 qui
531 835 651 905 ejus
683 834 1030 888 ordinationi
1046 835 1226 888 adfuit
1249 851 1378 888 cum
1404 834 1605 904 Alypio
1629 833 1848 904 (Contra
1875 835 2104 887 Litteras

407 926 682 990 Petiliuni,
704 940 749 978 c.
770 927 857 990 99,
880 941 934 978 η.
953 927 1094 984 2:28).
1121 923 1383 993 Legimus
1406 923 1559 976 enim
1583 923 1781 977 ambos
1803 922 1937 976 istos
1957 938 2103 993 pras-

407 1015 556 1068 sules
588 1030 700 1066 una
731 1013 943 1066 Cirtam
964 1013 1300 1066 festinanter
1324 1029 1381 1066 se
1414 1012 1721 1066 contulisse
1754 1012 1822 1066 ad
1854 1011 2104 1082 episcopi

407 1102 827 1158 ordinationem
851 1105 1050 1173 (Epist.
1082 1104 1166 1167 44,
1193 1118 1238 1156 c.
1268 1106 1312 1171 ί,
1343 1118 1399 1156 η.
1434 1106 1481 1168 t,
1507 1106 1557 1155 et
1583 1117 1627 1157 ο.
1654 1105 1704 1165 3,
1734 1117 1794 1155 η.
1832 1101 1905 1172 6).
1933 1103 2104 1154 Porro

404 1196 623 1247 constat
640 1191 697 1246 id
717 1192 1018 1261 contigisse
1044 1195 1173 1244 ante
1196 1191 1554 1245 collationem
1574 1188 2098 1259 Carthaginensem,

404 1281 497 1335 cui
522 1283 862 1335 Fortunatus
879 1280 1027 1334 inter
1047 1279 1171 1334 fuit.
1198 1281 1339 1334 Cum
1360 1279 1568 1333 Cirtam
1587 1282 2102 1349 pergerent,trans-

403 1365 593 1419 ierunt
622 1363 953 1426 'l‘ubursico,
986 1362 1146 1432 cujus
1181 1361 1336 1414 urbis
1367 1361 1665 1432 episcopus
1697 1377 1762 1415 ex
1794 1366 1955 1432 parte
1987 1362 2101 1415 Do-

402 1453 743 1508 natistarum
785 1455 904 1505 erat
933 1450 1252 1514 Fortunius,
1292 1451 1464 1504 homo
1503 1450 1755 1504 confecta
1785 1455 1968 1512 aetate,
2003 1467 2099 1504 cu-

397 1543 492 1613 jus
504 1541 915 1612 benignitatem
929 1540 1230 1594 laudarunt
1240 1541 1389 1610 apud
1404 1539 2099 1610 AugustinumDonatista:

402 1631 639 1702 aliquot,
665 1629 906 1696 Glorius,
933 1628 1211 1698 Eleusius,
1237 1633 1294 1682 et
1328 1628 1500 1696 Felix,
1528 1629 1627 1699 qui
1647 1628 1891 1683 vicissim
1921 1629 2097 1682 hono-

397 1721 617 1776 riﬁcam
664 1721 732 1774 de
774 1717 1092 1790 Augustino
1141 1717 1492 1772 mentionem
1534 1717 1802 1772 Fortunio
1827 1719 2094 1774 fecerant.

397 1813 649 1882 Apparet
689 1809 779 1863 vel
822 1824 890 1862 ex
935 1808 1104 1862 verbo
1143 1809 1342 1873 soletis,
1377 1823 1490 1878 quo
1523 1823 1617 1860 eos
1644 1807 1955 1877 alloquitur
1983 1809 2098 1861 Au-

397 1899 658 1970 gustinus
718 1897 896 1968 (lbid.,
949 1915 1010 1952 τι.
1080 1896 1153 1967 1),
1199 1895 1310 1967 ipsi
1359 1895 1530 1950 fuisse
1586 1912 1718 1951 cum
1765 1895 1876 1950 illis
1928 1912 2098 1950 usum

396 1992 451 2042 et
479 1987 950 2042 consuetudinem
1000 2001 1012 2039 :
1062 1984 1194 2039 licet
1237 1983 1708 2055 Hippone-Regio
1757 2000 1872 2038 non
1912 1987 2099 2038 essent

395 2077 646 2146 oriundi,
685 2075 783 2130 sed
820 2074 931 2129 alia
957 2074 1200 2140 civitate,
1233 2088 1412 2143 eaque
1444 2071 1646 2126 Gelizaa
1667 2075 1837 2142 atque
1870 2072 2000 2142 ipsi,
2035 2076 2099 2126 ut

393 2166 637 2231 videtur,
657 2164 904 2234 Hipponi
922 2163 1165 2217 ﬁnitima
1184 2162 1387 2232 (Epist.
1418 2163 1707 2228 43,0.2,n.
1726 2161 1800 2231 5).
1826 2161 2098 2216 Solebant

394 2255 481 2309 illi
501 2253 908 2324 benignissime
927 2251 1184 2323 polliceri
1206 2250 1543 2319 Augustino,
1567 2267 1685 2303 non
1705 2255 2096 2305 recusaturum

396 2343 734 2398 Fortunium
766 2342 834 2396 de
857 2340 1250 2410 componendo
1283 2337 1660 2392 Ecclesiarum
1692 2338 1923 2394 discidio
1964 2357 2094 2394 cum

393 2449 460 2487 eo
492 2430 739 2502 colloqui
762 2431 964 2499 (Epist.
999 2430 1085 2494 44,
1123 2443 1169 2482 c.
1206 2431 1255 2496 l,
1284 2444 1340 2482 η.
1373 2428 1436 2495 1).
1465 2427 1823 2498 Quapropter
1838 2445 1966 2482 cum
1989 2431 2095 2484 Tu-

391 2521 686 2577 bursicum
717 2519 978 2586 venisset,
1000 2516 1347 2570 renuntiavit
1378 2516 1669 2582 Fortunio,
1687 2533 1746 2585 se
1775 2516 1840 2569 iis
1869 2534 1995 2588 quae
2026 2518 2093 2572 de

395 2611 518 2682 ipso
540 2609 883 2670 inaudierat,
908 2606 978 2660 ad
1001 2622 1131 2660 eum
1156 2608 1213 2659 et
1237 2605 1542 2659 videndum
1565 2610 1619 2659 et
1637 2606 2093 2676 compellandum

394 2698 606 2753 induci.
653 2695 873 2751 Annuit
919 2695 1035 2749 ille.
1083 2695 1208 2748 Mox
1268 2693 1638 2764 Augustinus,
1694 2695 2094 2749 comitantibus

387 2804 506 2843 non
539 2786 754 2859 paucis.
789 2801 932 2855 quos
968 2783 1050 2837 illi
1080 2783 1345 2836 fortuitus
1373 2800 1534 2836 casus
1566 2783 1924 2853 adjunxerat,
1959 2801 2091 2838 eum

385 2875 669 2942 convenit,
692 2875 802 2930 hoc
829 2873 982 2927 illius
1004 2871 1159 2926 mtati
1184 2871 1552 2926 tribuendum
1586 2872 1912 2927 arbitratus.
1947 2874 2087 2927 Cum

386 2966 538 3038 apud
570 2981 702 3020 eum
749 2962 1110 3029 consedisset,
1153 2961 1424 3032 frequens
1457 2959 1665 3014 civium
1696 2961 1880 3027 turba,
1916 2978 2086 3032 quam

381 3056 554 3126 hujus
582 3051 853 3124 colloquii
885 3066 1083 3104 rumor
1125 3066 1228 3119 per
1259 3050 1458 3104 urbem
1508 3049 1798 3118 dispersus
1830 3050 2084 3118 accierat,

385 3144 587 3198 eodem
617 3140 907 3196 confluxit.
943 3141 1006 3193 In
1034 3143 1192 3192 tanta
1226 3146 1417 3191 tamen
1445 3138 1766 3208 frequentia
1788 3139 1955 3208 pauci
1988 3139 2084 3193 ad-

382 3232 621 3287 modum
667 3229 856 3283 studio
897 3227 1308 3298 cognoscendas
1337 3226 1612 3291 veritatis,
1644 3243 1814 3296 quam
1848 3227 2085 3297 plurimi

381 3336 513 3376 vero
561 3319 679 3373 sola
722 3313 1121 3387 disputationis
1163 3315 1490 3368 curiositate
1531 3316 1795 3384 permoti,
1828 3317 1983 3370 velut
2014 3317 2084 3370 ad

381 3409 764 3480 spectaculum
812 3409 1214 3460 convenerant.
1265 3406 1338 3458 Ex
1388 3403 1496 3458 isto
1542 3406 1741 3474 populi
1805 3421 2081 3460 concursu

383 3503 503 3554 orta
534 3502 620 3552 est
647 3495 1000 3567 perturbatio
1039 3511 1051 3548 :
1077 3509 1265 3564 neque
1295 3509 1515 3564 preces,
1549 3510 1734 3565 neque
1761 3494 1933 3569 mina;
1964 3499 2082 3550 tam

376 3586 681 3659 Augustini
727 3601 901 3657 quam
950 3582 1228 3650 Fortunii,
1281 3582 1660 3637 necessarium
1711 3582 2081 3654 disputationi

374 3677 668 3732 silentium
697 3680 1030 3745 extorquere
1056 3676 1389 3743 potuerunt.
1417 3673 1522 3726 Res
1545 3677 1741 3726 tamen
1767 3678 2076 3745 utcumque

373 3766 466 3835 agi
495 3769 675 3835 coepta
705 3767 807 3827 est,
840 3765 894 3816 et
926 3777 1030 3831 per
1070 3762 1236 3814 horas
1269 3760 1483 3832 aliquot
1512 3760 1756 3815 invicem
1787 3777 2076 3816 sermones

372 3855 756 3907 contulerunt.
804 3848 1155 3919 Augustinus
1185 3850 1255 3903 ab
1285 3848 1408 3918 ipso
1452 3849 1628 3902 ferme
1673 3849 2074 3919 disputationis

373 3939 602 3995 exordio
652 3937 980 4009 postulavit,
1035 3941 1097 3992 ut
1141 3937 1310 3990 verba
1351 3937 1499 3990 ultro
1551 3937 1804 4008 citroque
1852 3941 2073 4008 prolata

370 4028 767 4098 exciperentur
791 4042 823 4079 a
846 4023 1113 4091 notariis;
1142 4039 1254 4094 quo
1286 4022 1540 4093 pacatior
1561 4028 1616 4077 et
1643 4023 1959 4077 modestior
1987 4024 2072 4078 fo-

365 4124 454 4173 ret
481 4115 811 4188 disputatio.
862 4113 1080 4168 Annuit
1119 4129 1269 4183 tegre
1313 4111 1637 4166 Fortunius.
1671 4112 1776 4166 Sed
1808 4113 2066 4181 notariis,

365 4207 467 4280 qui
508 4207 768 4275 aderant,
817 4203 1076 4273 excipere
1125 4201 1520 4268 renuentibus,
1570 4201 1667 4254 alii
1711 4201 1817 4255 hoc
1855 4217 2066 4256 munus

365 4296 636 4367 aggressi,
670 4295 740 4349 ob
769 4291 1124 4362 inordinatus
1147 4289 1632 4361 perstrepentium
1653 4289 2064 4360 interpellatio-

363 4402 462 4440 nes
487 4385 756 4440 desistere
788 4380 966 4437 coacti
999 4385 1148 4434 sunt.
1194 4379 1498 4434 Fortunius
1527 4379 1714 4450 primo
1745 4379 2061 4445 contendit,

359 4490 462 4545 per
485 4477 671 4527 totum
697 4478 977 4528 terrarum
1020 4471 1218 4524 orbem
1265 4468 1530 4523 diffusam
1561 4483 1678 4521 esse
1709 4467 2062 4522 communio-

360 4579 494 4617 nem
542 4578 704 4617 suam
756 4579 768 4616 :
823 4561 920 4615 sed
958 4558 1245 4613 afﬁrmare
1289 4573 1407 4610 non
1451 4559 1533 4609 est
1577 4573 1767 4622 ausus,
1811 4573 1974 4627 posse
2004 4572 2062 4610 se

356 4652 575 4707 litteras
622 4648 1155 4705 communicatorias
1199 4661 1564 4718 quocumque
1611 4644 1853 4698 mittere.
1903 4645 2062 4709 Quod

354 4741 402 4795 si
435 4740 784 4802 asseruisset,
817 4755 949 4793 eum
988 4736 1353 4807 compulisset
1373 4733 1745 4805 Augustinus,
1775 4737 1835 4786 ut
1866 4749 2060 4787 secum

352 4830 565 4903 pariter
594 4829 662 4883 ad
694 4827 961 4881 Ecclesias
1002 4827 1060 4880 in
1107 4824 1418 4896 Scripturis
1465 4821 1794 4894 apostolicis
1835 4827 2058 4878 notatas

353 4919 645 4974 scriberet.
689 4918 832 4971 Tum
863 4916 1166 4970 Fortunius
1206 4915 1278 4968 ad
1315 4911 1742 4984 persecutiones
1789 4928 1822 4965 a
1859 4928 2056 4966 conse-

348 5007 562 5064 ctaneis
589 5005 725 5071 suis,
749 5009 815 5058 ut
846 5003 1084 5069 dicebat,
1118 5003 1385 5056 toleratas
1413 5001 1677 5071 delapsus
1702 5003 1802 5055 est.
1848 5001 2055 5054 Verum

348 5096 588 5169 subjecit
630 5084 1006 5165 Augustinus,
1037 5090 1464 5161 persecutiones
1505 5105 1606 5144 eos
1639 5089 1785 5142 solos
1811 5105 2054 5143 numero

347 5191 648 5246 beatorum
677 5180 1115 5254 adjungere,qui
1134 5183 1369 5250 propter
1380 5180 1474 5250 jus
1485 5177 1670 5232 titiam
1688 5181 2054 5252 paterentur:

340 5280 588 5350 ideoque
619 5275 665 5330 si
695 5271 988 5338 Macarius,
1019 5269 1086 5324 de
1118 5285 1232 5340 quo
1261 5274 1376 5323 tam
1410 5268 1612 5322 acerbe
1638 5266 2054 5338 querebantur,

340 5384 436 5422 eos
466 5369 536 5423 ab
564 5368 759 5422 exorto
789 5363 976 5417 solum
1002 5357 1306 5413 schismate
1337 5357 1627 5413 divexarat
1655 5372 1808 5411 anno
1836 5361 2058 5411 trecen-

336 5456 539 5511 tesimo
568 5450 1006 5528 quadragesimo
1043 5453 1262 5517 octavo,
1295 5447 1520 5502 nullum
1553 5445 1688 5502 hinc
1720 5461 1837 5500 suta
1864 5459 2050 5500 causa;

337 5544 712 5600 commodum
749 5543 880 5600 illos
931 5554 1097 5614 posse
1150 5537 1450 5594 deducere.
1497 5533 1812 5607 Respondit
1859 5534 2056 5589 Fortu-

1619 265 1790 320 VlTA
1843 264 1898 319 S.
1942 262 2325 320 AUGUSTINI
2383 263 2720 321 EPISCOPI.

3807 271 3900 320 272

2217 387 2360 454 nius,
2385 387 2895 442 transmarinarum
2927 385 3177 458 partium
3225 384 3496 441 Ecclesias
3527 386 3798 442 mansisse
3831 388 3902 442 in-

2215 478 2501 540 nocentes,
2551 475 2729 528 donec
2772 473 3188 528 consensissent
3235 473 3295 526 in
3325 489 3526 526 eorum
3557 474 3902 543 sanguinem,

2216 579 2359 632 quos
2391 562 2706 616 Macariana
2735 562 3052 632 persecutio
3091 561 3426 616 sustulisset.
3455 562 3563 616 Sed
3595 579 3721 616 cum
3755 581 3905 633 urge-

2216 656 2391 721 retur,
2441 657 2631 706 utrum
2686 652 3043 705 consectanei
3100 651 3189 704 sui
3234 652 3435 705 saltem
3486 651 3556 704 ad
3600 652 3697 705 illa
3736 669 3907 723 usque

2214 745 2474 811 tempora
2517 757 2644 796 cum
2694 740 3078 796 Orientalibus
3109 740 3367 795 Ecclesiis
3400 739 3731 812 cmterisque
3762 743 3907 796 orbis

2213 829 2470 899 partibus
2499 829 2560 882 in
2607 829 2822 883 unitate
2867 829 3206 882 mansissent
3258 845 3270 882 :
3317 829 3557 900 protulit
3595 830 3907 900 epistolam,

2213 933 2386 989 quam
2434 918 2737 972 concilium
2785 918 3114 972 Sardicense
3160 934 3307 971 anno
3348 918 3738 972 trecentesimo
3770 937 3906 990 qua-

2213 1006 2534 1077 dragesimo
2565 1007 2807 1078 septimo
2835 1006 3132 1077 scripserat
3150 1007 3220 1061 ad
3244 1009 3720 1078 Donatum,quem
3741 1017 3904 1062 suum

2213 1097 2720 1167 Carthaginensem
2763 1113 2882 1150 esse
2912 1096 3306 1151 contendebat.
3346 1099 3503 1151 Patet
3531 1097 3905 1167 Augustinum

2211 1186 2427 1241 nullam
2466 1187 2738 1240 hactenus
2768 1186 2938 1256 hujus
2963 1186 3215 1256 epistolae
3247 1190 3345 1240 aut
3371 1185 3594 1239 concilii
3622 1185 3909 1240 Sardicen-

2210 1274 2284 1328 sis
2337 1275 2600 1329 habuisse
2653 1274 2934 1329 notitiam.
2987 1276 3197 1328 Verum
3245 1291 3375 1329 cum
3424 1273 3484 1328 in
3529 1275 3632 1329 hac
3675 1276 3908 1346 epistola

2208 1364 2579 1418 Athanasium
2607 1363 3075 1430 Alexandrinum,
3107 1368 3162 1417 et
3195 1362 3410 1417 Julium
3435 1365 3758 1419 Romanum
3797 1366 3903 1436 epi-

2209 1469 2446 1524 scopum
2474 1453 2784 1524 improbari
2809 1452 3058 1519 vidisset,
3083 1468 3206 1506 eam
3232 1469 3299 1505 ex
3319 1452 3662 1507 Arianorum
3683 1453 3905 1507 ofﬁcina

2207 1541 2485 1612 prodiisse
2515 1541 2677 1596 facile
2707 1541 3126 1596 animadvertit.
3161 1541 3326 1595 Petiit
3353 1540 3532 1611 igitur
3555 1546 3615 1595 ut
3644 1542 3712 1596 ad
3756 1558 3906 1596 accu-

2207 1628 2478 1683 ratiorem
2536 1633 2862 1700 temporum
2918 1629 3326 1685 discussionem
3383 1629 3487 1684 sibi
3549 1630 3748 1685 liceret
3794 1648 3906 1685 eam

2196 1704 2480 1788 accipere,
2515 1734 2578 1772 ac
2625 1735 2818 1773 secum
2863 1719 3107 1774 auferre.
3163 1717 3374 1772 Renuit
3430 1719 3761 1784 Fortunius,
3820 1736 3907 1773 nec

2207 1823 2340 1860 eum
2369 1808 2457 1861 vel
2488 1824 2659 1862 manu
2688 1825 2788 1862 sua
2809 1807 3106 1879 quidpiam
3129 1807 3398 1862 adnotare
3422 1807 3681 1878 permisit
3712 1823 3726 1862 :
3761 1808 3907 1880 quod

2205 1900 2396 1950 tamen
2446 1895 2682 1966 optabat
2736 1896 3109 1967 Augustinus,
3166 1913 3238 1950 ne
3295 1896 3400 1950 sibi
3458 1913 3626 1950 causa
3672 1896 3906 1951 forsitan

2207 1984 2466 2055 exigente
2495 1985 2740 2055 petenda
2768 1989 2913 2039 esset
2950 1985 3056 2058 illa
3077 1985 3337 2055 epistola,
3381 1989 3438 2039 et
3477 1985 3588 2039 alia
3617 2002 3904 2056 suppone-

2206 2078 2383 2128 retur.
2416 2075 2557 2129 Cum
2585 2079 2853 2145 pergeret
2875 2075 3042 2128 Fortu
3053 2074 3176 2127 nius
3192 2073 3477 2144 justitiam
3505 2091 3622 2128 sum
3642 2077 3830 2144 partis
3849 2092 3905 2130 ex

2206 2178 2273 2216 eo
2313 2167 2524 2216 certam
2573 2163 2714 2217 velle
2761 2162 3022 2234 intelligi,
3067 2161 3200 2234 quia
3236 2163 3695 2233 persecutionem
3749 2181 3904 2235 passa

2204 2251 2403 2318 fuerit;
2462 2251 2809 2321 Augustinus
2867 2251 3136 2319 ostendit,
3184 2251 3642 2322 persecutionem
3691 2254 3769 2308 ad
3820 2254 3904 2325 jus

2205 2357 2389 2395 causa:
2418 2340 2779 2411 probandum
2828 2357 2942 2395 non
2990 2341 3123 2396 satis
3151 2341 3362 2396 habere
3391 2341 3699 2410 momenti;
3737 2343 3901 2414 idque

2205 2430 2560 2484 conﬁrmavit
2610 2430 2883 2500 exemplis
2935 2430 3258 2485 Maximiani
3304 2431 3376 2485 ab
3417 2430 3556 2500 ipsis
3597 2433 3900 2486 Donatistis

2204 2518 2490 2590 exagitati,
2523 2523 2578 2573 et
2607 2518 2910 2586 Ambrosii,
2955 2535 3125 2590 quem
3167 2519 3540 2574 christianum
3588 2524 3647 2574 et
3682 2521 3898 2591 justum

2203 2607 2372 2661 fuisse
2397 2625 2606 2678 negare
2636 2609 3003 2680 cogebantur,
3045 2627 3076 2662 a
3103 2608 3324 2663 Justina
3355 2608 3621 2664 divexati.
3655 2610 3899 2666 Rursum

2203 2696 2506 2751 Fortunius
2532 2697 2930 2752 interventoris
2959 2698 3276 2768 cujusdam,
3302 2714 3474 2768 quem
3506 2715 3538 2752 a
3570 2700 3786 2754 nostris
3815 2717 3898 2754 oc-

2201 2785 2378 2838 cisum
2408 2785 2649 2852 dicebat,
2683 2790 2865 2840 morte
2896 2786 3134 2856 objecta,
3175 2787 3243 2840 ab
3272 2786 3590 2856 Augustino
3620 2787 3899 2843 instanter

2199 2890 2453 2945 quaerere
2481 2876 2670 2946 erepit,
2705 2875 3117 2946 qucmjustum
3148 2880 3390 2946 putaret,
3425 2875 3524 2947 qui
3561 2877 3793 2943 occidit,
3832 2895 3898 2932 an

2198 2962 2297 3032 qui
2327 2963 2540 3018 occisus
2569 2969 2732 3018 esset.
2763 2965 2965 3019 Statim
2986 2965 3080 3024 ille
3103 2964 3153 3018 ei
3185 2964 3285 3018 uni
3306 2981 3409 3018 nec
3427 2965 3687 3035 probatae
3709 2969 3896 3032 morti,

2196 3069 2326 3106 cum
2374 3053 2550 3107 multa
2596 3054 2724 3122 alia,
2757 3059 2880 3108 tum
2923 3055 3166 3108 maxime
3197 3054 3461 3126 opposuit
3490 3061 3762 3126 apertum
3793 3059 3898 3114 Cir-

2196 3142 2627 3196 cumcellionum
2657 3142 2913 3197 furorem
2934 3143 3376 3214 frequentesque
3401 3145 3604 3201 caedes.
3635 3145 3750 3200 Sed
3775 3163 3895 3201 cum

2194 3230 2316 3284 haec
2345 3230 2726 3284 dissimularet
2774 3232 3096 3300 Fortunius,
3145 3249 3330 3303 neque
3369 3249 3403 3285 a
3445 3234 3704 3304 quaesitis
3753 3235 3895 3290 desi-

2193 3322 2394 3386 steret;
2423 3319 2608 3373 allatis
2637 3320 2706 3373 ab
2736 3320 3054 3390 Augustino
3079 3320 3212 3374 Elize
3238 3320 3432 3391 gestis,
3466 3323 3677 3392 quibus
3703 3323 3796 3379 hic
3818 3326 3897 3378 vir

2194 3407 2292 3462 llei
2322 3409 2509 3478 plurcs
2530 3409 3060 3480 pseudoprophetas
3091 3425 3264 3463 manu
3296 3426 3397 3463 sua
3425 3413 3744 3480 peremisse
3774 3431 3895 3469 nar-

2188 3500 2368 3566 ratur,
2403 3497 2592 3550 videre
2624 3498 2853 3552 demum
2886 3498 3076 3568 cmpit,
3124 3498 3277 3569 justo
3326 3500 3524 3553 saltem
3555 3502 3766 3556 veteris
3790 3505 3893 3558 Te-

2189 3584 2454 3638 stameuti
2484 3585 2835 3655 temporibus
2866 3585 3086 3640 licuisse
3107 3587 3382 3641 occidere.
3418 3588 3670 3643 Perstitit
3702 3594 3890 3645 tamen

2187 3676 2249 3726 ut
2280 3678 2580 3743 quaereret,
2623 3690 2762 3728 num
2802 3679 2858 3729 et
2898 3676 3005 3730 hoc
3035 3675 3103 3730 de
3134 3692 3280 3731 novo
3310 3678 3671 3732 Testamento
3699 3687 3891 3750 posset

2184 3761 2428 3832 probari.
2452 3763 2537 3817 Ad
2568 3779 2741 3834 quem
2761 3764 3113 3834 Augustinus
3147 3781 3160 3820 :
3194 3764 3298 3819 sibi
3329 3765 3562 3836 quidem
3584 3767 3646 3822 in
3677 3785 3746 3822 eo
3773 3785 3886 3824 non

2183 3866 2476 3905 occurrere
2519 3852 2738 3923 justum
2795 3853 2978 3907 ullum
3035 3853 3135 3924 qui
3191 3853 3445 3926 aliquem
3511 3855 3883 3924 interfecerit,

2182 3945 2576 3994 verumtamen
2623 3941 2838 4012 liquido
2888 3942 2970 3996 ibi
3013 3942 3417 4011 demonstrari,
3461 3946 3770 4002 sceleratos
3817 3949 3885 4002 ab

2179 4026 2574 4082 innocentibus
2620 4027 2681 4082 in
2720 4029 2967 4084 Ecclesia
3004 4031 3324 4086 tolerandos
3356 4048 3510 4099 esse;
3542 4051 3678 4089 cum
3725 4037 3885 4091 Chri-

2177 4119 2295 4168 stus
2315 4115 2331 4168 i
2340 4131 2435 4185 pse
2450 4117 2475 4170 J
2484 4116 2656 4170 udam
2676 4117 3023 4185 toleraverit,
3043 4123 3098 4173 et
3118 4119 3169 4172 ei
3182 4119 3883 4190 primumSacramentum

2175 4203 2431 4272 corporis
2453 4209 2509 4258 et
2529 4203 2822 4274 sanguinis
2847 4205 2932 4259 sui
2953 4208 3291 4277 porrexerit.
3320 4209 3442 4274 Quo
3467 4214 3734 4282 exemplo
3757 4230 3882 4268 cum

2174 4307 2350 4362 prope
2372 4308 2570 4346 omnes
2591 4298 2977 4359 moverentur,
2999 4295 3140 4350 illud
3167 4297 3473 4353 Fortunius
3503 4300 3741 4356 eludere
3765 4306 3883 4356 ten-

2171 4379 2327 4445 tavit,
2355 4395 2611 4434 asserens
2630 4381 2787 4436 illam
2817 4390 2946 4437 cutn
2974 4385 3245 4441 scelerato
3268 4388 3737 4446 communionem
3765 4408 3882 4446 non

2171 4467 2418 4522 obfuisse
2445 4470 2750 4539 Apostolis,
2783 4473 2938 4542 quod
2963 4490 3083 4528 non
3111 4475 3289 4530 alium
3310 4494 3484 4549 quam
3514 4480 3752 4534 Joannis
3777 4482 3877 4536 ba-

2171 4559 2444 4628 ptismum
2501 4565 2636 4614 tunc
2681 4562 2954 4632 temporis
3003 4565 3368 4635 accepissent.
3419 4569 3530 4624 Sed
3571 4585 3762 4642 neque
3786 4569 3880 4624 hic

2170 4648 2345 4702 valuit
2395 4649 2737 4720 Augustino,
2781 4667 2878 4705 eos
2898 4652 3020 4722 jam
3065 4657 3188 4708 tum
3219 4655 3508 4727 Baptismo
3541 4658 3749 4714 Christi
3774 4661 3876 4714 ab—

2170 4737 2317 4791 lutos
2332 4737 2503 4790 fuisse
2524 4738 2809 4809 probanti,
2844 4745 3014 4811 atque
3041 4740 3102 4795 in
3121 4758 3249 4797 eam
3273 4760 3396 4798 rem
3418 4745 3876 4802 conﬁrmandam

2168 4823 2334 4895 plura
2386 4825 2570 4880 adhuc
2617 4826 2865 4896 paranti,
2900 4828 3184 4885 resistere.
3214 4832 3351 4887 Inde
3381 4849 3514 4888 vero
3547 4851 3876 4890 sermonem

2166 4913 2235 4968 ad
2259 4913 2316 4967 id
2343 4915 2636 4981 convertit,
2659 4916 2810 4970 unde
2832 4915 3153 4988 intelligere
3175 4919 3362 4988 liceat,
3388 4922 3712 4978 Donatistas
3735 4939 3874 4995 per-

2166 5005 2516 5056 secutionem
2545 5003 2798 5074 aliquam
2829 5006 2937 5060 sibi
2968 5011 3090 5061 tum
3116 5007 3549 5080 impendentem
3575 5013 3864 5068 timuisse.

2165 5089 2307 5144 Nam
2335 5090 2504 5160 petiit
2532 5092 2602 5146 ab
2631 5092 2972 5163 Augustino,
3005 5095 3283 5166 quidnam
3311 5098 3357 5152 si
3385 5115 3547 5153 casus
3574 5099 3872 5163 incideret,

2163 5177 2284 5248 ipse
2315 5184 2462 5234 esset
2505 5181 2775 5236 facturus.
2829 5183 3114 5238 Professus
3167 5190 3251 5241 est
3287 5189 3666 5258 Augustinus,
3697 5206 3755 5244 se
3783 5189 3872 5243 illi

2163 5283 2282 5321 non
2327 5283 2758 5338 consensurum,
2809 5272 2950 5342 quin
2997 5273 3170 5330 etiam
3209 5292 3312 5347 pro
3360 5277 3508 5331 virili
3550 5283 3716 5348 parte
3761 5279 3869 5332 ob-

2161 5356 2428 5412 stiturum
2477 5358 2662 5429 (Ibid,
2718 5376 2780 5416 η,
2852 5363 2956 5433 lt).
3026 5363 3231 5435 Reipsa
3279 5369 3417 5421 tunc
3455 5369 3734 5439 temporis
3787 5368 3870 5422 ita

2161 5446 2468 5516 sentiebat;
2486 5448 2584 5504 sed
2597 5449 2947 5519 experientia
2959 5467 3090 5506 eum
3107 5453 3176 5508 de
3189 5455 3474 5510 sententia
3493 5458 3864 5527 postmodum

2160 5533 2381 5606 depulit
2397 5535 2596 5607 (Epist.
2624 5540 2744 5607 t85,
2764 5554 2810 5595 c.
2839 5542 2887 5607 1,
2909 5555 2966 5597 n.
2993 5540 3103 5613 25).
3125 5542 3250 5598 Jam
3268 5543 3337 5600 de
3358 5543 3588 5601 sedibus
3608 5546 3726 5602 suis
3742 5546 3861 5603 dis-
