4008 6184
157 263 271 313 273

162 381 367 439 cessuri
406 384 794 447 surrexerant,
828 396 956 434 cum
984 379 1254 435 Fortunio
1279 379 1563 436 Genethlii
1605 378 1863 434 decesso-

169 473 241 526 ris
257 470 468 525 Aurelii
490 471 545 523 in
562 470 705 527 sede
737 469 1117 540 Carthaginen
1128 471 1173 523 si
1198 470 1491 525 lenitatem
1517 468 1865 540 praedicante

169 561 397 632 subjecit
427 560 789 629 Augustinus
822 576 833 612 :
861 560 959 613 Ille
987 564 1182 613 tamen
1208 559 1558 621 Genethlius,
1588 558 1634 612 si
1661 559 1719 612 in
1748 574 1862 612 ma-

170 667 264 704 nus
295 651 515 702 vestras
541 647 852 711 incidisset,
884 646 1324 717 rebaptizandus
1347 651 1693 700 censeretur.
1732 647 1860 699 Fas-

170 755 250 792 sus
294 740 378 791 est
428 735 757 804 Fortunius,
793 735 1164 789 constitutum
1224 734 1374 805 apud
1408 751 1539 787 suos
1572 734 1767 799 fuisse,
1800 737 1866 788 ut

166 826 414 899 quisquis
438 826 509 880 ad
533 826 687 895 ipsos
717 825 977 879 fidelium
1001 823 1239 890 venerit,
1274 823 1657 895 rebaptizetur
1677 839 1689 877 :
1713 823 1863 893 quod

161 923 339 970 tamen
373 932 513 970 eum
536 914 782 968 invitum
815 919 872 968 et
898 931 1026 968 cum
1059 914 1253 968 dolore
1278 914 1458 968 animi
1485 915 1632 967 hanc
1662 928 1860 967 eorum

153 1005 633 1060 consuetudinem
671 1004 1049 1075 improbantis
1087 1004 1295 1070 dicere,
1326 1003 1490 1057 facile
1528 1002 1859 1073 apparebat.

152 1098 211 1149 Et
239 1112 300 1149 re
332 1094 577 1167 quidem
595 1094 719 1165 ipsa
744 1093 919 1147 totius
940 1092 1182 1147 civitatis
1200 1092 1528 1147 testimonio
1546 1092 1857 1159 constabat,

149 1201 316 1256 quam
370 1188 528 1238 esset
569 1200 602 1237 a
652 1182 917 1236 violentis
965 1186 1130 1236 secta?
1180 1199 1297 1236 suae
1328 1182 1489 1236 factis
1519 1181 1761 1250 alienus,
1792 1182 1861 1235 de

148 1273 353 1345 quibus
386 1273 546 1343 apud
577 1289 707 1326 suos
732 1272 940 1343 saepius
971 1258 1443 1342 conquerebatur,
1479 1276 1541 1326 ut
1570 1287 1699 1326 cum
1722 1270 1860 1340 ipsis

147 1363 311 1416 etiam
363 1360 670 1415 catholicis
720 1360 778 1414 in
825 1362 929 1415 hoc
974 1361 1261 1432 colloquio
1300 1360 1654 1415 condolebat.
1709 1360 1858 1424 Quo-

146 1453 284 1505 circa
341 1450 619 1506 convenit
669 1450 822 1505 inter
885 1467 1001 1516 eos,
1072 1451 1322 1505 violenta
1386 1451 1660 1518 facinora,
1732 1465 1860 1520 quas

150 1541 240 1595 sibi
271 1541 531 1595 invicem
564 1540 869 1595 Donatistae
907 1544 963 1594 et
1006 1538 1278 1595 Catholici
1323 1539 1762 1609 exprobrabant,
1797 1538 1857 1592 in

145 1631 221 1683 liis
248 1629 752 1701 disputationibus
799 1645 913 1683 nou
963 1644 1083 1683 esse
1126 1629 1489 1699 proferenda.
1529 1628 1857 1683 Schismatis

139 1720 411 1773 adversus
442 1718 811 1773 Caecilianum
839 1734 871 1771 a
894 1718 1201 1773 Donatistis
1230 1717 1454 1772 excitati
1485 1717 1719 1788 quaestio
1740 1717 1858 1787 agi-

138 1810 300 1863 tanda
342 1808 625 1863 restabat.
678 1810 874 1878 Itaque
907 1809 1238 1862 Fortunium
1285 1808 1595 1861 obtestatus
1626 1810 1707 1859 est
1735 1807 1855 1859 Au-

134 1899 429 1967 gustinus,
461 1902 530 1951 ut
566 1901 769 1967 pacato
801 1896 993 1950 animo
1027 1897 1094 1951 ad
1127 1901 1240 1950 tam
1276 1912 1505 1967 gravem
1537 1899 1856 1949 controver-

129 1984 269 2037 siam
322 1983 797 2053 componendam
827 1998 1018 2036 secum
1059 1982 1434 2036 adniteretur.
1469 1980 1854 2051 Respondeuti

132 2073 436 2139 Fortunio,
471 2073 627 2127 nolle
660 2071 974 2126 Catholicos
1007 2072 1075 2125 de
1101 2071 1187 2125 his
1217 2071 1593 2142 quaestionem
1634 2069 1851 2137 haberi,

128 2162 429 2232 pollicitus
478 2166 564 2215 est
603 2160 973 2231 Augustinus,
1020 2177 1078 2213 se
1126 2162 1372 2229 collegas
1402 2176 1551 2227 suos,
1585 2164 1736 2213 certe
1766 2160 1851 2212 vel

125 2254 348 2318 decem,
399 2251 501 2323 qui
548 2267 666 2305 suae
722 2250 1017 2304 sententias
1073 2249 1510 2315 subscriberent,
1572 2247 1853 2302 exhibitu-

128 2361 273 2397 rum.
331 2342 503 2396 Idem
560 2357 625 2394 ex
672 2344 832 2410 parte
865 2340 1288 2393 Donatistarum
1319 2337 1623 2409 spopondit
1652 2338 1849 2392 Fortu-

126 2426 276 2480 nius.
311 2426 443 2481 Sub
474 2428 599 2481 haec
627 2428 934 2482 discessum
968 2432 1068 2481 est.

192 2519 244 2569 2.
274 2516 572 2570 Postridie
606 2517 910 2570 Fortunius
932 2516 1315 2586 Augustinum
1345 2514 1697 2583 convenit,et
1724 2530 1849 2569 rur-

125 2622 213 2657 sus
244 2605 465 2659 eadem
502 2605 571 2658 de
616 2622 675 2659 re
707 2610 968 2675 egerunt,
1019 2605 1114 2658 sed
1148 2604 1372 2675 paucis;
1422 2604 1693 2675 quoniam
1734 2606 1849 2657 Au-

124 2694 401 2759 gustinus
450 2693 722 2764 Majorcm
756 2694 1147 2748 C(elicolarum
1196 2694 1579 2759 accersiverat,
1637 2709 1848 2746 sermo-

126 2802 249 2839 nem
286 2800 433 2839 cum
466 2800 535 2838 eo
565 2784 892 2851 habiturus;
926 2789 982 2838 et
1011 2784 1080 2838 ad
1104 2783 1435 2855 episcopum
1466 2783 1848 2838 ordinandum

122 2875 575 2946 quamprimum
607 2878 725 2929 erat
752 2873 1111 2945 profecturus
1144 2890 1156 2929 :
1190 2873 1379 2945 ipsum
1405 2889 1634 2945 quoque
1659 2874 1850 2926 Fortu-

124 2967 285 3021 nium
332 2966 640 3036 cujusdam
683 2962 904 3018 itineris
947 2964 1249 3018 necessitas
1287 2964 1546 3033 urgebat.
1582 2962 1848 3026 Quando-

120 3056 371 3125 quidem
406 3056 619 3109 Cirtam
653 3070 711 3108 se
742 3054 1044 3122 conferret,
1068 3052 1317 3107 dubitari
1348 3068 1465 3106 non
1493 3050 1848 3122 potest,quin

118 3144 285 3197 istius
336 3143 586 3197 civitatis
630 3142 978 3197 ordinandus
1028 3147 1169 3196 esset
1208 3141 1525 3211 episcopus,
1571 3141 1845 3194 Fortuna-

119 3239 208 3287 tus
237 3233 526 3287 videlicet
565 3232 856 3286 Profuturi
885 3247 1199 3287 successor.
1239 3233 1379 3285 Nam
1419 3229 1849 3295 Profuturus,ut

120 3323 457 3389 docuimus,
509 3322 889 3391 Augustinum
921 3322 982 3375 in
1011 3322 1341 3392 episcopatu
1374 3320 1759 3389 antecedebat,
1792 3325 1847 3373 et

118 3414 243 3483 ejus
276 3428 587 3466 successor
618 3413 957 3467 Fortunatus
987 3401 1138 3464 inter
1174 3410 1479 3480 primarios
1510 3413 1629 3463 erat
1659 3409 1715 3463 in
1739 3410 1848 3463 col-

120 3501 347 3556 latione
380 3500 816 3570 Carthaginensi
847 3515 997 3553 anno
1025 3498 1588 3570 quadringentesimo
1617 3498 1848 3553 undeci-

119 3607 234 3644 mo.
275 3591 523 3644 Constat
552 3605 723 3658 porro
749 3589 900 3643 hunc
926 3588 1381 3659 Augustini'cum
1409 3587 1682 3643 Fortunio
1709 3603 1843 3641 con-

120 3696 397 3750 gressum
447 3684 503 3733 et
550 3678 895 3748 colloquium
943 3678 1247 3748 contigisse
1286 3681 1415 3732 ante
1455 3693 1669 3731 annum
1701 3694 1842 3748 qua-

116 3768 651 3840 dringentesimum
682 3767 1070 3822 undecimum.
1097 3768 1256 3832 Quod
1288 3766 1568 3837 conjicere
1597 3767 1728 3822 licet
1756 3767 1844 3822 vel

122 3876 189 3913 ex
219 3859 353 3930 ipso
383 3856 694 3928 Augustini
724 3856 914 3911 animo
945 3873 976 3910 a
1005 3857 1417 3929 persequendis
1442 3856 1723 3912 haereticis
1747 3859 1845 3911 ad-

124 3949 236 4002 huc
283 3948 503 4002 alieno.
552 3945 917 4016 Perspicuum
967 3946 1141 4001 etiam
1188 3950 1290 4013 est,
1325 3947 1643 4000 Donatistas
1707 3950 1841 4000 tunc

119 4038 353 4109 quietos
380 4036 579 4101 fuisse,
612 4039 841 4107 totaque
873 4036 1112 4107 epistola
1144 4052 1237 4089 eos
1257 4037 1427 4106 plena
1444 4036 1557 4089 frui
1581 4036 1839 4090 libertate

120 4128 370 4191 indicat;
408 4125 564 4196 quod
595 4141 891 4197 nunquam
922 4125 1125 4180 accidit
1160 4126 1231 4180 ab
1271 4142 1421 4179 anno
1454 4124 1838 4196 quadringen-

118 4215 332 4269 tesimo
360 4213 691 4269 undecimo.
733 4214 935 4286 Liquet
964 4214 1179 4285 pariter
1206 4214 1755 4284 Augustinum,cum
1787 4214 1839 4267 ei

120 4304 444 4358 Fortunius
482 4303 906 4373 pseudosynodi
944 4302 1289 4358 Sardicensis
1337 4303 1632 4373 epistolam
1681 4303 1835 4357 exhi-

118 4392 269 4457 buit,
325 4391 470 4463 quid
516 4393 638 4445 haec
667 4395 813 4445 esset
848 4395 985 4446 tunc
1013 4391 1324 4461 ignorasse.
1366 4392 1527 4446 Illam
1554 4396 1746 4447 tamen
1777 4393 1834 4447 in

120 4480 285 4533 libris
314 4484 523 4533 contra
553 4478 917 4533 Cresconium
938 4484 1068 4533 aute
1102 4496 1317 4535 annum
1347 4480 1837 4551 quadringentesi-

120 4586 286 4624 mum
338 4568 712 4622 undecimum
758 4568 1089 4639 conscriptis
1139 4573 1437 4637 memorat,
1479 4573 1536 4623 et
1579 4572 1639 4623 ut
1694 4586 1836 4639 opus

118 4658 431 4721 Arianum,
455 4656 745 4727 quodjam
766 4656 862 4710 diu
894 4673 1013 4726 pra:
1034 4657 1298 4711 manibus
1323 4657 1837 4727 haberet,explodit

118 4748 348 4813 {Contra
374 4747 741 4807 Cresconium,
772 4746 867 4799 lib.
906 4750 958 4812 3,
991 4762 1036 4800 c.
1063 4748 1151 4815 3i,
1182 4762 1237 4799 .
1274 4746 1383 4813 38).
1426 4746 1526 4800 Hic
1556 4752 1836 4816 praeterea

120 4834 436 4890 lortunius
485 4834 781 4905 antiquior
826 4836 1143 4905 Augustino
1186 4836 1486 4907 episcopus
1524 4836 1837 4891 decesserat

117 4942 275 4979 anno
290 4924 869 4997 quadringentesimo
887 4924 1188 4979 undecimo
1204 4943 1216 4979 ;
1234 4925 1449 4996 quippe
1469 4942 1598 4980 cum
1624 4928 1833 4981 Janua-

118 5016 261 5080 rius,
296 5018 361 5068 ut
391 5012 695 5085 episcopus
716 5013 1142 5067 Tubursicensis
1173 5014 1231 5068 in
1265 5014 1549 5081 Numidia,
1583 5031 1646 5069 cx
1675 5020 1833 5085 parte

119 5104 581 5170 Donatistarum,
650 5102 975 5157 interfuerit
1027 5103 1317 5157 collationi
1380 5104 1831 5176 Carthaginensi.

117 5192 230 5247 Sed
262 5193 359 5245 ille
395 5190 707 5246 Fortunius
744 5190 866 5261 ipse
896 5195 997 5259 est,
1031 5192 1179 5246 haud
1213 5192 1402 5260 dubie,
1453 5194 1551 5265 qui
1582 5194 1832 5247 decimus

118 5285 468 5335 numeratur
508 5280 661 5334 inter
691 5284 971 5335 trecentos
1000 5287 1057 5335 et
1086 5282 1277 5335 decem
1311 5284 1604 5354 episcopos
1648 5282 1832 5337 conci-

120 5371 181 5424 lii
220 5369 554 5441 Bagaiensis
605 5384 753 5422 anno
794 5371 1187 5425 trecentesimo
1226 5372 1599 5442 nonagesimo
1630 5377 1833 5443 quarto

118 5460 315 5527 (Mitt,
351 5460 449 5514 lib.
476 5460 532 5527 4,
556 5474 601 5511 c.
632 5459 786 5524 10,12.
818 5461 929 5528 1?).
963 5460 1064 5514 Ubi
1085 5460 1139 5514 in
1164 5460 1436 5531 praedicto
1458 5462 1739 5533 colloquio
1764 5462 1833 5515 de

120 5548 431 5604 Ambrosio
460 5562 650 5601 sermo
672 5546 885 5613 incidit,
909 5548 1207 5621 Augustini
1234 5550 1399 5603 verba
1420 5551 1685 5605 inducere
1706 5567 1831 5622 pos-

1605 258 1819 313 LIBER
1860 256 2207 324 QUARTUS.

3566 266 3674 320 274-

1982 383 2131 446 suut,
2158 383 2225 434 ut
2254 382 2512 434 sanctum
2535 379 2699 433 illum
2730 380 3036 450 prmsulem
3062 380 3121 435 in
3137 382 3278 436 vivis
3300 382 3484 438 adhuc
3504 386 3685 454 egisse

1978 470 2275 523 credamus
2306 486 2318 523 :
2347 473 2519 540 atque
2566 469 2666 524 ubi
2708 472 2897 523 actum
2929 473 3012 523 est
3041 471 3109 525 de
3149 473 3539 541 persecutione
3571 475 3680 527 Do-

1978 557 2315 611 natistarum
2347 557 2407 611 in
2440 557 2901 625 Maximianistas,
2935 558 3128 612 nullus
3159 575 3345 613 sermo
3374 560 3553 614 factus
3583 578 3678 615 re-

1976 644 2196 715 peritur
2243 646 2312 700 de
2352 648 2690 701 Prastextato
2741 652 2796 701 et
2826 647 3129 714 Feliciano,
3174 664 3315 718 quos
3353 654 3683 719 receperant

1976 735 2080 788 sub
2128 734 2357 789 initium
2408 736 2545 788 anni
2583 736 2963 791 trecentesimi
3023 737 3380 808 nonagesimi
3430 737 3676 809 septimi.

1976 823 2104 876 Haec
2127 840 2259 877 vero
2292 823 2556 878 videntur
2576 826 2884 895 postulare,
2916 829 2982 878 ut
3011 824 3156 879 istud
3182 826 3532 896 colloquium
3562 843 3680 880 non

1976 912 2156 965 serius
2185 912 2422 966 ineunte
2452 929 2600 966 anno
2622 913 3019 968 trecentesimo
3040 914 3413 984 nonagesimo
3436 916 3677 985 septimo

1974 1002 2231 1055 habitum
2251 1018 2643 1072 agnoscamus.
2674 1003 2779 1057 Sed
2801 1003 2936 1075 quia
2959 1008 3179 1057 constat
3206 1004 3263 1057 id
3295 1005 3676 1075 Augustinum

1974 1090 2256 1158 habuisse,
2292 1108 2418 1147 cum
2454 1092 2524 1146 ad
2565 1093 2949 1148 ordinandum
2982 1095 3266 1150 Profuturi
3295 1112 3675 1151 successorem

1972 1180 2427 1250 proficisceretur
2447 1198 2459 1249 ;
2483 1184 2814 1252 ponendum
2837 1188 2985 1237 esset
3011 1183 3333 1254 Megalium,
3363 1184 3453 1238 cui
3481 1201 3677 1255 super-

1972 1274 2085 1323 stes
2137 1270 2246 1324 fuit
2307 1271 2639 1325 Profuturus
2704 1276 2839 1326 tunc
2904 1272 3220 1341 defunctus,
3280 1273 3485 1328 obiisse
3541 1277 3674 1329 ante

1970 1358 2155 1428 ipsum
2173 1376 2387 1413 annum
2403 1360 2867 1415 trecentesimum
2889 1362 3324 1441 nonagesimum
3341 1363 3672 1433 septimum,

1970 1452 2140 1518 atque
2170 1448 2305 1502 anni
2331 1449 2448 1503 fere
2471 1451 2718 1519 spatium
2748 1450 2909 1519 prius
2930 1451 3238 1519 effluxisse,
3263 1468 3435 1522 quam
3467 1452 3592 1523 ejus
3613 1453 3676 1507 in

1969 1536 2217 1606 primatu
2249 1553 2536 1592 successor
2564 1539 3009 1593 renuntiaretur.
3045 1541 3188 1593 Nam
3220 1541 3670 1607 Crescentianus,

1970 1625 2067 1695 qui
2098 1626 2150 1679 ei
2176 1627 2506 1681 successisse
2537 1627 2806 1694 creditur,
2840 1627 3055 1697 primas
3079 1644 3193 1681 non
3227 1628 3351 1693 fuit,
3386 1629 3498 1683 nisi
3527 1631 3675 1685 circa

1967 1713 2199 1768 initium
2246 1715 2476 1785 augusti
2524 1715 2661 1769 anni
2689 1716 2861 1785 hujus
2899 1717 3287 1771 trecentesimi
3316 1719 3673 1790 nonagesimi

1968 1803 2215 1873 septimi.
2266 1803 2418 1858 Licet
2460 1807 2653 1858 autem
2702 1805 3004 1875 Megalium
3048 1806 3199 1861 inter
3237 1810 3292 1860 et
3322 1808 3671 1863 Crescentia-

1968 1910 2106 1947 num
2140 1893 2354 1964 primas
2382 1894 2561 1965 possit
2589 1894 2870 1962 interseri,
2910 1912 3027 1949 non
3069 1899 3263 1950 tamen
3292 1902 3397 1964 est,
3431 1914 3531 1952 cur
3561 1900 3672 1954 hoc

1967 1982 2045 2036 ita
2074 1983 2375 2054 contigisse
2406 1999 2743 2038 asseramus.
2773 1984 3044 2048 Quocirca
3062 1988 3349 2040 malumus
3379 1987 3529 2041 istud
3555 1991 3669 2042 col-

1966 2072 2222 2142 loquium
2271 2076 2369 2126 aut
2416 2077 2656 2127 exeunte
2687 2091 2836 2128 anno
2869 2074 3268 2129 trecentesimo
3296 2076 3668 2147 nonagesimo

1966 2160 2207 2231 septimo
2255 2178 2555 2233 reponere,
2587 2166 2688 2216 aut
2720 2163 2913 2233 potius
2942 2164 3177 2219 ineunte
3208 2181 3356 2219 anno
3387 2168 3667 2221 trecente-

1965 2250 2106 2305 simo
2135 2252 2506 2323 nonagesimo
2538 2256 2752 2319 octavo,
2794 2253 2932 2307 dum
2963 2253 3217 2308 Gildonis
3248 2255 3512 2310 interitus
3538 2272 3668 2327 per-

1965 2341 2271 2395 secutionis
2313 2345 2532 2396 metum
2578 2341 2887 2396 Donatistis
2931 2347 3163 2414 propter
3201 2344 3468 2415 Optatum
3499 2362 3667 2402 suum

1964 2431 2218 2485 Gildonis
2245 2431 2528 2485 fautorem
2555 2429 2789 2502 injicere
2819 2436 3061 2503 poterat.

2034 2523 2085 2574 3.
2136 2521 2504 2575 Postmodum
2534 2521 2885 2591 Augustinus
2916 2522 3204 2577 Eleusium
3251 2527 3306 2578 et
3353 2523 3514 2592 alios,
3568 2526 3669 2597 qui

1962 2609 2030 2663 de
2063 2610 2330 2663 Fortunio
2357 2610 2466 2680 ipsi
2496 2610 2668 2665 verba
2700 2611 2970 2677 fecerant,
3006 2613 3275 2683 colloquii
3313 2630 3443 2668 cum
3474 2630 3540 2669 eo
3573 2615 3668 2669 ha-

1960 2696 2064 2751 biti
2091 2698 2359 2751 certiores
2388 2698 2519 2753 fecit
2552 2715 2564 2753 :
2599 2703 2653 2753 et
2682 2699 2787 2753 hoc
2814 2699 2901 2754 illi
2929 2700 3320 2756 testimonium
3350 2703 3571 2771 tribuit,
3604 2705 3667 2758 in

1962 2785 2243 2857 episcopis
2271 2786 2583 2840 Donatistis
2613 2786 2946 2842 difcillime
2985 2793 3275 2858 repertum
3302 2789 3374 2843 iri
3400 2795 3517 2845 tam
3558 2792 3666 2846 uti-

1960 2876 2070 2929 lem
2099 2875 2353 2929 animum
2378 2879 2433 2929 et
2454 2876 2830 2943 voluntatem,
2859 2892 3031 2948 quam
3052 2878 3110 2930 in
3135 2877 3243 2931 isto
3276 2895 3409 2933 sene
3430 2896 3663 2951 perspe-

1959 2965 2149 3019 xisset.
2184 2966 2295 3018 Hos
2335 2964 2654 3018 Donatistas
2694 2981 2799 3035 per
2846 2965 3075 3019 Domini
3115 2966 3452 3037 sanguinem
3500 2970 3661 3023 obte-

1959 3057 2156 3121 statur,
2190 3069 2323 3107 eum
2353 3057 2418 3107 ut
2444 3053 2532 3107 sui
2559 3054 2627 3108 de
2656 3055 3059 3125 prosequendo
3081 3056 3367 3128 colloquio
3394 3058 3660 3128 promissi

1958 3146 2385 3207 commoneant;
2433 3158 2546 3214 quo
2591 3159 2683 3197 res
2718 3144 2839 3213 jam
2869 3148 3051 3214 coepta
3081 3149 3136 3199 et
3165 3161 3375 3215 magna
3403 3163 3469 3201 ex
3500 3153 3661 3219 parte

1926 3226 2133 3303 'gesta,
2182 3232 2414 3286 tandem
2454 3231 2761 3303 aliquando
2808 3238 3133 3304 peragatur.
3175 3235 3257 3289 Ad
3306 3252 3479 3307 quam
3528 3237 3663 3291 diri-

1957 3322 2223 3376 mendam
2256 3325 2472 3390 monet,
2504 3323 2693 3376 locum
2724 3322 2975 3394 aliquem
3004 3324 3201 3393 procul
3248 3341 3279 3377 a
3308 3326 3555 3379 tumultu
3602 3330 3659 3381 et

1956 3411 2283 3466 turbulenta
2312 3410 2615 3465 hominum
2645 3411 2969 3482 frequentia
3012 3428 3131 3465 esse
3171 3413 3549 3482 seligendum,
3584 3414 3658 3467 si-

1955 3504 2050 3555 cut
2079 3506 2163 3555 est
2195 3500 2327 3555 villa
2374 3500 2616 3567 Titiana,
2660 3501 2747 3555 vel
2778 3500 2964 3571 quivis
2993 3500 3137 3554 alius
3171 3501 3228 3555 in
3257 3503 3656 3557 Tubursicensi

1954 3593 2053 3643 aut
2076 3590 2403 3660 Tagastensi
2452 3589 2679 3643 dimcesi
2721 3590 2899 3658 locus,
2950 3590 3011 3643 in
3057 3606 3169 3660 quo
3200 3591 3358 3643 nulla
3387 3590 3460 3644 sit
3484 3593 3657 3647 eccle-

1955 3678 2059 3747 sia,
2091 3679 2191 3750 qui
2224 3684 2413 3733 tameu
2445 3678 2513 3732 ab
2546 3677 2848 3733 Catholicis
2898 3680 2954 3731 et
2996 3677 3304 3731 Donatistis
3351 3678 3655 3749 incolatur,

1952 3770 2017 3820 ut
2045 3766 2285 3837 quisque
2332 3766 2486 3836 apud
2530 3765 2818 3835 hospitem
2860 3765 3281 3819 communionis
3317 3783 3432 3823 suae
3476 3770 3657 3839 possit

1953 3854 2224 3908 diversari
2257 3870 2269 3909 :
2303 3853 2439 3908 illuc
2484 3854 2820 3909 deferendos
2848 3870 2967 3908 esse
2997 3853 3299 3908 canonicos
3328 3856 3567 3926 codices,
3598 3864 3656 3913 et

1953 3942 1995 3996 si
2043 3960 2156 4014 qua
2201 3943 2449 4015 proferri
2478 3943 2722 3997 debeant
2762 3943 2914 3997 ultro
2943 3943 3198 4015 citroque
3228 3961 3411 3999 causas
3438 3945 3654 4000 instru-

1950 4039 2170 4100 menta;
2206 4032 2445 4103 singulis
2477 4032 2681 4087 deinde
2711 4031 2897 4086 dubiis
2934 4032 3321 4095 discutiendis,
3371 4040 3652 4105 quantum

1949 4138 2038 4175 res
2068 4121 2340 4194 exegerit,
2359 4122 2691 4175 vacandum.
2729 4121 2983 4193 Denique
3011 4121 3296 4175 Eleusium
3324 4126 3379 4176 et
3399 4123 3538 4176 alios
3558 4140 3651 4177 ro-

1949 4214 2063 4280 gat,
2098 4213 2160 4263 ut
2190 4209 2327 4281 quid
2356 4210 2461 4264 hac
2492 4210 2561 4264 de
2590 4224 2651 4263 re
2682 4209 2796 4264 sive
2826 4209 3004 4280 ipsius
3034 4211 3146 4263 sive
3170 4210 3442 4264 Fortunio
3467 4211 3656 4265 videa-

1948 4302 2061 4366 tur,
2089 4299 2402 4353 rescribant
2435 4298 2635 4368 (Epist.
2667 4301 2758 4369 44,
2788 4315 2834 4355 c.
2868 4302 2920 4367 6,
2967 4315 3023 4353 .
3074 4301 3173 4367 12).
3208 4301 3366 4352 Latet
3413 4316 3517 4354 nos
3545 4301 3649 4354 ho-

1946 4404 2142 4443 rumce
2199 4388 2556 4459 negotiorum
2606 4393 2863 4455 eventus,
2924 4404 3052 4458 qua:
3102 4388 3421 4458 Augustino
3490 4390 3647 4460 pacis

1947 4477 2320 4548 procurandae
2347 4493 2515 4531 causa
2542 4477 2789 4531 charitas
2818 4476 3149 4547 inspirabat.

2016 4568 2069 4621 4.
2116 4568 2307 4621 Exstat
2349 4565 2532 4620 adhuc
2577 4566 2755 4620 altera
2796 4564 3101 4635 Augustini
3150 4565 3388 4636 epistola
3443 4568 3645 4623 iisdem

1947 4654 2158 4724 Glorio,
2193 4654 2437 4721 Eleusio,
2482 4654 2766 4725 Felicique
2816 4653 3108 4724 inscripta,
3148 4655 3356 4725 quibus
3386 4656 3648 4728 adjungit

1947 4745 2392 4800 Grammaticum
2439 4746 2495 4799 et
2540 4749 2774 4797 caeteros
2803 4758 3004 4797 omnes
3034 4744 3241 4814 quibus
3277 4744 3386 4799 hoc
3415 4752 3638 4817 gratum

1945 4833 2115 4888 fuerit
2148 4834 2340 4903 (Epist.
2371 4834 2487 4904 43).
2519 4834 2585 4886 In
2623 4833 2728 4887 hac
2758 4832 2932 4886 etiam
2980 4832 3219 4902 epistola
3247 4834 3316 4888 de
3344 4836 3643 4891 schismate

1946 4923 2155 4993 agitur,
2200 4922 2467 4992 idemque
2510 4921 2689 4976 ferme
2729 4921 2799 4975 de
2827 4920 3163 4977 Maximiano
3193 4938 3377 4978 sermo
3408 4929 3511 4994 est,
3544 4926 3643 4996 qui

1944 5012 2005 5065 in
2036 5011 2326 5082 superiore
2391 5010 2651 5081 nihilque
2674 5009 2900 5064 videtur
2931 5010 3175 5079 obstare,
3210 5012 3347 5083 quin
3382 5030 3507 5067 eam
3538 5014 3640 5067 sub

1944 5101 2098 5155 idem
2128 5106 2373 5171 tempus,
2426 5099 2540 5152 imo
2587 5099 2758 5169 paulo
2793 5103 2944 5167 ante,
2987 5101 3363 5171 conscriptam
3403 5103 3641 5156 arbitre-

1946 5206 2095 5244 mur.
2128 5189 2321 5260 Optati
2363 5188 2850 5258 Thamugadensis
2895 5189 3256 5260 tyrannidem
3286 5190 3365 5243 ibi
3416 5206 3641 5245 summa

1946 5278 2170 5333 dicendi
2216 5278 2476 5331 libertate
2507 5282 2918 5333 commemorat
2944 5278 3315 5349 Augustinus,
3348 5277 3416 5331 iis
3446 5282 3640 5335 tamen

1944 5367 2149 5433 verbis,
2181 5382 2308 5437 qua:
2354 5365 2512 5419 illam
2542 5368 2798 5422 nondum
2831 5366 3062 5423 desiisse
3092 5368 3350 5421 innuant.
3390 5369 3635 5422 Demon-

1947 5462 2084 5512 strat
2111 5456 2341 5522 ibidem,
2384 5472 2558 5526 quam
2582 5456 2733 5528 juste
2764 5456 3022 5511 civilibus
3050 5456 3232 5526 poenis
3260 5460 3493 5526 possent
3526 5459 3639 5511 Do-

1944 5546 2166 5602 natistae
2186 5545 2445 5600 mulctari
2480 5563 2492 5600 :
2522 5547 2618 5602 sed
2644 5547 2701 5601 id
2729 5549 2910 5618 potest
2940 5544 3153 5615 optime
3174 5545 3371 5601 referri
3402 5547 3472 5601 ad
3504 5549 3639 5601 tem-
