4008 6184
335 238 438 289 275
1547 235 1715 289 νιΤΑ
1758 234 1810 288 S.
1855 234 2040 290 AUGE

2209 235 2239 288 Ἰ
2290 232 2628 288 EPISCOPI.

334 370 476 425 pora
506 353 756 410 Macarii.
797 357 926 410 Haec
964 354 1205 426 epistola
1245 355 1540 411 memoriae
1567 356 1760 428 prodit
1784 357 2034 411 collocu-

343 443 557 498 tionem
576 443 766 512 aliam,
795 461 966 515 quam
988 460 1118 499 cum
1157 444 1358 499 iisdem
1384 445 1686 500 Donatistis
1698 446 1758 499 in
1779 446 2034 517 ipsorum

336 532 560 586 civitate
603 533 881 588 habuerat
924 534 1295 604 Augustinus.
1330 535 1470 588 Cum
1503 535 1656 590 enim
1689 535 1758 589 de
1789 550 2042 589 commu-

339 621 507 676 nione
524 621 849 677 christiana:
879 623 1117 678 unitatis
1141 639 1271 677 cum
1291 623 1402 678 illis
1425 630 1641 694 ageret,
1663 625 1887 694 prolata
1907 627 2041 678 sunt

338 713 406 766 ab
437 712 501 766 iis
529 716 690 783 gesta
723 713 1005 784 quaedam,
1053 713 1113 767 in
1139 713 1347 785 quibus
1379 714 1711 769 Caecilianus
1737 719 1795 769 et
1825 714 1978 770 Felix
2009 730 2041 768 a

337 801 575 856 concilio
597 801 1031 874 Carthaginensi
1054 803 1307 857 damnati
1335 803 1807 874 perhibebantur.
1839 803 2041 858 Osten-

336 891 419 945 dit
446 890 558 944 illis
586 890 959 961 Augustinus,
1003 907 1176 962 quam
1206 890 1477 946 vitiosum
1507 896 1655 946 esset
1682 891 1827 946 illud
1855 890 2042 945 conci-

337 980 500 1046 lium,
537 983 592 1034 et
617 996 730 1050 qua
759 979 981 1034 ratione
1013 979 1310 1034 rescissum
1341 980 1542 1035 fuisset
1569 980 1726 1035 illius
1750 981 2040 1035 decretum

340 1086 370 1123 a
403 1069 640 1124 concilio
671 1071 949 1136 Romano,
978 1070 1128 1140 quod
1164 1085 1230 1123 ex
1272 1069 1554 1140 episcopis
1595 1085 1628 1124 a
1675 1069 2041 1124 Constantino

336 1159 595 1230 ipsorum
623 1159 1047 1213 Donatistarum
1068 1162 1276 1230 rogatu
1300 1158 1482 1212 missis
1504 1158 1827 1223 constabat;
1852 1174 1885 1212 a
1903 1173 2043 1211 con-

335 1247 465 1301 cilio
496 1246 846 1312 Arelatensi;
901 1247 972 1301 ab
1015 1247 1264 1317 ipsemet
1311 1246 1706 1313 Constantino,
1752 1247 1824 1300 ad
1869 1262 2066 1321 quem_

334 1335 446 1406 ipsi
485 1339 959 1406 provocaverant;
1005 1334 1253 1405 denique
1303 1351 1335 1388 a
1380 1334 1742 1404 proconsule,
1796 1335 1893 1405 qui
1942 1352 2040 1389 sua

335 1423 616 1480 sententia
663 1423 901 1478 Felicem
950 1427 1310 1494 purgaverat.
1354 1423 1480 1478 Non
1525 1427 1687 1478 erant
1723 1423 2040 1494 Augustino

336 1530 453 1585 prae
488 1512 751 1566 manibus
782 1511 976 1567 omnia
1004 1511 1127 1566 haec
1151 1528 1336 1566 causae.
1364 1511 1748 1566 instrumenta
1773 1528 1786 1566 :
1819 1512 1915 1567 sed
1936 1515 2043 1566 sta-

335 1603 437 1656 tim
469 1601 807 1656 accersenda
834 1600 1069 1654 curavit.
1103 1601 1322 1655 Interea
1358 1601 1606 1655 excurrit
1634 1601 1707 1655 ad
1736 1601 2041 1656 Ecclesiam

337 1691 726 1746 Gelizitanam.
753 1692 890 1756 Qua!
916 1693 1106 1744 autem
1125 1689 1221 1744 illa
1247 1689 1336 1757 sit,
1369 1689 1577 1761 quidve
1603 1689 1684 1744 ibi
1709 1690 1909 1760 egerit,
1937 1707 2038 1744 ne-

335 1780 564 1834 scimus.
608 1780 746 1834 Inde
767 1795 1050 1846 reversus,
1073 1795 1204 1834 cum
1233 1778 1394 1834 bidui
1420 1795 1536 1833 non
1566 1779 1724 1850 pleni
1750 1778 2040 1834 intermis-

335 1869 493 1922 sione
545 1868 785 1940 qusesita
832 1868 1159 1940 accepisset,
1208 1867 1434 1939 singula
1465 1884 1580 1922 uno
1609 1868 1700 1922 die
1731 1868 2040 1923 Donatistis

334 1957 560 2012 recitari
591 1957 775 2025 iussit.
809 1957 892 2012 Ab
925 1957 1062 2011 actis
1096 1959 1270 2028 coepit
1307 1956 1577 2012 Cirtensis
1605 1956 1831 2012 concilii
1865 1972 1880 2010 :
1912 1973 2040 2028 quin

334 2047 468 2118 quia
502 2048 731 2101 illorum
753 2046 1017 2101 nonnulli
1049 2047 1284 2118 rejicere
1307 2046 1625 2108 tentabant,
1659 2046 1876 2100 causati
1900 2046 2042 2100 veri-

336 2133 520 2189 simile
544 2150 662 2188 non
693 2150 812 2188 esse
843 2134 914 2188 ab
946 2133 1026 2188 eis
1069 2133 1170 2204 qui
1200 2133 1524 2188 traditionis
1555 2134 1782 2188 veniam
1811 2135 1870 2188 in
1911 2149 2040 2187 con—

335 2221 466 2275 eilio
499 2221 740 2276 Cirtensi
761 2221 1163 2286 obtinuissent,
1189 2220 1554 2276 Caecilianum
1579 2221 1780 2276 eodem
1801 2221 2038 2274 crimine

338 2309 510 2365 fuisse
539 2309 1018 2376 condemnatum;
1068 2312 1253 2364 totum
1291 2309 1349 2362 in
1399 2326 1466 2362 eo
1517 2309 1746 2380 negotio
1793 2309 2039 2364 Secundi

337 2398 636 2454 consilium
660 2398 831 2452 latius
871 2397 1151 2468 exposuit.
1180 2397 1354 2452 Jussit
1381 2397 1588 2452 deinde
1618 2397 1845 2453 recitari
1874 2399 2038 2454 Gesta

333 2486 758 2559 proconsularia
783 2487 851 2541 de
881 2503 1050 2541 causa
1089 2486 1289 2541 Felicis
1319 2487 1718 2557 Aptungitani.
1755 2489 1896 2542 Cum
1929 2504 2034 2542 au-

338 2582 455 2632 tem
493 2592 783 2631 nonnemo
829 2592 897 2630 ex
927 2575 1009 2630 eis
1041 2575 1282 2630 Felicem
1319 2575 1697 2647 suggillasset,
1725 2576 1887 2647 quasi
1915 2592 2038 2631 rem

338 2683 536 2739 passus
558 2669 704 2720 esset
722 2663 986 2735 episcopo
1010 2664 1325 2735 indignam,
1359 2664 1514 2736 quod
1533 2667 1926 2736 proconsulari
1947 2666 2040 2736 ju-

336 2755 483 2811 dicio
521 2754 722 2809 fuisset
746 2753 1061 2820 absolutus,
1087 2757 1143 2807 et
1167 2753 1226 2806 in
1256 2752 1409 2806 illius
1439 2769 1606 2807 causa
1637 2753 1870 2824 quidam
1903 2754 2038 2808 fuis-

336 2849 420 2900 set
448 2843 750 2898 tormentis
781 2841 1068 2910 addictus;
1105 2841 1256 2896 illius
1280 2840 1580 2908 cavillatio,
1608 2845 1808 2913 utpote
1839 2843 2037 2896 absur-

335 2934 426 3000 da,
455 2933 673 2987 caeteris
705 2929 1014 3002 displicuit.
1048 2929 1145 2984 His
1174 2934 1307 2984 ante
1338 2928 1634 2984 meridiem
1679 2928 1859 2995 lectis,
1913 2934 2040 3001 post

336 3022 634 3076 meridiem
666 3019 916 3075 recitata:
957 3022 1092 3073 sunt
1124 3017 1549 3072 Donatistarum
1578 3033 1775 3088 preces
1798 3016 1869 3072 ad
1900 3017 2040 3072 Con-

336 3110 672 3177 stantinum,
697 3114 821 3162 acta
849 3107 1080 3162 concilii
1108 3106 1371 3174 Romani,
1402 3112 1460 3160 et
1490 3106 1848 3162 Constantini
1887 3106 2038 3160 litte-

336 3214 416 3252 ra:
444 3199 513 3252 de
538 3196 755 3268 judicio
788 3195 945 3267 quod
991 3195 1294 3249 Mediolani
1325 3195 1640 3250 secundum
1673 3194 2038 3251 Caecilianum
2076 3211 2088 3224 ε

337 3286 569 3339 tulerat.
587 3286 893 3339 Curaverat
915 3283 1130 3353 pariter
1149 3283 1502 3354 Augustinus
1524 3282 1830 3338 deferenda
1851 3285 2037 3350 Gesta,

339 3374 547 3445 quibus
580 3372 967 3428 Nundinarius
994 3372 1340 3431 ostenderat.
1374 3387 1524 3426 anno
1544 3371 1942 3426 trecentesimo
1965 3372 2040 3426 vi-

339 3462 580 3536 gesimo,
627 3479 821 3517 coram
870 3460 1198 3532 Zenophilo,
1241 3466 1541 3532 corruptos
1586 3460 1757 3516 fuisse
1814 3460 2040 3516 Lucillae

336 3552 583 3624 pecunia
611 3551 931 3622 episcopos,
957 3556 1020 3606 ut
1040 3550 1408 3606 Caecilianum
1424 3551 1915 3606 condemnarent:
1940 3551 2038 3606 sed

338 3643 411 3698 ob
439 3641 714 3714 temporis
742 3641 1032 3713 angustias
1062 3640 1288 3696 recitari
1313 3657 1431 3696 non
1458 3640 2039 3713 potuerunt.0muem

336 3731 450 3786 illis
499 3731 621 3786 hac
664 3731 828 3786 Gesta
877 3729 1220 3784 discutiendi
1267 3733 1325 3784 et
1365 3729 1722 3784 exscribendi
1752 3728 2039 3784 licentiam

338 3820 556 3874 tribuit.
589 3819 703 3874 Sub
735 3820 841 3872 hoc
870 3817 1048 3888 igitur
1076 3817 1423 3889 colloquium
1455 3817 1680 3887 scripsit
1710 3818 1778 3872 ad
1809 3818 2041 3872 eosdem

342 3907 679 3973 Donatistas,
731 3905 858 3960 illos
910 3905 1310 3971 obtestaturus,
1345 3910 1412 3960 ut
1439 3905 1558 3959 hzec
1603 3905 1767 3960 Gesta
1797 3906 2039 3976 inspice-

340 3998 468 4049 rent
496 4010 510 4048 :
545 3997 601 4048 et
636 3993 697 4047 in
726 4009 785 4046 re
814 3991 960 4047 tanti
994 3992 1277 4046 momenti
1305 3992 1385 4046 eis
1414 3992 1752 4048 inculcanda
1781 3993 2042 4064 pluribus

340 4086 696 4139 immoratur.
749 4085 877 4154 Ipso
925 4082 1179 4152 epistola
1225 4099 1343 4136 sua:
1387 4081 1618 4137 exordio
1657 4099 1772 4137 non
1803 4083 2040 4140 obscure

339 4173 572 4235 indicat,
599 4189 761 4246 posse
777 4189 811 4226 a
829 4172 1121 4226 nonnullis
1150 4171 1488 4242 improbari,
1513 4171 1663 4243 quod
1687 4172 1757 4226 ad
1777 4172 2041 4227 homines

338 4282 373 4319 a
399 4263 672 4319 catholica
710 4260 1112 4318 communione
1138 4260 1352 4315 alienos
1381 4261 1451 4315 de
1482 4260 1678 4316 salutis
1708 4277 1904 4316 eorum
1941 4279 2040 4316 ne-

338 4354 492 4425 gotio
525 4353 823 4419 scriberet;
855 4350 955 4423 qui
1003 4353 1194 4404 tamen
1233 4349 1560 4420 probarent,
1589 4349 1635 4404 si
1656 4350 1726 4405 de
1757 4350 2040 4404 saeculari-

339 4443 446 4497 bus
486 4442 730 4513 negotiis
760 4441 817 4495 id
849 4443 1144 4512 praestaret
1177 4454 1190 4493 :
1229 4442 1402 4508 Usque
1421 4439 1571 4508 adeo,
1605 4439 1814 4510 inquit,
1843 4441 2040 4495 charus

338 4537 416 4584 est
442 4532 528 4585 hic
556 4531 788 4585 mundus
820 4531 1145 4596 hominibus,
1180 4533 1231 4583 et
1257 4529 1473 4583 sibimet
1500 4529 1611 4598 ipsi
1637 4529 1939 4582 viluerunt!
1969 4531 2040 4583 En

340 4617 610 4672 libentius
655 4619 727 4673 ad
767 4619 936 4672 hosce
965 4617 1286 4673 Donatistas
1315 4616 1615 4685 scribebat,
1649 4634 1764 4688 quo
1794 4633 2038 4688 propen-

339 4706 515 4761 siores
554 4722 651 4762 eos
689 4706 920 4762 videbat
965 4707 1035 4762 ad
1079 4705 1377 4761 veritatem
1417 4722 1483 4760 ex
1513 4705 1704 4760 animo
1742 4705 2037 4777 inquiren-

339 4796 488 4861 dam,
532 4799 598 4850 ut
640 4795 855 4850 sincere
887 4811 1035 4864 eam,
1066 4795 1286 4862 relicto,
1320 4811 1493 4866 quem
1524 4811 1555 4848 a
1584 4794 1922 4865 parentibus
1949 4811 2037 4848 ac-

338 4884 636 4957 cepissent,
664 4900 878 4952 errore,
909 4887 1278 4939 sectarentur.
1304 4884 1604 4939 Enimvero
1621 4883 1778 4938 illius
1801 4883 2040 4954 epistola

299 4994 301 4996 ·
339 4973 408 5029 de
439 4972 743 5045 colloquio,
777 4972 933 5044 quod
962 4988 1089 5027 eum
1124 4973 1393 5028 Fortunio
1422 4972 1643 5041 habuit,
1673 4971 1808 5027 satis
1826 4972 2040 5027 indicat

337 5080 432 5119 eos
460 5079 579 5118 non
607 5062 783 5117 fuisse
811 5077 845 5116 a
872 5063 1174 5117 concordia
1204 5067 1260 5117 et
1287 5077 1425 5134 pace
1457 5061 1698 5116 alienos.
1733 5060 2039 5131 Epistolam

336 5154 394 5209 in
424 5154 548 5210 haec
584 5151 756 5208 verba
794 5150 1083 5205 concludit
1128 5167 1140 5205 :
1185 5153 1311 5206 Erit
1338 5156 1516 5206 autem
1544 5151 1692 5205 vobis
1731 5151 1818 5205 hic
1846 5165 2036 5218 sermo,

288 5236 297 5242 ’
337 5260 492 5312 quem
518 5244 584 5299 de
605 5257 824 5298 munere
843 5243 938 5296 Dei
955 5243 1104 5296 novit
1128 5243 1262 5310 ipse,
1295 5245 1502 5310 quanta
1530 5245 1580 5296 et
1602 5243 1759 5311 pacis
1783 5247 1833 5296 et
1861 5246 2040 5296 vestra

337 5335 620 5390 dilectione
665 5333 1113 5404 deprompsimus,
1147 5333 1400 5386 correctio
1429 5333 1480 5386 si
1512 5331 1710 5398 velitis,
1744 5333 1894 5386 testis
1917 5347 2040 5386 vero

339 5426 440 5477 etsi
466 5425 668 5479 nolitis.

410 5516 461 5566 3.
499 5513 759 5569 Nondum
789 5511 1011 5569 veritati
1045 5509 1235 5566 animo
1265 5511 1380 5565 tam
1417 5507 1637 5564 infenso
1669 5508 2040 5564 adversaban-

3735 239 3855 288 '276

2144 359 2239 410 tur
2277 354 2604 425 Donatista,
2653 371 2718 410 ac
2758 354 3002 426 proinde
3033 354 3254 426 priores
3283 355 3467 411 adhuc
3495 356 3862 430 episc0patus

2144 461 2325 498 annos
2353 444 2557 515 agebat
2586 444 2957 516 Hugustinus,
2991 461 3121 498 eum
3152 445 3476 500 Honoratus
3501 446 3650 500 illius
3670 447 3864 517 partis

2147 533 2466 604 episcopus,
2500 537 2556 588 et
2586 533 2834 604 Hipponi
2864 533 3102 600 vicinus,
3135 533 3475 604 signiﬁcavit
3504 535 3555 589 ei
3582 552 3683 607 per
3709 537 3865 591 Ero-

2146 627 2283 688 tem,
2335 640 2394 677 se
2417 622 2670 691 (libenter
2712 639 2843 676 cum
2891 621 3016 694 ipso
3061 639 3166 693 per
3209 622 3425 677 litteras
3451 623 3520 678 de
3549 624 3864 680 schismate

2148 712 2506 777 collaturum,
2540 714 2604 765 ut
2646 712 2716 766 de
2756 727 2818 765 re
2862 711 3006 765 tanti
3037 711 3338 778 momenti,
3368 728 3436 766 ea
3460 729 3572 783 qua
3599 730 3702 784 par
3731 717 3866 768 erat

2148 800 2380 855 lenitate
2411 805 2467 855 et
2511 799 2690 855 animi
2717 799 3130 871 tranquillitate
3179 801 3542 856 dissererent.
3577 802 3862 874 Augusti-

2148 906 2280 958 nus,
2311 889 2410 960 qui
2431 889 2554 960 jam
2583 888 2811 960 pridem
2837 889 2991 943 illius
3010 888 3357 960 colloquium
3382 891 3692 962 expetebat,
3724 891 3862 962 ejus

2149 977 2257 1033 sibi
2304 977 2608 1033 consilium
2637 978 2884 1032 multum
2915 978 3140 1049 placere
3167 977 3459 1048 rescripsit
3493 995 3506 1032 :
3541 983 3597 1033 et
3622 984 3683 1033 ut
3709 995 3854 1034 cau-

2149 1083 2266 1121 sam
2281 1066 3125 1138 aggrederetur,demonstravit
3146 1066 3412 1138 ipsi,cum
3437 1068 3727 1139 Scriptura
3750 1084 3861 1122 no-

2149 1155 2235 1210 bis
2263 1156 2604 1226 polliceatur
2629 1154 2933 1210 Ecclesiam
2963 1155 3061 1210 Dei
3081 1171 3184 1227 per
3203 1156 3402 1210 orbem
3423 1159 3708 1212 terrarum
3731 1174 3860 1212 esse

2150 1244 2600 1314 diffundendam,
2632 1245 2779 1298 hanc
2807 1244 3168 1316 prophetiam
3200 1244 3260 1298 in
3303 1245 3548 1300 Ecclesia
3575 1246 3863 1301 catholica

2149 1332 2447 1404 compleri.
2477 1333 2692 1398 Quaerit
2720 1333 2934 1404 itaque,
2966 1337 3030 1387 ut
3054 1333 3399 1404 respondere
3419 1350 3536 1389 non
3558 1338 3859 1405 gravetur,

2151 1439 2262 1494 quo
2296 1425 2482 1494 pacto,
2514 1437 2645 1476 cum
2675 1421 2755 1477 ita
2783 1438 2842 1476 se
2881 1438 2970 1476 res
3000 1422 3226 1492 habeat,
3258 1438 3391 1492 pars
3436 1423 3639 1478 Donati
3678 1427 3866 1494 possit

2150 1528 2269 1565 esse
2315 1510 2558 1565 Ecclesia
2607 1511 2705 1566 illa
2733 1511 3004 1566 divinitus
3040 1511 3445 1581 praenuntiata,
3478 1517 3536 1567 et
3559 1515 3862 1584 quomodo

2149 1599 2403 1656 Christus
2430 1599 2826 1655 haereditatem
2856 1615 3021 1655 suam
3050 1599 3110 1654 in
3136 1604 3256 1656 toto
3275 1604 3560 1655 terrarum
3581 1602 3723 1657 orbe
3751 1601 3861 1657 sibi

2147 1689 2486 1761 promissam
2516 1688 2595 1743 sic
2633 1689 2895 1744 amittere
2935 1689 3235 1760 potuisset,
3279 1691 3432 1745 utin
3469 1707 3585 1745 una
3633 1692 3862 1747 solum-

2149 1778 2315 1832 modo
2337 1777 2539 1833 Africse
2569 1781 2728 1849 parte
2754 1777 3026 1832 resideret
3059 1778 3258 1848 (Epist.
3291 1781 3382 1846 49,
3413 1795 3475 1834 n.
3522 1779 3592 1850 t).

2220 1869 2271 1920 6.
2308 1867 2636 1920 Notavimus
2664 1882 2856 1933 supra,
2888 1883 3017 1922 eum
3061 1867 3366 1922 Fortunius
3394 1868 3617 1923 veniret
3645 1869 3720 1925 ad
3749 1872 3862 1924 Au-

2147 1955 2463 2026 gustinum,
2487 1955 2556 2010 ab
2577 1956 2682 2009 hoc
2705 1960 2897 2010 sancto
2914 1956 3159 2010 Praesule
3176 1957 3443 2028 Maiorem
3457 1957 3858 2013 Coelicolarum

2149 2043 2392 2098 accitum
2423 2044 2615 2108 fuisse,
2647 2049 2708 2098 ut
2735 2061 2864 2099 cum
2890 2045 2988 2100 illo
3018 2045 3233 2116 aliquid
3271 2046 3605 2116 loqueretur
3647 2048 3855 2117 (Epist.

2147 2135 2237 2201 44,
2286 2149 2331 2186 c.
2377 2135 2429 2200 6,
2468 2149 2526 2186 η.
2571 2132 2676 2204 l3).
2721 2134 2906 2188 Exstat
2946 2133 3151 2188 horum
3195 2134 3592 2190 Coelicolarum
3642 2152 3858 2191 nomen

2147 2221 2208 2275 in
2254 2221 2597 2291 quibusdam
2646 2221 2863 2291 legibus
2916 2221 3151 2276 Honorii
3192 2222 3434 2292 Augusti
3473 2223 3619 2288 (Cod.
3654 2223 3854 2276 Theod.

2148 2311 2213 2365 de
2238 2313 2455 2377 Haeret,
2484 2312 2592 2378 lege
2621 2313 2707 2378 43,
2735 2316 2785 2365 et
2814 2311 2878 2364 dc
2904 2310 3044 2364 Jud.
3082 2312 3268 2368 leic.
3307 2327 3390 2366 ac.
3415 2312 3563 2366 Sam.
3588 2312 3704 2380 lege
3743 2311 3857 2380 ~19};

2149 2416 2253 2454 nec
2281 2399 2415 2453 satis
2460 2399 2661 2471 liquet,
2709 2399 2945 2470 quinam
2975 2399 3057 2453 illi
3087 2399 3324 2454 fuerint.
3354 2402 3610 2470 Apparet
3637 2404 3855 2464 tamen,

2148 2505 2267 2542 non
2314 2488 2489 2542 fuisse
2542 2492 2755 2543 sectam
2806 2489 3231 2556 haereticorum,
3285 2505 3472 2559 neque
3525 2488 3855 2556 hominum,

2149 2576 2476 2648 opinamur,
2504 2577 2905 2648 quiludaicam
2927 2577 3345 2648 professionem
3359 2593 3488 2631 cum
3511 2577 3856 2643 Christiana,

2148 2665 2293 2720 sicut
2325 2665 2595 2733 Nazaraei,
2643 2666 3051 2733 eonsociantes,
3104 2666 3558 2721 Christianorum
3599 2665 3714 2720 sibi
3763 2683 3856 2719 no-

2149 2772 2280 2809 men
2309 2758 2645 2826 arrogarent
2679 2771 2691 2808 :
2725 2771 2855 2810 cum
2885 2755 3257 2826 Augustinus,
3289 2755 3390 2826 qui
3417 2771 3511 2810 eos
3544 2755 3728 2827 probe
3758 2772 3857 2809 no-

2147 2848 2328 2912 verat,
2359 2845 2420 2898 in
2449 2860 2550 2898 suo
2581 2844 2726 2900 libro
2760 2844 2829 2898 de
2862 2844 3196 2910 Hmresibus,
3232 2844 3463 2899 illorum
3495 2843 3855 2899 mentionem

2147 2949 2262 2987 non
2304 2933 2518 2988 fecerit.
2557 2933 2841 2988 Honorius
2880 2932 2941 2986 in
2972 2933 3193 3003 legibus
3223 2948 3374 2987 anno
3404 2932 3854 3004 quadringente-

2150 3021 2291 3076 simo
2323 3026 2519 3076 octavo
2559 3025 2615 3076 et
2657 3021 3219 3093 quadringentesimo
3251 3037 3401 3076 nono
3445 3021 3592 3090 latis,
3627 3021 3856 3077 Coelico-

2150 3111 2231 3165 las
2266 3110 2458 3182 arguit
2497 3111 2629 3166 novi
2657 3111 2960 3184 dogmatis,
2993 3127 3156 3166 nova:
3185 3110 3630 3182 superstitionis,
3662 3116 3723 3165 et
3753 3127 3855 3165 no-

2150 3199 2319 3254 minis
2347 3201 2622 3255 hactenus
2647 3199 2907 3255 inauditi.
2939 3199 3088 3255 Fieri
3129 3199 3282 3254 enim
3312 3200 3515 3270 potuit,
3553 3202 3616 3254 ut
3644 3215 3858 3270 paucos

2149 3293 2279 3343 ante
2306 3305 2485 3344 annos
2515 3305 2573 3343 se
2601 3305 2703 3360 per
2742 3288 3106 3344 Occidentem
3153 3291 3589 3360 propagassent,
3633 3293 3738 3343 aut
3778 3287 3858 3342 ibi

2149 3377 2558 3447 primigenium
2584 3393 2750 3431 suum
2783 3391 2996 3431 nomen
3024 3377 3260 3432 nomine
3278 3376 3677 3432 Coelicolarum
3708 3393 3856 3431 com-

2148 3470 2481 3521 mutassent.
2522 3466 2803 3520 Prmterea
2849 3465 3120 3520 discimus
3166 3465 3236 3520 ab
3278 3465 3621 3535 Augustino,
3652 3481 3855 3520 eorum

2149 3555 2589 3627 antesignanum
2637 3571 2736 3609 seu
2767 3555 3058 3626 Majorem,
3091 3558 3156 3610 ut
3182 3558 3365 3620 vocat,
3397 3571 3568 3626 quem
3598 3554 3726 3624 ipse
3757 3557 3859 3609 Tu-

2149 3644 2375 3700 hursico
2422 3643 2704 3698 transiens
2753 3644 3030 3713 accersiit,
3095 3659 3308 3698 novum
3356 3643 3627 3714 baptismi
3680 3661 3858 3715 genus

2149 3735 2303 3805 apud
2329 3749 2422 3788 eos
2450 3732 2765 3788 instituisse
2797 3750 2810 3788 :
2845 3750 2959 3805 quo
2977 3732 3275 3804 sacrilegio
3290 3733 3408 3804 jam
3432 3733 3754 3803 permultos
3769 3733 3857 3786 ille

2149 3823 2446 3878 seduxerat
2467 3823 2663 3892 (Epist.
2689 3824 2778 3890 44,
2793 3839 2838 3877 c.
2857 3827 2907 3891 6,
2923 3840 2978 3878 η.
3002 3823 3085 3894 t3)
3100 3864 3113 3878 .
3148 3823 3508 3894 Quapropter
3527 3821 3856 3892 hujusmodi

2150 3915 2320 3978 secta,
2351 3927 2480 3981 quae
2505 3910 2784 3981 quamdiu
2806 3911 2948 3966 nihil
2966 3926 3066 3966 con
3067 3911 3336 3982 junctum
3357 3914 3527 3982 atque
3549 3926 3856 3966 commune

2149 4014 2280 4053 cum
2311 3997 2558 4053 Ecclesia
2585 3998 2844 4066 haberet,
2875 3999 2936 4054 in
2970 4000 3126 4054 nullo
3155 4000 3335 4055 ferme
3374 4015 3619 4054 numero
3649 3999 3853 4065 fuerat,

2149 4105 2216 4144 eo
2242 4088 2609 4160 postmodum
2642 4088 2926 4143 exitialior
2945 4089 3224 4159 exstituit,
3252 4105 3366 4161 quo
3387 4088 3626 4160 propius
3641 4089 3721 4143 ad
3734 4104 3852 4144 eam

2150 4177 2467 4244 accedebat,
2499 4179 2556 4231 et
2583 4176 2737 4231 illius
2771 4182 3121 4232 sacramenta
3150 4178 3409 4234 tentabat
3444 4194 3751 4249 usurpem.

2815 4267 3039 4322 CAPUT
3078 4268 3185 4322 XV.

2153 4359 2172 4412 l
2205 4355 2546 4423 Augustinus
2575 4355 2650 4410 ad
2678 4355 2990 4410 Eudoasium
3018 4355 3261 4410 abbatem
3286 4355 3491 4411 scribit.
3515 4357 3548 4409 2
3572 4354 3853 4412 Conciona-

2220 4449 2311 4499 tur
2355 4444 2614 4499 adversus
2643 4445 2982 4500 Christianos
3014 4446 3111 4513 qui
3138 4445 3375 4511 Paganis
3408 4445 3465 4498 in
3492 4458 3674 4497 eorum
3718 4443 3853 4498 sole—

2218 4533 2538 4588 mnitatibus
2573 4532 2971 4602 adjunguntur.
3005 4535 3035 4586 3
3063 4533 3426 4588 Simulacrum
3455 4532 3703 4586 Herculis
3734 4533 3855 4588 Car-

2222 4623 2441 4690 thagine
2479 4637 2599 4677 cum
2623 4621 2876 4676 dedecore
2902 4625 3214 4677 tractatum.
3251 4626 3277 4676 4
3310 4622 3593 4677 Publicolae
3618 4623 3854 4692 quaestio-

2219 4726 2308 4765 nes
2337 4712 2642 4766 solvuntur.

2226 4803 2272 4854 l.
2304 4798 2466 4854 Gildo
2511 4799 2616 4854 sub
2649 4797 2888 4853 Comitis
2937 4801 2994 4853 et
3027 4797 3276 4870 Magistri
3309 4795 3531 4854 militias
3559 4796 3730 4852 titulo
3761 4811 3854 4869 per

2150 4887 2347 4943 decem
2395 4891 2493 4942 aut
2539 4887 2841 4943 duodecim
2889 4903 3070 4941 annos
3098 4903 3293 4942 rerum
3321 4887 3514 4958 potius
3544 4886 3606 4940 in
3645 4885 3852 4950 Africa,

2150 4980 2392 5031 exeunte
2439 4992 2591 5030 anno
2633 4975 3034 5030 trecentesimo
3080 4974 3454 5046 nonagesimo
3487 4974 3756 5045 septimo,
3789 4972 3852 5026 ab

2152 5064 2400 5119 Honorio
2432 5063 2636 5119 defecit
2665 5080 2732 5118 eo
2764 5064 3024 5130 obtentu,
3056 5067 3121 5118 ut
3147 5062 3396 5118 Africam
3427 5062 3487 5117 in
3514 5061 3747 5117 Arcadii
3777 5060 3854 5116 di-

2146 5153 2366 5208 tionem
2395 5153 2726 5208 transferret
2759 5169 2773 5208 :
2805 5153 2902 5207 sed
2933 5151 3193 5223 proximo
3225 5168 3354 5206 vere
3385 5151 3618 5206 ineunte
3659 5152 3854 5207 Mascc—

2148 5242 2232 5296 zel
2280 5243 2402 5313 ejus
2434 5242 2608 5296 frater
2637 5257 2767 5296 eum
2814 5241 2992 5312 copiis
3022 5240 3092 5295 ab
3122 5239 3286 5295 Italia
3310 5240 3536 5302 missus,
3571 5239 3851 5312 insignem

2149 5331 2219 5386 de
2264 5330 2362 5386 illo
2403 5330 2699 5386 victoriam
2731 5330 2923 5385 divina
2969 5347 3075 5402 ope
3117 5329 3384 5385 obtinuit.
3421 5331 3552 5384 Post
3599 5329 3724 5401 ejus
3750 5328 3851 5383 cla-

2149 5420 2276 5474 dem
2295 5421 2532 5492 Optatus
2558 5420 3044 5491 Thamugadensis
3061 5418 3364 5491 episcopus
3387 5417 3849 5484 Donatista,unus

2147 5525 2178 5565 e
2194 5509 2482 5581 primariis
2501 5508 2656 5565 illius
2682 5507 3040 5578 satellitibus,
3063 5509 3120 5564 in
3145 5523 3428 5564 carcerem
3450 5506 3848 5575 detrusus,illic
