  <div class='ocr_page' id='page_1' title='image "/cluster/home/n/w/nwhite01/storage/ocr_20150623/32/hvd.32044096580550/148.png"; bbox 0 0 4008 6184; ppageno 0'>
   <div class='ocr_carea' id='block_1_1' title="bbox 136 280 238 331">
    <p class='ocr_par' dir='ltr' id='par_1_1' title="bbox 136 280 238 331">
     <span class='ocr_line' id='line_1_1' title="bbox 136 280 238 331; baseline -0.02 0"><span class='ocrx_word' id='word_1_1' title='bbox 136 280 238 331; x_wconf 77' lang='lat'>277</span> 
     </span>
    </p>
   </div>
   <div class='ocr_carea' id='block_1_2' title="bbox 143 397 1850 470">
    <p class='ocr_par' dir='ltr' id='par_1_2' title="bbox 143 397 1850 470">
     <span class='ocr_line' id='line_1_2' title="bbox 143 397 1850 470; baseline -0.002 -15"><span class='ocrx_word' id='word_1_2' title='bbox 143 399 447 456; x_wconf 75' lang='lat' dir='ltr'>exstinctus</span> <span class='ocrx_word' id='word_1_3' title='bbox 476 403 578 454; x_wconf 88' lang='lat' dir='ltr'>est.</span> <span class='ocrx_word' id='word_1_4' title='bbox 612 397 925 454; x_wconf 89' lang='lat' dir='ltr'>Petilianus</span> <span class='ocrx_word' id='word_1_5' title='bbox 965 397 1214 470; x_wconf 87' lang='lat' dir='ltr'>partium</span> <span class='ocrx_word' id='word_1_6' title='bbox 1265 397 1691 466; x_wconf 80' lang='lat' dir='ltr'>Donatistarum</span> <span class='ocrx_word' id='word_1_7' title='bbox 1734 398 1850 470; x_wconf 89' lang='lat' dir='ltr'>epi-</span> 
     </span>
    </p>
   </div>
   <div class='ocr_carea' id='block_1_3' title="bbox 148 488 1848 561">
    <p class='ocr_par' dir='ltr' id='par_1_3' title="bbox 148 488 1848 561">
     <span class='ocr_line' id='line_1_3' title="bbox 148 488 1848 561; baseline -0.001 -17"><span class='ocrx_word' id='word_1_8' title='bbox 148 506 330 561; x_wconf 88' lang='lat' dir='ltr'>scopus</span> <span class='ocrx_word' id='word_1_9' title='bbox 362 488 757 560; x_wconf 81' lang='lat' dir='ltr'>Augustinum</span> <span class='ocrx_word' id='word_1_10' title='bbox 787 492 984 559; x_wconf 89' lang='lat' dir='ltr'>postea</span> <span class='ocrx_word' id='word_1_11' title='bbox 1013 488 1384 554; x_wconf 80' lang='lat' dir='ltr'>insimulavit,</span> <span class='ocrx_word' id='word_1_12' title='bbox 1413 489 1564 560; x_wconf 89' lang='lat' dir='ltr'>quod</span> <span class='ocrx_word' id='word_1_13' title='bbox 1593 489 1663 542; x_wconf 92' lang='lat' dir='ltr'>ad</span> <span class='ocrx_word' id='word_1_14' title='bbox 1694 488 1848 542; x_wconf 91' lang='lat' dir='ltr'>illius</span> 
     </span>
    </p>
   </div>
   <div class='ocr_carea' id='block_1_4' title="bbox 150 577 1845 648">
    <p class='ocr_par' dir='ltr' id='par_1_4' title="bbox 150 577 1845 648">
     <span class='ocr_line' id='line_1_4' title="bbox 150 577 1845 648; baseline -0.001 -15"><span class='ocrx_word' id='word_1_15' title='bbox 150 579 565 633; x_wconf 75' lang='lat' dir='ltr'>damnationem</span> <span class='ocrx_word' id='word_1_16' title='bbox 581 595 683 632; x_wconf 89' lang='lat' dir='ltr'>sua</span> <span class='ocrx_word' id='word_1_17' title='bbox 703 578 938 632; x_wconf 87' lang='lat' dir='ltr'>consilia</span> <span class='ocrx_word' id='word_1_18' title='bbox 954 577 1286 632; x_wconf 82' lang='lat' dir='ltr'>contulisset</span> <span class='ocrx_word' id='word_1_19' title='bbox 1308 577 1479 648; x_wconf 82' lang='lat' dir='ltr'>(Cant.</span> <span class='ocrx_word' id='word_1_20' title='bbox 1502 579 1635 632; x_wconf 95' lang='lat' dir='ltr'>Litt.</span> <span class='ocrx_word' id='word_1_21' title='bbox 1665 578 1845 641; x_wconf 88' lang='lat' dir='ltr'>Petit.,</span> 
     </span>
    </p>
   </div>
   <div class='ocr_carea' id='block_1_5' title="bbox 150 665 1848 736">
    <p class='ocr_par' dir='ltr' id='par_1_5' title="bbox 150 665 1848 736">
     <span class='ocr_line' id='line_1_5' title="bbox 150 665 1848 736; baseline -0.001 -15"><span class='ocrx_word' id='word_1_22' title='bbox 150 670 226 722; x_wconf 69' lang='lat' dir='ltr'>tib.</span> <span class='ocrx_word' id='word_1_23' title='bbox 252 671 303 734; x_wconf 88' lang='lat'>3,</span> <span class='ocrx_word' id='word_1_24' title='bbox 337 684 395 723; x_wconf 92' lang='lat' dir='ltr'>c.</span> <span class='ocrx_word' id='word_1_25' title='bbox 434 669 525 734; x_wconf 74' lang='grc'>40,</span> <span class='ocrx_word' id='word_1_26' title='bbox 556 685 612 721; x_wconf 84' lang='lat' dir='ltr'>n.</span> <span class='ocrx_word' id='word_1_27' title='bbox 645 668 754 736; x_wconf 80' lang='grc'>48.)</span> <span class='ocrx_word' id='word_1_28' title='bbox 787 669 930 722; x_wconf 91' lang='lat' dir='ltr'>Tum</span> <span class='ocrx_word' id='word_1_29' title='bbox 961 683 1114 734; x_wconf 88' lang='lat' dir='ltr'>vero,</span> <span class='ocrx_word' id='word_1_30' title='bbox 1144 683 1273 720; x_wconf 88' lang='lat' dir='ltr'>cum</span> <span class='ocrx_word' id='word_1_31' title='bbox 1304 665 1364 719; x_wconf 92' lang='lat' dir='ltr'>in</span> <span class='ocrx_word' id='word_1_32' title='bbox 1394 665 1641 720; x_wconf 89' lang='lat' dir='ltr'>Africam</span> <span class='ocrx_word' id='word_1_33' title='bbox 1683 667 1848 720; x_wconf 83' lang='lat' dir='ltr'>solvit</span> 
     </span>
    </p>
   </div>
   <div class='ocr_carea' id='block_1_6' title="bbox 148 754 1843 827">
    <p class='ocr_par' dir='ltr' id='par_1_6' title="bbox 148 754 1843 827">
     <span class='ocr_line' id='line_1_6' title="bbox 148 754 1843 827; baseline -0.002 -15"><span class='ocrx_word' id='word_1_34' title='bbox 148 759 417 824; x_wconf 67' lang='lat' dir='ltr'>lascezel,</span> <span class='ocrx_word' id='word_1_35' title='bbox 438 757 754 811; x_wconf 84' lang='lat' dir='ltr'>monachos</span> <span class='ocrx_word' id='word_1_36' title='bbox 768 757 990 827; x_wconf 84' lang='lat' dir='ltr'>aliquot</span> <span class='ocrx_word' id='word_1_37' title='bbox 1010 755 1293 826; x_wconf 67' lang='lat' dir='ltr'>Caprariaa</span> <span class='ocrx_word' id='word_1_38' title='bbox 1314 754 1538 821; x_wconf 68' lang='lat' dir='ltr'>insulaa,</span> <span class='ocrx_word' id='word_1_39' title='bbox 1562 755 1843 809; x_wconf 79' lang='lat' dir='ltr'>Etruriam</span> 
     </span>
    </p>
   </div>
   <div class='ocr_carea' id='block_1_7' title="bbox 146 843 1842 914">
    <p class='ocr_par' dir='ltr' id='par_1_7' title="bbox 146 843 1842 914">
     <span class='ocr_line' id='line_1_7' title="bbox 146 843 1842 914; baseline -0.002 -13"><span class='ocrx_word' id='word_1_40' title='bbox 146 849 270 901; x_wconf 87' lang='lat' dir='ltr'>inter</span> <span class='ocrx_word' id='word_1_41' title='bbox 307 851 369 901; x_wconf 85' lang='lat' dir='ltr'>et</span> <span class='ocrx_word' id='word_1_42' title='bbox 415 846 670 902; x_wconf 88' lang='lat' dir='ltr'>Corsiam</span> <span class='ocrx_word' id='word_1_43' title='bbox 712 845 852 910; x_wconf 60' lang='lat' dir='ltr'>sitat,</span> <span class='ocrx_word' id='word_1_44' title='bbox 885 861 1079 899; x_wconf 83' lang='lat' dir='ltr'>secum</span> <span class='ocrx_word' id='word_1_45' title='bbox 1109 845 1418 900; x_wconf 79' lang='lat' dir='ltr'>adduxerat</span> <span class='ocrx_word' id='word_1_46' title='bbox 1446 843 1643 914; x_wconf 84' lang='lat' dir='ltr'>(Oros.,</span> <span class='ocrx_word' id='word_1_47' title='bbox 1675 847 1842 912; x_wconf 73' lang='lat' dir='ltr'>Hist,</span> 
     </span>
    </p>
   </div>
   <div class='ocr_carea' id='block_1_8' title="bbox 143 933 1845 1004">
    <p class='ocr_par' dir='ltr' id='par_1_8' title="bbox 143 933 1845 1004">
     <span class='ocr_line' id='line_1_8' title="bbox 143 933 1845 1004; baseline -0.002 -14"><span class='ocrx_word' id='word_1_48' title='bbox 143 937 218 990; x_wconf 60' lang='lat' dir='ltr'>lit).</span> <span class='ocrx_word' id='word_1_49' title='bbox 239 941 292 1003; x_wconf 85' lang='lat'>7,</span> <span class='ocrx_word' id='word_1_50' title='bbox 320 951 454 1004; x_wconf 87' lang='lat' dir='ltr'>cap.</span> <span class='ocrx_word' id='word_1_51' title='bbox 484 935 592 1002; x_wconf 88' lang='lat'>36).</span> <span class='ocrx_word' id='word_1_52' title='bbox 620 933 892 989; x_wconf 82' lang='lat' dir='ltr'>Fortassis</span> <span class='ocrx_word' id='word_1_53' title='bbox 916 933 999 988; x_wconf 84' lang='lat' dir='ltr'>ilii</span> <span class='ocrx_word' id='word_1_54' title='bbox 1024 933 1133 1004; x_wconf 89' lang='lat' dir='ltr'>ipsi</span> <span class='ocrx_word' id='word_1_55' title='bbox 1158 937 1309 1000; x_wconf 86' lang='lat' dir='ltr'>sunt,</span> <span class='ocrx_word' id='word_1_56' title='bbox 1333 934 1402 988; x_wconf 90' lang='lat' dir='ltr'>de</span> <span class='ocrx_word' id='word_1_57' title='bbox 1423 934 1631 1004; x_wconf 85' lang='lat' dir='ltr'>quibus</span> <span class='ocrx_word' id='word_1_58' title='bbox 1651 935 1845 1004; x_wconf 89' lang='lat' dir='ltr'>Augu-</span> 
     </span>
    </p>
   </div>
   <div class='ocr_carea' id='block_1_9' title="bbox 137 1022 1843 1094">
    <p class='ocr_par' dir='ltr' id='par_1_9' title="bbox 137 1022 1843 1094">
     <span class='ocr_line' id='line_1_9' title="bbox 137 1022 1843 1094; baseline -0.002 -15"><span class='ocrx_word' id='word_1_59' title='bbox 137 1024 301 1079; x_wconf 84' lang='lat' dir='ltr'>stinus</span> <span class='ocrx_word' id='word_1_60' title='bbox 334 1024 401 1078; x_wconf 88' lang='lat' dir='ltr'>in</span> <span class='ocrx_word' id='word_1_61' title='bbox 431 1023 673 1094; x_wconf 89' lang='lat' dir='ltr'>epistola</span> <span class='ocrx_word' id='word_1_62' title='bbox 702 1024 773 1077; x_wconf 92' lang='lat' dir='ltr'>ad</span> <span class='ocrx_word' id='word_1_63' title='bbox 793 1023 1105 1078; x_wconf 86' lang='lat' dir='ltr'>Eudoxium</span> <span class='ocrx_word' id='word_1_64' title='bbox 1127 1023 1392 1077; x_wconf 82' lang='lat' dir='ltr'>abbatem</span> <span class='ocrx_word' id='word_1_65' title='bbox 1414 1027 1469 1076; x_wconf 90' lang='lat' dir='ltr'>et</span> <span class='ocrx_word' id='word_1_66' title='bbox 1495 1023 1615 1092; x_wconf 84' lang='lat' dir='ltr'>ejus</span> <span class='ocrx_word' id='word_1_67' title='bbox 1637 1022 1843 1076; x_wconf 89' lang='lat' dir='ltr'>fratres</span> 
     </span>
    </p>
   </div>
   <div class='ocr_carea' id='block_1_10' title="bbox 133 1110 1842 1184">
    <p class='ocr_par' dir='ltr' id='par_1_10' title="bbox 133 1110 1842 1184">
     <span class='ocr_line' id='line_1_10' title="bbox 133 1110 1842 1184; baseline -0.002 -17"><span class='ocrx_word' id='word_1_68' title='bbox 133 1112 452 1184; x_wconf 88' lang='lat' dir='ltr'>conscripta</span> <span class='ocrx_word' id='word_1_69' title='bbox 483 1112 741 1184; x_wconf 83' lang='lat' dir='ltr'>loquitur</span> <span class='ocrx_word' id='word_1_70' title='bbox 764 1110 960 1182; x_wconf 80' lang='lat' dir='ltr'>(Epist.</span> <span class='ocrx_word' id='word_1_71' title='bbox 986 1113 1075 1177; x_wconf 87' lang='grc'>48,</span> <span class='ocrx_word' id='word_1_72' title='bbox 1095 1128 1151 1166; x_wconf 84' lang='lat' dir='ltr'>n.</span> <span class='ocrx_word' id='word_1_73' title='bbox 1175 1113 1249 1179; x_wconf 87' lang='grc'>4).</span> <span class='ocrx_word' id='word_1_74' title='bbox 1273 1113 1534 1166; x_wconf 83' lang='lat' dir='ltr'>Testatur</span> <span class='ocrx_word' id='word_1_75' title='bbox 1561 1127 1757 1165; x_wconf 90' lang='lat' dir='ltr'>eorum</span> <span class='ocrx_word' id='word_1_76' title='bbox 1784 1128 1842 1164; x_wconf 91' lang='lat' dir='ltr'>se</span> 
     </span>
    </p>
   </div>
   <div class='ocr_carea' id='block_1_11' title="bbox 131 1200 1842 1274">
    <p class='ocr_par' dir='ltr' id='par_1_11' title="bbox 131 1200 1842 1274">
     <span class='ocr_line' id='line_1_11' title="bbox 131 1200 1842 1274; baseline -0.002 -17"><span class='ocrx_word' id='word_1_77' title='bbox 131 1206 400 1274; x_wconf 76' lang='lat' dir='ltr'>pietatem</span> <span class='ocrx_word' id='word_1_78' title='bbox 447 1201 706 1273; x_wconf 91' lang='lat' dir='ltr'>primum</span> <span class='ocrx_word' id='word_1_79' title='bbox 736 1218 804 1255; x_wconf 79' lang='lat' dir='ltr'>ex</span> <span class='ocrx_word' id='word_1_80' title='bbox 834 1201 1004 1266; x_wconf 89' lang='lat' dir='ltr'>fama,</span> <span class='ocrx_word' id='word_1_81' title='bbox 1039 1200 1170 1255; x_wconf 91' lang='lat' dir='ltr'>dein</span> <span class='ocrx_word' id='word_1_82' title='bbox 1199 1217 1266 1254; x_wconf 85' lang='lat' dir='ltr'>ex</span> <span class='ocrx_word' id='word_1_83' title='bbox 1297 1200 1572 1254; x_wconf 83' lang='lat' dir='ltr'>relatione</span> <span class='ocrx_word' id='word_1_84' title='bbox 1607 1201 1842 1254; x_wconf 89' lang='lat' dir='ltr'>Eustasii</span> 
     </span>
    </p>
   </div>
   <div class='ocr_carea' id='block_1_12' title="bbox 131 1289 1840 1362">
    <p class='ocr_par' dir='ltr' id='par_1_12' title="bbox 131 1289 1840 1362">
     <span class='ocr_line' id='line_1_12' title="bbox 131 1289 1840 1362; baseline -0.002 -16"><span class='ocrx_word' id='word_1_85' title='bbox 131 1297 178 1346; x_wconf 87' lang='lat' dir='ltr'>et</span> <span class='ocrx_word' id='word_1_86' title='bbox 205 1292 458 1346; x_wconf 72' lang='lat' dir='ltr'>Andreae</span> <span class='ocrx_word' id='word_1_87' title='bbox 490 1291 752 1346; x_wconf 89' lang='lat' dir='ltr'>didicisse</span> <span class='ocrx_word' id='word_1_88' title='bbox 790 1306 802 1344; x_wconf 93' lang='lat'><strong>:</strong></span> <span class='ocrx_word' id='word_1_89' title='bbox 831 1289 928 1362; x_wconf 90' lang='lat' dir='ltr'>qui</span> <span class='ocrx_word' id='word_1_90' title='bbox 955 1306 1022 1344; x_wconf 82' lang='lat' dir='ltr'>ex</span> <span class='ocrx_word' id='word_1_91' title='bbox 1053 1306 1254 1344; x_wconf 90' lang='lat' dir='ltr'>eorum</span> <span class='ocrx_word' id='word_1_92' title='bbox 1279 1289 1623 1344; x_wconf 87' lang='lat' dir='ltr'>monasterio</span> <span class='ocrx_word' id='word_1_93' title='bbox 1653 1290 1840 1360; x_wconf 83' lang='lat' dir='ltr'>profe-</span> 
     </span>
    </p>
   </div>
   <div class='ocr_carea' id='block_1_13' title="bbox 130 1377 1842 1447">
    <p class='ocr_par' dir='ltr' id='par_1_13' title="bbox 130 1377 1842 1447">
     <span class='ocr_line' id='line_1_13' title="bbox 130 1377 1842 1447; baseline -0.002 -12"><span class='ocrx_word' id='word_1_94' title='bbox 130 1381 213 1447; x_wconf 89' lang='lat' dir='ltr'>cti,</span> <span class='ocrx_word' id='word_1_95' title='bbox 258 1380 495 1435; x_wconf 89' lang='lat' dir='ltr'>bonum</span> <span class='ocrx_word' id='word_1_96' title='bbox 549 1380 706 1435; x_wconf 91' lang='lat' dir='ltr'>illius</span> <span class='ocrx_word' id='word_1_97' title='bbox 750 1379 982 1434; x_wconf 89' lang='lat' dir='ltr'>odorem</span> <span class='ocrx_word' id='word_1_98' title='bbox 1030 1377 1091 1432; x_wconf 90' lang='lat' dir='ltr'>in</span> <span class='ocrx_word' id='word_1_99' title='bbox 1137 1378 1385 1433; x_wconf 88' lang='lat' dir='ltr'>Africam</span> <span class='ocrx_word' id='word_1_100' title='bbox 1426 1379 1757 1446; x_wconf 80' lang='lat' dir='ltr'>attulerant,</span> <span class='ocrx_word' id='word_1_101' title='bbox 1787 1381 1842 1432; x_wconf 91' lang='lat' dir='ltr'>et</span> 
     </span>
    </p>
   </div>
   <div class='ocr_carea' id='block_1_14' title="bbox 134 1467 1841 1537">
    <p class='ocr_par' dir='ltr' id='par_1_14' title="bbox 134 1467 1841 1537">
     <span class='ocr_line' id='line_1_14' title="bbox 134 1467 1841 1537; baseline -0.001 -13"><span class='ocrx_word' id='word_1_102' title='bbox 134 1474 384 1524; x_wconf 80' lang='lat' dir='ltr'>sanctam</span> <span class='ocrx_word' id='word_1_103' title='bbox 414 1485 618 1524; x_wconf 90' lang='lat' dir='ltr'>eorum</span> <span class='ocrx_word' id='word_1_104' title='bbox 639 1469 1128 1524; x_wconf 77' lang='lat' dir='ltr'>conversationem</span> <span class='ocrx_word' id='word_1_105' title='bbox 1155 1467 1534 1537; x_wconf 87' lang='lat' dir='ltr'>divulgarant.</span> <span class='ocrx_word' id='word_1_106' title='bbox 1563 1467 1841 1522; x_wconf 88' lang='lat' dir='ltr'>Certiores</span> 
     </span>
    </p>
   </div>
   <div class='ocr_carea' id='block_1_15' title="bbox 134 1556 1838 1628">
    <p class='ocr_par' dir='ltr' id='par_1_15' title="bbox 134 1556 1838 1628">
     <span class='ocr_line' id='line_1_15' title="bbox 134 1556 1838 1628; baseline -0.002 -14"><span class='ocrx_word' id='word_1_107' title='bbox 134 1575 215 1613; x_wconf 87' lang='lat' dir='ltr'>eos</span> <span class='ocrx_word' id='word_1_108' title='bbox 256 1559 406 1613; x_wconf 86' lang='lat' dir='ltr'>fecit</span> <span class='ocrx_word' id='word_1_109' title='bbox 437 1558 632 1614; x_wconf 88' lang='lat' dir='ltr'>obitus</span> <span class='ocrx_word' id='word_1_110' title='bbox 663 1557 920 1622; x_wconf 87' lang='lat' dir='ltr'>Eustasii,</span> <span class='ocrx_word' id='word_1_111' title='bbox 952 1557 1052 1628; x_wconf 89' lang='lat' dir='ltr'>qui</span> <span class='ocrx_word' id='word_1_112' title='bbox 1081 1573 1200 1611; x_wconf 93' lang='lat' dir='ltr'>non</span> <span class='ocrx_word' id='word_1_113' title='bbox 1234 1556 1479 1628; x_wconf 87' lang='lat' dir='ltr'>amplius</span> <span class='ocrx_word' id='word_1_114' title='bbox 1511 1556 1838 1627; x_wconf 84' lang='lat' dir='ltr'><strong>Caprariam</strong></span> 
     </span>
    </p>
   </div>
   <div class='ocr_carea' id='block_1_16' title="bbox 131 1644 1840 1718">
    <p class='ocr_par' dir='ltr' id='par_1_16' title="bbox 131 1644 1840 1718">
     <span class='ocr_line' id='line_1_16' title="bbox 131 1644 1840 1718; baseline -0.001 -16"><span class='ocrx_word' id='word_1_115' title='bbox 131 1648 506 1715; x_wconf 86' lang='lat' dir='ltr'>desideraret,</span> <span class='ocrx_word' id='word_1_116' title='bbox 534 1646 670 1718; x_wconf 88' lang='lat' dir='ltr'>quia</span> <span class='ocrx_word' id='word_1_117' title='bbox 693 1663 797 1701; x_wconf 90' lang='lat' dir='ltr'>nec</span> <span class='ocrx_word' id='word_1_118' title='bbox 827 1646 1009 1702; x_wconf 91' lang='lat' dir='ltr'>cilicio</span> <span class='ocrx_word' id='word_1_119' title='bbox 1020 1647 1143 1717; x_wconf 90' lang='lat' dir='ltr'>jam</span> <span class='ocrx_word' id='word_1_120' title='bbox 1173 1649 1458 1717; x_wconf 74' lang='lat' dir='ltr'>qmereret</span> <span class='ocrx_word' id='word_1_121' title='bbox 1478 1644 1655 1700; x_wconf 88' lang='lat' dir='ltr'>indui.</span> <span class='ocrx_word' id='word_1_122' title='bbox 1683 1646 1840 1700; x_wconf 89' lang='lat' dir='ltr'>Unde</span> 
     </span>
    </p>
   </div>
   <div class='ocr_carea' id='block_1_17' title="bbox 128 1735 1840 1809">
    <p class='ocr_par' dir='ltr' id='par_1_17' title="bbox 128 1735 1840 1809">
     <span class='ocr_line' id='line_1_17' title="bbox 128 1735 1840 1809; baseline -0.002 -17"><span class='ocrx_word' id='word_1_123' title='bbox 128 1739 395 1809; x_wconf 83' lang='lat' dir='ltr'>colligere</span> <span class='ocrx_word' id='word_1_124' title='bbox 440 1739 594 1804; x_wconf 89' lang='lat' dir='ltr'>licet,</span> <span class='ocrx_word' id='word_1_125' title='bbox 631 1736 867 1792; x_wconf 83' lang='lat' dir='ltr'>Eudoxii</span> <span class='ocrx_word' id='word_1_126' title='bbox 916 1735 1348 1801; x_wconf 88' lang='lat' dir='ltr'>monasterium,</span> <span class='ocrx_word' id='word_1_127' title='bbox 1382 1752 1447 1789; x_wconf 78' lang='lat' dir='ltr'>ex</span> <span class='ocrx_word' id='word_1_128' title='bbox 1492 1752 1606 1807; x_wconf 92' lang='lat' dir='ltr'>quo</span> <span class='ocrx_word' id='word_1_129' title='bbox 1640 1737 1840 1790; x_wconf 88' lang='lat' dir='ltr'>Eusta-</span> 
     </span>
    </p>
   </div>
   <div class='ocr_carea' id='block_1_18' title="bbox 125 1823 1842 1895">
    <p class='ocr_par' dir='ltr' id='par_1_18' title="bbox 125 1823 1842 1895">
     <span class='ocr_line' id='line_1_18' title="bbox 125 1823 1842 1895; baseline -0.002 -13"><span class='ocrx_word' id='word_1_130' title='bbox 125 1829 228 1882; x_wconf 85' lang='lat' dir='ltr'>sius</span> <span class='ocrx_word' id='word_1_131' title='bbox 259 1831 416 1889; x_wconf 84' lang='lat' dir='ltr'>erat,</span> <span class='ocrx_word' id='word_1_132' title='bbox 452 1827 514 1881; x_wconf 93' lang='lat' dir='ltr'>in</span> <span class='ocrx_word' id='word_1_133' title='bbox 552 1843 619 1881; x_wconf 90' lang='lat' dir='ltr'>ea</span> <span class='ocrx_word' id='word_1_134' title='bbox 649 1825 822 1880; x_wconf 87' lang='lat' dir='ltr'>situm</span> <span class='ocrx_word' id='word_1_135' title='bbox 859 1825 1031 1879; x_wconf 91' lang='lat' dir='ltr'>fuisse</span> <span class='ocrx_word' id='word_1_136' title='bbox 1062 1823 1267 1878; x_wconf 88' lang='lat' dir='ltr'>insula.</span> <span class='ocrx_word' id='word_1_137' title='bbox 1307 1825 1445 1878; x_wconf 89' lang='lat' dir='ltr'>Hinc</span> <span class='ocrx_word' id='word_1_138' title='bbox 1473 1824 1842 1895; x_wconf 89' lang='lat' dir='ltr'>consequitur</span> 
     </span>
    </p>
   </div>
   <div class='ocr_carea' id='block_1_19' title="bbox 124 1912 1840 1982">
    <p class='ocr_par' dir='ltr' id='par_1_19' title="bbox 124 1912 1840 1982">
     <span class='ocr_line' id='line_1_19' title="bbox 124 1912 1840 1982; baseline -0.001 -13"><span class='ocrx_word' id='word_1_139' title='bbox 124 1923 170 1970; x_wconf 88' lang='lat' dir='ltr'>et</span> <span class='ocrx_word' id='word_1_140' title='bbox 211 1917 392 1982; x_wconf 88' lang='lat' dir='ltr'>illud,</span> <span class='ocrx_word' id='word_1_141' title='bbox 436 1915 756 1977; x_wconf 87' lang='lat' dir='ltr'>monachis,</span> <span class='ocrx_word' id='word_1_142' title='bbox 802 1918 901 1968; x_wconf 88' lang='lat' dir='ltr'>aut</span> <span class='ocrx_word' id='word_1_143' title='bbox 947 1919 1098 1967; x_wconf 91' lang='lat' dir='ltr'>certe</span> <span class='ocrx_word' id='word_1_144' title='bbox 1152 1912 1404 1968; x_wconf 87' lang='lat' dir='ltr'>Eustasio</span> <span class='ocrx_word' id='word_1_145' title='bbox 1450 1913 1537 1967; x_wconf 88' lang='lat' dir='ltr'>illi</span> <span class='ocrx_word' id='word_1_146' title='bbox 1586 1915 1840 1968; x_wconf 89' lang='lat' dir='ltr'>solemne</span> 
     </span>
    </p>
   </div>
   <div class='ocr_carea' id='block_1_20' title="bbox 123 2001 1842 2073">
    <p class='ocr_par' dir='ltr' id='par_1_20' title="bbox 123 2001 1842 2073">
     <span class='ocr_line' id='line_1_20' title="bbox 123 2001 1842 2073; baseline -0.002 -14"><span class='ocrx_word' id='word_1_147' title='bbox 123 2005 290 2060; x_wconf 84' lang='lat' dir='ltr'>fuisse</span> <span class='ocrx_word' id='word_1_148' title='bbox 333 2003 529 2058; x_wconf 90' lang='lat' dir='ltr'>cilicio</span> <span class='ocrx_word' id='word_1_149' title='bbox 579 2020 648 2057; x_wconf 82' lang='lat' dir='ltr'>ex</span> <span class='ocrx_word' id='word_1_150' title='bbox 692 2001 938 2073; x_wconf 86' lang='lat' dir='ltr'>caprinis</span> <span class='ocrx_word' id='word_1_151' title='bbox 967 2001 1100 2072; x_wconf 88' lang='lat' dir='ltr'>pilis</span> <span class='ocrx_word' id='word_1_152' title='bbox 1130 2005 1391 2056; x_wconf 85' lang='lat' dir='ltr'>contexto</span> <span class='ocrx_word' id='word_1_153' title='bbox 1432 2001 1612 2056; x_wconf 86' lang='lat' dir='ltr'>indui.</span> <span class='ocrx_word' id='word_1_154' title='bbox 1641 2005 1842 2072; x_wconf 89' lang='lat' dir='ltr'>Augu-</span> 
     </span>
    </p>
   </div>
   <div class='ocr_carea' id='block_1_21' title="bbox 120 2090 1834 2163">
    <p class='ocr_par' dir='ltr' id='par_1_21' title="bbox 120 2090 1834 2163">
     <span class='ocr_line' id='line_1_21' title="bbox 120 2090 1834 2163; baseline -0.001 -17"><span class='ocrx_word' id='word_1_155' title='bbox 120 2096 299 2149; x_wconf 86' lang='lat' dir='ltr'>stinus</span> <span class='ocrx_word' id='word_1_156' title='bbox 353 2093 542 2163; x_wconf 79' lang='lat' dir='ltr'>igitur</span> <span class='ocrx_word' id='word_1_157' title='bbox 573 2091 825 2146; x_wconf 83' lang='lat' dir='ltr'>Eudoxio</span> <span class='ocrx_word' id='word_1_158' title='bbox 871 2091 1106 2162; x_wconf 86' lang='lat' dir='ltr'>ejusque</span> <span class='ocrx_word' id='word_1_159' title='bbox 1144 2091 1437 2145; x_wconf 89' lang='lat' dir='ltr'>monachis</span> <span class='ocrx_word' id='word_1_160' title='bbox 1485 2090 1688 2162; x_wconf 88' lang='lat' dir='ltr'>aperit,</span> <span class='ocrx_word' id='word_1_161' title='bbox 1722 2108 1834 2163; x_wconf 92' lang='lat' dir='ltr'>quo</span> 
     </span>
    </p>
   </div>
   <div class='ocr_carea' id='block_1_22' title="bbox 119 2180 1842 2252">
    <p class='ocr_par' dir='ltr' id='par_1_22' title="bbox 119 2180 1842 2252">
     <span class='ocr_line' id='line_1_22' title="bbox 119 2180 1842 2252; baseline -0.001 -15"><span class='ocrx_word' id='word_1_162' title='bbox 119 2191 382 2239; x_wconf 79' lang='lat' dir='ltr'>sanctam</span> <span class='ocrx_word' id='word_1_163' title='bbox 414 2199 616 2237; x_wconf 89' lang='lat' dir='ltr'>eorum</span> <span class='ocrx_word' id='word_1_164' title='bbox 647 2181 899 2252; x_wconf 87' lang='lat' dir='ltr'>quietem</span> <span class='ocrx_word' id='word_1_165' title='bbox 931 2181 1124 2235; x_wconf 90' lang='lat' dir='ltr'>animo</span> <span class='ocrx_word' id='word_1_166' title='bbox 1155 2181 1472 2251; x_wconf 70' lang='lat' dir='ltr'>effectaque</span> <span class='ocrx_word' id='word_1_167' title='bbox 1503 2180 1747 2252; x_wconf 88' lang='lat' dir='ltr'>cogitet:</span> <span class='ocrx_word' id='word_1_168' title='bbox 1776 2181 1842 2235; x_wconf 92' lang='lat' dir='ltr'>il-</span> 
     </span>
    </p>
   </div>
   <div class='ocr_carea' id='block_1_23' title="bbox 121 2269 1840 2344">
    <p class='ocr_par' dir='ltr' id='par_1_23' title="bbox 121 2269 1840 2344">
     <span class='ocr_line' id='line_1_23' title="bbox 121 2269 1840 2344; baseline -0.002 -16"><span class='ocrx_word' id='word_1_169' title='bbox 121 2278 301 2328; x_wconf 85' lang='lat' dir='ltr'>lorum</span> <span class='ocrx_word' id='word_1_170' title='bbox 341 2289 547 2344; x_wconf 87' lang='lat' dir='ltr'>preces</span> <span class='ocrx_word' id='word_1_171' title='bbox 591 2271 885 2342; x_wconf 71' lang='lat' dir='ltr'>efflagitat,</span> <span class='ocrx_word' id='word_1_172' title='bbox 919 2275 976 2325; x_wconf 91' lang='lat' dir='ltr'>et</span> <span class='ocrx_word' id='word_1_173' title='bbox 1015 2287 1128 2341; x_wconf 91' lang='lat' dir='ltr'>quo</span> <span class='ocrx_word' id='word_1_174' title='bbox 1169 2270 1514 2324; x_wconf 82' lang='lat' dir='ltr'>efﬁcaciores</span> <span class='ocrx_word' id='word_1_175' title='bbox 1563 2269 1698 2339; x_wconf 88' lang='lat' dir='ltr'>sint,</span> <span class='ocrx_word' id='word_1_176' title='bbox 1729 2269 1840 2341; x_wconf 90' lang='lat' dir='ltr'>piis</span> 
     </span>
    </p>
   </div>
   <div class='ocr_carea' id='block_1_24' title="bbox 116 2359 1841 2431">
    <p class='ocr_par' dir='ltr' id='par_1_24' title="bbox 116 2359 1841 2431">
     <span class='ocr_line' id='line_1_24' title="bbox 116 2359 1841 2431; baseline -0.002 -14"><span class='ocrx_word' id='word_1_177' title='bbox 116 2361 645 2428; x_wconf 83' lang='lat' dir='ltr'>adhortationibus,</span> <span class='ocrx_word' id='word_1_178' title='bbox 668 2360 876 2431; x_wconf 86' lang='lat' dir='ltr'>quibus</span> <span class='ocrx_word' id='word_1_179' title='bbox 897 2360 1024 2414; x_wconf 93' lang='lat' dir='ltr'>illos</span> <span class='ocrx_word' id='word_1_180' title='bbox 1051 2359 1119 2413; x_wconf 87' lang='lat' dir='ltr'>ad</span> <span class='ocrx_word' id='word_1_181' title='bbox 1145 2361 1461 2430; x_wconf 84' lang='lat' dir='ltr'>profectum</span> <span class='ocrx_word' id='word_1_182' title='bbox 1493 2363 1548 2413; x_wconf 88' lang='lat' dir='ltr'>et</span> <span class='ocrx_word' id='word_1_183' title='bbox 1589 2375 1841 2430; x_wconf 91' lang='lat' dir='ltr'>perseve-</span> 
     </span>
    </p>
   </div>
   <div class='ocr_carea' id='block_1_25' title="bbox 123 2448 1839 2518">
    <p class='ocr_par' dir='ltr' id='par_1_25' title="bbox 123 2448 1839 2518">
     <span class='ocr_line' id='line_1_25' title="bbox 123 2448 1839 2518; baseline -0.002 -12"><span class='ocrx_word' id='word_1_184' title='bbox 123 2453 378 2506; x_wconf 84' lang='lat' dir='ltr'>rantiam</span> <span class='ocrx_word' id='word_1_185' title='bbox 409 2449 762 2515; x_wconf 79' lang='lat' dir='ltr'>exstimulat,</span> <span class='ocrx_word' id='word_1_186' title='bbox 795 2465 888 2503; x_wconf 89' lang='lat' dir='ltr'>eas</span> <span class='ocrx_word' id='word_1_187' title='bbox 935 2448 1216 2502; x_wconf 83' lang='lat' dir='ltr'>demereri</span> <span class='ocrx_word' id='word_1_188' title='bbox 1246 2449 1454 2503; x_wconf 86' lang='lat' dir='ltr'>studet.</span> <span class='ocrx_word' id='word_1_189' title='bbox 1490 2449 1627 2503; x_wconf 89' lang='lat' dir='ltr'>Illos</span> <span class='ocrx_word' id='word_1_190' title='bbox 1655 2449 1839 2518; x_wconf 88' lang='lat' dir='ltr'>potis—</span> 
     </span>
    </p>
   </div>
   <div class='ocr_carea' id='block_1_26' title="bbox 120 2536 1840 2607">
    <p class='ocr_par' dir='ltr' id='par_1_26' title="bbox 120 2536 1840 2607">
     <span class='ocr_line' id='line_1_26' title="bbox 120 2536 1840 2607; baseline -0.001 -13"><span class='ocrx_word' id='word_1_191' title='bbox 120 2541 332 2594; x_wconf 88' lang='lat' dir='ltr'>simum</span> <span class='ocrx_word' id='word_1_192' title='bbox 394 2542 609 2605; x_wconf 88' lang='lat' dir='ltr'>monet,</span> <span class='ocrx_word' id='word_1_193' title='bbox 641 2543 704 2592; x_wconf 92' lang='lat' dir='ltr'>ut</span> <span class='ocrx_word' id='word_1_194' title='bbox 755 2536 814 2591; x_wconf 91' lang='lat' dir='ltr'>in</span> <span class='ocrx_word' id='word_1_195' title='bbox 867 2537 1134 2591; x_wconf 89' lang='lat' dir='ltr'>omnibus</span> <span class='ocrx_word' id='word_1_196' title='bbox 1189 2537 1354 2590; x_wconf 90' lang='lat' dir='ltr'>bonis</span> <span class='ocrx_word' id='word_1_197' title='bbox 1404 2537 1670 2607; x_wconf 88' lang='lat' dir='ltr'>operibus</span> <span class='ocrx_word' id='word_1_198' title='bbox 1725 2537 1840 2592; x_wconf 88' lang='lat' dir='ltr'>suis</span> 
     </span>
    </p>
   </div>
   <div class='ocr_carea' id='block_1_27' title="bbox 119 2624 1836 2699">
    <p class='ocr_par' dir='ltr' id='par_1_27' title="bbox 119 2624 1836 2699">
     <span class='ocr_line' id='line_1_27' title="bbox 119 2624 1836 2699; baseline -0.001 -18"><span class='ocrx_word' id='word_1_199' title='bbox 119 2646 287 2684; x_wconf 86' lang='lat' dir='ltr'>unam</span> <span class='ocrx_word' id='word_1_200' title='bbox 337 2627 444 2682; x_wconf 91' lang='lat' dir='ltr'>Dei</span> <span class='ocrx_word' id='word_1_201' title='bbox 494 2627 737 2699; x_wconf 80' lang='lat' dir='ltr'>gloriam</span> <span class='ocrx_word' id='word_1_202' title='bbox 779 2630 1062 2696; x_wconf 87' lang='lat' dir='ltr'>spectent;</span> <span class='ocrx_word' id='word_1_203' title='bbox 1096 2625 1176 2680; x_wconf 88' lang='lat' dir='ltr'>ita</span> <span class='ocrx_word' id='word_1_204' title='bbox 1214 2624 1329 2679; x_wconf 90' lang='lat' dir='ltr'>sint</span> <span class='ocrx_word' id='word_1_205' title='bbox 1367 2625 1692 2679; x_wconf 87' lang='lat' dir='ltr'>solitudinis</span> <span class='ocrx_word' id='word_1_206' title='bbox 1721 2632 1836 2680; x_wconf 89' lang='lat' dir='ltr'>stu-</span> 
     </span>
    </p>
   </div>
   <div class='ocr_carea' id='block_1_28' title="bbox 118 2715 1838 2784">
    <p class='ocr_par' dir='ltr' id='par_1_28' title="bbox 118 2715 1838 2784">
     <span class='ocr_line' id='line_1_28' title="bbox 118 2715 1838 2784; baseline -0.002 -13"><span class='ocrx_word' id='word_1_207' title='bbox 118 2719 280 2783; x_wconf 87' lang='lat' dir='ltr'>diosi,</span> <span class='ocrx_word' id='word_1_208' title='bbox 318 2721 390 2770; x_wconf 87' lang='lat' dir='ltr'>ut</span> <span class='ocrx_word' id='word_1_209' title='bbox 429 2733 536 2770; x_wconf 91' lang='lat' dir='ltr'>nec</span> <span class='ocrx_word' id='word_1_210' title='bbox 578 2733 675 2770; x_wconf 92' lang='lat' dir='ltr'>eos</span> <span class='ocrx_word' id='word_1_211' title='bbox 705 2715 872 2769; x_wconf 88' lang='lat' dir='ltr'>avida</span> <span class='ocrx_word' id='word_1_212' title='bbox 903 2715 1070 2768; x_wconf 83' lang='lat' dir='ltr'>elatio</span> <span class='ocrx_word' id='word_1_213' title='bbox 1112 2715 1178 2768; x_wconf 89' lang='lat' dir='ltr'>ad</span> <span class='ocrx_word' id='word_1_214' title='bbox 1211 2715 1622 2784; x_wconf 81' lang='lat' dir='ltr'>capessendum</span> <span class='ocrx_word' id='word_1_215' title='bbox 1652 2716 1838 2768; x_wconf 85' lang='lat' dir='ltr'>Eccle-</span> 
     </span>
    </p>
   </div>
   <div class='ocr_carea' id='block_1_29' title="bbox 116 2802 1838 2876">
    <p class='ocr_par' dir='ltr' id='par_1_29' title="bbox 116 2802 1838 2876">
     <span class='ocr_line' id='line_1_29' title="bbox 116 2802 1838 2876; baseline -0.001 -17"><span class='ocrx_word' id='word_1_216' title='bbox 116 2807 338 2861; x_wconf 82' lang='lat' dir='ltr'>siarum</span> <span class='ocrx_word' id='word_1_217' title='bbox 385 2805 647 2876; x_wconf 88' lang='lat' dir='ltr'>reginem</span> <span class='ocrx_word' id='word_1_218' title='bbox 685 2804 820 2859; x_wconf 89' lang='lat' dir='ltr'>inde</span> <span class='ocrx_word' id='word_1_219' title='bbox 855 2805 1136 2873; x_wconf 86' lang='lat' dir='ltr'>detrahat,</span> <span class='ocrx_word' id='word_1_220' title='bbox 1167 2819 1271 2856; x_wconf 92' lang='lat' dir='ltr'>nec</span> <span class='ocrx_word' id='word_1_221' title='bbox 1311 2804 1378 2857; x_wconf 90' lang='lat' dir='ltr'>ad</span> <span class='ocrx_word' id='word_1_222' title='bbox 1420 2802 1678 2858; x_wconf 63' lang='lat' dir='ltr'>Ecclesia)</span> <span class='ocrx_word' id='word_1_223' title='bbox 1712 2820 1838 2858; x_wconf 92' lang='lat' dir='ltr'>mu-</span> 
     </span>
    </p>
   </div>
   <div class='ocr_carea' id='block_1_30' title="bbox 118 2891 1831 2961">
    <p class='ocr_par' dir='ltr' id='par_1_30' title="bbox 118 2891 1831 2961">
     <span class='ocr_line' id='line_1_30' title="bbox 118 2891 1831 2961; baseline -0.002 -12"><span class='ocrx_word' id='word_1_224' title='bbox 118 2897 202 2950; x_wconf 87' lang='lat' dir='ltr'>nia</span> <span class='ocrx_word' id='word_1_225' title='bbox 255 2899 501 2950; x_wconf 79' lang='lat' dir='ltr'>vocatos</span> <span class='ocrx_word' id='word_1_226' title='bbox 553 2893 852 2949; x_wconf 89' lang='lat' dir='ltr'>blandiens</span> <span class='ocrx_word' id='word_1_227' title='bbox 908 2892 1128 2948; x_wconf 87' lang='lat' dir='ltr'>desidia</span> <span class='ocrx_word' id='word_1_228' title='bbox 1185 2891 1430 2945; x_wconf 86' lang='lat' dir='ltr'>retineat</span> <span class='ocrx_word' id='word_1_229' title='bbox 1490 2893 1686 2961; x_wconf 84' lang='lat' dir='ltr'>(Ep-ist.</span> <span class='ocrx_word' id='word_1_230' title='bbox 1741 2894 1831 2956; x_wconf 79' lang='grc'>48,</span> 
     </span>
    </p>
   </div>
   <div class='ocr_carea' id='block_1_31' title="bbox 116 2985 418 3054">
    <p class='ocr_par' dir='ltr' id='par_1_31' title="bbox 116 2985 418 3054">
     <span class='ocr_line' id='line_1_31' title="bbox 116 2985 418 3054; baseline 0.003 -17"><span class='ocrx_word' id='word_1_231' title='bbox 116 3002 203 3040; x_wconf 83' lang='lat' dir='ltr'>nn.</span> <span class='ocrx_word' id='word_1_232' title='bbox 239 2989 299 3051; x_wconf 79' lang='lat'>2,</span> <span class='ocrx_word' id='word_1_233' title='bbox 341 2985 418 3054; x_wconf 88' lang='lat'>3).</span> 
     </span>
    </p>
   </div>
   <div class='ocr_carea' id='block_1_32' title="bbox 180 3067 1837 3143">
    <p class='ocr_par' dir='ltr' id='par_1_32' title="bbox 180 3067 1837 3143">
     <span class='ocr_line' id='line_1_32' title="bbox 180 3067 1837 3143; baseline -0.005 -14"><span class='ocrx_word' id='word_1_234' title='bbox 180 3079 232 3129; x_wconf 76' lang='lat'>2.</span> <span class='ocrx_word' id='word_1_235' title='bbox 275 3076 401 3128; x_wconf 79' lang='lat' dir='ltr'>Hoc</span> <span class='ocrx_word' id='word_1_236' title='bbox 431 3072 582 3143; x_wconf 88' lang='lat' dir='ltr'>ipso,</span> <span class='ocrx_word' id='word_1_237' title='bbox 608 3075 673 3126; x_wconf 89' lang='lat' dir='ltr'>ut</span> <span class='ocrx_word' id='word_1_238' title='bbox 695 3071 937 3138; x_wconf 88' lang='lat' dir='ltr'>videtur,</span> <span class='ocrx_word' id='word_1_239' title='bbox 970 3086 1118 3124; x_wconf 92' lang='lat' dir='ltr'>anno</span> <span class='ocrx_word' id='word_1_240' title='bbox 1149 3067 1548 3124; x_wconf 86' lang='lat' dir='ltr'>trecentesimo</span> <span class='ocrx_word' id='word_1_241' title='bbox 1579 3083 1837 3139; x_wconf 87' lang='lat' dir='ltr'>nonage-</span> 
     </span>
    </p>
   </div>
   <div class='ocr_carea' id='block_1_33' title="bbox 114 3157 1834 3231">
    <p class='ocr_par' dir='ltr' id='par_1_33' title="bbox 114 3157 1834 3231">
     <span class='ocr_line' id='line_1_33' title="bbox 114 3157 1834 3231; baseline -0.005 -14"><span class='ocrx_word' id='word_1_242' title='bbox 114 3163 260 3218; x_wconf 87' lang='lat' dir='ltr'>simo</span> <span class='ocrx_word' id='word_1_243' title='bbox 294 3166 525 3226; x_wconf 87' lang='lat' dir='ltr'>octavo,</span> <span class='ocrx_word' id='word_1_244' title='bbox 547 3163 696 3214; x_wconf 89' lang='lat' dir='ltr'>certe</span> <span class='ocrx_word' id='word_1_245' title='bbox 717 3159 945 3231; x_wconf 88' lang='lat' dir='ltr'>quidem</span> <span class='ocrx_word' id='word_1_246' title='bbox 974 3162 1102 3212; x_wconf 90' lang='lat' dir='ltr'>ante</span> <span class='ocrx_word' id='word_1_247' title='bbox 1121 3174 1335 3212; x_wconf 90' lang='lat' dir='ltr'>annum</span> <span class='ocrx_word' id='word_1_248' title='bbox 1367 3157 1834 3227; x_wconf 85' lang='lat' dir='ltr'>subsequentem,</span> 
     </span>
    </p>
   </div>
   <div class='ocr_carea' id='block_1_34' title="bbox 114 3244 1836 3316">
    <p class='ocr_par' dir='ltr' id='par_1_34' title="bbox 114 3244 1836 3316">
     <span class='ocr_line' id='line_1_34' title="bbox 114 3244 1836 3316; baseline -0.005 -11"><span class='ocrx_word' id='word_1_249' title='bbox 114 3250 352 3305; x_wconf 87' lang='lat' dir='ltr'>habitus</span> <span class='ocrx_word' id='word_1_250' title='bbox 384 3253 472 3303; x_wconf 87' lang='lat' dir='ltr'>est</span> <span class='ocrx_word' id='word_1_251' title='bbox 500 3247 745 3302; x_wconf 82' lang='lat' dir='ltr'>eximius</span> <span class='ocrx_word' id='word_1_252' title='bbox 767 3247 865 3302; x_wconf 90' lang='lat' dir='ltr'>ille</span> <span class='ocrx_word' id='word_1_253' title='bbox 904 3262 1108 3312; x_wconf 82' lang='lat' dir='ltr'>sermo,</span> <span class='ocrx_word' id='word_1_254' title='bbox 1145 3262 1258 3316; x_wconf 80' lang='lat' dir='ltr'>quo</span> <span class='ocrx_word' id='word_1_255' title='bbox 1293 3244 1645 3316; x_wconf 81' lang='lat' dir='ltr'>Augustinus</span> <span class='ocrx_word' id='word_1_256' title='bbox 1677 3245 1836 3298; x_wconf 87' lang='lat' dir='ltr'>Chri-</span> 
     </span>
    </p>
   </div>
   <div class='ocr_carea' id='block_1_35' title="bbox 122 3333 1837 3407">
    <p class='ocr_par' dir='ltr' id='par_1_35' title="bbox 122 3333 1837 3407">
     <span class='ocr_line' id='line_1_35' title="bbox 122 3333 1837 3407; baseline -0.003 -15"><span class='ocrx_word' id='word_1_257' title='bbox 122 3341 347 3394; x_wconf 88' lang='lat' dir='ltr'>stianos</span> <span class='ocrx_word' id='word_1_258' title='bbox 394 3336 712 3406; x_wconf 85' lang='lat' dir='ltr'>redarguit,</span> <span class='ocrx_word' id='word_1_259' title='bbox 744 3336 841 3407; x_wconf 91' lang='lat' dir='ltr'>qui</span> <span class='ocrx_word' id='word_1_260' title='bbox 887 3352 956 3390; x_wconf 91' lang='lat' dir='ltr'>ne</span> <span class='ocrx_word' id='word_1_261' title='bbox 995 3335 1054 3388; x_wconf 88' lang='lat' dir='ltr'>in</span> <span class='ocrx_word' id='word_1_262' title='bbox 1092 3338 1422 3406; x_wconf 86' lang='lat' dir='ltr'>magnatum</span> <span class='ocrx_word' id='word_1_263' title='bbox 1465 3333 1837 3388; x_wconf 82' lang='lat' dir='ltr'>offensionem</span> 
     </span>
    </p>
   </div>
   <div class='ocr_carea' id='block_1_36' title="bbox 117 3424 1836 3496">
    <p class='ocr_par' dir='ltr' id='par_1_36' title="bbox 117 3424 1836 3496">
     <span class='ocr_line' id='line_1_36' title="bbox 117 3424 1836 3496; baseline -0.002 -16"><span class='ocrx_word' id='word_1_264' title='bbox 117 3429 516 3493; x_wconf 86' lang='lat' dir='ltr'>incurrerent,</span> <span class='ocrx_word' id='word_1_265' title='bbox 539 3430 638 3480; x_wconf 88' lang='lat' dir='ltr'>aut</span> <span class='ocrx_word' id='word_1_266' title='bbox 668 3425 736 3479; x_wconf 92' lang='lat' dir='ltr'>ab</span> <span class='ocrx_word' id='word_1_267' title='bbox 766 3425 836 3479; x_wconf 91' lang='lat' dir='ltr'>iis</span> <span class='ocrx_word' id='word_1_268' title='bbox 857 3424 1128 3496; x_wconf 87' lang='lat' dir='ltr'>injuriam</span> <span class='ocrx_word' id='word_1_269' title='bbox 1150 3426 1506 3495; x_wconf 88' lang='lat' dir='ltr'>paterentur,</span> <span class='ocrx_word' id='word_1_270' title='bbox 1525 3424 1836 3478; x_wconf 87' lang='lat' dir='ltr'>detrectare</span> 
     </span>
    </p>
   </div>
   <div class='ocr_carea' id='block_1_37' title="bbox 115 3513 1834 3588">
    <p class='ocr_par' dir='ltr' id='par_1_37' title="bbox 115 3513 1834 3588">
     <span class='ocr_line' id='line_1_37' title="bbox 115 3513 1834 3588; baseline -0.003 -16"><span class='ocrx_word' id='word_1_271' title='bbox 115 3534 321 3572; x_wconf 87' lang='lat' dir='ltr'>eorum</span> <span class='ocrx_word' id='word_1_272' title='bbox 346 3518 514 3588; x_wconf 89' lang='lat' dir='ltr'>jussa</span> <span class='ocrx_word' id='word_1_273' title='bbox 544 3531 663 3569; x_wconf 90' lang='lat' dir='ltr'>non</span> <span class='ocrx_word' id='word_1_274' title='bbox 690 3515 995 3584; x_wconf 86' lang='lat' dir='ltr'>audebant,</span> <span class='ocrx_word' id='word_1_275' title='bbox 1014 3530 1144 3569; x_wconf 89' lang='lat' dir='ltr'>cum</span> <span class='ocrx_word' id='word_1_276' title='bbox 1163 3514 1248 3568; x_wconf 88' lang='lat' dir='ltr'>illi</span> <span class='ocrx_word' id='word_1_277' title='bbox 1278 3531 1334 3568; x_wconf 93' lang='lat' dir='ltr'>se</span> <span class='ocrx_word' id='word_1_278' title='bbox 1357 3514 1427 3568; x_wconf 88' lang='lat' dir='ltr'>ab</span> <span class='ocrx_word' id='word_1_279' title='bbox 1455 3513 1536 3568; x_wconf 90' lang='lat' dir='ltr'>eis</span> <span class='ocrx_word' id='word_1_280' title='bbox 1567 3513 1637 3567; x_wconf 88' lang='lat' dir='ltr'>ad</span> <span class='ocrx_word' id='word_1_281' title='bbox 1661 3513 1834 3566; x_wconf 88' lang='lat' dir='ltr'>simu-</span> 
     </span>
    </p>
   </div>
   <div class='ocr_carea' id='block_1_38' title="bbox 115 3602 1840 3677">
    <p class='ocr_par' dir='ltr' id='par_1_38' title="bbox 115 3602 1840 3677">
     <span class='ocr_line' id='line_1_38' title="bbox 115 3602 1840 3677; baseline -0.003 -16"><span class='ocrx_word' id='word_1_282' title='bbox 115 3609 267 3663; x_wconf 85' lang='lat' dir='ltr'>lacra</span> <span class='ocrx_word' id='word_1_283' title='bbox 296 3605 510 3663; x_wconf 88' lang='lat' dir='ltr'>deduci</span> <span class='ocrx_word' id='word_1_284' title='bbox 540 3605 946 3677; x_wconf 70' lang='lat' dir='ltr'>praeciperent;</span> <span class='ocrx_word' id='word_1_285' title='bbox 984 3621 1086 3658; x_wconf 91' lang='lat' dir='ltr'>nec</span> <span class='ocrx_word' id='word_1_286' title='bbox 1111 3621 1242 3658; x_wconf 88' lang='lat' dir='ltr'>vero</span> <span class='ocrx_word' id='word_1_287' title='bbox 1271 3604 1458 3657; x_wconf 90' lang='lat' dir='ltr'>solum</span> <span class='ocrx_word' id='word_1_288' title='bbox 1489 3619 1584 3656; x_wconf 91' lang='lat' dir='ltr'>eos</span> <span class='ocrx_word' id='word_1_289' title='bbox 1614 3602 1686 3656; x_wconf 92' lang='lat' dir='ltr'>ad</span> <span class='ocrx_word' id='word_1_290' title='bbox 1708 3603 1840 3656; x_wconf 89' lang='lat' dir='ltr'>fana</span> 
     </span>
    </p>
   </div>
   <div class='ocr_carea' id='block_1_39' title="bbox 116 3691 1838 3766">
    <p class='ocr_par' dir='ltr' id='par_1_39' title="bbox 116 3691 1838 3766">
     <span class='ocr_line' id='line_1_39' title="bbox 116 3691 1838 3766; baseline -0.005 -14"><span class='ocrx_word' id='word_1_291' title='bbox 116 3704 326 3752; x_wconf 85' lang='lat' dir='ltr'>euntes</span> <span class='ocrx_word' id='word_1_292' title='bbox 358 3696 674 3766; x_wconf 86' lang='lat' dir='ltr'>stipabant,</span> <span class='ocrx_word' id='word_1_293' title='bbox 703 3695 796 3749; x_wconf 92' lang='lat' dir='ltr'>sed</span> <span class='ocrx_word' id='word_1_294' title='bbox 826 3710 955 3748; x_wconf 91' lang='lat' dir='ltr'>cum</span> <span class='ocrx_word' id='word_1_295' title='bbox 985 3693 1096 3748; x_wconf 90' lang='lat' dir='ltr'>illis</span> <span class='ocrx_word' id='word_1_296' title='bbox 1127 3691 1379 3746; x_wconf 88' lang='lat' dir='ltr'>etiamin</span> <span class='ocrx_word' id='word_1_297' title='bbox 1410 3691 1581 3746; x_wconf 90' lang='lat' dir='ltr'>idolio</span> <span class='ocrx_word' id='word_1_298' title='bbox 1614 3707 1838 3745; x_wconf 91' lang='lat' dir='ltr'>recum-</span> 
     </span>
    </p>
   </div>
   <div class='ocr_carea' id='block_1_40' title="bbox 118 3779 1835 3852">
    <p class='ocr_par' dir='ltr' id='par_1_40' title="bbox 118 3779 1835 3852">
     <span class='ocr_line' id='line_1_40' title="bbox 118 3779 1835 3852; baseline -0.004 -12"><span class='ocrx_word' id='word_1_299' title='bbox 118 3787 355 3842; x_wconf 88' lang='lat' dir='ltr'>bebant.</span> <span class='ocrx_word' id='word_1_300' title='bbox 402 3784 570 3850; x_wconf 85' lang='lat' dir='ltr'>Quod</span> <span class='ocrx_word' id='word_1_301' title='bbox 616 3783 974 3838; x_wconf 88' lang='lat' dir='ltr'>ethnicorum</span> <span class='ocrx_word' id='word_1_302' title='bbox 1019 3782 1264 3852; x_wconf 91' lang='lat' dir='ltr'>impium</span> <span class='ocrx_word' id='word_1_303' title='bbox 1303 3797 1558 3836; x_wconf 89' lang='lat' dir='ltr'>errorem</span> <span class='ocrx_word' id='word_1_304' title='bbox 1596 3779 1835 3847; x_wconf 88' lang='lat' dir='ltr'>fovebat,</span> 
     </span>
    </p>
   </div>
   <div class='ocr_carea' id='block_1_41' title="bbox 121 3869 1838 3944">
    <p class='ocr_par' dir='ltr' id='par_1_41' title="bbox 121 3869 1838 3944">
     <span class='ocr_line' id='line_1_41' title="bbox 121 3869 1838 3944; baseline -0.005 -14"><span class='ocrx_word' id='word_1_305' title='bbox 121 3893 250 3931; x_wconf 84' lang='lat' dir='ltr'>cum</span> <span class='ocrx_word' id='word_1_306' title='bbox 293 3876 385 3929; x_wconf 85' lang='lat' dir='ltr'>vel</span> <span class='ocrx_word' id='word_1_307' title='bbox 429 3875 500 3931; x_wconf 90' lang='lat' dir='ltr'>ab</span> <span class='ocrx_word' id='word_1_308' title='bbox 541 3872 679 3944; x_wconf 90' lang='lat' dir='ltr'>ipsis</span> <span class='ocrx_word' id='word_1_309' title='bbox 709 3872 1044 3928; x_wconf 88' lang='lat' dir='ltr'>Christianis</span> <span class='ocrx_word' id='word_1_310' title='bbox 1082 3871 1237 3926; x_wconf 89' lang='lat' dir='ltr'>idola</span> <span class='ocrx_word' id='word_1_311' title='bbox 1266 3887 1368 3925; x_wconf 90' lang='lat' dir='ltr'>sua</span> <span class='ocrx_word' id='word_1_312' title='bbox 1405 3869 1679 3925; x_wconf 90' lang='lat' dir='ltr'>honorari</span> <span class='ocrx_word' id='word_1_313' title='bbox 1707 3885 1838 3923; x_wconf 90' lang='lat' dir='ltr'>con-</span> 
     </span>
    </p>
   </div>
   <div class='ocr_carea' id='block_1_42' title="bbox 122 3958 1841 4036">
    <p class='ocr_par' dir='ltr' id='par_1_42' title="bbox 122 3958 1841 4036">
     <span class='ocr_line' id='line_1_42' title="bbox 122 3958 1841 4036; baseline -0.004 -18"><span class='ocrx_word' id='word_1_314' title='bbox 122 3965 437 4036; x_wconf 81' lang='lat' dir='ltr'>spicerent.</span> <span class='ocrx_word' id='word_1_315' title='bbox 471 3962 562 4018; x_wconf 89' lang='lat' dir='ltr'>Sic</span> <span class='ocrx_word' id='word_1_316' title='bbox 593 3961 778 4016; x_wconf 88' lang='lat' dir='ltr'>omnis</span> <span class='ocrx_word' id='word_1_317' title='bbox 811 3961 905 4016; x_wconf 92' lang='lat' dir='ltr'>ille</span> <span class='ocrx_word' id='word_1_318' title='bbox 936 3961 1117 4028; x_wconf 89' lang='lat' dir='ltr'>labor,</span> <span class='ocrx_word' id='word_1_319' title='bbox 1151 3976 1324 4032; x_wconf 90' lang='lat' dir='ltr'>quem</span> <span class='ocrx_word' id='word_1_320' title='bbox 1351 3960 1411 4014; x_wconf 91' lang='lat' dir='ltr'>in</span> <span class='ocrx_word' id='word_1_321' title='bbox 1441 3958 1841 4036; x_wconf 69' lang='lat' dir='ltr'>qonvertendis</span> 
     </span>
    </p>
   </div>
   <div class='ocr_carea' id='block_1_43' title="bbox 120 4021 1840 4122">
    <p class='ocr_par' dir='ltr' id='par_1_43' title="bbox 120 4021 1840 4122">
     <span class='ocr_line' id='line_1_43' title="bbox 120 4021 1840 4122; baseline -0.003 -16"><span class='ocrx_word' id='word_1_322' title='bbox 120 4053 441 4108; x_wconf 82' lang='lat' dir='ltr'>Gentilium</span> <span class='ocrx_word' id='word_1_323' title='bbox 487 4051 746 4122; x_wconf 91' lang='lat' dir='ltr'>reliquiis</span> <span class='ocrx_word' id='word_1_324' title='bbox 787 4051 1179 4121; x_wconf 85' lang='lat' dir='ltr'>inpendebant</span> <span class='ocrx_word' id='word_1_325' title='bbox 1207 4021 1480 4121; x_wconf 48' lang='lat' dir='ltr'>episcopi:</span> <span class='ocrx_word' id='word_1_326' title='bbox 1511 4065 1661 4116; x_wconf 71' lang='lat' dir='ltr'>same</span> <span class='ocrx_word' id='word_1_327' title='bbox 1710 4046 1840 4101; x_wconf 90' lang='lat' dir='ltr'>irri-</span> 
     </span>
    </p>
   </div>
   <div class='ocr_carea' id='block_1_44' title="bbox 119 4139 1842 4211">
    <p class='ocr_par' dir='ltr' id='par_1_44' title="bbox 119 4139 1842 4211">
     <span class='ocr_line' id='line_1_44' title="bbox 119 4139 1842 4211; baseline -0.004 -13"><span class='ocrx_word' id='word_1_328' title='bbox 119 4149 209 4198; x_wconf 90' lang='lat' dir='ltr'>tus</span> <span class='ocrx_word' id='word_1_329' title='bbox 235 4147 383 4198; x_wconf 85' lang='lat' dir='ltr'>erat.</span> <span class='ocrx_word' id='word_1_330' title='bbox 426 4141 571 4194; x_wconf 84' lang='lat' dir='ltr'>Nam</span> <span class='ocrx_word' id='word_1_331' title='bbox 601 4140 816 4211; x_wconf 90' lang='lat' dir='ltr'>Pagani</span> <span class='ocrx_word' id='word_1_332' title='bbox 846 4141 1120 4194; x_wconf 90' lang='lat' dir='ltr'>horumce</span> <span class='ocrx_word' id='word_1_333' title='bbox 1162 4139 1620 4194; x_wconf 88' lang='lat' dir='ltr'>Christianorum</span> <span class='ocrx_word' id='word_1_334' title='bbox 1647 4153 1842 4192; x_wconf 87' lang='lat' dir='ltr'>exem-</span> 
     </span>
    </p>
   </div>
   <div class='ocr_carea' id='block_1_45' title="bbox 120 4227 1848 4305">
    <p class='ocr_par' dir='ltr' id='par_1_45' title="bbox 120 4227 1848 4305">
     <span class='ocr_line' id='line_1_45' title="bbox 120 4227 1848 4305; baseline -0.005 -17"><span class='ocrx_word' id='word_1_335' title='bbox 120 4235 215 4305; x_wconf 89' lang='lat' dir='ltr'>plo</span> <span class='ocrx_word' id='word_1_336' title='bbox 241 4229 581 4287; x_wconf 85' lang='lat' dir='ltr'>conﬁrmati</span> <span class='ocrx_word' id='word_1_337' title='bbox 610 4229 872 4284; x_wconf 89' lang='lat' dir='ltr'>dicebant</span> <span class='ocrx_word' id='word_1_338' title='bbox 897 4229 1049 4283; x_wconf 90' lang='lat' dir='ltr'>intra</span> <span class='ocrx_word' id='word_1_339' title='bbox 1079 4245 1136 4282; x_wconf 90' lang='lat' dir='ltr'>se</span> <span class='ocrx_word' id='word_1_340' title='bbox 1163 4245 1176 4282; x_wconf 94' lang='lat'>:</span> <span class='ocrx_word' id='word_1_341' title='bbox 1210 4230 1395 4292; x_wconf 87' lang='lat' dir='ltr'>Quare</span> <span class='ocrx_word' id='word_1_342' title='bbox 1426 4243 1532 4281; x_wconf 92' lang='lat' dir='ltr'>nos</span> <span class='ocrx_word' id='word_1_343' title='bbox 1558 4227 1848 4297; x_wconf 90' lang='lat' dir='ltr'>relinqua-</span> 
     </span>
    </p>
   </div>
   <div class='ocr_carea' id='block_1_46' title="bbox 117 4317 1844 4390">
    <p class='ocr_par' dir='ltr' id='par_1_46' title="bbox 117 4317 1844 4390">
     <span class='ocr_line' id='line_1_46' title="bbox 117 4317 1844 4390; baseline -0.004 -13"><span class='ocrx_word' id='word_1_344' title='bbox 117 4339 250 4377; x_wconf 87' lang='lat' dir='ltr'>mus</span> <span class='ocrx_word' id='word_1_345' title='bbox 279 4322 445 4385; x_wconf 89' lang='lat' dir='ltr'>deos,</span> <span class='ocrx_word' id='word_1_346' title='bbox 478 4336 624 4390; x_wconf 88' lang='lat' dir='ltr'>quos</span> <span class='ocrx_word' id='word_1_347' title='bbox 654 4318 960 4374; x_wconf 85' lang='lat' dir='ltr'>Christiani</span> <span class='ocrx_word' id='word_1_348' title='bbox 987 4318 1097 4389; x_wconf 91' lang='lat' dir='ltr'>ipsi</span> <span class='ocrx_word' id='word_1_349' title='bbox 1127 4317 1426 4372; x_wconf 88' lang='lat' dir='ltr'>nobiscum</span> <span class='ocrx_word' id='word_1_350' title='bbox 1459 4318 1844 4370; x_wconf 84' lang='lat' dir='ltr'>venerantur?</span> 
     </span>
    </p>
   </div>
   <div class='ocr_carea' id='block_1_47' title="bbox 120 4405 1845 4481">
    <p class='ocr_par' dir='ltr' id='par_1_47' title="bbox 120 4405 1845 4481">
     <span class='ocr_line' id='line_1_47' title="bbox 120 4405 1845 4481; baseline -0.004 -16"><span class='ocrx_word' id='word_1_351' title='bbox 120 4413 182 4465; x_wconf 83' lang='lat' dir='ltr'><strong>In</strong></span> <span class='ocrx_word' id='word_1_352' title='bbox 213 4410 308 4464; x_wconf 86' lang='lat' dir='ltr'>his</span> <span class='ocrx_word' id='word_1_353' title='bbox 339 4412 623 4481; x_wconf 78' lang='lat' dir='ltr'>praeterea</span> <span class='ocrx_word' id='word_1_354' title='bbox 660 4407 930 4462; x_wconf 85' lang='lat' dir='ltr'>conviviis</span> <span class='ocrx_word' id='word_1_355' title='bbox 966 4407 1268 4462; x_wconf 88' lang='lat' dir='ltr'>Christiani</span> <span class='ocrx_word' id='word_1_356' title='bbox 1305 4411 1361 4460; x_wconf 89' lang='lat' dir='ltr'>et</span> <span class='ocrx_word' id='word_1_357' title='bbox 1398 4405 1758 4476; x_wconf 86' lang='lat' dir='ltr'>blasphemas</span> <span class='ocrx_word' id='word_1_358' title='bbox 1785 4405 1845 4458; x_wconf 92' lang='lat' dir='ltr'>in</span> 
     </span>
    </p>
   </div>
   <div class='ocr_carea' id='block_1_48' title="bbox 119 4492 1840 4564">
    <p class='ocr_par' dir='ltr' id='par_1_48' title="bbox 119 4492 1840 4564">
     <span class='ocr_line' id='line_1_48' title="bbox 119 4492 1840 4564; baseline -0.004 -12"><span class='ocrx_word' id='word_1_359' title='bbox 119 4498 422 4552; x_wconf 86' lang='lat' dir='ltr'>Christum</span> <span class='ocrx_word' id='word_1_360' title='bbox 470 4510 637 4548; x_wconf 87' lang='lat' dir='ltr'>voces</span> <span class='ocrx_word' id='word_1_361' title='bbox 677 4510 956 4559; x_wconf 88' lang='lat' dir='ltr'>evomere,</span> <span class='ocrx_word' id='word_1_362' title='bbox 991 4499 1048 4548; x_wconf 90' lang='lat' dir='ltr'>et</span> <span class='ocrx_word' id='word_1_363' title='bbox 1077 4495 1199 4564; x_wconf 85' lang='lat' dir='ltr'>ejus</span> <span class='ocrx_word' id='word_1_364' title='bbox 1247 4492 1603 4548; x_wconf 82' lang='lat' dir='ltr'>divinitatem</span> <span class='ocrx_word' id='word_1_365' title='bbox 1645 4493 1703 4545; x_wconf 92' lang='lat' dir='ltr'>in</span> <span class='ocrx_word' id='word_1_366' title='bbox 1736 4493 1840 4546; x_wconf 90' lang='lat' dir='ltr'>du-</span> 
     </span>
    </p>
   </div>
   <div class='ocr_carea' id='block_1_49' title="bbox 119 4581 1845 4654">
    <p class='ocr_par' dir='ltr' id='par_1_49' title="bbox 119 4581 1845 4654">
     <span class='ocr_line' id='line_1_49' title="bbox 119 4581 1845 4654; baseline -0.004 -13"><span class='ocrx_word' id='word_1_367' title='bbox 119 4588 286 4641; x_wconf 89' lang='lat' dir='ltr'>bium</span> <span class='ocrx_word' id='word_1_368' title='bbox 317 4600 520 4639; x_wconf 78' lang='lat' dir='ltr'>vocare</span> <span class='ocrx_word' id='word_1_369' title='bbox 547 4583 856 4637; x_wconf 86' lang='lat' dir='ltr'>discebant.</span> <span class='ocrx_word' id='word_1_370' title='bbox 895 4585 1008 4638; x_wconf 91' lang='lat' dir='ltr'>Hoc</span> <span class='ocrx_word' id='word_1_371' title='bbox 1047 4583 1314 4637; x_wconf 87' lang='lat' dir='ltr'>seandalo</span> <span class='ocrx_word' id='word_1_372' title='bbox 1355 4587 1652 4654; x_wconf 88' lang='lat' dir='ltr'>permotus</span> <span class='ocrx_word' id='word_1_373' title='bbox 1681 4581 1845 4634; x_wconf 80' lang='lat' dir='ltr'>vehe-</span> 
     </span>
    </p>
   </div>
   <div class='ocr_carea' id='block_1_50' title="bbox 121 4658 1844 4745">
    <p class='ocr_par' dir='ltr' id='par_1_50' title="bbox 121 4658 1844 4745">
     <span class='ocr_line' id='line_1_50' title="bbox 121 4658 1844 4745; baseline -0.005 -14"><span class='ocrx_word' id='word_1_374' title='bbox 121 4682 350 4731; x_wconf 89' lang='lat' dir='ltr'>menter</span> <span class='ocrx_word' id='word_1_375' title='bbox 399 4673 777 4745; x_wconf 84' lang='lat' dir='ltr'>Augustinus,</span> <span class='ocrx_word' id='word_1_376' title='bbox 821 4673 888 4727; x_wconf 91' lang='lat' dir='ltr'>de</span> <span class='ocrx_word' id='word_1_377' title='bbox 927 4673 1025 4726; x_wconf 92' lang='lat' dir='ltr'>illo</span> <span class='ocrx_word' id='word_1_378' title='bbox 1067 4688 1181 4743; x_wconf 90' lang='lat' dir='ltr'>qua</span> <span class='ocrx_word' id='word_1_379' title='bbox 1219 4672 1404 4743; x_wconf 88' lang='lat' dir='ltr'>potuit</span> <span class='ocrx_word' id='word_1_380' title='bbox 1444 4670 1698 4739; x_wconf 89' lang='lat' dir='ltr'>lenitate,</span> <span class='ocrx_word' id='word_1_381' title='bbox 1732 4658 1844 4724; x_wconf 77' lang='lat' dir='ltr'>acri</span> 
     </span>
    </p>
   </div>
   <div class='ocr_carea' id='block_1_51' title="bbox 116 4759 1843 4833">
    <p class='ocr_par' dir='ltr' id='par_1_51' title="bbox 116 4759 1843 4833">
     <span class='ocr_line' id='line_1_51' title="bbox 116 4759 1843 4833; baseline -0.008 -13"><span class='ocrx_word' id='word_1_382' title='bbox 116 4772 318 4820; x_wconf 80' lang='lat' dir='ltr'>tamen</span> <span class='ocrx_word' id='word_1_383' title='bbox 369 4768 428 4818; x_wconf 88' lang='lat' dir='ltr'>et</span> <span class='ocrx_word' id='word_1_384' title='bbox 483 4761 645 4833; x_wconf 86' lang='lat' dir='ltr'>gravi</span> <span class='ocrx_word' id='word_1_385' title='bbox 688 4761 946 4815; x_wconf 89' lang='lat' dir='ltr'>oratione</span> <span class='ocrx_word' id='word_1_386' title='bbox 989 4765 1334 4831; x_wconf 89' lang='lat' dir='ltr'>conquestus</span> <span class='ocrx_word' id='word_1_387' title='bbox 1383 4763 1467 4813; x_wconf 90' lang='lat' dir='ltr'>est</span> <span class='ocrx_word' id='word_1_388' title='bbox 1491 4759 1689 4830; x_wconf 85' lang='lat' dir='ltr'>(Serm.</span> <span class='ocrx_word' id='word_1_389' title='bbox 1725 4761 1843 4824; x_wconf 65' lang='lat'>6&#39;2},-</span> 
     </span>
    </p>
   </div>
   <div class='ocr_carea' id='block_1_52' title="bbox 121 4847 1845 4924">
    <p class='ocr_par' dir='ltr' id='par_1_52' title="bbox 121 4847 1845 4924">
     <span class='ocr_line' id='line_1_52' title="bbox 121 4847 1845 4924; baseline -0.005 -16"><span class='ocrx_word' id='word_1_390' title='bbox 121 4860 181 4908; x_wconf 83' lang='lat' dir='ltr'>et</span> <span class='ocrx_word' id='word_1_391' title='bbox 219 4853 458 4924; x_wconf 86' lang='lat' dir='ltr'>quidem</span> <span class='ocrx_word' id='word_1_392' title='bbox 503 4850 869 4920; x_wconf 89' lang='lat' dir='ltr'>Carthagine,</span> <span class='ocrx_word' id='word_1_393' title='bbox 901 4856 965 4905; x_wconf 91' lang='lat' dir='ltr'>ut</span> <span class='ocrx_word' id='word_1_394' title='bbox 1009 4850 1262 4916; x_wconf 88' lang='lat' dir='ltr'>videtur;</span> <span class='ocrx_word' id='word_1_395' title='bbox 1294 4865 1425 4902; x_wconf 91' lang='lat' dir='ltr'>cum</span> <span class='ocrx_word' id='word_1_396' title='bbox 1453 4847 1687 4902; x_wconf 88' lang='lat' dir='ltr'>alterius</span> <span class='ocrx_word' id='word_1_397' title='bbox 1729 4863 1845 4900; x_wconf 86' lang='lat' dir='ltr'>ser-</span> 
     </span>
    </p>
   </div>
   <div class='ocr_carea' id='block_1_53' title="bbox 123 4938 1847 5013">
    <p class='ocr_par' dir='ltr' id='par_1_53' title="bbox 123 4938 1847 5013">
     <span class='ocr_line' id='line_1_53' title="bbox 123 4938 1847 5013; baseline -0.003 -17"><span class='ocrx_word' id='word_1_398' title='bbox 123 4942 317 4997; x_wconf 90' lang='lat' dir='ltr'>monis</span> <span class='ocrx_word' id='word_1_399' title='bbox 347 4941 708 4997; x_wconf 88' lang='lat' dir='ltr'>mentionem</span> <span class='ocrx_word' id='word_1_400' title='bbox 738 4941 925 5007; x_wconf 86' lang='lat' dir='ltr'>faciat,</span> <span class='ocrx_word' id='word_1_401' title='bbox 949 4957 1120 5013; x_wconf 90' lang='lat' dir='ltr'>quem</span> <span class='ocrx_word' id='word_1_402' title='bbox 1151 4939 1348 5011; x_wconf 86' lang='lat' dir='ltr'>paucis</span> <span class='ocrx_word' id='word_1_403' title='bbox 1377 4945 1506 4992; x_wconf 90' lang='lat' dir='ltr'>ante</span> <span class='ocrx_word' id='word_1_404' title='bbox 1528 4938 1727 4992; x_wconf 90' lang='lat' dir='ltr'>diebus</span> <span class='ocrx_word' id='word_1_405' title='bbox 1751 4939 1847 4990; x_wconf 65' lang='lat' dir='ltr'>13a-</span> 
     </span>
    </p>
   </div>
   <div class='ocr_carea' id='block_1_54' title="bbox 120 5025 1844 5099">
    <p class='ocr_par' dir='ltr' id='par_1_54' title="bbox 120 5025 1844 5099">
     <span class='ocr_line' id='line_1_54' title="bbox 120 5025 1844 5099; baseline -0.005 -14"><span class='ocrx_word' id='word_1_406' title='bbox 120 5031 330 5085; x_wconf 86' lang='lat' dir='ltr'>buerat</span> <span class='ocrx_word' id='word_1_407' title='bbox 359 5029 420 5083; x_wconf 90' lang='lat' dir='ltr'>in</span> <span class='ocrx_word' id='word_1_408' title='bbox 455 5028 832 5099; x_wconf 81' lang='lat' dir='ltr'>Mappalibus,</span> <span class='ocrx_word' id='word_1_409' title='bbox 865 5028 962 5082; x_wconf 90' lang='lat' dir='ltr'>ubi</span> <span class='ocrx_word' id='word_1_410' title='bbox 1002 5033 1216 5098; x_wconf 73' lang='lat' dir='ltr'>martyr</span> <span class='ocrx_word' id='word_1_411' title='bbox 1247 5027 1561 5098; x_wconf 80' lang='lat' dir='ltr'>Cyprianus</span> <span class='ocrx_word' id='word_1_412' title='bbox 1587 5025 1844 5097; x_wconf 87' lang='lat' dir='ltr'>quiesce-</span> 
     </span>
    </p>
   </div>
   <div class='ocr_carea' id='block_1_55' title="bbox 123 5114 1846 5187">
    <p class='ocr_par' dir='ltr' id='par_1_55' title="bbox 123 5114 1846 5187">
     <span class='ocr_line' id='line_1_55' title="bbox 123 5114 1846 5187; baseline -0.003 -15"><span class='ocrx_word' id='word_1_413' title='bbox 123 5119 254 5174; x_wconf 85' lang='lat' dir='ltr'>bat.</span> <span class='ocrx_word' id='word_1_414' title='bbox 301 5119 473 5173; x_wconf 76' lang='lat' dir='ltr'>Notat</span> <span class='ocrx_word' id='word_1_415' title='bbox 502 5121 786 5187; x_wconf 61' lang='lat' dir='ltr'>praeterea</span> <span class='ocrx_word' id='word_1_416' title='bbox 809 5117 912 5170; x_wconf 90' lang='lat' dir='ltr'>hos</span> <span class='ocrx_word' id='word_1_417' title='bbox 944 5116 1288 5172; x_wconf 88' lang='lat' dir='ltr'>Christianos</span> <span class='ocrx_word' id='word_1_418' title='bbox 1327 5115 1512 5170; x_wconf 91' lang='lat' dir='ltr'>dicere</span> <span class='ocrx_word' id='word_1_419' title='bbox 1542 5114 1751 5177; x_wconf 87' lang='lat' dir='ltr'>solitos,</span> <span class='ocrx_word' id='word_1_420' title='bbox 1787 5130 1846 5167; x_wconf 88' lang='lat' dir='ltr'>se</span> 
     </span>
    </p>
   </div>
   <div class='ocr_carea' id='block_1_56' title="bbox 125 5203 1844 5279">
    <p class='ocr_par' dir='ltr' id='par_1_56' title="bbox 125 5203 1844 5279">
     <span class='ocr_line' id='line_1_56' title="bbox 125 5203 1844 5279; baseline -0.005 -16"><span class='ocrx_word' id='word_1_421' title='bbox 125 5224 251 5262; x_wconf 86' lang='lat' dir='ltr'>non</span> <span class='ocrx_word' id='word_1_422' title='bbox 296 5208 448 5279; x_wconf 86' lang='lat' dir='ltr'>apud</span> <span class='ocrx_word' id='word_1_423' title='bbox 493 5208 668 5261; x_wconf 84' lang='lat' dir='ltr'>falsos</span> <span class='ocrx_word' id='word_1_424' title='bbox 707 5207 842 5260; x_wconf 91' lang='lat' dir='ltr'>deos</span> <span class='ocrx_word' id='word_1_425' title='bbox 878 5206 1256 5273; x_wconf 88' lang='lat' dir='ltr'>discumbere,</span> <span class='ocrx_word' id='word_1_426' title='bbox 1293 5207 1392 5260; x_wconf 90' lang='lat' dir='ltr'>sed</span> <span class='ocrx_word' id='word_1_427' title='bbox 1433 5205 1582 5276; x_wconf 90' lang='lat' dir='ltr'>apud</span> <span class='ocrx_word' id='word_1_428' title='bbox 1611 5203 1844 5274; x_wconf 89' lang='lat' dir='ltr'>genium</span> 
     </span>
    </p>
   </div>
   <div class='ocr_carea' id='block_1_57' title="bbox 123 5295 1842 5368">
    <p class='ocr_par' dir='ltr' id='par_1_57' title="bbox 123 5295 1842 5368">
     <span class='ocr_line' id='line_1_57' title="bbox 123 5295 1842 5368; baseline -0.003 -17"><span class='ocrx_word' id='word_1_429' title='bbox 123 5297 516 5368; x_wconf 81' lang='lat' dir='ltr'>Carthaginis,</span> <span class='ocrx_word' id='word_1_430' title='bbox 539 5312 766 5350; x_wconf 89' lang='lat' dir='ltr'>merum</span> <span class='ocrx_word' id='word_1_431' title='bbox 797 5296 1067 5367; x_wconf 90' lang='lat' dir='ltr'>lapidem,</span> <span class='ocrx_word' id='word_1_432' title='bbox 1092 5295 1191 5366; x_wconf 89' lang='lat' dir='ltr'>qui</span> <span class='ocrx_word' id='word_1_433' title='bbox 1221 5300 1412 5349; x_wconf 88' lang='lat' dir='ltr'>tamen</span> <span class='ocrx_word' id='word_1_434' title='bbox 1435 5295 1494 5348; x_wconf 94' lang='lat' dir='ltr'>in</span> <span class='ocrx_word' id='word_1_435' title='bbox 1524 5295 1714 5348; x_wconf 87' lang='lat' dir='ltr'>densa</span> <span class='ocrx_word' id='word_1_436' title='bbox 1733 5295 1842 5347; x_wconf 86' lang='lat' dir='ltr'>Pa-</span> 
     </span>
    </p>
   </div>
   <div class='ocr_carea' id='block_1_58' title="bbox 122 5385 1847 5456">
    <p class='ocr_par' dir='ltr' id='par_1_58' title="bbox 122 5385 1847 5456">
     <span class='ocr_line' id='line_1_58' title="bbox 122 5385 1847 5456; baseline -0.003 -15"><span class='ocrx_word' id='word_1_437' title='bbox 122 5386 293 5456; x_wconf 81' lang='lat' dir='ltr'>ganis</span> <span class='ocrx_word' id='word_1_438' title='bbox 323 5385 647 5450; x_wconf 87' lang='lat' dir='ltr'>colebatur,</span> <span class='ocrx_word' id='word_1_439' title='bbox 678 5386 839 5455; x_wconf 87' lang='lat' dir='ltr'>cujus</span> <span class='ocrx_word' id='word_1_440' title='bbox 867 5385 1127 5440; x_wconf 87' lang='lat' dir='ltr'>videlicet</span> <span class='ocrx_word' id='word_1_441' title='bbox 1151 5389 1282 5438; x_wconf 89' lang='lat' dir='ltr'>ante</span> <span class='ocrx_word' id='word_1_442' title='bbox 1312 5388 1557 5438; x_wconf 86' lang='lat' dir='ltr'>statuam</span> <span class='ocrx_word' id='word_1_443' title='bbox 1597 5399 1696 5436; x_wconf 91' lang='lat' dir='ltr'>ara</span> <span class='ocrx_word' id='word_1_444' title='bbox 1725 5387 1847 5436; x_wconf 89' lang='lat' dir='ltr'>erat</span> 
     </span>
    </p>
   </div>
   <div class='ocr_carea' id='block_1_59' title="bbox 124 5472 1842 5545">
    <p class='ocr_par' dir='ltr' id='par_1_59' title="bbox 124 5472 1842 5545">
     <span class='ocr_line' id='line_1_59' title="bbox 124 5472 1842 5545; baseline -0.001 -17"><span class='ocrx_word' id='word_1_445' title='bbox 124 5476 328 5545; x_wconf 82' lang='lat' dir='ltr'>posita.</span> <span class='ocrx_word' id='word_1_446' title='bbox 365 5477 544 5531; x_wconf 88' lang='lat' dir='ltr'>Docet</span> <span class='ocrx_word' id='word_1_447' title='bbox 574 5473 789 5529; x_wconf 92' lang='lat' dir='ltr'>ibidem</span> <span class='ocrx_word' id='word_1_448' title='bbox 834 5474 1210 5545; x_wconf 84' lang='lat' dir='ltr'>Augustinus,</span> <span class='ocrx_word' id='word_1_449' title='bbox 1239 5473 1386 5527; x_wconf 88' lang='lat' dir='ltr'>hanc</span> <span class='ocrx_word' id='word_1_450' title='bbox 1415 5473 1566 5527; x_wconf 88' lang='lat' dir='ltr'>viam</span> <span class='ocrx_word' id='word_1_451' title='bbox 1596 5472 1666 5527; x_wconf 89' lang='lat' dir='ltr'>ad</span> <span class='ocrx_word' id='word_1_452' title='bbox 1696 5473 1842 5528; x_wconf 85' lang='lat' dir='ltr'>Gen-</span> 
     </span>
    </p>
   </div>
   <div class='ocr_carea' id='block_1_60' title="bbox 125 5560 1842 5632">
    <p class='ocr_par' dir='ltr' id='par_1_60' title="bbox 125 5560 1842 5632">
     <span class='ocr_line' id='line_1_60' title="bbox 125 5560 1842 5632; baseline -0.003 -14"><span class='ocrx_word' id='word_1_453' title='bbox 125 5566 262 5619; x_wconf 82' lang='lat' dir='ltr'>tiles</span> <span class='ocrx_word' id='word_1_454' title='bbox 290 5565 606 5621; x_wconf 87' lang='lat' dir='ltr'>vincendos</span> <span class='ocrx_word' id='word_1_455' title='bbox 635 5567 695 5619; x_wconf 88' lang='lat' dir='ltr'>et</span> <span class='ocrx_word' id='word_1_456' title='bbox 722 5563 1051 5620; x_wconf 86' lang='lat' dir='ltr'>Christianae</span> <span class='ocrx_word' id='word_1_457' title='bbox 1093 5561 1225 5618; x_wconf 82' lang='lat' dir='ltr'>ﬁdei</span> <span class='ocrx_word' id='word_1_458' title='bbox 1256 5561 1644 5632; x_wconf 87' lang='lat' dir='ltr'>aggregandos</span> <span class='ocrx_word' id='word_1_459' title='bbox 1681 5560 1842 5631; x_wconf 87' lang='lat' dir='ltr'>quasi</span> 
     </span>
    </p>
   </div>
   <div class='ocr_carea' id='block_1_61' title="bbox 1611 273 2213 342">
    <p class='ocr_par' dir='ltr' id='par_1_61' title="bbox 1611 273 2213 342">
     <span class='ocr_line' id='line_1_61' title="bbox 1611 273 2213 342; baseline 0.007 -13"><span class='ocrx_word' id='word_1_460' title='bbox 1611 273 1825 330; x_wconf 80' lang='lat' dir='ltr'>LIBER</span> <span class='ocrx_word' id='word_1_461' title='bbox 1863 273 2213 342; x_wconf 83' lang='lat' dir='ltr'>QUARTUS.</span> 
     </span>
    </p>
   </div>
   <div class='ocr_carea' id='block_1_62' title="bbox 3551 293 3657 346">
    <p class='ocr_par' dir='ltr' id='par_1_62' title="bbox 3551 293 3657 346">
     <span class='ocr_line' id='line_1_62' title="bbox 3551 293 3657 346; baseline 0 -1"><span class='ocrx_word' id='word_1_462' title='bbox 3551 293 3657 346; x_wconf 78' lang='lat'>278</span> 
     </span>
    </p>
   </div>
   <div class='ocr_carea' id='block_1_63' title="bbox 1957 403 3656 472">
    <p class='ocr_par' dir='ltr' id='par_1_63' title="bbox 1957 403 3656 472">
     <span class='ocr_line' id='line_1_63' title="bbox 1957 403 3656 472; baseline 0.008 -19"><span class='ocrx_word' id='word_1_463' title='bbox 1957 403 2444 472; x_wconf 85' lang='lat' dir='ltr'>compendiariam</span> <span class='ocrx_word' id='word_1_464' title='bbox 2471 421 2612 472; x_wconf 91' lang='lat' dir='ltr'>esse,</span> <span class='ocrx_word' id='word_1_465' title='bbox 2637 405 2682 460; x_wconf 92' lang='lat' dir='ltr'>si</span> <span class='ocrx_word' id='word_1_466' title='bbox 2711 407 3014 462; x_wconf 87' lang='lat' dir='ltr'>Christiani</span> <span class='ocrx_word' id='word_1_467' title='bbox 3041 408 3430 466; x_wconf 84' lang='lat' dir='ltr'>solemnitates</span> <span class='ocrx_word' id='word_1_468' title='bbox 3458 427 3656 466; x_wconf 89' lang='lat' dir='ltr'>eorum</span> 
     </span>
    </p>
   </div>
   <div class='ocr_carea' id='block_1_64' title="bbox 1957 491 3672 571">
    <p class='ocr_par' dir='ltr' id='par_1_64' title="bbox 1957 491 3672 571">
     <span class='ocr_line' id='line_1_64' title="bbox 1957 491 3672 571; baseline 0.007 -27"><span class='ocrx_word' id='word_1_469' title='bbox 1957 491 2240 559; x_wconf 90' lang='lat' dir='ltr'>deserant,</span> <span class='ocrx_word' id='word_1_470' title='bbox 2289 511 2390 548; x_wconf 91' lang='lat' dir='ltr'>nec</span> <span class='ocrx_word' id='word_1_471' title='bbox 2430 512 2488 548; x_wconf 89' lang='lat' dir='ltr'>se</span> <span class='ocrx_word' id='word_1_472' title='bbox 2527 495 2754 549; x_wconf 90' lang='lat' dir='ltr'>illorum</span> <span class='ocrx_word' id='word_1_473' title='bbox 2796 497 2964 566; x_wconf 89' lang='lat' dir='ltr'>nugis</span> <span class='ocrx_word' id='word_1_474' title='bbox 3004 497 3400 554; x_wconf 89' lang='lat' dir='ltr'>immisceant:</span> <span class='ocrx_word' id='word_1_475' title='bbox 3445 517 3578 571; x_wconf 89' lang='lat' dir='ltr'>quo,</span> <span class='ocrx_word' id='word_1_476' title='bbox 3609 503 3672 556; x_wconf 70' lang='lat' dir='ltr'>si</span> 
     </span>
    </p>
   </div>
   <div class='ocr_carea' id='block_1_65' title="bbox 1957 586 3657 658">
    <p class='ocr_par' dir='ltr' id='par_1_65' title="bbox 1957 586 3657 658">
     <span class='ocr_line' id='line_1_65' title="bbox 1957 586 3657 658; baseline 0.005 -24"><span class='ocrx_word' id='word_1_477' title='bbox 1957 596 2062 635; x_wconf 79' lang='lat' dir='ltr'>non</span> <span class='ocrx_word' id='word_1_478' title='bbox 2087 586 2421 638; x_wconf 81' lang='lat' dir='ltr'>consentiunt</span> <span class='ocrx_word' id='word_1_479' title='bbox 2449 587 2671 640; x_wconf 76' lang='lat' dir='ltr'>veritati</span> <span class='ocrx_word' id='word_1_480' title='bbox 2695 591 2906 650; x_wconf 78' lang='lat' dir='ltr'>nostrae,</span> <span class='ocrx_word' id='word_1_481' title='bbox 2943 586 3147 657; x_wconf 86' lang='lat' dir='ltr'>inquit,</span> <span class='ocrx_word' id='word_1_482' title='bbox 3178 589 3490 644; x_wconf 82' lang='lat' dir='ltr'>erubescant</span> <span class='ocrx_word' id='word_1_483' title='bbox 3509 606 3657 658; x_wconf 79' lang='lat' dir='ltr'>pau—</span> 
     </span>
    </p>
   </div>
   <div class='ocr_carea' id='block_1_66' title="bbox 1959 671 3658 748">
    <p class='ocr_par' dir='ltr' id='par_1_66' title="bbox 1959 671 3658 748">
     <span class='ocr_line' id='line_1_66' title="bbox 1959 671 3658 748; baseline 0.005 -25"><span class='ocrx_word' id='word_1_484' title='bbox 1959 671 2114 724; x_wconf 83' lang='lat' dir='ltr'>citati</span> <span class='ocrx_word' id='word_1_485' title='bbox 2141 687 2267 726; x_wconf 64' lang='lat' dir='ltr'>suw.</span> <span class='ocrx_word' id='word_1_486' title='bbox 2305 675 2367 727; x_wconf 92' lang='lat' dir='ltr'>In</span> <span class='ocrx_word' id='word_1_487' title='bbox 2396 675 2503 728; x_wconf 92' lang='lat' dir='ltr'>hoc</span> <span class='ocrx_word' id='word_1_488' title='bbox 2532 690 2794 729; x_wconf 90' lang='lat' dir='ltr'>sermone</span> <span class='ocrx_word' id='word_1_489' title='bbox 2823 676 3114 744; x_wconf 86' lang='lat' dir='ltr'>cujusdam</span> <span class='ocrx_word' id='word_1_490' title='bbox 3149 676 3431 744; x_wconf 89' lang='lat' dir='ltr'>meminit,</span> <span class='ocrx_word' id='word_1_491' title='bbox 3460 677 3560 748; x_wconf 90' lang='lat' dir='ltr'>qui</span> <span class='ocrx_word' id='word_1_492' title='bbox 3588 678 3658 732; x_wconf 89' lang='lat' dir='ltr'>ad</span> 
     </span>
    </p>
   </div>
   <div class='ocr_carea' id='block_1_67' title="bbox 1957 758 3656 837">
    <p class='ocr_par' dir='ltr' id='par_1_67' title="bbox 1957 758 3656 837">
     <span class='ocr_line' id='line_1_67' title="bbox 1957 758 3656 837; baseline 0.005 -25"><span class='ocrx_word' id='word_1_493' title='bbox 1957 758 2128 814; x_wconf 83' lang='lat' dir='ltr'>ﬁdem</span> <span class='ocrx_word' id='word_1_494' title='bbox 2184 778 2485 816; x_wconf 84' lang='lat' dir='ltr'>conversus</span> <span class='ocrx_word' id='word_1_495' title='bbox 2543 763 2788 818; x_wconf 89' lang='lat' dir='ltr'>fundum</span> <span class='ocrx_word' id='word_1_496' title='bbox 2845 765 3103 818; x_wconf 60' lang='lat' dir='ltr'>Ecclesia:</span> <span class='ocrx_word' id='word_1_497' title='bbox 3152 765 3404 829; x_wconf 86' lang='lat' dir='ltr'>dederat.</span> <span class='ocrx_word' id='word_1_498' title='bbox 3443 767 3502 820; x_wconf 91' lang='lat' dir='ltr'>in</span> <span class='ocrx_word' id='word_1_499' title='bbox 3543 783 3656 837; x_wconf 92' lang='lat' dir='ltr'>quo</span> 
     </span>
    </p>
   </div>
   <div class='ocr_carea' id='block_1_68' title="bbox 1957 849 3656 924">
    <p class='ocr_par' dir='ltr' id='par_1_68' title="bbox 1957 849 3656 924">
     <span class='ocr_line' id='line_1_68' title="bbox 1957 849 3656 924; baseline 0.004 -23"><span class='ocrx_word' id='word_1_500' title='bbox 1957 853 2117 903; x_wconf 88' lang='lat' dir='ltr'>erant</span> <span class='ocrx_word' id='word_1_501' title='bbox 2154 849 2304 904; x_wconf 90' lang='lat' dir='ltr'>idola</span> <span class='ocrx_word' id='word_1_502' title='bbox 2347 867 2475 922; x_wconf 65' lang='lat' dir='ltr'>quia</span> <span class='ocrx_word' id='word_1_503' title='bbox 2519 852 2706 922; x_wconf 85' lang='lat' dir='ltr'>frangi</span> <span class='ocrx_word' id='word_1_504' title='bbox 2746 857 2994 924; x_wconf 86' lang='lat' dir='ltr'>cuperet.</span> <span class='ocrx_word' id='word_1_505' title='bbox 3048 853 3335 908; x_wconf 88' lang='lat' dir='ltr'>Voluntati</span> <span class='ocrx_word' id='word_1_506' title='bbox 3382 854 3503 924; x_wconf 90' lang='lat' dir='ltr'>ejus</span> <span class='ocrx_word' id='word_1_507' title='bbox 3545 854 3656 908; x_wconf 88' lang='lat' dir='ltr'>cito</span> 
     </span>
    </p>
   </div>
   <div class='ocr_carea' id='block_1_69' title="bbox 1956 937 3659 1011">
    <p class='ocr_par' dir='ltr' id='par_1_69' title="bbox 1956 937 3659 1011">
     <span class='ocr_line' id='line_1_69' title="bbox 1956 937 3659 1011; baseline 0.005 -21"><span class='ocrx_word' id='word_1_508' title='bbox 1956 937 2414 994; x_wconf 88' lang='lat' dir='ltr'>obsecundarunt</span> <span class='ocrx_word' id='word_1_509' title='bbox 2470 941 2794 1009; x_wconf 87' lang='lat' dir='ltr'>Christiani,</span> <span class='ocrx_word' id='word_1_510' title='bbox 2856 942 3232 997; x_wconf 87' lang='lat' dir='ltr'>frementibus</span> <span class='ocrx_word' id='word_1_511' title='bbox 3285 943 3552 1011; x_wconf 90' lang='lat' dir='ltr'>Ethnicis,</span> <span class='ocrx_word' id='word_1_512' title='bbox 3602 948 3659 999; x_wconf 88' lang='lat' dir='ltr'>et</span> 
     </span>
    </p>
   </div>
   <div class='ocr_carea' id='block_1_70' title="bbox 1954 1028 3657 1103">
    <p class='ocr_par' dir='ltr' id='par_1_70' title="bbox 1954 1028 3657 1103">
     <span class='ocr_line' id='line_1_70' title="bbox 1954 1028 3657 1103; baseline 0.005 -25"><span class='ocrx_word' id='word_1_513' title='bbox 1954 1029 2432 1097; x_wconf 89' lang='lat' dir='ltr'>conquerentibus</span> <span class='ocrx_word' id='word_1_514' title='bbox 2454 1028 2608 1082; x_wconf 91' lang='lat' dir='ltr'>idola</span> <span class='ocrx_word' id='word_1_515' title='bbox 2627 1030 2837 1099; x_wconf 90' lang='lat' dir='ltr'>passim</span> <span class='ocrx_word' id='word_1_516' title='bbox 2862 1031 2931 1084; x_wconf 90' lang='lat' dir='ltr'>ab</span> <span class='ocrx_word' id='word_1_517' title='bbox 2951 1030 3228 1102; x_wconf 89' lang='lat' dir='ltr'>episcopis</span> <span class='ocrx_word' id='word_1_518' title='bbox 3250 1032 3657 1103; x_wconf 90' lang='lat' dir='ltr'>perfringenda</span> 
     </span>
    </p>
   </div>
   <div class='ocr_carea' id='block_1_71' title="bbox 1953 1116 3655 1190">
    <p class='ocr_par' dir='ltr' id='par_1_71' title="bbox 1953 1116 3655 1190">
     <span class='ocr_line' id='line_1_71' title="bbox 1953 1116 3655 1190; baseline 0.004 -22"><span class='ocrx_word' id='word_1_519' title='bbox 1953 1116 2233 1186; x_wconf 91' lang='lat' dir='ltr'>conquiri.</span> <span class='ocrx_word' id='word_1_520' title='bbox 2269 1117 2446 1188; x_wconf 80' lang='lat' dir='ltr'>Negat</span> <span class='ocrx_word' id='word_1_521' title='bbox 2473 1119 2844 1188; x_wconf 79' lang='lat' dir='ltr'>Augustinus,</span> <span class='ocrx_word' id='word_1_522' title='bbox 2879 1136 3135 1173; x_wconf 87' lang='lat' dir='ltr'>asserens</span> <span class='ocrx_word' id='word_1_523' title='bbox 3164 1120 3284 1174; x_wconf 89' lang='lat' dir='ltr'>loca</span> <span class='ocrx_word' id='word_1_524' title='bbox 3325 1137 3445 1174; x_wconf 91' lang='lat' dir='ltr'>esse</span> <span class='ocrx_word' id='word_1_525' title='bbox 3475 1121 3655 1190; x_wconf 82' lang='lat' dir='ltr'>pluri-</span> 
     </span>
    </p>
   </div>
   <div class='ocr_carea' id='block_1_72' title="bbox 1953 1204 3657 1282">
    <p class='ocr_par' dir='ltr' id='par_1_72' title="bbox 1953 1204 3657 1282">
     <span class='ocr_line' id='line_1_72' title="bbox 1953 1204 3657 1282; baseline 0.005 -27"><span class='ocrx_word' id='word_1_526' title='bbox 1953 1219 2046 1282; x_wconf 75' lang='lat' dir='ltr'>ma</span> <span class='ocrx_word' id='word_1_527' title='bbox 2076 1204 2137 1257; x_wconf 94' lang='lat' dir='ltr'>in</span> <span class='ocrx_word' id='word_1_528' title='bbox 2186 1204 2393 1275; x_wconf 87' lang='lat' dir='ltr'>quibus</span> <span class='ocrx_word' id='word_1_529' title='bbox 2423 1207 2635 1261; x_wconf 83' lang='lat' dir='ltr'>scirent</span> <span class='ocrx_word' id='word_1_530' title='bbox 2665 1223 2785 1262; x_wconf 89' lang='lat' dir='ltr'>esse</span> <span class='ocrx_word' id='word_1_531' title='bbox 2832 1208 3153 1275; x_wconf 90' lang='lat' dir='ltr'>simulacra,</span> <span class='ocrx_word' id='word_1_532' title='bbox 3189 1225 3315 1278; x_wconf 66' lang='lat' dir='ltr'>qum</span> <span class='ocrx_word' id='word_1_533' title='bbox 3355 1212 3546 1263; x_wconf 88' lang='lat' dir='ltr'>tamen</span> <span class='ocrx_word' id='word_1_534' title='bbox 3573 1210 3657 1263; x_wconf 81' lang='lat' dir='ltr'>in-</span> 
     </span>
    </p>
   </div>
   <div class='ocr_carea' id='block_1_73' title="bbox 1953 1293 3656 1367">
    <p class='ocr_par' dir='ltr' id='par_1_73' title="bbox 1953 1293 3656 1367">
     <span class='ocr_line' id='line_1_73' title="bbox 1953 1293 3656 1367; baseline 0.005 -22"><span class='ocrx_word' id='word_1_535' title='bbox 1953 1296 2100 1346; x_wconf 88' lang='lat' dir='ltr'>tacta</span> <span class='ocrx_word' id='word_1_536' title='bbox 2146 1293 2556 1363; x_wconf 85' lang='lat' dir='ltr'>relinquerent,</span> <span class='ocrx_word' id='word_1_537' title='bbox 2591 1296 2741 1365; x_wconf 91' lang='lat' dir='ltr'>quod</span> <span class='ocrx_word' id='word_1_538' title='bbox 2773 1312 2839 1349; x_wconf 91' lang='lat' dir='ltr'>ea</span> <span class='ocrx_word' id='word_1_539' title='bbox 2893 1298 3038 1349; x_wconf 89' lang='lat' dir='ltr'>Deus</span> <span class='ocrx_word' id='word_1_540' title='bbox 3086 1298 3352 1366; x_wconf 87' lang='lat' dir='ltr'>potestati</span> <span class='ocrx_word' id='word_1_541' title='bbox 3397 1298 3656 1367; x_wconf 89' lang='lat' dir='ltr'>ipsorum</span> 
     </span>
    </p>
   </div>
   <div class='ocr_carea' id='block_1_74' title="bbox 1952 1383 3654 1456">
    <p class='ocr_par' dir='ltr' id='par_1_74' title="bbox 1952 1383 3654 1456">
     <span class='ocr_line' id='line_1_74' title="bbox 1952 1383 3654 1456; baseline 0.003 -22"><span class='ocrx_word' id='word_1_542' title='bbox 1952 1397 2065 1436; x_wconf 92' lang='lat' dir='ltr'>non</span> <span class='ocrx_word' id='word_1_543' title='bbox 2112 1383 2495 1452; x_wconf 72' lang='lat' dir='ltr'>permisisset;</span> <span class='ocrx_word' id='word_1_544' title='bbox 2526 1384 2667 1437; x_wconf 89' lang='lat' dir='ltr'>nihil</span> <span class='ocrx_word' id='word_1_545' title='bbox 2715 1401 2810 1438; x_wconf 91' lang='lat' dir='ltr'>eos</span> <span class='ocrx_word' id='word_1_546' title='bbox 2853 1385 3102 1455; x_wconf 84' lang='lat' dir='ltr'>aggredi,</span> <span class='ocrx_word' id='word_1_547' title='bbox 3135 1385 3203 1438; x_wconf 91' lang='lat' dir='ltr'>de</span> <span class='ocrx_word' id='word_1_548' title='bbox 3249 1402 3361 1456; x_wconf 89' lang='lat' dir='ltr'>quo</span> <span class='ocrx_word' id='word_1_549' title='bbox 3399 1387 3654 1441; x_wconf 90' lang='lat' dir='ltr'>locorum</span> 
     </span>
    </p>
   </div>
   <div class='ocr_carea' id='block_1_75' title="bbox 1953 1468 3656 1542">
    <p class='ocr_par' dir='ltr' id='par_1_75' title="bbox 1953 1468 3656 1542">
     <span class='ocr_line' id='line_1_75' title="bbox 1953 1468 3656 1542; baseline 0.002 -20"><span class='ocrx_word' id='word_1_550' title='bbox 1953 1468 2173 1523; x_wconf 89' lang='lat' dir='ltr'>domini</span> <span class='ocrx_word' id='word_1_551' title='bbox 2216 1470 2490 1540; x_wconf 87' lang='lat' dir='ltr'>conqueri</span> <span class='ocrx_word' id='word_1_552' title='bbox 2546 1471 2793 1541; x_wconf 87' lang='lat' dir='ltr'>possint;</span> <span class='ocrx_word' id='word_1_553' title='bbox 2843 1471 3003 1542; x_wconf 88' lang='lat' dir='ltr'>prius</span> <span class='ocrx_word' id='word_1_554' title='bbox 3057 1487 3225 1542; x_wconf 85' lang='lat' dir='ltr'>agere</span> <span class='ocrx_word' id='word_1_555' title='bbox 3272 1476 3336 1526; x_wconf 89' lang='lat' dir='ltr'>ut</span> <span class='ocrx_word' id='word_1_556' title='bbox 3391 1473 3544 1526; x_wconf 85' lang='lat' dir='ltr'>idola</span> <span class='ocrx_word' id='word_1_557' title='bbox 3595 1472 3656 1526; x_wconf 92' lang='lat' dir='ltr'>in</span> 
     </span>
    </p>
   </div>
   <div class='ocr_carea' id='block_1_76' title="bbox 1953 1559 3655 1630">
    <p class='ocr_par' dir='ltr' id='par_1_76' title="bbox 1953 1559 3655 1630">
     <span class='ocr_line' id='line_1_76' title="bbox 1953 1559 3655 1630; baseline 0.002 -18"><span class='ocrx_word' id='word_1_558' title='bbox 1953 1575 2153 1613; x_wconf 88' lang='lat' dir='ltr'>eorum</span> <span class='ocrx_word' id='word_1_559' title='bbox 2207 1560 2374 1613; x_wconf 84' lang='lat' dir='ltr'>corde</span> <span class='ocrx_word' id='word_1_560' title='bbox 2428 1559 2732 1630; x_wconf 86' lang='lat' dir='ltr'>frangant:</span> <span class='ocrx_word' id='word_1_561' title='bbox 2773 1576 2879 1630; x_wconf 89' lang='lat' dir='ltr'>pro</span> <span class='ocrx_word' id='word_1_562' title='bbox 2929 1560 3229 1614; x_wconf 87' lang='lat' dir='ltr'>hominum</span> <span class='ocrx_word' id='word_1_563' title='bbox 3285 1562 3655 1616; x_wconf 81' lang='lat' dir='ltr'>conversione</span> 
     </span>
    </p>
   </div>
   <div class='ocr_carea' id='block_1_77' title="bbox 1953 1649 3657 1719">
    <p class='ocr_par' dir='ltr' id='par_1_77' title="bbox 1953 1649 3657 1719">
     <span class='ocr_line' id='line_1_77' title="bbox 1953 1649 3657 1719; baseline 0.001 -17"><span class='ocrx_word' id='word_1_564' title='bbox 1953 1649 2134 1702; x_wconf 88' lang='lat' dir='ltr'>Deum</span> <span class='ocrx_word' id='word_1_565' title='bbox 2163 1649 2454 1719; x_wconf 89' lang='lat' dir='ltr'>deprecari</span> <span class='ocrx_word' id='word_1_566' title='bbox 2485 1667 2496 1703; x_wconf 91' lang='lat'><strong>:</strong></span> <span class='ocrx_word' id='word_1_567' title='bbox 2531 1649 2599 1703; x_wconf 92' lang='lat' dir='ltr'>ab</span> <span class='ocrx_word' id='word_1_568' title='bbox 2631 1649 2877 1703; x_wconf 89' lang='lat' dir='ltr'>dominis</span> <span class='ocrx_word' id='word_1_569' title='bbox 2917 1650 3172 1703; x_wconf 89' lang='lat' dir='ltr'>locorum</span> <span class='ocrx_word' id='word_1_570' title='bbox 3222 1650 3290 1704; x_wconf 88' lang='lat' dir='ltr'>ad</span> <span class='ocrx_word' id='word_1_571' title='bbox 3322 1650 3490 1704; x_wconf 82' lang='lat' dir='ltr'>fidem</span> <span class='ocrx_word' id='word_1_572' title='bbox 3523 1666 3657 1704; x_wconf 86' lang='lat' dir='ltr'>con-</span> 
     </span>
    </p>
   </div>
   <div class='ocr_carea' id='block_1_78' title="bbox 1948 1736 3655 1808">
    <p class='ocr_par' dir='ltr' id='par_1_78' title="bbox 1948 1736 3655 1808">
     <span class='ocr_line' id='line_1_78' title="bbox 1948 1736 3655 1808; baseline 0.001 -18"><span class='ocrx_word' id='word_1_573' title='bbox 1948 1736 2125 1790; x_wconf 85' lang='lat' dir='ltr'>versis</span> <span class='ocrx_word' id='word_1_574' title='bbox 2154 1742 2379 1806; x_wconf 81' lang='lat' dir='ltr'>rogatos</span> <span class='ocrx_word' id='word_1_575' title='bbox 2421 1737 2574 1790; x_wconf 89' lang='lat' dir='ltr'>idola</span> <span class='ocrx_word' id='word_1_576' title='bbox 2613 1736 2670 1790; x_wconf 90' lang='lat' dir='ltr'>in</span> <span class='ocrx_word' id='word_1_577' title='bbox 2725 1738 2805 1790; x_wconf 90' lang='lat' dir='ltr'>eis</span> <span class='ocrx_word' id='word_1_578' title='bbox 2845 1743 3070 1808; x_wconf 89' lang='lat' dir='ltr'>reperta</span> <span class='ocrx_word' id='word_1_579' title='bbox 3108 1737 3498 1808; x_wconf 82' lang='lat' dir='ltr'>confringere;</span> <span class='ocrx_word' id='word_1_580' title='bbox 3526 1754 3655 1793; x_wconf 92' lang='lat' dir='ltr'>reos</span> 
     </span>
    </p>
   </div>
   <div class='ocr_carea' id='block_1_79' title="bbox 1950 1825 3655 1896">
    <p class='ocr_par' dir='ltr' id='par_1_79' title="bbox 1950 1825 3655 1896">
     <span class='ocr_line' id='line_1_79' title="bbox 1950 1825 3655 1896; baseline 0.001 -17"><span class='ocrx_word' id='word_1_581' title='bbox 1950 1825 2069 1880; x_wconf 91' lang='lat' dir='ltr'>fore</span> <span class='ocrx_word' id='word_1_582' title='bbox 2109 1826 2154 1878; x_wconf 90' lang='lat' dir='ltr'>si</span> <span class='ocrx_word' id='word_1_583' title='bbox 2197 1825 2382 1879; x_wconf 85' lang='lat' dir='ltr'>desint</span> <span class='ocrx_word' id='word_1_584' title='bbox 2415 1841 2428 1879; x_wconf 90' lang='lat'>:</span> <span class='ocrx_word' id='word_1_585' title='bbox 2469 1825 2678 1896; x_wconf 68' lang='lat' dir='ltr'>saapius</span> <span class='ocrx_word' id='word_1_586' title='bbox 2716 1827 2786 1879; x_wconf 90' lang='lat' dir='ltr'>ab</span> <span class='ocrx_word' id='word_1_587' title='bbox 2834 1826 3092 1896; x_wconf 87' lang='lat' dir='ltr'>ipsismet</span> <span class='ocrx_word' id='word_1_588' title='bbox 3137 1843 3331 1880; x_wconf 89' lang='lat' dir='ltr'>recens</span> <span class='ocrx_word' id='word_1_589' title='bbox 3369 1826 3655 1881; x_wconf 86' lang='lat' dir='ltr'>conversis</span> 
     </span>
    </p>
   </div>
   <div class='ocr_carea' id='block_1_80' title="bbox 1952 1915 3651 1985">
    <p class='ocr_par' dir='ltr' id='par_1_80' title="bbox 1952 1915 3651 1985">
     <span class='ocr_line' id='line_1_80' title="bbox 1952 1915 3651 1985; baseline 0 -17"><span class='ocrx_word' id='word_1_590' title='bbox 1952 1915 2102 1968; x_wconf 91' lang='lat' dir='ltr'>idola</span> <span class='ocrx_word' id='word_1_591' title='bbox 2130 1915 2477 1969; x_wconf 89' lang='lat' dir='ltr'>comminui:</span> <span class='ocrx_word' id='word_1_592' title='bbox 2503 1931 2811 1985; x_wconf 89' lang='lat' dir='ltr'>pravorum</span> <span class='ocrx_word' id='word_1_593' title='bbox 2843 1915 3141 1969; x_wconf 89' lang='lat' dir='ltr'>hominum</span> <span class='ocrx_word' id='word_1_594' title='bbox 3173 1931 3295 1968; x_wconf 90' lang='lat' dir='ltr'>esse</span> <span class='ocrx_word' id='word_1_595' title='bbox 3325 1920 3380 1969; x_wconf 89' lang='lat' dir='ltr'>et</span> <span class='ocrx_word' id='word_1_596' title='bbox 3409 1915 3651 1969; x_wconf 89' lang='lat' dir='ltr'>furioso-</span> 
     </span>
    </p>
   </div>
   <div class='ocr_carea' id='block_1_81' title="bbox 1949 2001 3652 2073">
    <p class='ocr_par' dir='ltr' id='par_1_81' title="bbox 1949 2001 3652 2073">
     <span class='ocr_line' id='line_1_81' title="bbox 1949 2001 3652 2073; baseline -0.001 -17"><span class='ocrx_word' id='word_1_597' title='bbox 1949 2019 2080 2056; x_wconf 89' lang='lat' dir='ltr'>rum</span> <span class='ocrx_word' id='word_1_598' title='bbox 2131 2001 2662 2057; x_wconf 88' lang='lat' dir='ltr'>Circumcellionum</span> <span class='ocrx_word' id='word_1_599' title='bbox 2712 2020 2798 2071; x_wconf 91' lang='lat' dir='ltr'>ea,</span> <span class='ocrx_word' id='word_1_600' title='bbox 2831 2020 2958 2073; x_wconf 76' lang='lat' dir='ltr'>quae</span> <span class='ocrx_word' id='word_1_601' title='bbox 2999 2019 3112 2056; x_wconf 93' lang='lat' dir='ltr'>non</span> <span class='ocrx_word' id='word_1_602' title='bbox 3145 2007 3274 2057; x_wconf 87' lang='lat' dir='ltr'>sunt</span> <span class='ocrx_word' id='word_1_603' title='bbox 3319 2003 3379 2057; x_wconf 92' lang='lat' dir='ltr'>in</span> <span class='ocrx_word' id='word_1_604' title='bbox 3420 2002 3652 2056; x_wconf 89' lang='lat' dir='ltr'>illorum</span> 
     </span>
    </p>
   </div>
   <div class='ocr_carea' id='block_1_82' title="bbox 1951 2091 3650 2163">
    <p class='ocr_par' dir='ltr' id='par_1_82' title="bbox 1951 2091 3650 2163">
     <span class='ocr_line' id='line_1_82' title="bbox 1951 2091 3650 2163; baseline 0.001 -18"><span class='ocrx_word' id='word_1_605' title='bbox 1951 2095 2247 2162; x_wconf 88' lang='lat' dir='ltr'>potestate,</span> <span class='ocrx_word' id='word_1_606' title='bbox 2279 2093 2421 2144; x_wconf 85' lang='lat' dir='ltr'>velle</span> <span class='ocrx_word' id='word_1_607' title='bbox 2469 2091 2716 2158; x_wconf 85' lang='lat' dir='ltr'>diruere,</span> <span class='ocrx_word' id='word_1_608' title='bbox 2751 2108 2921 2163; x_wconf 78' lang='lat' dir='ltr'>seque</span> <span class='ocrx_word' id='word_1_609' title='bbox 2964 2093 3092 2145; x_wconf 76' lang='lat' dir='ltr'>vitm</span> <span class='ocrx_word' id='word_1_610' title='bbox 3140 2093 3392 2163; x_wconf 80' lang='lat' dir='ltr'>periculo</span> <span class='ocrx_word' id='word_1_611' title='bbox 3433 2097 3650 2146; x_wconf 78' lang='lat' dir='ltr'>temere</span> 
     </span>
    </p>
   </div>
   <div class='ocr_carea' id='block_1_83' title="bbox 1951 2180 3652 2252">
    <p class='ocr_par' dir='ltr' id='par_1_83' title="bbox 1951 2180 3652 2252">
     <span class='ocr_line' id='line_1_83' title="bbox 1951 2180 3652 2252; baseline 0.001 -17"><span class='ocrx_word' id='word_1_612' title='bbox 1951 2197 2258 2252; x_wconf 85' lang='lat' dir='ltr'>exponere.</span> <span class='ocrx_word' id='word_1_613' title='bbox 2298 2183 2455 2235; x_wconf 86' lang='lat' dir='ltr'>Patet</span> <span class='ocrx_word' id='word_1_614' title='bbox 2485 2180 2639 2247; x_wconf 89' lang='lat' dir='ltr'>inde,</span> <span class='ocrx_word' id='word_1_615' title='bbox 2669 2181 2799 2236; x_wconf 90' lang='lat' dir='ltr'>licet</span> <span class='ocrx_word' id='word_1_616' title='bbox 2835 2182 2891 2234; x_wconf 91' lang='lat' dir='ltr'>in</span> <span class='ocrx_word' id='word_1_617' title='bbox 2926 2185 3181 2252; x_wconf 86' lang='lat' dir='ltr'>Paganos</span> <span class='ocrx_word' id='word_1_618' title='bbox 3213 2182 3331 2252; x_wconf 88' lang='lat' dir='ltr'>jam</span> <span class='ocrx_word' id='word_1_619' title='bbox 3367 2183 3518 2252; x_wconf 87' lang='lat' dir='ltr'>leges</span> <span class='ocrx_word' id='word_1_620' title='bbox 3548 2182 3652 2236; x_wconf 86' lang='lat' dir='ltr'>ali-</span> 
     </span>
    </p>
   </div>
   <div class='ocr_carea' id='block_1_84' title="bbox 1951 2267 3646 2342">
    <p class='ocr_par' dir='ltr' id='par_1_84' title="bbox 1951 2267 3646 2342">
     <span class='ocr_line' id='line_1_84' title="bbox 1951 2267 3646 2342; baseline 0.004 -24"><span class='ocrx_word' id='word_1_621' title='bbox 1951 2270 2091 2336; x_wconf 89' lang='lat' dir='ltr'>quot</span> <span class='ocrx_word' id='word_1_622' title='bbox 2120 2267 2245 2320; x_wconf 64' lang='lat' dir='ltr'>lata‘s</span> <span class='ocrx_word' id='word_1_623' title='bbox 2291 2268 2551 2335; x_wconf 88' lang='lat' dir='ltr'>fuissent,</span> <span class='ocrx_word' id='word_1_624' title='bbox 2585 2270 2844 2324; x_wconf 89' lang='lat' dir='ltr'>nondum</span> <span class='ocrx_word' id='word_1_625' title='bbox 2883 2275 3075 2325; x_wconf 87' lang='lat' dir='ltr'>tamen</span> <span class='ocrx_word' id='word_1_626' title='bbox 3121 2272 3458 2342; x_wconf 85' lang='lat' dir='ltr'>rescriptum</span> <span class='ocrx_word' id='word_1_627' title='bbox 3489 2273 3646 2333; x_wconf 91' lang='lat' dir='ltr'>illud,</span> 
     </span>
    </p>
   </div>
   <div class='ocr_carea' id='block_1_85' title="bbox 1951 2358 3650 2426">
    <p class='ocr_par' dir='ltr' id='par_1_85' title="bbox 1951 2358 3650 2426">
     <span class='ocr_line' id='line_1_85' title="bbox 1951 2358 3650 2426; baseline 0.004 -21"><span class='ocrx_word' id='word_1_628' title='bbox 1951 2371 2064 2425; x_wconf 87' lang='lat' dir='ltr'>quo</span> <span class='ocrx_word' id='word_1_629' title='bbox 2107 2358 2420 2426; x_wconf 87' lang='lat' dir='ltr'>Imperator</span> <span class='ocrx_word' id='word_1_630' title='bbox 2465 2358 2769 2413; x_wconf 89' lang='lat' dir='ltr'>simulacra</span> <span class='ocrx_word' id='word_1_631' title='bbox 2816 2361 3067 2413; x_wconf 85' lang='lat' dir='ltr'>tollenda</span> <span class='ocrx_word' id='word_1_632' title='bbox 3107 2377 3228 2414; x_wconf 88' lang='lat' dir='ltr'>esse</span> <span class='ocrx_word' id='word_1_633' title='bbox 3275 2360 3540 2426; x_wconf 81' lang='lat' dir='ltr'>decrevit,</span> <span class='ocrx_word' id='word_1_634' title='bbox 3582 2361 3650 2413; x_wconf 86' lang='lat' dir='ltr'>de</span> 
     </span>
    </p>
   </div>
   <div class='ocr_carea' id='block_1_86' title="bbox 1950 2447 3646 2519">
    <p class='ocr_par' dir='ltr' id='par_1_86' title="bbox 1950 2447 3646 2519">
     <span class='ocr_line' id='line_1_86' title="bbox 1950 2447 3646 2519; baseline 0.004 -22"><span class='ocrx_word' id='word_1_635' title='bbox 1950 2461 2063 2514; x_wconf 87' lang='lat' dir='ltr'>quo</span> <span class='ocrx_word' id='word_1_636' title='bbox 2095 2447 2271 2499; x_wconf 90' lang='lat' dir='ltr'>acturi</span> <span class='ocrx_word' id='word_1_637' title='bbox 2300 2462 2517 2516; x_wconf 87' lang='lat' dir='ltr'>sumus,</span> <span class='ocrx_word' id='word_1_638' title='bbox 2537 2465 2687 2502; x_wconf 87' lang='lat' dir='ltr'>anno</span> <span class='ocrx_word' id='word_1_639' title='bbox 2719 2449 2982 2517; x_wconf 82' lang='lat' dir='ltr'>proximo</span> <span class='ocrx_word' id='word_1_640' title='bbox 3009 2449 3180 2502; x_wconf 85' lang='lat' dir='ltr'>fuisse</span> <span class='ocrx_word' id='word_1_641' title='bbox 3200 2450 3646 2519; x_wconf 84' lang='lat' dir='ltr'>promulgatum.</span> 
     </span>
    </p>
   </div>
   <div class='ocr_carea' id='block_1_87' title="bbox 1951 2535 3650 2606">
    <p class='ocr_par' dir='ltr' id='par_1_87' title="bbox 1951 2535 3650 2606">
     <span class='ocr_line' id='line_1_87' title="bbox 1951 2535 3650 2606; baseline 0.002 -18"><span class='ocrx_word' id='word_1_642' title='bbox 1951 2535 2088 2588; x_wconf 73' lang='lat' dir='ltr'>Nam</span> <span class='ocrx_word' id='word_1_643' title='bbox 2121 2535 2192 2588; x_wconf 90' lang='lat' dir='ltr'>ab</span> <span class='ocrx_word' id='word_1_644' title='bbox 2222 2535 2328 2590; x_wconf 88' lang='lat' dir='ltr'>hoc</span> <span class='ocrx_word' id='word_1_645' title='bbox 2360 2536 2630 2606; x_wconf 88' lang='lat' dir='ltr'>rescripto</span> <span class='ocrx_word' id='word_1_646' title='bbox 2669 2537 2767 2590; x_wconf 89' lang='lat' dir='ltr'>illa</span> <span class='ocrx_word' id='word_1_647' title='bbox 2799 2537 3040 2606; x_wconf 87' lang='lat' dir='ltr'>Pagauis</span> <span class='ocrx_word' id='word_1_648' title='bbox 3070 2538 3299 2592; x_wconf 87' lang='lat' dir='ltr'>nonnisi</span> <span class='ocrx_word' id='word_1_649' title='bbox 3329 2539 3650 2592; x_wconf 73' lang='lat' dir='ltr'>clanculum</span> 
     </span>
    </p>
   </div>
   <div class='ocr_carea' id='block_1_88' title="bbox 1950 2623 3648 2697">
    <p class='ocr_par' dir='ltr' id='par_1_88' title="bbox 1950 2623 3648 2697">
     <span class='ocr_line' id='line_1_88' title="bbox 1950 2623 3648 2697; baseline 0.002 -21"><span class='ocrx_word' id='word_1_650' title='bbox 1950 2639 2169 2676; x_wconf 82' lang='lat' dir='ltr'>servare</span> <span class='ocrx_word' id='word_1_651' title='bbox 2199 2623 2377 2678; x_wconf 84' lang='lat' dir='ltr'>licuit.</span> <span class='ocrx_word' id='word_1_652' title='bbox 2415 2625 2528 2679; x_wconf 88' lang='lat' dir='ltr'>Sub</span> <span class='ocrx_word' id='word_1_653' title='bbox 2569 2626 2826 2694; x_wconf 89' lang='lat' dir='ltr'>ejusdem</span> <span class='ocrx_word' id='word_1_654' title='bbox 2857 2627 3131 2680; x_wconf 85' lang='lat' dir='ltr'>sermonis</span> <span class='ocrx_word' id='word_1_655' title='bbox 3180 2628 3351 2680; x_wconf 80' lang='lat' dir='ltr'>linem</span> <span class='ocrx_word' id='word_1_656' title='bbox 3384 2627 3536 2697; x_wconf 88' lang='lat' dir='ltr'>loqui</span> <span class='ocrx_word' id='word_1_657' title='bbox 3568 2627 3648 2680; x_wconf 86' lang='lat' dir='ltr'>vi-</span> 
     </span>
    </p>
   </div>
   <div class='ocr_carea' id='block_1_89' title="bbox 1951 2712 3651 2785">
    <p class='ocr_par' dir='ltr' id='par_1_89' title="bbox 1951 2712 3651 2785">
     <span class='ocr_line' id='line_1_89' title="bbox 1951 2712 3651 2785; baseline 0.002 -21"><span class='ocrx_word' id='word_1_658' title='bbox 1951 2712 2116 2765; x_wconf 88' lang='lat' dir='ltr'>detur</span> <span class='ocrx_word' id='word_1_659' title='bbox 2147 2712 2215 2765; x_wconf 90' lang='lat' dir='ltr'>de</span> <span class='ocrx_word' id='word_1_660' title='bbox 2247 2713 2403 2766; x_wconf 87' lang='lat' dir='ltr'>novis</span> <span class='ocrx_word' id='word_1_661' title='bbox 2434 2713 2652 2784; x_wconf 90' lang='lat' dir='ltr'>aliquot</span> <span class='ocrx_word' id='word_1_662' title='bbox 2683 2715 2903 2783; x_wconf 90' lang='lat' dir='ltr'>legibus</span> <span class='ocrx_word' id='word_1_663' title='bbox 2946 2719 3142 2768; x_wconf 87' lang='lat' dir='ltr'>contra</span> <span class='ocrx_word' id='word_1_664' title='bbox 3188 2715 3521 2781; x_wconf 84' lang='lat' dir='ltr'>Donatistas,</span> <span class='ocrx_word' id='word_1_665' title='bbox 3556 2732 3651 2785; x_wconf 89' lang='lat' dir='ltr'>po-</span> 
     </span>
    </p>
   </div>
   <div class='ocr_carea' id='block_1_90' title="bbox 1948 2799 3650 2872">
    <p class='ocr_par' dir='ltr' id='par_1_90' title="bbox 1948 2799 3650 2872">
     <span class='ocr_line' id='line_1_90' title="bbox 1948 2799 3650 2872; baseline 0.002 -20"><span class='ocrx_word' id='word_1_666' title='bbox 1948 2799 2062 2853; x_wconf 90' lang='lat' dir='ltr'>tius</span> <span class='ocrx_word' id='word_1_667' title='bbox 2092 2804 2281 2854; x_wconf 89' lang='lat' dir='ltr'>tamen</span> <span class='ocrx_word' id='word_1_668' title='bbox 2317 2801 2374 2854; x_wconf 93' lang='lat' dir='ltr'>in</span> <span class='ocrx_word' id='word_1_669' title='bbox 2413 2801 2783 2872; x_wconf 89' lang='lat' dir='ltr'>privatorum,</span> <span class='ocrx_word' id='word_1_670' title='bbox 2815 2818 2986 2872; x_wconf 89' lang='lat' dir='ltr'>quam</span> <span class='ocrx_word' id='word_1_671' title='bbox 3030 2802 3307 2856; x_wconf 70' lang='lat' dir='ltr'>universae</span> <span class='ocrx_word' id='word_1_672' title='bbox 3349 2808 3513 2856; x_wconf 64' lang='lat' dir='ltr'>sectae</span> <span class='ocrx_word' id='word_1_673' title='bbox 3554 2805 3650 2856; x_wconf 82' lang='lat' dir='ltr'>lla-</span> 
     </span>
    </p>
   </div>
   <div class='ocr_carea' id='block_1_91' title="bbox 1948 2888 3650 2962">
    <p class='ocr_par' dir='ltr' id='par_1_91' title="bbox 1948 2888 3650 2962">
     <span class='ocr_line' id='line_1_91' title="bbox 1948 2888 3650 2962; baseline 0.002 -21"><span class='ocrx_word' id='word_1_674' title='bbox 1948 2888 2088 2959; x_wconf 88' lang='lat' dir='ltr'>gitia</span> <span class='ocrx_word' id='word_1_675' title='bbox 2113 2889 2266 2945; x_wconf 87' lang='lat' dir='ltr'>latis.</span> <span class='ocrx_word' id='word_1_676' title='bbox 2301 2890 2506 2944; x_wconf 87' lang='lat' dir='ltr'>Scribit</span> <span class='ocrx_word' id='word_1_677' title='bbox 2535 2890 2710 2958; x_wconf 90' lang='lat' dir='ltr'>enim,</span> <span class='ocrx_word' id='word_1_678' title='bbox 2740 2891 3038 2944; x_wconf 74' lang='lat' dir='ltr'>hmreticos</span> <span class='ocrx_word' id='word_1_679' title='bbox 3069 2891 3274 2944; x_wconf 88' lang='lat' dir='ltr'>alicubi</span> <span class='ocrx_word' id='word_1_680' title='bbox 3305 2907 3420 2945; x_wconf 68' lang='lat' dir='ltr'>sua:</span> <span class='ocrx_word' id='word_1_681' title='bbox 3451 2891 3650 2962; x_wconf 89' lang='lat' dir='ltr'>impie-</span> 
     </span>
    </p>
   </div>
   <div class='ocr_carea' id='block_1_92' title="bbox 1946 2977 3648 3050">
    <p class='ocr_par' dir='ltr' id='par_1_92' title="bbox 1946 2977 3648 3050">
     <span class='ocr_line' id='line_1_92' title="bbox 1946 2977 3648 3050; baseline 0.001 -20"><span class='ocrx_word' id='word_1_682' title='bbox 1946 2977 2080 3031; x_wconf 89' lang='lat' dir='ltr'>tatis</span> <span class='ocrx_word' id='word_1_683' title='bbox 2110 2981 2167 3031; x_wconf 90' lang='lat' dir='ltr'>et</span> <span class='ocrx_word' id='word_1_684' title='bbox 2214 2978 2422 3032; x_wconf 89' lang='lat' dir='ltr'>furoris</span> <span class='ocrx_word' id='word_1_685' title='bbox 2453 2995 2649 3046; x_wconf 80' lang='lat' dir='ltr'>poenas</span> <span class='ocrx_word' id='word_1_686' title='bbox 2694 2996 2760 3033; x_wconf 88' lang='lat' dir='ltr'>ex</span> <span class='ocrx_word' id='word_1_687' title='bbox 2804 2979 2997 3050; x_wconf 88' lang='lat' dir='ltr'>legum</span> <span class='ocrx_word' id='word_1_688' title='bbox 3043 2979 3372 3050; x_wconf 73' lang='lat' dir='ltr'>pl‘tPSCl‘iptO</span> <span class='ocrx_word' id='word_1_689' title='bbox 3403 2979 3648 3047; x_wconf 86' lang='lat' dir='ltr'>dedisse,</span> 
     </span>
    </p>
   </div>
   <div class='ocr_carea' id='block_1_93' title="bbox 1952 3066 3648 3140">
    <p class='ocr_par' dir='ltr' id='par_1_93' title="bbox 1952 3066 3648 3140">
     <span class='ocr_line' id='line_1_93' title="bbox 1952 3066 3648 3140; baseline 0 -20"><span class='ocrx_word' id='word_1_690' title='bbox 1952 3066 2100 3120; x_wconf 90' lang='lat' dir='ltr'>unde</span> <span class='ocrx_word' id='word_1_691' title='bbox 2158 3067 2266 3121; x_wconf 90' lang='lat' dir='ltr'>sibi</span> <span class='ocrx_word' id='word_1_692' title='bbox 2305 3085 2338 3121; x_wconf 91' lang='lat' dir='ltr'><strong>a</strong></span> <span class='ocrx_word' id='word_1_693' title='bbox 2390 3067 2688 3122; x_wconf 88' lang='lat' dir='ltr'>Catholicis</span> <span class='ocrx_word' id='word_1_694' title='bbox 2741 3068 3026 3139; x_wconf 87' lang='lat' dir='ltr'>publicam</span> <span class='ocrx_word' id='word_1_695' title='bbox 3087 3067 3538 3140; x_wconf 89' lang='lat' dir='ltr'>persecutionem</span> <span class='ocrx_word' id='word_1_696' title='bbox 3579 3067 3648 3121; x_wconf 88' lang='lat' dir='ltr'>ad</span> 
     </span>
    </p>
   </div>
   <div class='ocr_carea' id='block_1_94' title="bbox 1948 3155 3648 3228">
    <p class='ocr_par' dir='ltr' id='par_1_94' title="bbox 1948 3155 3648 3228">
     <span class='ocr_line' id='line_1_94' title="bbox 1948 3155 3648 3228; baseline 0.001 -21"><span class='ocrx_word' id='word_1_697' title='bbox 1948 3171 2109 3208; x_wconf 89' lang='lat' dir='ltr'>suam</span> <span class='ocrx_word' id='word_1_698' title='bbox 2149 3155 2462 3226; x_wconf 88' lang='lat' dir='ltr'>perniciem</span> <span class='ocrx_word' id='word_1_699' title='bbox 2508 3157 2725 3211; x_wconf 89' lang='lat' dir='ltr'>moveri</span> <span class='ocrx_word' id='word_1_700' title='bbox 2771 3162 3164 3228; x_wconf 88' lang='lat' dir='ltr'>quererentur.</span> <span class='ocrx_word' id='word_1_701' title='bbox 3206 3159 3445 3228; x_wconf 78' lang='lat' dir='ltr'>lusaper</span> <span class='ocrx_word' id='word_1_702' title='bbox 3490 3159 3546 3209; x_wconf 92' lang='lat' dir='ltr'>et</span> <span class='ocrx_word' id='word_1_703' title='bbox 3587 3155 3648 3208; x_wconf 91' lang='lat' dir='ltr'>in</span> 
     </span>
    </p>
   </div>
   <div class='ocr_carea' id='block_1_95' title="bbox 1949 3244 3648 3315">
    <p class='ocr_par' dir='ltr' id='par_1_95' title="bbox 1949 3244 3648 3315">
     <span class='ocr_line' id='line_1_95' title="bbox 1949 3244 3648 3315; baseline -0.001 -18"><span class='ocrx_word' id='word_1_704' title='bbox 1949 3244 2150 3299; x_wconf 89' lang='lat' dir='ltr'>eodem</span> <span class='ocrx_word' id='word_1_705' title='bbox 2195 3261 2457 3300; x_wconf 89' lang='lat' dir='ltr'>sermone</span> <span class='ocrx_word' id='word_1_706' title='bbox 2504 3251 2928 3308; x_wconf 87' lang='lat' dir='ltr'>commemorat,</span> <span class='ocrx_word' id='word_1_707' title='bbox 2959 3247 3202 3311; x_wconf 72' lang='lat' dir='ltr'>Judmos,</span> <span class='ocrx_word' id='word_1_708' title='bbox 3247 3261 3378 3299; x_wconf 91' lang='lat' dir='ltr'>cum</span> <span class='ocrx_word' id='word_1_709' title='bbox 3409 3244 3648 3315; x_wconf 86' lang='lat' dir='ltr'>quibus-</span> 
     </span>
    </p>
   </div>
   <div class='ocr_carea' id='block_1_96' title="bbox 1949 3333 3644 3407">
    <p class='ocr_par' dir='ltr' id='par_1_96' title="bbox 1949 3333 3644 3407">
     <span class='ocr_line' id='line_1_96' title="bbox 1949 3333 3644 3407; baseline -0.001 -21"><span class='ocrx_word' id='word_1_710' title='bbox 1949 3333 2077 3386; x_wconf 88' lang='lat' dir='ltr'>dam</span> <span class='ocrx_word' id='word_1_711' title='bbox 2124 3334 2180 3387; x_wconf 92' lang='lat' dir='ltr'>in</span> <span class='ocrx_word' id='word_1_712' title='bbox 2225 3336 2360 3388; x_wconf 93' lang='lat' dir='ltr'>locis</span> <span class='ocrx_word' id='word_1_713' title='bbox 2397 3337 2468 3389; x_wconf 93' lang='lat' dir='ltr'>ob</span> <span class='ocrx_word' id='word_1_714' title='bbox 2504 3335 2900 3407; x_wconf 87' lang='lat' dir='ltr'>improbitates</span> <span class='ocrx_word' id='word_1_715' title='bbox 2941 3352 3068 3387; x_wconf 86' lang='lat' dir='ltr'>suas</span> <span class='ocrx_word' id='word_1_716' title='bbox 3109 3333 3355 3405; x_wconf 86' lang='lat' dir='ltr'>correpti</span> <span class='ocrx_word' id='word_1_717' title='bbox 3385 3335 3644 3396; x_wconf 88' lang='lat' dir='ltr'>fuissent,</span> 
     </span>
    </p>
   </div>
   <div class='ocr_carea' id='block_1_97' title="bbox 1949 3417 3650 3490">
    <p class='ocr_par' dir='ltr' id='par_1_97' title="bbox 1949 3417 3650 3490">
     <span class='ocr_line' id='line_1_97' title="bbox 1949 3417 3650 3490; baseline 0.002 -19"><span class='ocrx_word' id='word_1_718' title='bbox 1949 3417 2085 3472; x_wconf 90' lang='lat' dir='ltr'>hinc</span> <span class='ocrx_word' id='word_1_719' title='bbox 2113 3436 2312 3474; x_wconf 88' lang='lat' dir='ltr'>ansam</span> <span class='ocrx_word' id='word_1_720' title='bbox 2359 3420 2664 3490; x_wconf 87' lang='lat' dir='ltr'>arripuisse</span> <span class='ocrx_word' id='word_1_721' title='bbox 2708 3419 3070 3485; x_wconf 89' lang='lat' dir='ltr'>criminandi,</span> <span class='ocrx_word' id='word_1_722' title='bbox 3109 3419 3194 3472; x_wconf 78' lang='lat' dir='ltr'>\el</span> <span class='ocrx_word' id='word_1_723' title='bbox 3231 3419 3520 3488; x_wconf 75' lang='lat' dir='ltr'>ﬁngendi,</span> <span class='ocrx_word' id='word_1_724' title='bbox 3551 3425 3650 3474; x_wconf 89' lang='lat' dir='ltr'>aut</span> 
     </span>
    </p>
   </div>
   <div class='ocr_carea' id='block_1_98' title="bbox 1949 3506 3646 3577">
    <p class='ocr_par' dir='ltr' id='par_1_98' title="bbox 1949 3506 3646 3577">
     <span class='ocr_line' id='line_1_98' title="bbox 1949 3506 3646 3577; baseline 0 -19"><span class='ocrx_word' id='word_1_725' title='bbox 1949 3507 2296 3577; x_wconf 87' lang='lat' dir='ltr'>suspicandi,</span> <span class='ocrx_word' id='word_1_726' title='bbox 2328 3507 2388 3560; x_wconf 93' lang='lat' dir='ltr'>in</span> <span class='ocrx_word' id='word_1_727' title='bbox 2418 3507 2476 3562; x_wconf 93' lang='lat' dir='ltr'>id</span> <span class='ocrx_word' id='word_1_728' title='bbox 2507 3523 2733 3576; x_wconf 91' lang='lat' dir='ltr'>semper</span> <span class='ocrx_word' id='word_1_729' title='bbox 2762 3507 3059 3577; x_wconf 90' lang='lat' dir='ltr'>episcopos</span> <span class='ocrx_word' id='word_1_730' title='bbox 3090 3506 3437 3570; x_wconf 86' lang='lat' dir='ltr'>incumbere,</span> <span class='ocrx_word' id='word_1_731' title='bbox 3471 3511 3536 3558; x_wconf 89' lang='lat' dir='ltr'>ut</span> <span class='ocrx_word' id='word_1_732' title='bbox 3564 3507 3646 3559; x_wconf 86' lang='lat' dir='ltr'>fa-</span> 
     </span>
    </p>
   </div>
   <div class='ocr_carea' id='block_1_99' title="bbox 1948 3593 3646 3665">
    <p class='ocr_par' dir='ltr' id='par_1_99' title="bbox 1948 3593 3646 3665">
     <span class='ocr_line' id='line_1_99' title="bbox 1948 3593 3646 3665; baseline -0.004 -13"><span class='ocrx_word' id='word_1_733' title='bbox 1948 3599 2217 3653; x_wconf 85' lang='lat' dir='ltr'>cultatem</span> <span class='ocrx_word' id='word_1_734' title='bbox 2261 3596 2400 3665; x_wconf 87' lang='lat' dir='ltr'>ipsis</span> <span class='ocrx_word' id='word_1_735' title='bbox 2445 3595 2687 3649; x_wconf 87' lang='lat' dir='ltr'>nocendi</span> <span class='ocrx_word' id='word_1_736' title='bbox 2735 3599 3076 3665; x_wconf 66' lang='lat' dir='ltr'>quaererent.</span> <span class='ocrx_word' id='word_1_737' title='bbox 3117 3595 3190 3646; x_wconf 72' lang='lat' dir='ltr'>lio</span> <span class='ocrx_word' id='word_1_738' title='bbox 3240 3599 3404 3664; x_wconf 87' lang='lat' dir='ltr'>pacto</span> <span class='ocrx_word' id='word_1_739' title='bbox 3444 3593 3646 3662; x_wconf 72' lang='lat' dir='ltr'>Judzci,</span> 
     </span>
    </p>
   </div>
   <div class='ocr_carea' id='block_1_100' title="bbox 1952 3682 3650 3758">
    <p class='ocr_par' dir='ltr' id='par_1_100' title="bbox 1952 3682 3650 3758">
     <span class='ocr_line' id='line_1_100' title="bbox 1952 3682 3650 3758; baseline -0.005 -15"><span class='ocrx_word' id='word_1_740' title='bbox 1952 3687 2162 3758; x_wconf 85' lang='lat' dir='ltr'>Pagani</span> <span class='ocrx_word' id='word_1_741' title='bbox 2194 3689 2248 3739; x_wconf 91' lang='lat' dir='ltr'>ct</span> <span class='ocrx_word' id='word_1_742' title='bbox 2271 3683 2542 3750; x_wconf 65' lang='lat' dir='ltr'>haeretici,</span> <span class='ocrx_word' id='word_1_743' title='bbox 2573 3700 2704 3736; x_wconf 90' lang='lat' dir='ltr'>cum</span> <span class='ocrx_word' id='word_1_744' title='bbox 2731 3683 3055 3736; x_wconf 87' lang='lat' dir='ltr'>universam</span> <span class='ocrx_word' id='word_1_745' title='bbox 3083 3682 3383 3736; x_wconf 87' lang='lat' dir='ltr'>Ecclesiam</span> <span class='ocrx_word' id='word_1_746' title='bbox 3416 3682 3524 3736; x_wconf 90' lang='lat' dir='ltr'>sibi</span> <span class='ocrx_word' id='word_1_747' title='bbox 3553 3683 3650 3736; x_wconf 90' lang='lat' dir='ltr'>ha-</span> 
     </span>
    </p>
   </div>
   <div class='ocr_carea' id='block_1_101' title="bbox 1949 3769 3646 3842">
    <p class='ocr_par' dir='ltr' id='par_1_101' title="bbox 1949 3769 3646 3842">
     <span class='ocr_line' id='line_1_101' title="bbox 1949 3769 3646 3842; baseline -0.004 -13"><span class='ocrx_word' id='word_1_748' title='bbox 1949 3777 2150 3830; x_wconf 89' lang='lat' dir='ltr'>berent</span> <span class='ocrx_word' id='word_1_749' title='bbox 2206 3773 2506 3838; x_wconf 83' lang='lat' dir='ltr'>infensam,</span> <span class='ocrx_word' id='word_1_750' title='bbox 2547 3771 3004 3842; x_wconf 90' lang='lat' dir='ltr'>conspirantibus</span> <span class='ocrx_word' id='word_1_751' title='bbox 3061 3769 3265 3823; x_wconf 89' lang='lat' dir='ltr'>animis</span> <span class='ocrx_word' id='word_1_752' title='bbox 3323 3769 3646 3824; x_wconf 87' lang='lat' dir='ltr'>societatem</span> 
     </span>
    </p>
   </div>
   <div class='ocr_carea' id='block_1_102' title="bbox 1952 3856 3649 3935">
    <p class='ocr_par' dir='ltr' id='par_1_102' title="bbox 1952 3856 3649 3935">
     <span class='ocr_line' id='line_1_102' title="bbox 1952 3856 3649 3935; baseline -0.003 -18"><span class='ocrx_word' id='word_1_753' title='bbox 1952 3863 2312 3935; x_wconf 90' lang='lat' dir='ltr'>querelarum</span> <span class='ocrx_word' id='word_1_754' title='bbox 2346 3861 2613 3916; x_wconf 86' lang='lat' dir='ltr'>adversus</span> <span class='ocrx_word' id='word_1_755' title='bbox 2643 3875 2769 3914; x_wconf 88' lang='lat' dir='ltr'>eam</span> <span class='ocrx_word' id='word_1_756' title='bbox 2799 3859 3048 3929; x_wconf 88' lang='lat' dir='ltr'>coibant,</span> <span class='ocrx_word' id='word_1_757' title='bbox 3074 3859 3351 3912; x_wconf 85' lang='lat' dir='ltr'>unitatem</span> <span class='ocrx_word' id='word_1_758' title='bbox 3383 3856 3649 3912; x_wconf 84' lang='lat' dir='ltr'>facientes</span> 
     </span>
    </p>
   </div>
   <div class='ocr_carea' id='block_1_103' title="bbox 1951 3951 2476 4008">
    <p class='ocr_par' dir='ltr' id='par_1_103' title="bbox 1951 3951 2476 4008">
     <span class='ocr_line' id='line_1_103' title="bbox 1951 3951 2476 4008; baseline -0.006 0"><span class='ocrx_word' id='word_1_759' title='bbox 1951 3957 2148 4008; x_wconf 88' lang='lat' dir='ltr'>contra</span> <span class='ocrx_word' id='word_1_760' title='bbox 2179 3951 2476 4006; x_wconf 86' lang='lat' dir='ltr'>unitatem.</span> 
     </span>
    </p>
   </div>
   <div class='ocr_carea' id='block_1_104' title="bbox 2023 4037 3648 4110">
    <p class='ocr_par' dir='ltr' id='par_1_104' title="bbox 2023 4037 3648 4110">
     <span class='ocr_line' id='line_1_104' title="bbox 2023 4037 3648 4110; baseline -0.003 -14"><span class='ocrx_word' id='word_1_761' title='bbox 2023 4045 2072 4096; x_wconf 90' lang='lat'>3.</span> <span class='ocrx_word' id='word_1_762' title='bbox 2107 4041 2191 4095; x_wconf 89' lang='lat' dir='ltr'>Ad</span> <span class='ocrx_word' id='word_1_763' title='bbox 2223 4041 2328 4094; x_wconf 90' lang='lat' dir='ltr'>hoc</span> <span class='ocrx_word' id='word_1_764' title='bbox 2375 4041 2573 4095; x_wconf 87' lang='lat' dir='ltr'>saltem</span> <span class='ocrx_word' id='word_1_765' title='bbox 2605 4044 2832 4110; x_wconf 89' lang='lat' dir='ltr'>tempus</span> <span class='ocrx_word' id='word_1_766' title='bbox 2871 4037 3200 4092; x_wconf 86' lang='lat' dir='ltr'>referendus</span> <span class='ocrx_word' id='word_1_767' title='bbox 3233 4053 3462 4110; x_wconf 86' lang='lat' dir='ltr'>quoque</span> <span class='ocrx_word' id='word_1_768' title='bbox 3491 4037 3648 4091; x_wconf 85' lang='lat' dir='ltr'>vide-</span> 
     </span>
    </p>
   </div>
   <div class='ocr_carea' id='block_1_105' title="bbox 1952 4127 3648 4198">
    <p class='ocr_par' dir='ltr' id='par_1_105' title="bbox 1952 4127 3648 4198">
     <span class='ocr_line' id='line_1_105' title="bbox 1952 4127 3648 4198; baseline -0.002 -13"><span class='ocrx_word' id='word_1_769' title='bbox 1952 4135 2046 4186; x_wconf 91' lang='lat' dir='ltr'>tur</span> <span class='ocrx_word' id='word_1_770' title='bbox 2075 4147 2260 4184; x_wconf 90' lang='lat' dir='ltr'>sermo</span> <span class='ocrx_word' id='word_1_771' title='bbox 2287 4131 2346 4184; x_wconf 92' lang='lat' dir='ltr'>in</span> <span class='ocrx_word' id='word_1_772' title='bbox 2377 4147 2602 4184; x_wconf 90' lang='lat' dir='ltr'>versum</span> <span class='ocrx_word' id='word_1_773' title='bbox 2625 4129 2832 4184; x_wconf 89' lang='lat' dir='ltr'>Psalmi</span> <span class='ocrx_word' id='word_1_774' title='bbox 2851 4127 3181 4198; x_wconf 87' lang='lat' dir='ltr'>octogesimi</span> <span class='ocrx_word' id='word_1_775' title='bbox 3208 4128 3460 4193; x_wconf 88' lang='lat' dir='ltr'>secundi,</span> <span class='ocrx_word' id='word_1_776' title='bbox 3490 4131 3648 4192; x_wconf 84' lang='lat' dir='ltr'>Deus,</span> 
     </span>
    </p>
   </div>
   <div class='ocr_carea' id='block_1_106' title="bbox 1954 4215 3652 4290">
    <p class='ocr_par' dir='ltr' id='par_1_106' title="bbox 1954 4215 3652 4290">
     <span class='ocr_line' id='line_1_106' title="bbox 1954 4215 3652 4290; baseline -0.002 -16"><span class='ocrx_word' id='word_1_777' title='bbox 1954 4223 2074 4290; x_wconf 86' lang='lat' dir='ltr'>quis</span> <span class='ocrx_word' id='word_1_778' title='bbox 2117 4221 2314 4274; x_wconf 81' lang='lat' dir='ltr'>similis</span> <span class='ocrx_word' id='word_1_779' title='bbox 2338 4221 2438 4273; x_wconf 82' lang='lat' dir='ltr'>tibi</span> <span class='ocrx_word' id='word_1_780' title='bbox 2469 4219 2804 4289; x_wconf 56' lang='lat' dir='ltr'>(Scrmﬂi)?</span> <span class='ocrx_word' id='word_1_781' title='bbox 2824 4215 3289 4289; x_wconf 68' lang='lat' dir='ltr'>quandoquidem</span> <span class='ocrx_word' id='word_1_782' title='bbox 3323 4217 3508 4269; x_wconf 88' lang='lat' dir='ltr'>adhuc</span> <span class='ocrx_word' id='word_1_783' title='bbox 3535 4216 3652 4270; x_wconf 90' lang='lat' dir='ltr'>ido-</span> 
     </span>
    </p>
   </div>
   <div class='ocr_carea' id='block_1_107' title="bbox 1954 4305 3653 4374">
    <p class='ocr_par' dir='ltr' id='par_1_107' title="bbox 1954 4305 3653 4374">
     <span class='ocr_line' id='line_1_107' title="bbox 1954 4305 3653 4374; baseline -0.002 -12"><span class='ocrx_word' id='word_1_784' title='bbox 1954 4311 2023 4362; x_wconf 90' lang='lat' dir='ltr'>lis</span> <span class='ocrx_word' id='word_1_785' title='bbox 2049 4309 2335 4374; x_wconf 88' lang='lat' dir='ltr'>litabatur,</span> <span class='ocrx_word' id='word_1_786' title='bbox 2361 4312 2416 4361; x_wconf 90' lang='lat' dir='ltr'>et</span> <span class='ocrx_word' id='word_1_787' title='bbox 2444 4323 2644 4362; x_wconf 90' lang='lat' dir='ltr'>eorum</span> <span class='ocrx_word' id='word_1_788' title='bbox 2673 4308 2857 4361; x_wconf 88' lang='lat' dir='ltr'>cultus</span> <span class='ocrx_word' id='word_1_789' title='bbox 2889 4305 3225 4374; x_wconf 87' lang='lat' dir='ltr'>Carthagine</span> <span class='ocrx_word' id='word_1_790' title='bbox 3256 4305 3498 4374; x_wconf 87' lang='lat' dir='ltr'>vigebat.</span> <span class='ocrx_word' id='word_1_791' title='bbox 3522 4305 3653 4358; x_wconf 89' lang='lat' dir='ltr'>Erat</span> 
     </span>
    </p>
   </div>
   <div class='ocr_carea' id='block_1_108' title="bbox 1954 4392 3650 4464">
    <p class='ocr_par' dir='ltr' id='par_1_108' title="bbox 1954 4392 3650 4464">
     <span class='ocr_line' id='line_1_108' title="bbox 1954 4392 3650 4464; baseline -0.003 -13"><span class='ocrx_word' id='word_1_792' title='bbox 1954 4397 2070 4452; x_wconf 90' lang='lat' dir='ltr'>illic</span> <span class='ocrx_word' id='word_1_793' title='bbox 2101 4398 2250 4452; x_wconf 90' lang='lat' dir='ltr'>inter</span> <span class='ocrx_word' id='word_1_794' title='bbox 2283 4401 2487 4451; x_wconf 80' lang='lat' dir='ltr'>caetera</span> <span class='ocrx_word' id='word_1_795' title='bbox 2527 4396 2897 4450; x_wconf 88' lang='lat' dir='ltr'>simulacrum</span> <span class='ocrx_word' id='word_1_796' title='bbox 2935 4412 3003 4448; x_wconf 85' lang='lat' dir='ltr'>ex</span> <span class='ocrx_word' id='word_1_797' title='bbox 3039 4394 3244 4464; x_wconf 90' lang='lat' dir='ltr'>lapide,</span> <span class='ocrx_word' id='word_1_798' title='bbox 3279 4393 3531 4448; x_wconf 85' lang='lat' dir='ltr'>Herculis</span> <span class='ocrx_word' id='word_1_799' title='bbox 3559 4392 3650 4446; x_wconf 89' lang='lat' dir='ltr'>dei</span> 
     </span>
    </p>
   </div>
   <div class='ocr_carea' id='block_1_109' title="bbox 1954 4482 3652 4556">
    <p class='ocr_par' dir='ltr' id='par_1_109' title="bbox 1954 4482 3652 4556">
     <span class='ocr_line' id='line_1_109' title="bbox 1954 4482 3652 4556; baseline -0.003 -15"><span class='ocrx_word' id='word_1_800' title='bbox 1954 4503 2165 4541; x_wconf 89' lang='lat' dir='ltr'>nomen</span> <span class='ocrx_word' id='word_1_801' title='bbox 2198 4487 2256 4540; x_wconf 91' lang='lat' dir='ltr'>in</span> <span class='ocrx_word' id='word_1_802' title='bbox 2291 4486 2451 4540; x_wconf 88' lang='lat' dir='ltr'>titulo</span> <span class='ocrx_word' id='word_1_803' title='bbox 2480 4485 2807 4556; x_wconf 63' lang='lat' dir='ltr'>praeferens.</span> <span class='ocrx_word' id='word_1_804' title='bbox 2837 4486 3048 4540; x_wconf 70' lang='lat' dir='ltr'>Statum</span> <span class='ocrx_word' id='word_1_805' title='bbox 3096 4483 3266 4553; x_wconf 88' lang='lat' dir='ltr'>hujus</span> <span class='ocrx_word' id='word_1_806' title='bbox 3305 4482 3558 4550; x_wconf 90' lang='lat' dir='ltr'>barbam,</span> <span class='ocrx_word' id='word_1_807' title='bbox 3591 4482 3652 4536; x_wconf 93' lang='lat' dir='ltr'>in</span> 
     </span>
    </p>
   </div>
   <div class='ocr_carea' id='block_1_110' title="bbox 1955 4572 3652 4648">
    <p class='ocr_par' dir='ltr' id='par_1_110' title="bbox 1955 4572 3652 4648">
     <span class='ocr_line' id='line_1_110' title="bbox 1955 4572 3652 4648; baseline -0.004 -18"><span class='ocrx_word' id='word_1_808' title='bbox 1955 4592 2068 4648; x_wconf 89' lang='lat' dir='ltr'>quo</span> <span class='ocrx_word' id='word_1_809' title='bbox 2098 4581 2214 4631; x_wconf 87' lang='lat' dir='ltr'>tota</span> <span class='ocrx_word' id='word_1_810' title='bbox 2239 4575 2489 4630; x_wconf 86' lang='lat' dir='ltr'>Herculis</span> <span class='ocrx_word' id='word_1_811' title='bbox 2511 4575 2691 4629; x_wconf 86' lang='lat' dir='ltr'>virtus</span> <span class='ocrx_word' id='word_1_812' title='bbox 2718 4574 3045 4645; x_wconf 85' lang='lat' dir='ltr'>putabatur,</span> <span class='ocrx_word' id='word_1_813' title='bbox 3080 4587 3258 4625; x_wconf 90' lang='lat' dir='ltr'>novus</span> <span class='ocrx_word' id='word_1_814' title='bbox 3289 4572 3652 4642; x_wconf 90' lang='lat' dir='ltr'>magistratus</span> 
     </span>
    </p>
   </div>
   <div class='ocr_carea' id='block_1_111' title="bbox 1958 4659 3651 4737">
    <p class='ocr_par' dir='ltr' id='par_1_111' title="bbox 1958 4659 3651 4737">
     <span class='ocr_line' id='line_1_111' title="bbox 1958 4659 3651 4737; baseline -0.004 -18"><span class='ocrx_word' id='word_1_815' title='bbox 1958 4683 1990 4719; x_wconf 88' lang='lat' dir='ltr'>a</span> <span class='ocrx_word' id='word_1_816' title='bbox 2021 4666 2264 4737; x_wconf 84' lang='lat' dir='ltr'>Paganis</span> <span class='ocrx_word' id='word_1_817' title='bbox 2299 4665 2560 4719; x_wconf 89' lang='lat' dir='ltr'>seductus</span> <span class='ocrx_word' id='word_1_818' title='bbox 2595 4679 2734 4717; x_wconf 91' lang='lat' dir='ltr'>auro</span> <span class='ocrx_word' id='word_1_819' title='bbox 2763 4659 3029 4732; x_wconf 87' lang='lat' dir='ltr'>perfundi</span> <span class='ocrx_word' id='word_1_820' title='bbox 3055 4659 3408 4730; x_wconf 90' lang='lat' dir='ltr'>permiserat.</span> <span class='ocrx_word' id='word_1_821' title='bbox 3444 4660 3651 4713; x_wconf 83' lang='lat' dir='ltr'>Verum</span> 
     </span>
    </p>
   </div>
   <div class='ocr_carea' id='block_1_112' title="bbox 1957 4749 3648 4822">
    <p class='ocr_par' dir='ltr' id='par_1_112' title="bbox 1957 4749 3648 4822">
     <span class='ocr_line' id='line_1_112' title="bbox 1957 4749 3648 4822; baseline -0.005 -12"><span class='ocrx_word' id='word_1_822' title='bbox 1957 4756 2028 4810; x_wconf 92' lang='lat' dir='ltr'>ad</span> <span class='ocrx_word' id='word_1_823' title='bbox 2059 4756 2303 4809; x_wconf 90' lang='lat' dir='ltr'>dedecus</span> <span class='ocrx_word' id='word_1_824' title='bbox 2323 4754 2606 4808; x_wconf 87' lang='lat' dir='ltr'>cultorum</span> <span class='ocrx_word' id='word_1_825' title='bbox 2630 4753 2752 4822; x_wconf 89' lang='lat' dir='ltr'>ejus</span> <span class='ocrx_word' id='word_1_826' title='bbox 2773 4767 2910 4805; x_wconf 89' lang='lat' dir='ltr'>auro</span> <span class='ocrx_word' id='word_1_827' title='bbox 2929 4749 3151 4804; x_wconf 87' lang='lat' dir='ltr'>refulsit</span> <span class='ocrx_word' id='word_1_828' title='bbox 3177 4749 3383 4802; x_wconf 89' lang='lat' dir='ltr'>falsum</span> <span class='ocrx_word' id='word_1_829' title='bbox 3414 4764 3648 4802; x_wconf 91' lang='lat' dir='ltr'>numen.</span> 
     </span>
    </p>
   </div>
   <div class='ocr_carea' id='block_1_113' title="bbox 1959 4837 3653 4904">
    <p class='ocr_par' dir='ltr' id='par_1_113' title="bbox 1959 4837 3653 4904">
     <span class='ocr_line' id='line_1_113' title="bbox 1959 4837 3653 4904; baseline -0.004 -6"><span class='ocrx_word' id='word_1_830' title='bbox 1959 4845 2094 4899; x_wconf 88' lang='lat' dir='ltr'>Inde</span> <span class='ocrx_word' id='word_1_831' title='bbox 2125 4843 2278 4897; x_wconf 91' lang='lat' dir='ltr'>enim</span> <span class='ocrx_word' id='word_1_832' title='bbox 2323 4859 2438 4896; x_wconf 92' lang='lat' dir='ltr'>non</span> <span class='ocrx_word' id='word_1_833' title='bbox 2480 4842 2547 4895; x_wconf 91' lang='lat' dir='ltr'>ad</span> <span class='ocrx_word' id='word_1_834' title='bbox 2591 4839 2967 4904; x_wconf 90' lang='lat' dir='ltr'>adorandum,</span> <span class='ocrx_word' id='word_1_835' title='bbox 2999 4838 3095 4892; x_wconf 90' lang='lat' dir='ltr'>sed</span> <span class='ocrx_word' id='word_1_836' title='bbox 3137 4837 3210 4891; x_wconf 91' lang='lat' dir='ltr'>ad</span> <span class='ocrx_word' id='word_1_837' title='bbox 3249 4837 3653 4891; x_wconf 89' lang='lat' dir='ltr'>vindicandum</span> 
     </span>
    </p>
   </div>
   <div class='ocr_carea' id='block_1_114' title="bbox 1956 4924 3654 5003">
    <p class='ocr_par' dir='ltr' id='par_1_114' title="bbox 1956 4924 3654 5003">
     <span class='ocr_line' id='line_1_114' title="bbox 1956 4924 3654 5003; baseline -0.005 -17"><span class='ocrx_word' id='word_1_838' title='bbox 1956 4937 2250 5003; x_wconf 87' lang='lat' dir='ltr'>permotus</span> <span class='ocrx_word' id='word_1_839' title='bbox 2321 4929 2690 4990; x_wconf 85' lang='lat' dir='ltr'>Christianus,</span> <span class='ocrx_word' id='word_1_840' title='bbox 2747 4927 3144 4999; x_wconf 86' lang='lat' dir='ltr'>superstitioni</span> <span class='ocrx_word' id='word_1_841' title='bbox 3219 4926 3302 4980; x_wconf 93' lang='lat' dir='ltr'>illi</span> <span class='ocrx_word' id='word_1_842' title='bbox 3349 4942 3469 4980; x_wconf 88' lang='lat' dir='ltr'>sese</span> <span class='ocrx_word' id='word_1_843' title='bbox 3542 4924 3654 4978; x_wconf 90' lang='lat' dir='ltr'>im-</span> 
     </span>
    </p>
   </div>
   <div class='ocr_carea' id='block_1_115' title="bbox 1957 5016 3652 5090">
    <p class='ocr_par' dir='ltr' id='par_1_115' title="bbox 1957 5016 3652 5090">
     <span class='ocr_line' id='line_1_115' title="bbox 1957 5016 3652 5090; baseline -0.006 -15"><span class='ocrx_word' id='word_1_844' title='bbox 1957 5021 2204 5090; x_wconf 91' lang='lat' dir='ltr'>miscuit,</span> <span class='ocrx_word' id='word_1_845' title='bbox 2235 5025 2299 5074; x_wconf 92' lang='lat' dir='ltr'>ut</span> <span class='ocrx_word' id='word_1_846' title='bbox 2349 5021 2584 5075; x_wconf 89' lang='lat' dir='ltr'>barbam</span> <span class='ocrx_word' id='word_1_847' title='bbox 2613 5020 2734 5089; x_wconf 90' lang='lat' dir='ltr'>ejus</span> <span class='ocrx_word' id='word_1_848' title='bbox 2765 5017 3008 5072; x_wconf 87' lang='lat' dir='ltr'>raderet.</span> <span class='ocrx_word' id='word_1_849' title='bbox 3042 5019 3128 5071; x_wconf 88' lang='lat' dir='ltr'>An</span> <span class='ocrx_word' id='word_1_850' title='bbox 3159 5016 3263 5070; x_wconf 89' lang='lat' dir='ltr'>hoc</span> <span class='ocrx_word' id='word_1_851' title='bbox 3296 5032 3440 5070; x_wconf 89' lang='lat' dir='ltr'>unus</span> <span class='ocrx_word' id='word_1_852' title='bbox 3483 5030 3652 5068; x_wconf 90' lang='lat' dir='ltr'>ausus</span> 
     </span>
    </p>
   </div>
   <div class='ocr_carea' id='block_1_116' title="bbox 1958 5103 3650 5178">
    <p class='ocr_par' dir='ltr' id='par_1_116' title="bbox 1958 5103 3650 5178">
     <span class='ocr_line' id='line_1_116' title="bbox 1958 5103 3650 5178; baseline -0.007 -14"><span class='ocrx_word' id='word_1_853' title='bbox 1958 5111 2046 5177; x_wconf 88' lang='lat' dir='ltr'>sit,</span> <span class='ocrx_word' id='word_1_854' title='bbox 2081 5109 2318 5166; x_wconf 90' lang='lat' dir='ltr'>dubium</span> <span class='ocrx_word' id='word_1_855' title='bbox 2353 5114 2455 5178; x_wconf 87' lang='lat' dir='ltr'>est,</span> <span class='ocrx_word' id='word_1_856' title='bbox 2483 5125 2614 5163; x_wconf 89' lang='lat' dir='ltr'>cum</span> <span class='ocrx_word' id='word_1_857' title='bbox 2643 5124 2771 5162; x_wconf 84' lang='lat' dir='ltr'>mox</span> <span class='ocrx_word' id='word_1_858' title='bbox 2808 5105 3162 5178; x_wconf 89' lang='lat' dir='ltr'>Augustinus</span> <span class='ocrx_word' id='word_1_859' title='bbox 3191 5104 3471 5175; x_wconf 89' lang='lat' dir='ltr'>subjiciat,</span> <span class='ocrx_word' id='word_1_860' title='bbox 3519 5103 3650 5155; x_wconf 88' lang='lat' dir='ltr'>bar-</span> 
     </span>
    </p>
   </div>
   <div class='ocr_carea' id='block_1_117' title="bbox 1954 5195 3654 5266">
    <p class='ocr_par' dir='ltr' id='par_1_117' title="bbox 1954 5195 3654 5266">
     <span class='ocr_line' id='line_1_117' title="bbox 1954 5195 3654 5266; baseline -0.007 -12"><span class='ocrx_word' id='word_1_861' title='bbox 1954 5201 2087 5255; x_wconf 88' lang='lat' dir='ltr'>bam</span> <span class='ocrx_word' id='word_1_862' title='bbox 2139 5199 2391 5254; x_wconf 88' lang='lat' dir='ltr'>Herculis</span> <span class='ocrx_word' id='word_1_863' title='bbox 2442 5215 2472 5251; x_wconf 90' lang='lat' dir='ltr'>a</span> <span class='ocrx_word' id='word_1_864' title='bbox 2529 5199 2641 5252; x_wconf 86' lang='lat' dir='ltr'>Deo</span> <span class='ocrx_word' id='word_1_865' title='bbox 2672 5213 2857 5250; x_wconf 89' lang='lat' dir='ltr'>rasam</span> <span class='ocrx_word' id='word_1_866' title='bbox 2889 5213 3009 5250; x_wconf 91' lang='lat' dir='ltr'>esse</span> <span class='ocrx_word' id='word_1_867' title='bbox 3034 5212 3134 5266; x_wconf 78' lang='lat' dir='ltr'>per</span> <span class='ocrx_word' id='word_1_868' title='bbox 3161 5195 3340 5264; x_wconf 75' lang='lat' dir='ltr'>ﬁdeles</span> <span class='ocrx_word' id='word_1_869' title='bbox 3387 5205 3528 5253; x_wconf 79' lang='lat' dir='ltr'>suos,</span> <span class='ocrx_word' id='word_1_870' title='bbox 3557 5205 3654 5259; x_wconf 83' lang='lat' dir='ltr'>per</span> 
     </span>
    </p>
   </div>
   <div class='ocr_carea' id='block_1_118' title="bbox 1959 5277 3654 5358">
    <p class='ocr_par' dir='ltr' id='par_1_118' title="bbox 1959 5277 3654 5358">
     <span class='ocr_line' id='line_1_118' title="bbox 1959 5277 3654 5358; baseline -0.009 -12"><span class='ocrx_word' id='word_1_871' title='bbox 1959 5292 2293 5348; x_wconf 75' lang='lat' dir='ltr'>Christianos</span> <span class='ocrx_word' id='word_1_872' title='bbox 2325 5303 2467 5354; x_wconf 84' lang='lat' dir='ltr'>suos,</span> <span class='ocrx_word' id='word_1_873' title='bbox 2496 5304 2597 5358; x_wconf 86' lang='lat' dir='ltr'>per</span> <span class='ocrx_word' id='word_1_874' title='bbox 2619 5291 2910 5357; x_wconf 81' lang='lat' dir='ltr'>potestates</span> <span class='ocrx_word' id='word_1_875' title='bbox 2940 5303 2973 5340; x_wconf 89' lang='lat' dir='ltr'>a</span> <span class='ocrx_word' id='word_1_876' title='bbox 3002 5301 3056 5340; x_wconf 86' lang='lat' dir='ltr'>se</span> <span class='ocrx_word' id='word_1_877' title='bbox 3082 5285 3383 5338; x_wconf 78' lang='lat' dir='ltr'>ordinatas.</span> <span class='ocrx_word' id='word_1_878' title='bbox 3421 5281 3531 5333; x_wconf 88' lang='lat' dir='ltr'>Hac</span> <span class='ocrx_word' id='word_1_879' title='bbox 3561 5277 3654 5331; x_wconf 89' lang='lat' dir='ltr'>ille</span> 
     </span>
    </p>
   </div>
   <div class='ocr_carea' id='block_1_119' title="bbox 1956 5367 3656 5448">
    <p class='ocr_par' dir='ltr' id='par_1_119' title="bbox 1956 5367 3656 5448">
     <span class='ocr_line' id='line_1_119' title="bbox 1956 5367 3656 5448; baseline -0.009 -14"><span class='ocrx_word' id='word_1_880' title='bbox 1956 5378 2247 5434; x_wconf 90' lang='lat' dir='ltr'>occasione</span> <span class='ocrx_word' id='word_1_881' title='bbox 2273 5393 2620 5445; x_wconf 88' lang='lat' dir='ltr'>sermonem,</span> <span class='ocrx_word' id='word_1_882' title='bbox 2645 5377 2714 5431; x_wconf 91' lang='lat' dir='ltr'>de</span> <span class='ocrx_word' id='word_1_883' title='bbox 2744 5392 2857 5448; x_wconf 89' lang='lat' dir='ltr'>quo</span> <span class='ocrx_word' id='word_1_884' title='bbox 2887 5374 3196 5446; x_wconf 89' lang='lat' dir='ltr'>loquimur,</span> <span class='ocrx_word' id='word_1_885' title='bbox 3221 5370 3440 5425; x_wconf 89' lang='lat' dir='ltr'>habuit.</span> <span class='ocrx_word' id='word_1_886' title='bbox 3461 5367 3656 5422; x_wconf 87' lang='lat' dir='ltr'>Dicen-</span> 
     </span>
    </p>
   </div>
   <div class='ocr_carea' id='block_1_120' title="bbox 1957 5459 3656 5539">
    <p class='ocr_par' dir='ltr' id='par_1_120' title="bbox 1957 5459 3656 5539">
     <span class='ocr_line' id='line_1_120' title="bbox 1957 5459 3656 5539; baseline -0.007 -17"><span class='ocrx_word' id='word_1_887' title='bbox 1957 5473 2071 5522; x_wconf 88' lang='lat' dir='ltr'>tem</span> <span class='ocrx_word' id='word_1_888' title='bbox 2101 5467 2479 5538; x_wconf 88' lang='lat' dir='ltr'>interpellavit</span> <span class='ocrx_word' id='word_1_889' title='bbox 2503 5468 2770 5539; x_wconf 87' lang='lat' dir='ltr'>populus,</span> <span class='ocrx_word' id='word_1_890' title='bbox 2805 5465 3115 5520; x_wconf 87' lang='lat' dir='ltr'>vociferans</span> <span class='ocrx_word' id='word_1_891' title='bbox 3140 5465 3195 5514; x_wconf 88' lang='lat' dir='ltr'>et</span> <span class='ocrx_word' id='word_1_892' title='bbox 3223 5460 3494 5524; x_wconf 85' lang='lat' dir='ltr'>clamans,</span> <span class='ocrx_word' id='word_1_893' title='bbox 3522 5459 3656 5523; x_wconf 80' lang='lat' dir='ltr'>Quo-</span> 
     </span>
    </p>
   </div>
   <div class='ocr_carea' id='block_1_121' title="bbox 1956 5545 3653 5624">
    <p class='ocr_par' dir='ltr' id='par_1_121' title="bbox 1956 5545 3653 5624">
     <span class='ocr_line' id='line_1_121' title="bbox 1956 5545 3653 5624; baseline -0.007 -12"><span class='ocrx_word' id='word_1_894' title='bbox 1956 5558 2108 5614; x_wconf 82' lang='lat' dir='ltr'>modo</span> <span class='ocrx_word' id='word_1_895' title='bbox 2138 5560 2322 5624; x_wconf 79' lang='lat' dir='ltr'>Itoma,</span> <span class='ocrx_word' id='word_1_896' title='bbox 2363 5560 2440 5612; x_wconf 86' lang='lat' dir='ltr'>sic</span> <span class='ocrx_word' id='word_1_897' title='bbox 2471 5562 2519 5612; x_wconf 86' lang='lat' dir='ltr'>ct</span> <span class='ocrx_word' id='word_1_898' title='bbox 2551 5558 2852 5623; x_wconf 79' lang='lat' dir='ltr'>Carthago!</span> <span class='ocrx_word' id='word_1_899' title='bbox 2879 5554 2937 5608; x_wconf 89' lang='lat' dir='ltr'>id</span> <span class='ocrx_word' id='word_1_900' title='bbox 2969 5568 3026 5606; x_wconf 91' lang='lat' dir='ltr'>se</span> <span class='ocrx_word' id='word_1_901' title='bbox 3073 5549 3347 5605; x_wconf 89' lang='lat' dir='ltr'>nimirum</span> <span class='ocrx_word' id='word_1_902' title='bbox 3389 5548 3551 5616; x_wconf 84' lang='lat' dir='ltr'>velle,</span> <span class='ocrx_word' id='word_1_903' title='bbox 3601 5545 3653 5601; x_wconf 92' lang='lat' dir='ltr'>id</span> 
     </span>
    </p>
   </div>
  </div>
