4008 6184
317 305 419 357 279

320 423 630 496 postulare,
659 427 722 478 ut
747 421 934 478 omnis
964 422 1330 478 Ethnicorum
1363 422 1687 494 superstitio
1709 420 2014 497 deleretur,

320 505 425 568 nec
436 513 554 583 jam
579 513 915 584 Carthagine
937 511 1684 584 permitterenturHercules
1703 510 1912 580 aliique
1941 505 2021 561 dii

323 601 581 666 Romani,
619 600 718 673 qui
743 602 800 656 in
825 601 947 673 ipsa
976 601 1146 656 etiam
1178 602 1316 657 urbe
1353 604 1527 657 Roma
1554 601 1903 665 defecerant;
1924 595 2020 650 sed

321 689 380 744 in
412 691 516 744 hoc
547 691 741 744 Romae
786 689 1062 762 Carthago
1095 691 1330 746 omnino
1370 691 1678 745 consimilis
1718 692 1880 744 esset.
1915 688 2022 740 Po-

322 780 441 849 puli
470 780 743 851 pietatem
775 784 828 834 et
857 779 1108 834 studium
1153 781 1232 835 sic
1262 781 1522 834 laudibus
1562 780 1726 834 etl‘ert
1753 773 2023 847 Augusti-

327 885 454 935 nus,
488 873 552 923 ut
581 868 838 922 videatur
867 874 1058 923 tamen
1089 875 1366 935 metuere,
1399 886 1472 924 ne
1511 869 1648 940 quid
1697 867 1790 921 ille
1821 863 2025 920 tumul-

321 961 485 1012 tuose
517 961 571 1012 et
601 974 716 1012 non
747 957 880 1012 satis
913 958 1169 1027 legitima
1199 958 1533 1013 auctoritate
1564 949 1854 1012 moliatur.
1879 955 2027 1009 Pras-

322 1046 479 1117 cipiti
500 1046 682 1117 plebis
712 1063 827 1102 sua:
849 1047 1056 1116 studio,
1085 1046 1144 1100 ni
1165 1052 1360 1101 nostra
1381 1063 1484 1101 nos
1506 1047 1649 1102 fallit
1677 1046 2024 1116 conjectura,

314 1133 437 1203 jam
469 1133 592 1204 ipso
637 1150 802 1188 mane
849 1136 1038 1190 frenos
1081 1135 1352 1205 injecerat
1399 1136 1695 1207 episcopus
1743 1133 2028 1203 Carthagi-

323 1223 535 1278 nensis.
565 1225 745 1288 Quam
789 1224 942 1279 enim
981 1224 1149 1278 aliam
1184 1225 1255 1279 ob
1295 1241 1523 1278 causam
1569 1225 1650 1278 eis
1689 1224 2030 1294 gratulatur,

324 1313 477 1385 quod
510 1314 774 1385 episcopo
806 1331 908 1368 suo
941 1313 999 1367 in
1031 1331 1096 1366 eo
1122 1314 1272 1384 quod
1298 1314 1434 1385 ipsis
1456 1329 1622 1368 mane
1645 1313 1867 1367 locutus
1887 1315 2025 1375 erat,

325 1402 665 1467 obedierint,
699 1407 871 1473 atque
903 1406 967 1456 ut
995 1419 1124 1456 eum
1157 1406 1488 1474 sequantur,
1520 1406 1576 1456 et
1605 1402 1675 1456 ab
1705 1418 1771 1455 ea
1801 1400 1890 1454 via
1917 1417 2028 1454 nou

326 1491 594 1544 recedant
622 1491 974 1545 obtestatur?
997 1492 1215 1546 Interea
1248 1507 1343 1546 eos
1368 1490 1650 1546 cohortari
1683 1507 1795 1545 non
1825 1493 2026 1555 cessat,

327 1583 392 1632 ut
423 1595 582 1633 suam
616 1580 684 1632 de
724 1580 1002 1634 abolenda
1031 1580 1430 1651 superstitione
1458 1581 1807 1634 voluntatem
1836 1583 2026 1634 notam

328 1669 384 1723 et
413 1669 678 1722 testatam
717 1668 912 1721 fecisse
945 1668 1216 1736 contenti,
1246 1670 1368 1739 ejus
1394 1669 1699 1739 implendm
1730 1667 2029 1723 consilium

329 1777 391 1815 ac
439 1757 674 1813 modum
717 1755 786 1809 ab
831 1755 1109 1826 episcopis
1148 1760 1501 1826 exspectent;
1540 1772 1643 1810 nec
1678 1757 1922 1810 timeant
1961 1772 2031 1810 ne

327 1848 411 1903 illi
443 1847 501 1900 in
532 1847 637 1900 hac
667 1849 825 1916 parte
848 1845 1034 1899 ofﬁcio
1061 1862 1163 1899 suo
1191 1845 1396 1899 desint.
1425 1845 1596 1915 Spem
1627 1861 1856 1917 quoque
1878 1843 2028 1909 facit,

326 1937 448 1992 fore
482 1940 546 1990 ut
577 1950 775 1988 eorum
807 1949 1005 2004 preces
1036 1933 1258 1987 felicem
1292 1933 1505 1987 exitum
1533 1933 1870 2002 sortiantur,
1902 1949 2031 1986 cum

332 2027 480 2080 Deus
507 2022 939 2093 superstitiones
968 2021 1277 2078 Gentilium
1301 2021 1570 2076 delendas
1598 2021 1941 2100 praedixerit,
1979 2025 2035 2074 et

330 2109 649 2179 multisjam
665 2114 945 2164 terrarum
959 2109 1114 2176 locis,
1131 2109 1301 2163 etiam
1326 2109 1541 2175 Home},
1559 2111 1851 2164 oraculum
1867 2125 2031 2162 suum

329 2199 719 2270 compleverit.
757 2200 830 2252 Ex
857 2200 961 2254 hoc
991 2215 1274 2264 sermone,
1307 2215 1478 2270 quem
1511 2199 1848 2269 Carthagine
1879 2199 2035 2254 habi-

329 2291 453 2341 tum
483 2286 654 2340 fuisse
686 2303 855 2340 nemo
887 2303 1003 2340 non
1029 2285 1305 2357 agnoscit,
1333 2285 1495 2340 facile
1527 2285 1882 2359 intelligitur.
1914 2288 2033 2356 jam

335 2379 458 2429 tum
488 2374 557 2428 ab
590 2373 892 2444 episcopis,
927 2373 1025 2445 qui
1065 2373 1125 2426 in
1155 2390 1220 2427 ea
1252 2374 1390 2428 urbe
1418 2375 1805 2442 versabantur,
1839 2376 2033 2430 decre-

331 2469 456 2518 tum
487 2463 662 2518 fuisse
693 2468 756 2517 ut
788 2463 858 2518 ad
892 2461 1202 2517 Honorium
1238 2464 1556 2533 Augustum
1593 2481 1695 2536 pro
1728 2464 2033 2519 obtinenda

332 2550 750 2623 superstitionis
781 2549 1155 2605 exstinctionc
1187 2549 1508 2618 mitterent;
1533 2568 1594 2606 ac
1615 2551 1853 2606 subinde
1884 2551 2033 2622 ipso-

330 2654 478 2706 rum,
501 2638 601 2710 qui
637 2639 704 2692 ad
741 2637 798 2692 id
834 2639 1256 2710 procurandum
1295 2638 1465 2710 legati
1488 2639 2035 2710 sunt,'persuasione

337 2732 394 2781 et
432 2727 671 2781 inductu
709 2727 958 2782 celebres
998 2727 1123 2781 illas
1162 2727 1315 2796 leges
1344 2727 1449 2781 hac
1479 2727 1549 2782 de
1596 2743 1656 2782 re
1697 2729 1836 2782 latas
1865 2729 2035 2783 fuisse

335 2833 485 2870 anno
537 2818 933 2871 trecentesimo
963 2816 1355 2888 inouagesimo
1409 2821 1623 2886 octavo,
1656 2822 1711 2872 et
1755 2833 1906 2872 anno
1950 2835 2038 2873 se-

337 2904 534 2976 quenti
566 2905 622 2959 in
652 2905 837 2960 Africa
867 2905 1218 2959 exsecutioui
1258 2905 1572 2959 mandatas.

406 2995 459 3047 4.
491 2993 612 3057 Quo
658 2998 917 3064 tempore
965 2992 1139 3047 dubia
1177 3008 1277 3046 sua
1313 2992 1382 3046 ad
1421 2991 1803 3064 Augustinum
1845 2989 2040 3051 retulit

339 3078 626 3134 Publicola
660 3079 853 3148 (Epist.
883 3078 994 3147 46),
1027 3094 1094 3133 eo
1126 3083 1276 3132 certe
1320 3079 1604 3133 idolorum
1635 3078 1907 3132 sacriﬁcia
1935 3078 2034 3131 ad-

338 3167 451 3219 huc
474 3165 762 3236 vigebant.
789 3167 930 3220 Nam
960 3165 1111 3236 quod
1143 3165 1205 3219 in
1233 3164 1600 3235 responsione
1628 3165 2039 3236 Augustini-le-

338 3253 494 3323 gitur
519 3253 587 3306 de
607 3253 952 3322 templorum
979 3256 1034 3305 et
1052 3251 1333 3305 idolorum
1356 3252 1727 3322 lucorumque
1749 3251 2039 3306 eversione

337 3342 542 3409 (Epist.
573 3341 663 3406 47,
703 3339 839 3411 n.3).
881 3339 935 3393 id
987 3339 1054 3392 ad
1096 3342 1432 3408 potestatem
1483 3355 1546 3391 ea
1595 3338 1884 3392 evertendi
1924 3355 2040 3392 non

345 3429 468 3499 lege
511 3427 741 3500 publica
790 3427 906 3481 sive
937 3425 1213 3498 generali,
1246 3425 1343 3480 sed
1373 3424 1602 3497 speciali
1647 3425 1892 3496 quadam
1913 3425 2038 3496 jus-

339 3514 497 3570 sione
521 3515 689 3570 certis
734 3515 794 3569 in
823 3513 1008 3570 causis
1037 3515 1226 3569 datam
1255 3518 1508 3584 spectare
1544 3513 1743 3585 liquet.
1770 3513 1907 3578 Quis
1945 3513 2040 3567 ille

339 3603 630 3659 Publicola
670 3603 862 3670 fuerit,
908 3603 1188 3658 incertum
1222 3605 1325 3656 est.
1375 3601 1426 3655 Is
1461 3601 1678 3671 priedia
1718 3600 2043 3672 possidebat

341 3695 402 3748 in
432 3693 774 3766 Arzugibus,
803 3709 931 3766 quae
962 3692 1117 3746 natio
1146 3691 1401 3746 barbaris
1431 3691 1746 3746 Gentilibus
1771 3694 1892 3746 erat
1918 3691 2041 3747 ﬁni-

341 3781 500 3837 tima.
551 3783 907 3853 Quapropter
961 3780 1247 3852 indigena:
1293 3781 1623 3836 eorumdem
1666 3780 2042 3836 barbarorum

342 3889 515 3943 opera
560 3872 883 3940 utebantur,
912 3870 1072 3941 prius
1100 3871 1356 3941 ipsorum
1388 3871 1499 3926 fide
1540 3871 1914 3942 jurejurando
1942 3872 2041 3927 ad-

345 3961 556 4016 stricta.
591 3962 667 4014 De
699 3976 813 4030 quo
838 3960 1165 4030 juramento
1195 3975 1326 4013 eum
1357 3958 1526 4013 varias
1558 3959 1917 4014 dit‘licultates
1947 3977 2046 4016 an-

345 4049 574 4120 gebant,
605 4052 670 4102 ut
699 4052 754 4101 et
781 4047 851 4101 de
880 4063 988 4101 usu
1013 4046 1322 4100 multarum
1353 4063 1566 4116 rerum,
1600 4064 1728 4120 quae
1757 4048 2043 4103 idolorum

343 4135 500 4191 cultu
525 4133 708 4206 pollui
737 4133 1095 4188 videbantur.
1130 4134 1259 4188 Haec
1287 4137 1344 4188 et
1385 4132 1596 4189 similia
1635 4135 1807 4189 dubia
1833 4151 2042 4207 propo-

343 4224 430 4280 nit
451 4223 794 4294 Augustino,
829 4225 889 4275 ut
916 4220 1087 4292 patri,
1119 4225 1180 4274 ut
1209 4220 1440 4287 seniori,
1473 4227 1539 4276 ut
1575 4223 1851 4293 pontiﬁci,
1882 4225 2044 4296 cujus

345 4331 413 4368 cx
442 4328 540 4368 ore
579 4310 927 4383 requirenda
955 4310 1043 4364 lex
1071 4309 1236 4364 foret.
1263 4310 1347 4365 Ad
1387 4311 1511 4381 ejus
1534 4315 1816 4383 postulata
1843 4315 2042 4370 rescri-

345 4401 458 4472 psit
482 4401 857 4472 Augustinus,
889 4403 946 4453 et
985 4398 1139 4452 inter
1181 4397 1292 4453 alia
1329 4401 1658 4471 respondet,
1690 4419 1888 4458 eorum
1937 4403 2044 4458 sibi

345 4489 646 4544 consilium
679 4507 792 4545 non
822 4488 1076 4561 probari,
1101 4489 1200 4560 qui
1227 4495 1540 4562 censerent,
1566 4493 1859 4549 hominem
1880 4511 2044 4566 posse

347 4577 524 4632 alium
569 4577 845 4648 occidere,
877 4595 950 4634 ne
997 4578 1066 4632 ab
1115 4594 1182 4632 eo
1224 4579 1541 4649 occidatur;
1567 4581 1679 4636 nisi
1717 4583 1907 4639 forsan
1948 4585 2044 4639 ille

347 4664 604 4736 legitima
631 4671 908 4736 potestate
937 4669 1114 4723 fretus
1142 4669 1214 4723 ad
1252 4668 1497 4724 aliorum
1537 4672 1772 4727 tutelam
1800 4673 1860 4728 id
1903 4673 2046 4728 face-

346 4758 450 4810 ret.
483 4753 680 4824 Itaque
710 4759 932 4810 tantum
964 4756 1261 4827 approbat,
1294 4762 1358 4812 ut
1395 4774 1689 4829 aggressor
1733 4765 1791 4815 et
1817 4759 2046 4815 insidia-

347 4845 441 4898 tor
469 4845 686 4896 terrore
717 4841 1028 4913 repellatur
1054 4845 1242 4913 (Ibid.,
1273 4860 1328 4900 n.
1363 4846 1436 4918 5).
1473 4847 1675 4902 Censet
1701 4848 1913 4920 pariter
1942 4849 2045 4904 ho-

349 4929 511 4997 mini,
544 4928 695 4984 fame
738 4935 1052 5002 premente,
1081 4933 1129 4987 si
1157 4934 1298 4989 nihil
1339 4935 1563 5008 uspiam
1603 4935 1904 5001 invenerit,
1936 4936 2045 4992 nisi

347 5019 540 5075 cibum
588 5034 762 5090 quem
807 5023 958 5074 certo
1006 5020 1108 5075 scit
1144 5022 1310 5078 idolis
1356 5024 1632 5094 oblatum,
1682 5025 1858 5081 satius
1903 5042 2044 5095 esse,

349 5108 523 5164 etiam
555 5108 786 5163 nemine
813 5108 1059 5171 conscio,
1087 5125 1220 5167 eum
1250 5111 1557 5169 christiana
1586 5113 1793 5170 virtute
1823 5129 2050 5187 respue-

347 5214 408 5254 re
439 5197 620 5272 (Ibid.,
649 5213 711 5253 n.
753 5197 826 5269 6).

1004 5288 1228 5344 CAPUT
1263 5291 1395 5345 XVI.

355 5378 372 5428 t
419 5378 643 5446 Pagana
669 5376 984 5449 superstitio
1012 5380 1138 5432 tunc
1163 5377 1359 5448 ubique
1383 5393 1587 5448 eversa,
1618 5395 1736 5434 cum
1764 5396 1832 5435 ea:
1859 5382 2050 5436 daemo-

423 5479 548 5519 num
593 5467 825 5522 oraculis
854 5465 1220 5520 instauranda
1247 5471 1381 5521 erat.
1413 5469 1446 5520 2
1470 5469 1534 5522 In
1557 5470 1772 5524 Oriente
1793 5471 2048 5540 prohibe-

422 5558 512 5607 tur
552 5570 615 5610 ac
661 5555 868 5612 deletur
913 5557 1236 5612 auctoritate
1285 5557 1534 5613 Arcadii.
1578 5562 1607 5614 3
1652 5561 1714 5614 In
1771 5559 2051 5617 Occidente

1527 301 1689 356 VITA
1728 300 1783 355 S.
1829 294 2210 353 AUGUSTINI
2268 295 2607 350 EPISCOPI.

3718 297 3816 347 280

2200 433 2410 486 quoque
2439 419 2758 472 auctoritate
2799 418 3039 472 Honorii.
3075 419 3102 469 4
3151 414 3326 484 Ilujus
3372 415 3537 481 legem
3566 429 3623 467 ea
3658 415 3722 469 de
3766 431 3819 469 re

2201 507 2368 560 latam
2407 507 2796 575 emsequendam
2830 509 3023 561 curant
3051 506 3234 558 Jovius
3283 507 3332 556 et
3377 502 3722 558 Gaudentius.
3757 507 3812 558 5.

2203 595 2435 651 Calestis
2470 597 2580 650 deae
2618 598 2870 664 templum
2914 595 3242 661 Carthagine
3279 593 3490 650 Christo
3527 592 3821 647 dedicatum

2201 683 2269 737 ab
2300 684 2540 738 Aurelio.
2591 687 2622 736 6
2671 685 2944 738 Nonnulla
2985 679 3308 737 idololatriae
3349 681 3670 752 quibusdam
3701 682 3822 736 locis

2202 771 2392 824 relicta
2421 773 2669 839 vestigia.
2698 777 2727 825 '7
2763 771 3064 841 Su/fcctani
3089 774 3376 839 martyres.
3400 769 3733 837 Augustinus
3755 769 3825 824 ad

2201 860 2476 929 principes
2525 861 2752 916 Colonia:
2795 859 3115 928 Sutfectanse
3156 857 3362 912 scribit.
3416 859 3448 911 8
3499 859 3822 926 Rescriptum

2205 947 2529 1004 adulatoriis
2558 949 2964 1003 Donatistarum
2990 946 3240 1017 precibus
3266 962 3300 999 a
3323 945 3539 1000 Iuliano
3564 944 3819 999 indultum

2199 1035 2422 1103 jubetur
2445 1036 2678 1107 publicis
2708 1035 2834 1090 locis
2873 1032 3053 1104 afﬁgi.

2211 1129 2263 1180 t.
2303 1127 2442 1182 Cum
2491 1126 2748 1181 viderent
2785 1125 3053 1191 Gentiles,
3096 1138 3190 1178 nec
3234 1126 3308 1178 tot
3349 1124 3620 1192 tantisgue
3653 1137 3824 1192 perseo

2137 1214 2455 1283 rutionibus,
2487 1230 2628 1285 quas
2662 1229 2765 1284 per
2802 1217 3085 1268 trecentos
3122 1212 3240 1266 fere
3278 1227 3458 1266 annos
3501 1212 3827 1282 pertulerat,

2136 1301 2474 1373 religionem
2534 1301 2912 1356 Christianam
2967 1300 3223 1372 potuisse
3279 1301 3560 1367 consumi,
3607 1301 3707 1356 sed
3755 1302 3831 1356 his

2134 1394 2314 1462 potius
2362 1394 2502 1446 mira
2545 1393 2869 1446 incrementa
2913 1392 3240 1460 sumpsisse;
3269 1392 3714 1458 excogitaverunt
3747 1405 3833 1444 ne-

2137 1482 2244 1534 scio
2287 1496 2419 1550 quos
2461 1495 2645 1535 versus
2688 1494 2904 1547 grazcos,
2960 1483 3238 1549 tamquam
3292 1478 3588 1533 consulenti
3623 1478 3834 1532 cuidam

2139 1569 2324 1625 divino
2369 1571 2585 1624 oraculo
2643 1570 2859 1640 effusos,
2903 1569 3000 1623 ubi
3041 1569 3312 1625 Christum
3359 1568 3576 1638 quidem
3623 1566 3697 1620 ab
3743 1567 3836 1619 hu-

2132 1658 2226 1726 jus
2280 1665 2555 1728 tamquam
2607 1661 2880 1725 sacrilegii
2924 1660 3149 1712 crimine
3204 1659 3418 1724 faciunt
3473 1659 3837 1718 innocentem;

2139 1750 2353 1802 Petrum
2377 1753 2554 1803 autem
2585 1747 2869 1815 male/ictis
2897 1750 3090 1815 fecisse
3109 1748 3464 1818 subjungunt,
3496 1752 3556 1801 ut
3585 1748 3838 1801 coleretur

2142 1836 2347 1891 Christi
2380 1852 2567 1890 nomen
2611 1853 2710 1906 per
2751 1839 3006 1890 trecentos
3053 1838 3342 1903 sexaginta
3385 1835 3623 1903 quinque
3652 1846 3837 1896 annos,

2141 1923 2334 1977 deinde
2363 1925 2616 1994 completo
2653 1929 2942 1979 memorato
2978 1939 3196 1978 numero
3225 1939 3508 1988 annorum,
3541 1923 3658 1976 sine
3699 1933 3840 1974 mera

2141 2016 2370 2066 sumeret
2416 2015 2574 2082 ﬁnem
2622 2014 2717 2081 (De
2765 2015 2928 2070 Civil.
2964 2015 3078 2078 Dei,
3121 2013 3213 2066 lib.
3269 2015 3352 2078 18,
3385 2026 3505 2079 cap.
3550 2011 3638 2077 53,
3689 2011 3840 2067 1L2).

2146 2098 2210 2150 Hi
2241 2098 2479 2153 trecenti
2512 2099 2803 2170 sexaginta
2832 2099 3088 2171 quinque
3119 2099 3253 2152 anni
3284 2100 3584 2153 sumebant
3615 2096 3839 2151 initium

2143 2188 2342 2241 saltem
2377 2205 2406 2240 a
2438 2188 2528 2242 die
2556 2205 2670 2259 quo
2701 2188 2911 2243 missus
2939 2195 3024 2243 est
3051 2188 3292 2260 Spiritus
3321 2191 3566 2250 sanctus,
3604 2187 3718 2240 hoc
3748 2188 3841 2249 est,

2144 2290 2210 2329 ex
2251 2280 2444 2329 mente
2486 2270 2909 2346 Augustinifah
2953 2277 3138 2331 idibus
3188 2276 3372 2345 maiis,
3402 2276 3626 2330 duobus
3665 2272 3844 2328 Gemi-

2145 2361 2231 2415 nis
2273 2362 2534 2418 Rubellio
2575 2369 2630 2418 et
2668 2365 2811 2420 Rufo
2850 2365 3195 2431 consulibus,
3230 2363 3328 2434 qui
3367 2379 3498 2417 εει-ω
3527 2360 3844 2416 communis

2144 2466 2326 2504 annus
2357 2456 2440 2506 est
2470 2451 2772 2506 vicesimus
2804 2470 3010 2507 nonus.
3041 2453 3129 2507 Sic
3160 2454 3242 2507 illi
3281 2453 3519 2507 trecenti
3555 2451 3845 2522 sexaginta

2145 2538 2399 2610 quinque
2434 2540 2571 2594 anni
2600 2543 2925 2612 complendi
2958 2545 3119 2596 erant
3153 2541 3340 2596 idibus
3371 2541 3536 2595 maiis
3564 2541 3708 2594 anni
3741 2546 3841 2594 tre.

2145 2629 2438 2683 centesimi
2469 2630 2828 2701 nonagesimi
2855 2631 3064 2702 quarti.
3098 2630 3448 2702 Augustinus
3477 2635 3676 2684 tamen
3710 2630 3842 2686 vult.

2145 2734 2242 2771 eos
2263 2717 2437 2771 tinem
2467 2718 2678 2789 cepisse
2700 2719 2996 2773 consulatu
3022 2719 3254 2773 Honorii
3284 2723 3341 2773 et
3368 2717 3734 2789 Eutychiaui,
3759 2717 3844 2788 qui

2146 2808 2345 2863 incidit
2368 2807 2427 2862 in
2454 2824 2669 2862 annum
2701 2808 2907 2864 Christi
2936 2807 3398 2864 trecentesimum
3428 2807 3844 2878 nonagesinum

2147 2901 2436 2964 octavum;
2463 2912 2578 2968 quo
2609 2897 2797 2969 reipsa
2827 2899 3277 2969 complebantur,
3305 2897 3350 2951 si
3380 2911 3666 2968 ponamus
3699 2895 3848 2950 Chri-

2146 2990 2294 3037 stum
2337 3000 2565 3055 passum
2611 2985 2782 3040 fuisse
2820 3003 2971 3040 anno
3002 2985 3296 3057 trigesimo
3332 2985 3500 3040 tertio
3530 3001 3663 3039 arras
3699 3001 3847 3039 com-

2147 3073 2354 3128 munis.
2397 3073 2574 3146 Igitur
2629 3074 2940 3129 secundum
2988 3074 3131 3129 illud
3181 3074 3472 3128 oraculum
3520 3073 3847 3128 daemonum

2147 3178 2370 3233 pagana
2410 3167 2534 3216 tum
2579 3163 2905 3234 superstitio
2947 3179 3266 3234 resurgere,
3307 3167 3364 3216 et
3409 3161 3730 3216 christiana
3774 3177 3852 3215 re-

2149 3251 2285 3323 ligio
2343 3251 2542 3306 cadere
2597 3251 2810 3306 debuit.
2866 3253 3074 3306 Verum
3135 3253 3300 3318 Deus,
3361 3255 3427 3305 ut
3490 3251 3665 3321 hujus
3728 3267 3850 3304 ora-

2148 3340 2259 3393 culi
2314 3340 2651 3410 tigmentum
2701 3339 3136 3406 demonstraret,
3196 3338 3567 3394 christianam
3625 3337 3852 3408 religio-

2148 3444 2279 3482 nem
2328 3429 2491 3482 novis
2536 3429 2594 3482 in
2645 3427 2765 3482 dies
2798 3427 3165 3482 incrementis
3207 3427 3410 3480 tlorere
3454 3424 3655 3479 voluit.
3691 3425 3852 3490 Quod

2148 3516 2444 3570 manifeste
2508 3515 2696 3586 patuit
2760 3515 2879 3586 jam
2929 3516 3060 3571 inde
3121 3517 3192 3570 ab
3245 3531 3397 3569 anno
3452 3512 3850 3586 consequenti,

2149 3619 2263 3674 quo
2303 3602 2520 3658 Mallius
2569 3604 2898 3659 Theodorus
2940 3605 3303 3659 consulatum
3347 3602 3541 3676 gessit,
3587 3603 3702 3656 hoc
3751 3607 3854 3660 est.

2148 3708 2300 3746 anno
2341 3693 2736 3747 trecentesimo
2781 3692 3154 3763 nonagesimo
3202 3707 3378 3760 nono,
3426 3690 3484 3744 in
3541 3707 3658 3762 quo
3704 3707 3855 3745 nunc

2149 3795 2460 3834 versamur.
2493 3782 2748 3850 Sequenti
2792 3796 2954 3850 anno,
2999 3778 3198 3834 scribit
3235 3778 3611 3850 Augustinus,
3642 3779 3859 3833 consule

2150 3869 2339 3922 Mallio
2372 3869 2661 3936 Theodoro,
2695 3869 2912 3938 quando
2934 3869 3056 3938 jam
3083 3867 3376 3923 secundum
3405 3867 3546 3921 illud
3575 3867 3857 3921 oraculum

2151 3957 2469 4026 daemonum,
2499 3963 2595 4059 egit
2637 3957 2952 4029 ﬁgmentum
2993 3959 3285 4022 hominum,
3317 3957 3470 4010 nulla
3511 3971 3624 4011 esse
3670 3955 3859 4010 debuit

2151 4046 2345 4115 religio
2371 4045 2695 4114 christiana,
2729 4047 2864 4116 quid
2889 4062 2987 4116 per
3017 4047 3158 4100 alias
3189 4050 3457 4100 terrarum
3485 4050 3674 4115 partes
3703 4045 3860 4112 forsi-

2154 4139 2246 4188 tan
2274 4136 2483 4201 factum
2501 4137 2590 4198 sit,
2616 4151 2724 4190 non
2747 4137 2858 4202 fuit
2883 4150 3088 4191 necesse
3115 4137 3444 4205 perquirere.
3473 4136 3701 4189 Interim
3715 4133 3860 4202 quod

2151 4225 2368 4284 scimus.
2404 4226 2460 4278 in
2496 4225 2717 4278 civitate
2755 4227 3038 4279 notissima
3066 4229 3115 4278 et
3165 4225 3592 4278 eminentissima
3622 4223 3859 4280 Cartha-

2151 4315 2276 4379 gine
2319 4311 2551 4382 Africae,
2585 4311 2920 4367 Gaudentius
2959 4317 3010 4366 et
3051 4313 3237 4366 Jovius
3267 4313 3480 4366 comites
3510 4312 3860 4379 imperatoris

2152 4401 2398 4468 Honorii,
2425 4406 2618 4468 quarto
2657 4401 2856 4455 decimo
2897 4399 3152 4455 kalendas
3191 4401 3410 4469 aprilis,
3435 4399 3708 4466 falsorum
3735 4398 3861 4452 deo-

2151 4506 2273 4546 rum
2321 4491 2520 4560 templa
2567 4494 2890 4556 everterunt,
2921 4495 2973 4545 et
3017 4491 3310 4545 simulacra
3359 4490 3644 4558 fregerunt
3669 4487 3858 4558 (Ibid,

2151 4595 2272 4650 cap.
2307 4581 2471 4648 54,11.
2503 4577 2948 4650 t).Augustinus
2978 4577 3171 4648 itaque
3202 4577 3271 4631 de
3303 4576 3474 4631 rebus
3501 4579 3730 4630 tantum
3751 4575 3861 4629 sibi

2153 4668 2415 4740 cognitis,
2448 4673 2504 4722 et
2550 4683 2678 4738 qua:
2727 4667 3067 4738 Carthagine
3116 4665 3490 4738 contigerant,
3531 4668 3858 4725 memorat;

2155 4773 2258 4811 nec
2287 4755 2424 4828 quid
2453 4755 2514 4810 in
2545 4755 2670 4810 aliis
2691 4759 2975 4809 terrarum
3007 4753 3265 4824 partibus
3285 4753 3599 4822 accidisset,
3626 4755 3865 4825 perqui-

2155 4844 2304 4898 sivit.
2336 4845 2546 4898 Verum
2575 4843 2636 4898 in
2667 4842 2838 4898 Idacii
2868 4842 3029 4898 fastis
3058 4841 3327 4913 legimus,
3357 4842 3634 4897 falsorum
3663 4842 3865 4896 numi-

2155 4948 2293 4988 num
2323 4933 2536 5004 templa
2561 4932 2669 4986 hoc
2698 4948 2849 4986 anno
2880 4931 3054 4986 fuisse
3084 4931 3383 4996 demolita;
3410 4935 3684 5003 notatque
3713 4932 3866 5001 Tyro

2155 5024 2396 5092 Prosper
2423 5022 2496 5077 ad
2517 5037 2755 5088 annum,
2773 5021 2874 5091 qui
2895 5019 3288 5075 Gildonianam
3318 5020 3538 5074 cladem
3561 5020 3866 5091 subsequi-

2154 5116 2268 5180 tur,
2301 5113 2408 5166 hoc
2455 5114 2559 5178 est,
2589 5110 2660 5166 ad
2703 5125 2921 5165 annum
2969 5113 3328 5181 praesentem,
3369 5107 3622 5180 antiquas
3660 5123 3866 5180 super-

2155 5201 2402 5256 stitionis
2430 5199 2647 5270 templa
2687 5203 2808 5254 toto
2861 5198 2998 5254 orbe
3039 5199 3298 5253 Romano
3336 5197 3507 5253 fuisse
3547 5199 3864 5253 destructa.

2227 5295 2280 5344 '2.
2307 5289 2529 5345 Grande
2564 5289 2674 5344 hoc
2701 5305 2846 5360 opus
2875 5304 3107 5343 exorsus
3136 5287 3323 5342 fuerat
3360 5287 3718 5342 Theodosius
3744 5287 3867 5341 imo

2155 5383 2407 5452 perator.
2454 5381 2530 5434 Eo
2577 5383 2708 5452 post
2739 5379 3038 5435 Ecclesiam
3070 5379 3238 5450 longe
3263 5377 3490 5449 lateque
3536 5375 3873 5448 ampliﬁca-

2156 5475 2274 5526 tam
2302 5471 2412 5526 vita
2443 5469 2654 5538 functo,
2689 5469 2964 5525 Arcadius
2993 5473 3051 5523 et
3081 5466 3364 5523 Honorius
3391 5467 3514 5536 ejus
3543 5465 3711 5521 liberi
3738 5481 3869 5519 non

2158 5557 2341 5632 magis
2369 5557 2598 5628 imperii
2618 5557 2860 5629 paterni,
2879 5573 3052 5629 quam
3079 5556 3308 5629 pietatis
3323 5572 3459 5628 erga
3480 5555 3862 5611 christianum

3945 427 3949 442 τ

3945 449 3949 484 1

3945 487 3949 522 l
