4008 6184
172 258 262 310 28f
1610 257 1822 313 LIBER
1862 256 2193 325 QUARTUS
2208 300 2220 313 .

179 375 496 447 religionem
536 376 793 431 heredes
822 377 1106 433 exstitere.
1134 379 1320 437 Crevit
1357 380 1544 436 adhuc
1572 382 1628 436 in
1660 397 1859 436 eorum

183 465 363 520 animis
406 466 547 519 illud
585 465 885 537 religionis
926 468 1176 523 studium
1229 486 1259 523 a
1299 471 1561 526 secundis
1596 471 1767 525 rebus
1808 474 1863 525 et

185 556 407 610 obtentis
446 556 719 611 divinitus
755 557 1010 613 victoriis
1048 559 1109 614 in
1152 560 1300 628 illos,
1335 562 1433 632 qui
1463 562 1860 616 auctoritatem

185 645 413 716 ipsorum
458 645 549 699 vel
598 650 797 716 aperto
829 652 1012 701 marte
1062 649 1147 703 vel
1197 650 1566 704 clandestinis
1611 651 1861 705 consiliis

183 739 587 805 oppugnarunt.
620 736 876 806 Cumque
907 736 1234 792 felicitatem
1267 755 1427 793 suam
1457 744 1713 810 paternae
1740 739 1860 811 pic-

180 823 257 876 tati
292 828 589 894 acceptam
634 825 931 893 referrent,
976 826 1275 899 privilegia
1320 845 1351 881 a
1392 828 1705 899 majoribus
1745 829 1861 883 suis

175 911 416 965 Ecclesia:
476 914 678 966 collata
728 913 1142 969 vehementiori
1187 916 1375 970 studio
1427 918 1753 985 tuebantur,
1805 923 1862 972 et

171 1000 309 1055 novis
338 1000 544 1055 edictis
578 1002 968 1058 cumulabant.
1004 1005 1210 1059 Eorum
1242 1005 1422 1076 pietas
1460 1005 1640 1061 facem
1672 1006 1861 1061 subdi-

167 1090 228 1142 tis
251 1090 618 1161 praaferebat.
654 1090 874 1145 Ethnici
904 1092 972 1146 ad
1001 1092 1205 1147 Christi
1236 1094 1405 1149 fidem
1436 1096 1596 1150 nullo
1628 1095 1859 1167 negotio

165 1178 588 1232 adducebantur
615 1195 628 1233 :
658 1183 715 1233 et
746 1180 996 1234 haeretici
1025 1181 1295 1249 discidiis,
1329 1184 1539 1254 quibus
1578 1200 1677 1238 eos
1714 1186 1860 1238 Deus

166 1266 389 1319 lacerari
410 1266 656 1343 sinebat,
682 1268 997 1340 defatigati,
1021 1271 1090 1323 ad
1126 1272 1384 1325 Ecclesia:
1405 1273 1699 1328 catholicae
1732 1273 1861 1328 uni-

164 1359 322 1409 tatem
352 1356 514 1410 ultro
546 1356 832 1410 redibant.
866 1359 933 1412 Ut
971 1363 1163 1413 autem
1196 1360 1265 1414 de
1290 1360 1360 1414 iis
1391 1361 1597 1430 solum,
1630 1378 1758 1433 quae
1789 1363 1857 1417 ad

164 1445 413 1514 Paganos
452 1449 731 1516 spectant,
765 1446 855 1500 hic
893 1447 1002 1501 loci
1035 1448 1396 1516 disseramus,
1434 1456 1489 1505 et
1517 1453 1589 1506 ab
1630 1452 1859 1507 Oriente

163 1534 547 1603 auspicemur;
579 1536 963 1606 comperimus
988 1538 1323 1609 rescriptum
1349 1541 1573 1595 Arcadii
1603 1541 1673 1595 ad
1704 1542 1865 1597 Ruﬁ-

159 1638 279 1677 num
315 1623 666 1694 praefectum
696 1624 967 1695 praetorio
998 1625 1056 1679 in
1097 1627 1347 1694 Oriente,
1381 1629 1575 1683 datum
1615 1630 1858 1700 septimo

159 1711 268 1765 idus
290 1713 537 1783 augusti
559 1713 697 1767 anni
718 1714 1105 1769 trecentesimi
1125 1718 1485 1787 nonagesimi
1510 1718 1717 1789 quinti,
1742 1736 1856 1791 quo

158 1802 413 1872 Paganos
445 1800 619 1854 minis
639 1802 932 1856 intentatis
953 1804 1417 1877 gravissimisque
1438 1808 1622 1877 poenis
1644 1808 1857 1862 consti-

156 1890 298 1954 tutis,
338 1889 403 1943 in
431 1889 566 1943 fana
595 1894 651 1945 et
675 1891 914 1946 delubra
943 1892 1191 1963 ingredi,
1227 1899 1283 1949 et
1313 1895 1481 1949 idolis
1512 1897 1857 1968 ubicumque

152 1979 471 2033 sacrificare
503 1980 790 2050 prohibet,
819 1985 875 2035 et
914 1981 1062 2036 hanc
1104 1984 1177 2037 ob
1208 2000 1434 2039 causam
1476 1987 1630 2057 leges
1661 2004 1858 2042 omnes

151 2066 203 2119 in
242 2066 559 2121 haereticos
598 2069 971 2140 Paganosque
1011 2086 1044 2123 a
1086 2075 1247 2142 patre
1288 2090 1391 2127 suo
1436 2075 1577 2129 latas
1624 2081 1859 2131 renovat

151 2156 366 2224 (Codise
399 2157 600 2211 Theod.
633 2158 699 2210 de
726 2160 859 2225 Pag.
901 2174 1043 2215 sacr.
1075 2165 1124 2215 et
1164 2164 1364 2231 templ,
1398 2164 1507 2230 lege
1541 2164 1649 2233 l3).
1693 2166 1858 2219 Anno

150 2246 437 2317 sequenti,
485 2250 641 2300 sexto
679 2245 807 2301 idus
848 2248 1185 2317 decembris,
1226 2250 1512 2304 idolorum
1554 2252 1856 2307 sacerdoti-

149 2334 243 2389 bus
285 2341 351 2389 et
384 2334 668 2389 ministris
707 2336 1027 2406 privilegia,
1067 2355 1197 2409 quae
1244 2338 1381 2409 ipsis
1420 2338 1557 2393 alias
1597 2356 1857 2395 concessa

150 2424 403 2492 fuerant,
435 2424 674 2492 ademit,
723 2428 785 2478 ut
830 2425 901 2478 iis
945 2442 1191 2496 quorum
1238 2427 1511 2497 professio
1562 2435 1684 2483 erat
1720 2429 1857 2500 ipsis

152 2516 427 2568 damnata
466 2514 687 2584 legibus
724 2515 909 2580 (lbid.,
943 2517 1052 2582 lege
1088 2518 1189 2585 14).
1234 2517 1481 2572 Plurima
1514 2534 1617 2588 per
1656 2518 1856 2575 Orien-

155 2610 255 2657 tem
292 2604 551 2658 delubra
590 2603 645 2658 id
686 2604 960 2675 temporis
998 2605 1181 2659 excisa
1219 2605 1431 2661 fuerint
1468 2624 1696 2663 necesse
1736 2613 1857 2677 est;

153 2708 271 2747 cum
308 2692 378 2747 in
416 2691 696 2764 rescripto
729 2693 797 2747 ad
828 2693 1114 2747 Asterium
1140 2694 1386 2749 Orientis
1424 2696 1690 2751 comitem
1724 2697 1855 2751 dato

151 2781 415 2836 kalendis
476 2781 800 2835 novembris
857 2782 994 2835 anni
1058 2783 1443 2837 trecentesimi
1499 2786 1860 2856 nonagesimi

148 2870 379 2942 septimi
422 2874 638 2924 statuat
665 2871 960 2935 Arcadius,
989 2872 1310 2927 dirutorum
1349 2874 1611 2928 fanorum
1653 2876 1858 2930 rudera

148 2959 543 3015 instaurandis
572 2960 866 3030 pontibus,
898 2961 1002 3015 viis
1031 2962 1293 3033 publicis,
1325 2964 1774 3034 aquaeductibus,
1806 2969 1861 3018 et

146 3050 383 3104 urbium
424 3049 713 3103 moenibus
743 3066 863 3103 esse
900 3050 1241 3106 iusumenda
1282 3053 1371 3122 (De
1403 3054 1501 3121 Op.
1539 3053 1716 3122 publ.,
1751 3054 1860 3118 lege

146 3138 242 3204 36).
280 3138 411 3191 Hoc
442 3142 635 3190 autem
668 3153 819 3191 anno
845 3139 1244 3195 trecentesimo
1275 3138 1653 3209 nonagesimo
1685 3156 1853 3204 nono,

146 3225 311 3279 tertio
346 3224 484 3279 idus
508 3225 663 3295 julii,
689 3227 960 3282 Arcadius
984 3229 1049 3283 ad
1073 3230 1381 3283 tollendam
1405 3245 1634 3283 omnem
1660 3244 1856 3300 super-

145 3312 400 3367 stitionis
440 3314 762 3380 materiem,
795 3317 983 3387 legem
1015 3318 1145 3371 tulit
1174 3318 1241 3372 de
1282 3318 1550 3371 omnibus
1589 3335 1855 3389 agrorum

146 3401 290 3456 fanis
324 3402 746 3469 exscindendis,
780 3403 858 3458 ita
894 3409 1086 3459 tamen
1116 3411 1182 3459 ut
1206 3406 1264 3461 id
1292 3406 1430 3460 citra
1469 3407 1856 3478 perturbatio-

151 3508 279 3546 nem
315 3497 376 3546 et
398 3493 712 3546 tumultum
737 3501 1113 3565 perageretur
1134 3495 1229 3567 (De
1252 3497 1387 3565 Pag.
1414 3513 1553 3553 sacr.
1579 3502 1629 3551 et
1651 3499 1854 3567 templ,

146 3582 249 3649 lege
285 3582 400 3651 16).
439 3582 551 3636 Lex
593 3582 699 3636 ista
729 3584 982 3638 Damasci
1019 3586 1132 3639 lata
1178 3590 1280 3652 est,
1312 3586 1399 3640 vel
1440 3586 1628 3657 potius
1656 3586 1767 3640 ﬁxa
1801 3587 1861 3640 'et

149 3671 539 3741 promulgata,
595 3675 657 3725 ut
714 3672 948 3743 quidam
996 3674 1219 3743 volunt,
1274 3675 1663 3730 existimantes
1713 3675 1858 3729 hanc

146 3758 329 3827 ipsam
361 3760 558 3830 legem
589 3777 729 3827 esse,
763 3778 896 3833 qua,
924 3766 988 3816 ut
1018 3763 1214 3817 scribit
1241 3764 1645 3830 Theodoretus,
1680 3764 1857 3834 Chry-

148 3853 438 3903 sostomus
466 3850 1117 3923 Constantinopolitanae
1160 3853 1419 3907 Ecclesiae
1450 3853 1619 3907 tertio
1660 3854 1857 3907 kalen-

148 3936 239 3990 das
261 3936 465 3992 martii
486 3938 624 3991 anni
648 3940 1031 3995 trecentesimi
1057 3941 1416 4011 nonagesimi
1437 3942 1615 3996 octavi
1638 3947 1859 3996 creatus

148 4026 472 4096 episcopus,
516 4026 760 4081 armavit
802 4028 1065 4082 ardorem
1115 4030 1554 4099 monachorum,
1597 4046 1742 4100 quos
1790 4029 1859 4083 ad

144 4113 259 4168 haec
292 4115 433 4169 fana
460 4114 825 4171 demolienda
856 4116 1010 4171 misit
1038 4117 1094 4171 in
1128 4117 1502 4186 Phoeniciam,
1524 4119 1685 4188 cujus
1707 4118 1859 4172 inter

146 4203 454 4271 primarias
502 4203 674 4258 urbes
726 4206 1031 4261 Damascus
1075 4210 1406 4262 recensetur
1452 4208 1857 4277 (Theodoretus,

147 4293 286 4348 Hist.
319 4293 446 4347 eccl.
484 4292 585 4346 lib.
626 4296 678 4357 5,
712 4308 832 4363 cap.
866 4297 972 4363 29).

213 4386 266 4437 3.
302 4382 471 4447 Quod
511 4382 581 4436 ad
621 4381 1028 4453 imperatorem
1080 4383 1397 4438 Honorium
1442 4383 1667 4451 attinet,
1701 4385 1859 4439 nulla

149 4470 233 4523 lex
274 4474 465 4525 exstat
503 4472 576 4526 ab
619 4486 686 4525 eo
725 4472 830 4526 hac
869 4473 939 4527 de
970 4488 1029 4526 re
1066 4472 1433 4543 promulgata
1471 4477 1603 4527 ante
1642 4490 1856 4528 annum

147 4559 620 4614 trecentesimum
648 4560 1089 4631 nonagesimum
1118 4576 1355 4616 nonum.
1382 4560 1643 4615 Vidimus
1666 4565 1859 4616 tamen

152 4647 304 4701 idola
334 4650 537 4703 Romae
574 4649 749 4703 fuisse
793 4649 1128 4717 disturbata,
1170 4666 1300 4703 cum
1343 4649 1529 4704 adhuc
1567 4649 1623 4703 in
1673 4650 1861 4704 Africa

148 4741 388 4804 starent,
416 4739 576 4792 nulla
603 4742 748 4807 tum,
774 4743 837 4794 ut
856 4739 1102 4807 videtur,
1126 4739 1249 4808 lege
1277 4738 1541 4792 adversus
1572 4739 1857 4793 idolorum

149 4826 368 4880 cultum
414 4827 476 4881 in
515 4827 815 4882 Occidente
850 4827 1162 4899 generatim
1198 4828 1523 4882 constituta.
1563 4830 1859 4883 Verumta-

148 4929 287 4968 men
326 4916 577 4970 infertur
624 4933 691 4971 ex
722 4919 846 4988 lege
877 4918 990 4971 lata
1031 4922 1236 4989 quarto
1266 4918 1541 4973 kalendas
1586 4919 1859 4974 februarii

148 5002 295 5056 anni
331 5004 721 5059 trecentesimi
765 5006 1123 5076 nonagesimi
1160 5006 1321 5077 noni,
1362 5007 1483 5077 jam
1541 5008 1860 5063 Honorium

147 5106 309 5145 anno
363 5093 653 5165 superiori
717 5095 1057 5166 rescriptum
1087 5096 1157 5150 de
1222 5096 1486 5151 omnibus
1523 5096 1860 5152 idololatriae

148 5180 405 5253 vestigiis
433 5183 669 5253 penitus
708 5183 961 5239 dclendis
990 5185 1386 5256 promulgasse
1414 5185 1619 5257 (Codice
1662 5188 1858 5243 Theod.

150 5269 216 5321 de
246 5272 404 5341 Pag.,
436 5279 574 5341 ϐία,
614 5273 725 5340 lege
770 5273 878 5343 15).
930 5274 995 5328 Et
1030 5273 1140 5329 hoc
1185 5274 1394 5346 ipsum,
1436 5274 1545 5329 nisi
1586 5275 1859 5349 fallimur,

152 5362 314 5413 notat
338 5365 542 5415 auctor
576 5359 711 5415 libri
742 5360 810 5415 de
832 5361 1320 5427 Prredictionibus,
1347 5362 1446 5433 qui
1470 5362 1730 5434 Prosperi
1756 5379 1860 5417 no-

151 5463 285 5502 men
316 5465 435 5520 pra:
466 5468 528 5505 se
559 5451 693 5517 fert,
727 5451 866 5505 dum
896 5452 1232 5519 Honorium,
1260 5452 1462 5523 pietati
1489 5469 1607 5506 suae
1627 5469 1861 5523 prorsus

150 5534 477 5594 christiana:
502 5538 1010 5608 obsecundantem,
1030 5542 1245 5613 templa
1259 5541 1495 5597 deorum
1517 5542 1710 5597 omnia
1730 5558 1860 5598 cum

3569 273 3676 325 282

1971 383 2085 437 suis
2119 383 2510 454 adjacentibus
2549 385 2922 456 spatiistunc
2964 388 3221 443 Ecclesiis
3258 392 3584 461 contulisse,
3618 400 3674 449 et

1971 471 2304 525 Christianis
2345 473 2647 527 simulacra
2682 474 2874 529 omnia
2912 474 3306 547 confringendi
3345 480 3668 536 facultatem

1969 560 2189 614 dedisse
2229 565 2472 615 testatur
2501 564 2593 633 (De
2618 564 2966 619 Prwdiction.
3008 565 3107 621 lib.
3158 570 3207 633 3,
3245 583 3365 637 cap.
3410 570 3518 640 33).
3552 573 3666 625 Au-

1969 650 2229 719 gustinus
2259 650 2403 705 libro
2439 653 2703 721 quodam,
2735 669 2907 724 quem
2939 671 3088 709 anno
3120 656 3381 726 proxime
3409 660 3670 730 sequenti

1969 740 2353 809 conscriptum
2397 740 2465 794 ab
2507 757 2571 794 eo
2615 741 2784 795 fuisse
2836 744 3199 812 arbitramur,
3242 747 3437 801 scribit
3476 749 3669 802 Genti-

1972 826 2109 880 lium
2139 827 2441 882 simulacra
2470 830 2645 883 everti
2676 835 2733 884 et
2761 831 3042 902 confringi
3065 833 3223 903 jussa
3265 850 3385 888 esse
3425 835 3669 890 recenti-

1968 916 2073 970 bus
2090 917 2334 987 legibus,
2358 918 2601 973 inliibita
2626 936 2855 991 quoque
2877 922 3148 976 sacriﬁcia
3172 923 3462 978 sanctione
3486 943 3669 997 poma:

1969 1004 2244 1076 capitalis.
2278 1007 2538 1061 Testatur
2577 1006 2807 1069 ibidem,
2840 1026 2986 1079 pene
3027 1014 3148 1065 toto
3198 1012 3333 1066 orbe
3382 1019 3665 1069 terrarum

1968 1111 2167 1165 reapse
2198 1095 2432 1150 delubra
2465 1097 2735 1162 exscindi,
2769 1098 2919 1152 idola
2950 1100 3285 1167 comminui,
3331 1102 3546 1156 aboleri
3578 1120 3667 1157 sa-

1968 1183 2199 1251 crificia,
2250 1184 2581 1239 daemonum
2627 1186 2873 1240 cultores
2929 1188 3318 1259 deprehensos
3372 1191 3667 1262 suppliciis

1971 1272 2117 1326 aflici
2150 1272 2369 1343 (Contra
2396 1275 2574 1342 Epist.
2608 1276 2878 1341 Parmen.,
2905 1276 2995 1330 lib.
3028 1281 3078 1345 1,
3099 1293 3144 1330 c.
3176 1281 3226 1345 9,
3255 1293 3312 1332 η.
3342 1280 3443 1348 15).
3470 1281 3667 1334 Narrat

1968 1359 2124 1427 alibi,
2150 1362 2469 1416 Catholicos
2500 1365 2555 1416 et
2585 1362 2905 1417 Donatistae
2935 1365 2994 1417 in
3019 1366 3383 1435 Paganorum
3416 1368 3667 1438 templis,

1968 1450 2067 1505 ubi
2096 1454 2429 1521 potuerunt,
2465 1452 2787 1506 evertendis
2822 1453 3037 1523 pariter
3075 1454 3398 1523 desudasse,
3432 1462 3489 1510 et
3519 1473 3669 1527 sym-

1967 1538 2381 1609 phoniacorum
2444 1540 2719 1595 daemonis
2774 1541 2943 1596 tibias
3005 1546 3061 1596 et
3126 1543 3369 1598 scabella
3434 1544 3670 1615 fregisse

1970 1626 2187 1695 (Contra
2213 1628 2597 1689 Gaudentium.
2632 1629 2725 1683 Iib.
2772 1633 2819 1697 1,
2854 1646 2907 1684 n.
2946 1630 3052 1699 5|).
3088 1631 3227 1685 Cum
3277 1633 3363 1685 lex
3400 1633 3669 1687 adversus

1968 1716 2122 1770 idola
2151 1733 2272 1771 rem
2306 1718 2520 1771 nullam
2551 1717 2841 1781 eximeret,
2866 1720 2935 1772 ad
2969 1718 3163 1773 omnia
3193 1722 3507 1790 generatim
3541 1740 3669 1793 quae

1967 1804 2035 1857 ad
2083 1803 2368 1857 idolorum
2419 1805 2636 1857 cultum
2679 1808 3019 1873 spectarent,
3065 1806 3289 1860 videtur
3334 1813 3579 1875 extenta,
3613 1814 3670 1864 et

1969 1891 2249 1946 excidium
2282 1892 2496 1963 pariter
2532 1892 2670 1962 ipsis
2700 1893 2871 1947 etiam
2912 1894 3132 1961 statuis,
3168 1912 3295 1965 quae
3326 1903 3662 1951 ornamento

1968 1980 2218 2035 aediliciis
2248 1980 2487 2050 publicis
2516 1985 2696 2048 erant,
2720 1981 2893 2035 fuisse
2925 1981 3292 2037 intentatum.
3317 1986 3428 2038 lloc
3450 1997 3667 2055 utpro-

1968 2070 2192 2124 biberet
2224 2069 2525 2137 Honorius,
2572 2071 2909 2141 rescriptum
2941 2072 3100 2126 dedit
3149 2078 3351 2144 quarto
3395 2074 3669 2129 kalendas

1967 2159 2240 2213 februarii
2280 2159 2416 2212 anni
2444 2159 2830 2213 trecentesimi
2868 2160 3229 2231 nonagesimi
3268 2161 3403 2215 noni
3444 2163 3512 2217 ad
3555 2164 3668 2217 Ma-

1968 2247 2227 2302 crobium
2256 2252 2310 2301 et
2347 2248 2706 2302 Proclianum
2737 2248 3142 2319 praefectorum
3182 2250 3421 2304 vicarius
3460 2252 3671 2319 (Codice

1973 2337 2164 2391 Theod.
2212 2336 2277 2390 de
2320 2339 2579 2403 Paganis,
2612 2342 2747 2402 etc.,
2778 2339 2890 2405 lege
2925 2336 3033 2408 l5),
3077 2340 3322 2393 alterum
3365 2339 3425 2392 in
3468 2340 3671 2411 Hispa-

1967 2424 2081 2491 nia,
2120 2426 2357 2479 alterum
2408 2424 2467 2479 in
2511 2426 2767 2497 quinque
2816 2426 3124 2481 Galliarum
3173 2428 3501 2497 provinciis,
3539 2446 3668 2499 quae

1969 2518 2120 2575 sunt,
2151 2517 2211 2567 ut
2241 2518 2463 2585 putant,
2486 2514 2675 2585 prima
2697 2516 3019 2570 etsecunda
3047 2516 3373 2588 Aquitania,
3399 2518 3667 2586 secunda,

1966 2603 2133 2658 tertia
2160 2608 2216 2658 et
2240 2608 2443 2675 quarta
2474 2604 2891 2675 Lugdunensis.

2036 2695 2090 2748 4.
2134 2694 2297 2763 Legis
2347 2693 2577 2747 Honorii
2620 2694 2689 2747 de
2736 2693 3031 2748 diruendis
3077 2694 3388 2750 Gentilium
3438 2698 3668 2768 templis

1966 2782 2342 2853 exsequendas
2368 2781 2656 2853 provincia
2686 2782 2987 2836 comitibus
3015 2783 3173 2837 Jovio
3207 2783 3321 2837 sive
3350 2784 3584 2838 Joviano
3616 2789 3671 2838 et

1969 2871 2281 2927 Gaudentio
2309 2870 2532 2925 videtur
2580 2870 2749 2924 fuisse
2796 2870 3155 2937 demandata,
3210 2888 3339 2925 cum
3389 2871 3447 2924 in
3498 2872 3668 2926 Idacii

1968 2960 2123 3014 fastis
2153 2960 2410 3030 legamus
2455 2960 2670 3030 templa
2714 2960 2820 3014 hoc
2866 2976 3017 3013 anno
3064 2977 3097 3014 a
3136 2960 3451 3015 Comitibus
3494 2960 3667 3014 fuisse

1968 3050 2260 3113 demolita,
2294 3054 2348 3102 et
2378 3050 2622 3119 Prosper
2650 3050 2863 3120 templa
2897 3049 3090 3103 omnia
3120 3066 3151 3103 a
3177 3049 3480 3104 comitibus
3509 3050 3666 3104 lovio

1969 3144 2024 3194 et
2053 3137 2364 3194 Gaudentio
2409 3138 2651 3208 spoliata
2693 3138 2866 3192 fuisse
2902 3142 3117 3192 asserat
3160 3138 3258 3206 (De
3296 3139 3663 3207 Praodiclion.,

1969 3228 2063 3281 lib.
2097 3230 2146 3292 3,
2183 3242 2303 3297 cap.
2349 3228 2461 3293 38).
2507 3227 2565 3281 Id
2599 3227 2833 3297 quidem
2881 3227 3001 3297 ipse
3042 3229 3113 3283 ad
3142 3228 3443 3283 Theodosii
3474 3228 3669 3300 magni

1968 3323 2231 3386 tempora
2256 3314 2431 3370 refert
2463 3331 2476 3369 :
2509 3331 2707 3370 verum
2740 3321 2835 3370 aut
2873 3316 2988 3371 illis
3018 3317 3214 3372 eadem
3246 3334 3379 3372 cura
3407 3318 3581 3372 semel
3614 3321 3670 3370 et

1968 3405 2179 3460 iterum
2208 3405 2551 3460 demandata
2573 3410 2676 3471 est,
2696 3406 2947 3475 primum
2971 3407 3073 3460 sub
3103 3406 3439 3470 Theodosio,
3462 3406 3667 3461 deinde

1969 3494 2074 3549 sub
2103 3494 2372 3559 Honorio,
2406 3494 2557 3563 quod
2587 3494 2780 3548 minus
2818 3494 3041 3548 videtur
3070 3494 3389 3565 probabile;
3424 3498 3523 3548 aut
3547 3494 3668 3564 ipse

1968 3588 2183 3649 auctor,
2210 3581 2298 3635 his
2327 3581 2686 3651 temporibus
2730 3582 2912 3636 adhuc
2935 3581 3153 3651 junior,
3184 3597 3297 3636 non
3338 3581 3474 3635 satis
3506 3598 3668 3635 accu-

1967 3674 2149 3725 ratam
2180 3686 2374 3724 rerum
2414 3669 2754 3723 memoriam
2783 3670 2991 3724 tenuit.
3033 3670 3353 3724 Mandatum
3383 3668 3667 3739 siquidem

1970 3758 2190 3813 duobus
2218 3758 2331 3813 illis
2358 3758 2555 3813 datum
2598 3757 2911 3814 Comitibus
2943 3762 3180 3813 notatur
3209 3774 3358 3813 anno
3386 3761 3665 3811 trecente-

1968 3846 2113 3900 simo
2143 3846 2518 3917 nonagesimo
2567 3863 2739 3915 nono,
2789 3862 2907 3900 non
2937 3847 3123 3900 solum
3163 3845 3225 3900 in
3273 3845 3446 3902 Idacii
3486 3845 3666 3913 fastis,

1968 3935 2065 3989 sed
2102 3935 2275 3989 etiam
2321 3935 2470 4007 apud
2504 3936 2910 4007 Augustinum,
2945 3936 3044 4008 qui
3087 3935 3196 3990 hoc
3244 3952 3415 4001 anno,
3448 3935 3667 3990 decimo

1968 4028 2170 4096 quarto
2203 4024 2474 4078 kalendas
2504 4025 2720 4095 aprilis,
2753 4025 2989 4079 delubra
3018 4024 3359 4095 Carthagine
3385 4040 3415 4076 a
3447 4022 3668 4077 comiti-

1966 4113 2074 4167 bus
2113 4113 2429 4169 Gaudentio
2478 4117 2535 4167 et
2581 4114 2738 4168 Jovio
2770 4113 3064 4181 demolita,
3095 4117 3150 4168 et
3197 4113 3502 4167 simulacra
3542 4128 3670 4165 con-

1968 4202 2149 4257 fracta
2175 4202 2349 4257 fuisse
2394 4206 2678 4257 testantur
2707 4202 2800 4271 (De
2826 4204 3057 4260 Civitate
3102 4204 3218 4271 Dei,
3261 4202 3354 4256 lib.
3403 4203 3488 4267 18,
3530 4216 3659 4269 cap.

1968 4294 2075 4357 54).
2121 4291 2283 4345 Haud
2323 4291 2530 4345 scimus
2560 4308 2632 4345 an
2663 4291 2770 4346 iste
2807 4291 3002 4347 Jovius
3043 4291 3197 4345 idem
3236 4290 3328 4357 sit,
3374 4288 3475 4360 qui
3515 4305 3667 4343 anno

1967 4381 2531 4454 quadringentesimo
2571 4399 2723 4436 nono
2764 4382 2873 4437 fuit
2908 4381 3213 4454 praefectus
3250 4379 3547 4451 praetorio.
3595 4381 3669 4434 At

1968 4486 2100 4525 vero
2131 4470 2438 4526 verisimile
2478 4471 2639 4526 nobis
2678 4475 2762 4525 est
2793 4470 3173 4527 Gaudentium
3220 4485 3352 4523 eum
3395 4484 3536 4536 esse,
3569 4468 3671 4540 qui

1968 4576 2159 4614 comes
2205 4560 2314 4614 fuit
2354 4560 2555 4615 Africa:
2602 4560 2839 4614 ineunte
2895 4575 3046 4614 anno
3097 4557 3667 4629 quadringentesimo

1967 4649 2177 4720 primo,
2214 4653 2276 4703 ut
2320 4648 2483 4720 legis,
2529 4649 2589 4703 in
2620 4666 2733 4721 qua
2780 4647 2933 4703 illius
2961 4647 3178 4702 mentio
3228 4646 3312 4714 fit,
3361 4646 3669 4718 adscriptio

1968 4742 2209 4793 testatur
2256 4738 2465 4810 (Codice
2514 4738 2710 4792 Theod.
2762 4737 2827 4791 de
2855 4740 3062 4806 Equor.
3114 4738 3247 4791 conl.
3285 4737 3396 4804 lege
3440 4737 3518 4808 3).
3562 4737 3668 4790 Ve-

1967 4843 2098 4882 rum
2127 4843 2255 4882 cum
2286 4828 2373 4882 lex
2402 4827 2507 4881 ista
2536 4826 2914 4883 Indictionem
2946 4825 3345 4881 duodecimam
3376 4826 3664 4897 praeferat,

1968 4918 2110 4971 forte
2164 4917 2354 4971 locum
2399 4915 2671 4987 opinandi
2709 4915 3002 4987 relinquit,
3067 4931 3195 4969 eam
3249 4916 3439 4986 potius
3492 4916 3667 4969 latam

1967 5006 2138 5060 fuisse
2185 5023 2337 5061 anno
2384 5005 2783 5060 trecentesimo
2834 5004 3211 5077 nonagesimo
3260 5020 3430 5071 nono,
3492 5019 3665 5075 quam

1969 5094 2530 5167 quadringentesimo
2550 5094 2759 5165 primo,
2793 5111 2908 5166 quo
2943 5112 3093 5149 anno
3118 5094 3492 5150 Indictionem
3521 5092 3667 5147 deci-

1968 5200 2124 5239 mam
2171 5188 2433 5255 quartam
2484 5186 2642 5238 notat
2689 5183 3000 5239 Marcellini
3045 5184 3387 5239 Chronicon.
3438 5182 3666 5237 Constat

1968 5274 2141 5328 etiam
2164 5273 2285 5343 jam
2314 5272 2445 5327 inde
2462 5289 2495 5328 a
2522 5272 2743 5328 decimo
2766 5274 2935 5329 tertio
2952 5274 3042 5329 die
3072 5272 3207 5328 Julii
3231 5270 3368 5326 anni
3398 5270 3668 5342 quadrin-

1969 5362 2272 5435 gentesimi
2299 5361 2494 5435 primi,
2518 5362 2923 5418 Bathanarium
2946 5363 3115 5418 fuisse
3145 5360 3347 5417 Africa:
3376 5359 3661 5415 comitem.

1970 5454 2061 5508 Sic
2106 5451 2416 5508 admodum
2445 5452 2743 5524 probabile
2772 5458 2875 5520 est,
2910 5450 3293 5509 Gaudentium
3340 5449 3463 5521 ejus
3508 5453 3665 5503 ante-

1972 5558 2251 5599 cessorem
2297 5541 2521 5603 Gildoni
2570 5542 2631 5601 in
2680 5544 2788 5598 hoc
2838 5557 3074 5604 munere
3118 5538 3471 5605 successisse.
3520 5538 3664 5607 illud
