4008 6184
332 415 482 472 inter
509 417 712 472 caetera
748 412 818 470 de
855 412 964 469 hoc
1007 411 1322 469 Gaudentio
1360 416 1733 476 memoratur,
1767 427 1900 468 eum
1938 428 2038 484 pa-

334 508 482 560 trem
509 503 686 560 fuisse
714 502 884 570 Aetii,
918 500 1278 557 celeberrimi
1314 500 1470 556 illius
1495 500 1655 557 ducis
1679 499 2035 572 temporibus

339 593 717 649 Valentiniani
742 591 1119 664 imperatoris.
1149 591 1416 657 Quamvis
1440 595 1633 647 autem
1658 590 2032 659 Augustinus,

335 683 555 740 ldacius
574 686 630 738 et
659 684 905 752 Prosper
924 683 1290 752 Paganorum
1313 681 1531 750 templa
1551 695 1653 750 per
1673 679 1731 734 id
1758 679 2034 749 temporis

336 771 523 827 excisa
560 770 732 827 fuisse
763 773 1231 834 commemorent,
1268 784 1372 824 nec
1398 767 1613 839 ambigi
1657 767 1862 838 possit,
1893 766 2033 840 quin

333 861 586 932 plurima
608 875 808 931 reapse
835 858 1024 915 diruta
1052 857 1297 924 fuerint;
1321 856 1515 912 omnia
1542 860 1738 911 tamen
1759 856 2034 913 demolita

333 950 529 1016 fuisse,
562 948 749 1004 dicere
778 964 897 1003 non
926 962 1247 1018 possumus.
1285 946 1427 1001 Nam
1456 944 1774 1012 concilium.
1794 946 2031 1002 Cartha-

331 1037 570 1108 ginense
602 1037 789 1091 adhuc
811 1052 963 1090 anno
992 1033 1565 1107 quadringentesimo
1594 1034 1783 1106 primo
1815 1037 2032 1090 statue-

330 1125 448 1193 bat,
479 1125 808 1180 facultatem
836 1123 1057 1196 aliquot
1098 1125 1314 1194 templa
1357 1123 1623 1179 diruendi
1665 1123 1735 1178 ab
1784 1124 2034 1194 Impera-

328 1218 450 1269 tore
478 1230 600 1268 esse
626 1213 1026 1285 postulandam
1060 1213 1270 1282 (Codice
1299 1214 1499 1270 Canon.
1531 1213 1738 1282 Afric.,
1763 1228 1884 1268 can.
1917 1212 2028 1284 84).

330 1305 397 1359 Et
451 1319 521 1357 ex
566 1306 800 1357 auctore
846 1301 976 1356 libri
1027 1301 1098 1357 de
1147 1300 1641 1369 Praedictionibus,
1695 1301 2030 1358 mandatum

327 1388 487 1446 Iovio
518 1393 576 1445 et
604 1389 924 1446 Gaudentio
948 1388 1018 1444 de
1042 1389 1309 1444 tollendis
1337 1388 1548 1459 po’tius,
1579 1405 1755 1462 quam
1783 1389 2033 1447 confrin-

330 1478 534 1550 gendis
580 1478 766 1546 idolis,
812 1478 1009 1533 datum
1056 1477 1244 1533 fuerat
1287 1475 1382 1550 (De
1424 1478 1793 1547 Prwdiction.,
1826 1479 1923 1534 lib.
1973 1483 2026 1547 3,

329 1583 454 1637 cap.
496 1567 608 1639 38).
640 1568 851 1621 Verum
888 1583 1020 1621 cum
1060 1565 1121 1621 in
1166 1566 1427 1622 Ecclesiae
1462 1582 1688 1635 manus,
1726 1570 1794 1623 ut
1835 1566 2032 1622 verisi-

329 1654 467 1710 mile
498 1657 600 1716 est,
629 1655 1019 1722 traderentur;
1044 1653 1257 1709 mirum
1284 1654 1465 1710 videri
1489 1671 1605 1710 non
1624 1655 1814 1723 debet,
1837 1655 1881 1710 si
1913 1655 2032 1727 epi-

331 1742 490 1815 scopi
518 1743 767 1815 plurima
804 1743 1104 1799 diruerint.
1136 1745 1403 1799 Attamen
1431 1744 1547 1799 sive
1587 1744 1741 1817 quod
1779 1745 2028 1815 Impera-

328 1831 472 1888 toris
500 1832 842 1903 rescriptum
874 1849 992 1887 non
1023 1832 1080 1887 id
1118 1832 1411 1905 conceptis
1447 1832 1634 1889 verbis
1670 1833 2025 1906 praeciperet,

333 1920 449 1976 sive
476 1921 632 1993 quod
651 1920 959 1976 Gentilium
985 1921 1235 1993 querelae
1255 1920 1411 1976 illius
1436 1921 1694 1977 animum
1719 1922 2031 1995 permovis-

327 2012 487 2076 sent;
547 2025 698 2064 anno
762 2009 1189 2067 trecentesimo
1221 2010 1589 2081 nonagesimo
1645 2028 1818 2079 nono,
1860 2012 2029 2067 tertio

327 2097 600 2152 kalendas
626 2094 985 2169 septembris,
1017 2098 1173 2153 aliud
1201 2099 1541 2171 rescriptum
1571 2100 1725 2156 dedit
1750 2101 1821 2157 ad
1848 2102 2027 2173 Apol-

326 2186 591 2242 lodorum
636 2186 840 2242 Africae
886 2189 1307 2259 proconsulem,
1353 2205 1468 2260 quo
1521 2189 1776 2246 decernit
1815 2191 2031 2263 templa

328 2276 502 2331 rebus
531 2275 799 2332 omnibus
828 2275 1064 2345 illicitis,
1105 2277 1217 2331 aris
1260 2277 1537 2333 nimirum
1582 2283 1638 2334 et
1675 2278 1864 2346 idolis,
1895 2297 2027 2352 spo-

328 2364 483 2433 liata,
514 2364 741 2421 intactis
765 2382 999 2437 prorsus
1038 2365 1314 2433 aediliciis,
1348 2383 1469 2422 esse
1509 2367 1887 2440 relinquenda
1919 2370 2032 2441 (ϐο-

329 2454 447 2510 dice
477 2454 672 2509 Theod.
705 2454 771 2509 de
798 2457 953 2523 Pag.,
987 2459 1111 2523 etc.,
1139 2456 1250 2524 lege
1283 2458 1386 2524 18).

400 2546 453 2600 5.
489 2542 682 2599 Refert
710 2543 779 2598 ad
810 2542 917 2597 hoc
949 2547 1178 2613 tempus
1218 2543 1514 2611 Baronius,
1549 2544 1705 2599 velut
1732 2543 2028 2614 quidpiam

334 2631 738 2707 dcmaqdatam
785 2632 941 2687 Iovio
976 2637 1033 2686 et
1071 2633 1385 2688 Gaudentio
1434 2632 1792 2704 provinciam
1832 2649 2031 2687 conse-

329 2736 511 2793 quens
539 2722 852 2789 (Baronius,
895 2721 969 2776 ad
1002 2737 1133 2776 ann.
1168 2724 1291 2790 399,
1330 2738 1386 2776 η.
1420 2723 1532 2793 63),
1562 2721 1624 2777 id
1652 2722 1804 2793 quod
1835 2726 2030 2777 auctor

328 2808 461 2864 libri
506 2810 576 2865 de
624 2809 1093 2866 Praedictionibus
1138 2809 1442 2883 contigisse
1470 2810 1669 2866 scribit
1695 2812 1767 2867 de
1814 2811 2027 2882 templo

329 2899 604 2961 Caelestis,
639 2899 892 2954 Honorio
922 2898 1264 2971 imperante,
1296 2904 1428 2955 ante
1466 2899 1849 2972 principatum
1881 2901 2026 2956 Con-

327 2986 539 3053 stantii,
568 2988 668 3058 qui
699 2988 769 3043 ab
804 2988 1055 3043 Honorio
1086 2989 1143 3042 in
1173 2988 1449 3060 collegam
1470 2988 1701 3061 imperii
1719 3005 1870 3045 anno
1893 3006 2028 3061 qua-

330 3074 781 3145 dringentesimo
812 3075 1106 3146 vigesimo,
1140 3081 1238 3131 aut
1266 3077 1836 3149 quadringentesimo
1868 3077 2028 3149 vige-

331 3162 475 3216 simo
504 3162 691 3233 primo
720 3168 1047 3234 assumptus
1086 3168 1189 3219 est.
1233 3166 1310 3219 De
1353 3166 1459 3219 hac
1497 3167 1730 3220 tia-teste
1765 3165 2028 3237 pluribus

328 3248 554 3304 disserit
585 3249 884 3317 Baronius,
917 3267 1092 3322 quam
1128 3255 1295 3322 putat
1337 3254 1597 3307 eumdem
1627 3270 1691 3307 ac
1725 3254 2028 3310 Astarthen

330 3337 698 3393 Sidoniorum
743 3337 930 3394 deam.
978 3340 1043 3393 In
1081 3339 1334 3394 confesso
1376 3346 1480 3407 est,
1522 3357 1855 3412 supremum
1882 3341 2028 3398 illud

328 3425 503 3481 fuisse
526 3427 883 3499 Carthaginis
900 3445 1138 3493 numen,
1164 3428 1263 3484 ubi
1281 3431 1559 3502 templum
1580 3430 1878 3502 stupendae
1898 3448 2027 3487 mo-

329 3514 400 3569 Iis
428 3514 512 3570 illi
541 3520 928 3573 constructum
957 3517 1143 3573 fuerat
1159 3518 1480 3574 minoribus
1505 3520 1743 3576 deorum
1766 3521 2026 3576 omnium

326 3605 559 3677 templis
604 3607 895 3676 vallatum,
944 3607 1161 3664 ambitu
1205 3608 1453 3665 duorum
1506 3610 1625 3666 fere
1670 3609 2025 3680 milliarium,

327 3694 491 3765 cujus
538 3696 729 3766 platea
778 3696 1099 3753 lithostrata
1142 3697 1470 3769 pavimento
1521 3715 1587 3754 ac
1630 3699 1891 3772 pretiosis
1933 3716 2025 3755 co-

325 3782 544 3838 lumnis
572 3788 629 3839 et
656 3785 938 3840 manibus
967 3790 1091 3842 erat
1118 3787 1381 3843 decorata
1403 3787 1497 3860 (De
1524 3789 1798 3857 Przdict.,
1831 3789 1930 3845 lib.
1971 3792 2022 3856 3,

329 3887 451 3941 cap.
499 3872 608 3941 38).
655 3874 778 3927 Jam
828 3873 1052 3945 pridem
1092 3877 1375 3946 templum
1415 3876 1524 3932 hoc
1575 3877 1832 3932 clausum
1882 3881 2021 3943 erat,

328 3959 521 4013 forsan
550 3959 622 4014 ab
650 3975 803 4014 anno
842 3962 1238 4018 trecentesimo
1268 3964 1639 4034 nonagesimo
1668 3964 1877 4035 primo,
1909 3981 2023 4036 quo

327 4046 588 4118 geminas
615 4047 771 4120 leges
800 4050 1201 4120 comperimus,
1227 4051 1434 4123 quibus
1458 4053 1809 4123 templorum
1839 4053 2025 4108 aditus

325 4135 666 4208 prohibetur
693 4137 842 4204 (Cod.
889 4139 1085 4194 Theod.
1137 4139 1202 4194 de
1246 4142 1507 4209 Paganis,
1551 4145 1672 4208 etc.,
1715 4142 1823 4211 lege
1875 4145 1939 4197 10
1977 4146 2028 4197 et

326 4226 438 4295 lege
472 4226 574 4296 11).
610 4227 677 4282 Et
700 4227 791 4282 hee
817 4226 1019 4299 prima;
1048 4233 1183 4284 sunt
1209 4228 1316 4284 hac
1340 4230 1409 4285 de
1438 4245 1500 4286 re
1528 4230 1658 4285 latae
1687 4247 1722 4285 a
1748 4230 2025 4303 tempori-

324 4315 432 4370 bus
458 4314 673 4372 Juliani
702 4321 995 4389 apostataa.
1027 4317 1166 4373 Cum
1196 4318 1375 4392 igitur
1396 4319 1745 4375 inaccessum
1772 4319 1868 4376 diu
1898 4336 2027 4392 per-

325 4404 647 4473 mansisset,
699 4406 931 4478 spinosa
970 4407 1217 4479 virgulta
1257 4408 1402 4465 illud
1436 4408 1879 4481 circumseptum
1917 4409 2028 4465 ob-

324 4499 559 4548 ruerent
590 4510 604 4549 :
637 4499 695 4550 et
721 4496 1055 4553 Christianis
1082 4497 1313 4569 ingredi
1342 4497 1686 4565 volentibus,
1714 4504 1777 4553 ut
1803 4499 1943 4554 illud
1966 4498 2026 4553 in

324 4596 493 4636 usum
524 4599 672 4639 verte
699 4584 992 4658 religionis
1020 4592 1439 4657 consecrarent,
1480 4591 1785 4660 postquam
1832 4590 2027 4643 Hono-

323 4668 446 4724 rius
494 4671 752 4728 Ecclesiis
808 4675 1003 4731 omnia
1056 4677 1275 4748 templa
1316 4677 1674 4740 contulisset,
1732 4694 2022 4733 rumorem

324 4763 656 4830 sparserunt
676 4761 945 4831 Gentiles,
968 4762 1027 4818 in
1056 4763 1146 4818 his
1171 4764 1361 4819 dumis
1384 4780 1449 4819 ac
1477 4764 1732 4820 sentibus
1753 4765 2024 4821 dracones

325 4850 384 4901 et
411 4846 634 4919 aspides
656 4848 725 4904 ad
745 4850 949 4921 templi
968 4852 1284 4908 custodiam
1310 4853 1506 4919 latere,
1534 4853 1635 4925 qui
1656 4854 1918 4910 auditum
1938 4872 2025 4911 ac-

322 4952 660 5008 cessumque
689 4937 1082 5008 prohiberent.
1117 4945 1229 5010 Quo
1264 4945 1442 5011 magis
1474 4944 1778 5000 Christiani
1811 4945 2024 5010 fervore

322 5027 582 5093 succensi,
607 5042 672 5082 ea
697 5028 969 5095 facilitate
995 5032 1176 5085 omnia
1204 5035 1516 5087 amaverunt
1542 5033 1719 5099 illaesi,
1751 5048 1856 5101 quo
1885 5036 2023 5088 tem-

318 5117 474 5186 plum
509 5132 633 5172 vero
676 5117 874 5172 calesli
914 5120 1048 5187 Regi
1091 5123 1141 5175 et
1177 5122 1399 5176 Domino
1444 5125 1834 5177 consecrarent.
1871 5123 2021 5190 ,Nam

321 5221 441 5261 cum
468 5210 659 5262 sancta
686 5207 905 5262 Paschae
925 5209 1174 5263 solemnis
1202 5215 1454 5279 ageretur
1478 5214 1774 5279 festivitas,
1806 5211 2024 5266 collecta

320 5296 435 5350 illic
467 5301 518 5351 et
544 5296 786 5367 undique
813 5298 959 5351 omni
986 5298 1297 5353 curiositate
1323 5300 1488 5354 etiam
1516 5301 1805 5355 adveniens
1832 5301 1993 5354 multi
2002 5328 2020 5338 -

325 5384 473 5450 tudo,
498 5386 837 5442 sacerdotum
866 5386 1155 5441 multorum
1179 5392 1340 5456 pater
1365 5392 1416 5442 et
1440 5387 1620 5457 digna:
1639 5390 1904 5444 memoriae
1930 5404 2021 5444 no-

323 5471 614 5529 minandus
660 5478 887 5531 antistes
915 5474 1197 5544 Aurelius,
1226 5476 1447 5532 scelestis
1469 5478 1591 5547 jam
1619 5480 1821 5548 patriae
1864 5479 2018 5543 civis,

324 5560 636 5619 cathedram
683 5566 793 5622 illic
824 5567 939 5621 loco
979 5566 1214 5622 (fatestz's
1260 5568 1310 5620 et
1349 5565 1558 5633 habuit,
1607 5570 1658 5622 et
1695 5567 1858 5622 sedit.
1896 5569 2018 5637 Ipse

1539 287 1713 345 VITA
1752 288 1805 344 S.
1859 287 2246 346 AUGUSTINI
2300 287 2637 345 EPISCOPI.

3723 293 3837 346 284

2147 415 2272 468 tunc
2300 411 2542 480 aderam,
2594 410 2786 482 inquit
2814 414 3035 480 auctor,
3077 426 3196 469 cum
3237 413 3395 466 sociis
3424 415 3477 466 et
3504 409 3710 474 amicis,
3749 416 3844 466 at-

2144 518 2267 575 que,
2305 507 2365 556 ut
2406 516 2461 556 se
2496 500 2910 557 adolescentium
2937 505 3070 556 aetas
3103 503 3390 571 impatiens
3428 503 3849 571 circumquaque

2142 591 2403 657 vertebat,
2437 590 2566 646 dum
2604 591 2805 645 curiosi
2831 591 3050 660 singula
3083 605 3307 660 qumque
3328 606 3431 660 pro
3467 592 3848 659 magnitudine

2145 680 2482 749 inspicimus,
2512 681 2714 735 mirum
2739 680 3015 748 quoddam
3043 684 3094 734 et
3122 680 3434 735 incredibile
3459 685 3642 735 nostro
3667 696 3722 736 se
3748 684 3848 735 in-

2139 770 2304 835 gessit
2331 769 2595 839 aspectui,
2626 770 2817 824 titulus
2840 771 3001 824 seneis
3025 769 3526 839 grandioribusque
3555 771 3752 825 litteris
3783 772 3845 823 in

2140 857 2486 927 frontispicio
2514 858 2703 928 templi
2729 860 3064 928 conscriptus
3091 874 3104 913 :
3138 858 3414 913 AuasLius
3442 859 3715 913 Pan-max
3752 875 3845 913 ns-

2141 960 2368 1001 DICAVIT.
2402 948 2554 1001 Hunc
2579 947 2806 1014 legentes
2840 948 3036 1017 populi
3070 946 3417 1002 mirabantur
3440 961 3688 1016 prasago
3711 952 3842 1003 tunc

2140 1035 2342 1103 spiritu
2370 1038 2513 1103 acta,
2553 1050 2673 1105 quae
2694 1037 2953 1105 praescius
2980 1038 3080 1091 Dei
3114 1035 3245 1091 ordo
3275 1040 3415 1091 certe
3441 1038 3547 1091 isto
3571 1039 3675 1105 ﬁne
3708 1052 3841 1093 con-

2141 1124 2373 1178 cluserat
2404 1124 2502 1193 (De
2535 1124 2811 1192 Praedict.,
2846 1124 2939 1179 lib.
2975 1127 3027 1191 3,
3067 1139 3189 1194 cap.
3231 1124 3344 1195 38).
3389 1124 3691 1194 Templum
3732 1122 3846 1188 hoc

2139 1216 2336 1283 postea
2363 1212 2484 1267 solo
2524 1217 2814 1285 aequatum
2853 1216 2938 1267 est
2978 1228 3129 1267 anno
3170 1210 3739 1285 quadringentesimo
3770 1210 3851 1265 vi-

2139 1300 2358 1372 gesimo
2387 1300 2593 1372 primo.
2628 1302 2826 1373 Itaque
2855 1316 2971 1355 non
3000 1300 3071 1355 de
3099 1301 3314 1372 templo
3348 1299 3624 1367 Caelestis,
3644 1299 3749 1354 sed
3777 1298 3847 1354 de

2138 1389 2296 1445 idolo
2325 1390 2669 1461 loquebatur
2695 1390 3070 1462 Augustinus,
3101 1406 3231 1445 cum
3261 1389 3433 1460 paulo
3464 1392 3595 1459 post
3616 1392 3849 1459 captam

2141 1479 2385 1533 Romam
2428 1478 2686 1534 diceret:
2720 1479 2991 1546 Carthago
3031 1480 3092 1533 in
3137 1479 3349 1533 nomine
3393 1478 3597 1534 Christi
3639 1480 3845 1543 manet,

2139 1569 2190 1621 et
2214 1568 2339 1622 olim
2367 1582 2553 1622 eversa
2579 1572 2659 1624 est
2689 1568 2957 1632 leestis;
2998 1569 3131 1636 quia
3169 1581 3275 1621 non
3314 1567 3427 1634 fuit
3468 1566 3714 1631 calestis,
3755 1564 3849 1619 sed

2141 1657 2408 1711 terrestris
2435 1657 2630 1726 (Serm.
2666 1656 2788 1723 105,
2819 1671 2875 1711 c.
2907 1658 2962 1725 9,
2991 1671 3049 1711 η.
3088 1654 3192 1726 12).

2210 1747 2267 1800 6.
2321 1745 2534 1801 Auctor
2573 1743 2707 1800 libri
2736 1745 2808 1800 de
2852 1743 3326 1799 Praedictionibus
3353 1741 3571 1812 scribit,
3602 1741 3665 1797 in
3692 1758 3845 1815 qua-

2141 1832 2271 1887 dam
2299 1834 2441 1889 urbe
2471 1832 2825 1890 Mauritaniae
2855 1837 3017 1888 eruta
3043 1831 3217 1887 fuisse
3244 1830 3495 1903 plurima
3525 1847 3556 1885 e
3586 1832 3848 1887 cavernis

2140 1921 2443 1976 simulacra
2475 1927 2688 1991 vetera,
2722 1937 2852 1994 qua:
2879 1921 2941 1976 in
2979 1937 3075 1976 eas
3103 1921 3363 1976 abstrusa
3387 1920 3650 1988 fuerant;
3681 1924 3747 1975 et
3776 1922 3847 1976 ob

2139 2009 2287 2065 hanc
2311 2009 2700 2066 inventionem
2729 2013 2908 2066 totam
2938 2009 3248 2077 civitatem,
3279 2009 3434 2080 ipsos
3463 2008 3643 2064 etiam
3677 2008 3847 2064 cleri-

2140 2116 2236 2154 cos
2263 2116 2394 2155 reos
2428 2099 2622 2166 fuisse,
2661 2100 2750 2155 vel
2793 2098 3037 2171 perjurii
3085 2097 3370 2154 convictos
3418 2098 3515 2169 (De
3561 2098 3845 2160 Ρνκάἰοι..

2141 2190 2234 2245 lib.
2270 2192 2322 2255 3,
2354 2205 2475 2259 cap.
2512 2190 2622 2259 38).
2668 2190 2879 2243 Forsan
2907 2188 2977 2244 ab
3016 2186 3256 2243 urbibus
3296 2187 3707 2258 jusjurandum
3759 2204 3847 2242 ex-

2140 2277 2421 2348 igebatur,
2455 2294 2568 2349 quo
2598 2278 3004 2332 confirmarent
3041 2276 3197 2330 nulla
3233 2276 3411 2331 latere
3448 2275 3641 2343 idola;
3666 2276 3846 2345 hujus

2140 2370 2333 2421 autem
2379 2365 2620 2420 civitatis
2648 2365 2859 2432 clerici,
2888 2365 2988 2437 qui
3019 2364 3323 2419 simulacra
3364 2362 3576 2419 scirent
3603 2379 3731 2419 esse
3762 2381 3844 2418 re-

2141 2455 2366 2510 condita
2390 2454 2534 2510 illud
2554 2454 2891 2509 denuntiare
2912 2470 3028 2508 non
3050 2453 3175 2508 ausi
3201 2456 3351 2509 sunt.
3376 2453 3517 2507 Nam
3539 2456 3733 2507 metus
3766 2452 3847 2508 iu-

2140 2542 2405 2597 currendi
2446 2542 2506 2596 in
2545 2547 2886 2612 magnatum
2931 2541 3330 2608 offensionem,
3381 2539 3666 2595 efﬁciebat
3710 2558 3847 2596 non-

2143 2645 2457 2701 nunquam,
2489 2634 2552 2685 ut
2583 2630 2694 2702 ipsi
2716 2629 3024 2686 Christiani
3056 2630 3115 2685 in
3154 2630 3494 2687 idololatria:
3532 2631 3846 2686 sceleribus

2140 2719 2529 2776 conniverent.
2559 2723 2626 2775 Et
2671 2736 2807 2775 sane
2851 2721 3206 2793 Augustinus
3257 2736 3324 2775 ea
3370 2720 3440 2775 de
3487 2736 3547 2775 re
3592 2720 3845 2791 graviter

2140 2810 2456 2879 expostulat
2484 2808 2545 2864 in
2586 2814 2905 2865 memorato
2935 2811 3059 2882 jam
3094 2826 3269 2881 supra
3307 2826 3571 2865 sermone
3609 2811 3680 2864 ad
3724 2811 3843 2881 ple-

2139 2897 2291 2964 bem,
2319 2898 2417 2953 ubi
2446 2900 2753 2955 nonnullos
2781 2899 3206 2972 frequentantes
3234 2899 3467 2970 templa,
3490 2902 3547 2955 et
3573 2899 3638 2953 in
3667 2898 3844 2953 idolio

2141 3002 2254 3040 una
2281 3003 2411 3043 cum
2442 2988 2684 3060 Paganis
2711 2990 3108 3044 recumbentes
3127 2989 3361 3044 damnat
3378 2987 3572 3059 (Serm.
3597 2990 3692 3051 62,
3719 3004 3767 3043 c.
3792 2990 3843 3057 i,

2138 3092 2230 3130 nn.
2262 3081 2318 3147 7,
2347 3078 2418 3148 8).
2451 3078 2512 3132 Id
2541 3079 2688 3134 forte
2716 3082 2849 3150 post
2870 3079 3027 3151 leges
3055 3078 3327 3134 adversus
3356 3076 3749 3133 idololatriam
3777 3078 3844 3131 ab

2141 3165 2391 3221 llonorio
2425 3167 2761 3222 constitutas
2789 3167 2976 3222 adhuc
3006 3166 3206 3234 ﬁebat;
3239 3166 3476 3237 ipseque
3517 3166 3842 3236 Imperator

2137 3251 2291 3307 istud
2313 3253 2600 3325 ﬂagitium
2636 3253 2853 3327 adjuvit
2882 3256 3007 3326 lege
3036 3255 3151 3309 lata
3177 3254 3398 3309 decimo
3428 3253 3599 3309 tertio
3630 3254 3841 3309 kalen-

2138 3339 2236 3394 das
2266 3341 2604 3411 septembris
2625 3342 2763 3396 anni
2790 3340 3180 3397 trecentesimi
3205 3340 3565 3412 nonagesimi
3596 3341 3754 3407 noni,
3784 3341 3841 3395 in

2139 3443 2252 3498 qua
2279 3428 2621 3500 Apollodoro
2640 3428 2843 3483 Africae
2870 3427 3205 3499 proconsuli
3233 3427 3554 3496 denuntiat,
3577 3428 3737 3483 nolle
3760 3444 3840 3495 se,

2140 3516 2270 3572 licet
2295 3518 2565 3589 profanos
2592 3518 2737 3573 ritus
2766 3517 3012 3573 ethnicus
3040 3516 3458 3590 superstitionis
3495 3515 3838 3584 inhibuerit,

2138 3607 2465 3662 festivitates
2514 3607 2772 3678 publicas
2817 3605 3055 3674 aboleri,
3106 3606 3205 3661 sed
3248 3605 3662 3661 continuandas
3722 3622 3843 3661 esse

2138 3696 2405 3752 ludorum
2445 3696 2857 3767 solemnitates,
2887 3696 3060 3751 modo
3090 3696 3253 3751 nulla
3289 3694 3583 3763 sacriﬁcia,
3611 3695 3702 3750 vel
3734 3694 3843 3750 alia

2140 3785 2357 3856 quaevis
2383 3785 2735 3841 idololatrica
2755 3784 3084 3858 superstitio
3114 3784 3230 3840 illis
3248 3784 3669 3840 immisceretur
3692 3785 3838 3856 (Cod.

2143 3874 2337 3929 Theod.
2371 3874 2436 3928 de
2471 3877 2631 3944 Pag.,
2663 3879 2782 3939 etc.,
2822 3877 2934 3942 lege
2977 3875 3082 3943 17).
3114 3875 3314 3947 Itaque
3352 3872 3661 3929 concilium
3702 3874 3843 3930 Gar-

2140 3960 2477 4032 thaginense
2508 3960 2728 4017 decimo
2754 3966 2909 4017 sexto
2938 3961 3216 4017 kalendas
3240 3960 3373 4034 julii
3402 3961 3536 4016 anni
3564 3961 3841 4033 quadrin-

2139 4049 2442 4120 gentesimi
2469 4050 2646 4115 primi
2674 4055 3109 4123 congregatum,
3136 4050 3227 4105 sui
3255 4048 3476 4121 putavit
3502 4066 3625 4105 esse
3645 4050 3839 4117 ofﬁcii,

2140 4139 2458 4194 llonorium
2487 4139 2802 4210 deprecari,
2832 4148 2897 4196 ut
2924 4140 3024 4194 illa
3050 4138 3310 4195 convivia
3336 4139 3568 4211 penitus
3597 4140 3839 4212 abroga—

2138 4232 2247 4299 ret,
2279 4228 2487 4300 quibus
2518 4228 2827 4283 Christiani
2860 4228 2931 4281 ab
2970 4227 3223 4283 Ethnicis
3253 4228 3528 4283 interesse
3554 4229 3839 4300 cogeban-

2139 4321 2261 4384 tur;
2317 4318 2469 4390 quod
2517 4317 2765 4389 speciem
2819 4316 3116 4389 cujusdam
3165 4316 3582 4388 persecutionis
3639 4318 3838 4372 adum-

2138 4405 2360 4474 brabat,
2417 4405 2506 4460 his
2554 4421 2810 4478 persaepe
2853 4409 3050 4461 contra
3092 4405 3392 4477 religionis
3436 4406 3610 4461 decus
3656 4407 3838 4461 multa

2139 4494 2450 4565 procaciter
2485 4495 2846 4567 patrantibus
2895 4495 3041 4566 (Cod.
3096 4496 3266 4552 Cann.
3308 4496 3516 4563 Afric.,
3556 4511 3679 4550 can.
3723 4498 3832 4566 60).

2138 4583 2343 4639 Scribit
2380 4583 2756 4655 Augustinus,
2801 4584 2865 4639 in
2912 4584 3231 4639 evertendis
3279 4583 3526 4656 templis,
3569 4583 3744 4639 idolis
3784 4590 3838 4638 ct

2137 4674 2278 4730 lucis
2304 4691 2412 4746 pro
2441 4676 2711 4731 facultate
2742 4676 2812 4731 ab
2850 4675 3298 4748 imperatoribus
3326 4691 3606 4741 concessa,
3646 4676 3833 4747 priva-

2140 4769 2221 4819 tos
2250 4765 2475 4820 nullum
2504 4764 2709 4820 debere
2733 4781 2799 4819 ex
2829 4780 3030 4820 eorum
3058 4764 3244 4819 ruinis
3272 4765 3638 4821 commodum
3660 4765 3838 4836 perci-

2137 4869 2289 4924 pere,
2314 4870 2386 4910 ne
2404 4855 2473 4909 ad
2503 4854 2845 4910 destruenda
2867 4854 3165 4926 gentilitiaa
3190 4854 3609 4926 superstitionis
3639 4870 3838 4910 monu-

2138 4942 2348 5005 menta,
2378 4938 2570 5011 potius
2594 4938 2852 5009 avaritia,
2883 4955 3060 5011 quam
3088 4938 3297 5011 pietate
3322 4938 3454 4994 duci
3482 4939 3788 4994 videantur
3816 4954 3831 4992 :

2135 5026 2191 5082 id
2222 5033 2411 5083 tamen
2442 5044 2562 5083 non
2597 5029 2846 5099 obstare,
2887 5028 3027 5101 quin
3073 5045 3140 5084 ea
3180 5032 3557 5084 monumenta
3597 5027 3656 5082 in
3701 5043 3838 5083 usus

2134 5133 2467 5173 communes
2494 5123 2552 5173 et
2579 5118 2836 5190 publicos
2875 5117 3152 5188 converti,
3183 5124 3282 5173 aut
3325 5117 3535 5172 honori
3572 5117 3697 5173 veri
3738 5115 3836 5172 Dei

2136 5208 2353 5277 possint
2391 5208 2735 5276 consecrari;
2766 5207 2911 5263 sicut
2939 5206 3054 5278 ipsi
3092 5207 3360 5262 homines
3400 5223 3502 5262 sua
3538 5206 3611 5260 ad
3655 5207 3834 5261 Deum

2134 5297 2500 5353 conversione
2528 5298 2589 5353 in
2620 5298 2742 5371 ejus
2779 5298 2995 5369 templa
3038 5300 3468 5353 commutantur
3506 5298 3705 5367 (Epist.
3745 5297 3832 5362 i7,

2132 5402 2188 5441 η.
2222 5386 2297 5456 3).

2202 5480 2256 5529 7.
2290 5475 2533 5532 Omnem
2578 5476 2931 5533 Theodosius
2977 5476 3320 5533 adhibuerat
3358 5491 3618 5548 operam,
3654 5479 3722 5529 ut
3766 5474 3833 5527 ub

2137 5564 2474 5621 idololatrias
2504 5565 3004 5638 superstitionibus
3034 5568 3237 5633 Roma,
3268 5564 3369 5622 ubi
3397 5565 3628 5622 altiores
3659 5579 3826 5636 quam
