4008 6184
128 298 223 349 285
1600 298 1813 355 LIBER
1850 295 2178 364 QUINTUS.

133 417 184 471 iu
204 414 317 470 alia
354 415 471 470 ulla
499 413 736 471 ditionis
766 415 889 485 ejus
916 416 1059 471 urbe
1096 416 1316 472 radices
1346 424 1599 489 egerant,
1633 437 1836 492 purga-

140 509 293 559 retur.
348 504 636 560 Honorius
687 505 860 560 dubio
912 506 1111 576 procul
1158 506 1307 561 idola
1351 507 1428 561 ibi
1476 510 1713 579 perinde
1773 526 1835 564 ac

141 595 253 648 alibi
282 593 506 665 passim
534 595 851 665 dejicienda
880 601 1204 663 curaverat;
1230 597 1697 669 quandoquidem
1714 599 1833 669 jam

142 688 249 737 ante
280 682 638 753 Rhadagaisi
667 684 906 750 cladem,
940 684 995 738 id
1028 688 1132 750 est,
1163 690 1294 739 ante
1324 702 1541 740 annum
1566 688 1833 757 quadrin-

140 772 509 843 gentesimum
536 777 790 837 sextum;
824 772 939 827 imo
968 789 1101 826 vero
1131 790 1243 844 quo
1272 779 1529 845 tempore
1561 776 1743 829 adhuc
1774 775 1835 829 in

137 860 301 915 Africa
361 862 613 925 stabant,
673 861 788 915 illic
844 861 1159 916 disturbata
1203 867 1371 933 atque
1420 880 1613 917 eversa
1672 869 1835 918 erant

140 953 314 1015 j‘Scrm.
357 953 486 1019 I05,
517 967 561 1005 c.
594 953 677 1017 tO,
710 966 772 1006 η.
801 951 1080 1017 l3;Serm.
1106 951 1197 1015 24,
1218 967 1273 1004 n.
1300 952 1370 1018 6).
1397 952 1537 1006 Cum
1560 956 1749 1005 autem
1774 954 1832 1005 in

130 1040 222 1093 bac
268 1038 571 1094 idolorum
600 1039 912 1105 eversione,
953 1040 1164 1093 intacta
1189 1044 1555 1094 remanerent
1577 1041 1675 1095 illa
1704 1041 1835 1095 deo-

127 1145 242 1182 rum
272 1127 471 1199 signa,
500 1145 631 1201 quae
659 1128 797 1183 locis
827 1133 881 1183 et
910 1128 1166 1183 aediliciis
1212 1128 1454 1199 publicis
1495 1135 1831 1183 ornamento

123 1221 307 1281 erant;
368 1218 525 1270 Deus
553 1216 819 1270 undecim
863 1222 992 1287 post
1028 1233 1207 1271 annos
1234 1217 1455 1288 reliqua
1482 1216 1579 1271 illa
1606 1218 1831 1289 gentili-

122 1306 203 1359 tiae
233 1305 674 1377 superstitionis
706 1305 957 1376 vestigia,
989 1310 1112 1359 tum
1150 1306 1465 1360 Gothorum
1506 1311 1831 1374 manu,tum

121 1394 466 1449 fulminibus
513 1410 544 1447 e
594 1395 735 1448 coelo
786 1394 1010 1449 vibratis
1047 1393 1277 1465 penitus
1317 1394 1576 1449 abolevit.
1610 1398 1738 1450 Ilaec
1764 1397 1836 1449 si-

122 1484 511 1537 mulacrorum
556 1481 887 1552 destructio,
930 1499 1058 1553 qua:
1106 1499 1257 1536 anno
1305 1484 1703 1539 trecentesimo
1734 1502 1831 1539 no-

125 1572 415 1643 nagesimo
448 1587 607 1627 nono
637 1572 892 1643 contigit,
917 1588 1143 1626 causam
1170 1573 1418 1643 praebuit
1446 1574 1828 1645 plurimorum

121 1661 431 1716 Gentilium
488 1660 867 1728 conversioni,
900 1660 998 1732 qui
1028 1677 1158 1715 cum
1188 1676 1255 1715 eo
1287 1677 1468 1733 usque
1498 1662 1679 1716 errori
1704 1680 1829 1733 per-

118 1752 381 1805 tinaciter
419 1749 813 1813 adbzesissent,
860 1750 920 1803 in
966 1766 1093 1804 eam
1125 1766 1285 1822 spem
1330 1751 1580 1820 adducti,
1614 1752 1736 1806 fore
1769 1756 1829 1805 ut

117 1839 418 1911 completis
468 1839 738 1893 trecentis
784 1839 1079 1910 sexaginta
1119 1840 1373 1911 quinque
1412 1842 1600 1907 annis,
1634 1858 1831 1895 secun-

116 1929 242 1982 dum
270 1928 581 1982 oraculum
596 1928 1135 1989 dmmonum,avitus
1156 1930 1338 1982 cultus
1360 1929 1524 1999 quasi
1545 1930 1826 1999 postlimi-

110 2019 193 2072 nio
234 2021 614 2072 revocaretur
642 2016 702 2071 in
734 2017 1040 2089 pristinum
1079 2018 1275 2084 decus;
1324 2018 1492 2089 hujus
1518 2019 1733 2073 oraculi
1761 2020 1828 2073 Ii-

113 2109 241 2161 dem
272 2123 492 2160 vanam
523 2111 579 2161 et
608 2106 836 2161 inanem
867 2107 1059 2171 fuisse,
1088 2124 1152 2161 ex
1183 2112 1389 2162 eventu
1418 2109 1651 2161 demum
1681 2125 1829 2161 com-

108 2201 393 2266 pererunt
447 2197 548 2264 (De
602 2198 760 2252 Civil.
812 2198 928 2264 Dei,
975 2196 1070 2249 lib.
1124 2198 1205 2261 l8,
1240 2210 1358 2265 cap.
1394 2198 1513 2265 5i).
1570 2197 1830 2249 Testatur

106 2286 499 2356 Augustinus,
533 2284 603 2338 ab
632 2285 739 2338 hoc
768 2284 837 2339 ad
872 2284 1013 2337 illud
1043 2300 1224 2354 usque
1254 2289 1498 2354 tempus,
1529 2301 1642 2355 quo
1686 2284 1832 2339 deci-

107 2392 260 2429 mum
322 2378 591 2427 octavum
633 2390 699 2426 ex
745 2372 903 2425 libris
948 2372 1016 2426 de
1066 2372 1299 2427 Civitate
1349 2373 1448 2427 Dei
1481 2374 1827 2427 absolvebah

108 2464 389 2518 nimirum
442 2467 573 2534 post
621 2478 801 2516 annos
832 2463 1009 2516 ferme
1050 2461 1305 2531 triginta,
1348 2462 1714 2515 Christianam
1750 2477 1832 2513 re-

110 2553 393 2624 ligionem
426 2553 649 2622 majora
673 2552 859 2605 adhuc
889 2550 1198 2620 sumpsisse
1220 2551 1595 2617 incrementa;
1631 2566 1831 2621 quam-

108 2643 177 2695 vis
206 2642 410 2713 ipsam
454 2645 783 2695 constanter
820 2641 1175 2693 afﬁrmarent
1220 2639 1436 2693 Ethnici
1469 2641 1696 2693 tandem
1730 2638 1830 2692 ali-

109 2733 345 2802 quando
386 2729 757 2785 interituram
801 2730 1025 2797 (Enarr.
1076 2732 1135 2783 in
1184 2730 1328 2783 Psal.
1379 2746 1503 2795 Lxx,
1552 2744 1711 2783 serm.
1772 2731 1825 2794 2,

110 2838 154 2875 η.
184 2823 262 2889 4),
320 2820 498 2891 eique
544 2818 772 2873 eventui
818 2824 1037 2873 certum
1082 2834 1145 2872 ac
1173 2817 1475 2872 definitum
1509 2822 1733 2887 tempus
1764 2834 1825 2871 ex

109 2909 359 2965 oraculis
398 2909 761 2979 assignarent
789 2909 1010 2977 (Enarr.
1052 2910 1109 2961 in
1140 2908 1286 2962 Psal.
1318 2924 1389 2973 1v,
1421 2923 1477 2962 n.
1508 2908 1578 2975 l).
1604 2908 1825 2960 Interea

106 3001 179 3054 illi
220 2998 617 3054 sacriﬁcaturi
664 2999 910 3053 latebras
948 3001 1164 3068 petere,
1199 3012 1445 3067 suosque
1493 2995 1663 3051 etiam
1694 2996 1826 3049 deos

108 3089 469 3144 abscondere
538 3088 907 3159 cogebantur,
983 3103 1055 3141 ne
1112 3104 1141 3140 a
1197 3084 1532 3141 Christianis
1591 3084 1821 3155 reperti,

101 3182 260 3251 juxta
292 3177 635 3251 principum
661 3178 816 3248 leges
844 3176 1362 3247 confringerentur,
1392 3179 1567 3245 prout
1595 3175 1824 3228 oracula

107 3271 297 3325 divina
327 3286 435 3340 per
464 3268 795 3322 Judaeorum
826 3268 1140 3337 Prophetas
1181 3266 1349 3335 longe
1380 3268 1511 3318 ante
1543 3263 1825 3334 praedixe-

104 3366 223 3413 rant
260 3360 365 3427 (De
397 3359 649 3414 Consens.
683 3360 921 3425 Evang.,
954 3356 1049 3411 lib.
1084 3359 1133 3423 l,
1166 3370 1211 3410 c.
1246 3356 1356 3424 27).
1392 3352 1660 3407 Ethnicus
1691 3351 1821 3423 qui-

107 3448 229 3502 dam
266 3447 434 3502 illius
464 3445 743 3517 temporis
780 3449 949 3516 poeta
992 3445 1337 3515 Sibyllarum
1382 3441 1634 3497 carmina
1657 3442 1823 3511 jussu

105 3535 446 3591 Slilichonis
482 3534 606 3606 igni
636 3534 843 3589 tradita
887 3533 1060 3588 fuisse
1092 3533 1353 3605 queritur
1400 3533 1705 3603 (Duronius,
1751 3530 1825 3583 ad

108 3644 229 3680 mm.
286 3628 421 3689 369,
474 3640 532 3678 η.
582 3627 697 3688 82).
756 3622 994 3677 Ilonorii
1023 3622 1205 3677 edicto
1251 3621 1519 3676 adscribit
1549 3619 1823 3674 Baronius

3536 307 3640 359 286

1943 420 2133 489 (Idem,
2165 418 2239 473 ad
2266 434 2395 473 ann.
2425 422 2551 487 399,
2595 433 2651 474 π.
2696 420 2815 490 77),
2858 422 3013 491 quod
3060 422 3412 493 Augustinus
3456 431 3649 481 narrat

1942 508 2002 563 in
2031 508 2351 563 Suffectana
2382 508 2608 563 colonia
2637 508 2971 578 contigisse;
3005 526 3117 580 quo
3146 510 3207 564 in
3236 512 3382 578 loco,
3402 530 3530 568 cum
3554 515 3645 568 de-

1941 598 2088 670 jecta
2130 598 2533 669 confractaque
2574 601 2721 651 esset
2768 599 3019 653 Herculis
3069 603 3272 665 statua,
3324 602 3446 670 ejus
3482 603 3646 674 impii

1942 688 2204 753 cultores,
2254 688 2399 741 facto
2447 687 2505 741 in
2550 685 2897 741 Christianos
2945 687 3185 758 impetu,
3236 690 3532 759 sexaginta
3579 707 3643 746 ex

1940 775 2054 830 illis
2095 775 2470 841 trucidarunt,
2519 775 2618 847 qui
2649 775 2858 830 Christi
2908 777 3252 848 martyribus
3281 778 3543 832 accensiti
3574 780 3645 834 ad

1938 864 2172 918 tertium
2203 864 2474 918 kalendas
2501 864 2837 935 septembris
2867 863 2928 919 in
2956 868 3211 921 Romano
3244 868 3645 939 Martyrologio

1939 952 2389 1023 comperiuntur.
2420 954 2541 1017 Qua
2562 953 2632 1007 de
2659 970 2722 1009 re
2752 954 3105 1024 Augustinus
3133 955 3433 1025 epistolam
3463 957 3640 1020 illam,

1936 1041 2167 1095 brevem
2198 1042 2453 1112 quidem,
2504 1046 2559 1095 at
2602 1042 2997 1096 vehementem
3040 1043 3235 1113 (Epist.
3280 1044 3375 1114 50)
3420 1045 3647 1117 scripsit

1938 1131 2006 1184 ad
2034 1130 2189 1184 illius
2219 1130 2457 1185 colonia:
2485 1130 2773 1201 principes
2803 1136 2860 1185 et
2890 1131 3161 1201 seniores,
3204 1133 3410 1203 quibus
3441 1151 3642 1205 expro-

1935 1219 2064 1273 brat
2091 1219 2443 1272 conculcatas
2492 1220 2645 1289 leges
2694 1220 2997 1286 Romanas,
3033 1220 3379 1290 judiciorum
3411 1222 3641 1293 religio-

1938 1324 2090 1374 nem,
2144 1324 2205 1361 ac
2246 1307 2609 1378 potissimum
2642 1308 3064 1363 venerationem
3096 1314 3429 1381 metumque
3458 1312 3640 1383 impe-

1936 1402 2195 1451 ratorum
2230 1412 2243 1450 :
2278 1396 2493 1468 quippe
2523 1413 2649 1451 cum
2683 1398 2751 1451 ad
2779 1398 3083 1468 primarios
3122 1398 3280 1451 urbis
3312 1417 3427 1453 sum
3460 1401 3636 1455 hono-

1935 1502 2026 1540 res
2071 1502 2134 1540 ac
2181 1485 2486 1556 dignitates
2533 1502 2627 1540 eos
2671 1487 2982 1556 evexerint,
3014 1504 3157 1558 quos
3186 1492 3402 1541 certum
3433 1494 3549 1543 erat
3580 1489 3642 1543 in

1936 1592 1999 1629 ea
2031 1574 2181 1629 caede
2218 1576 2345 1646 plus
2375 1574 2593 1629 caeteris
2618 1591 2737 1645 pra:
2766 1592 2823 1629 se
2846 1575 3039 1630 tulisse
3061 1576 3412 1630 crudelitatis
3430 1576 3640 1632 imma-

1936 1663 2263 1735 nitatisque.
2317 1664 2520 1719 Iisdem
2577 1665 2897 1735 pollicetur,
2954 1670 3009 1719 et
3058 1665 3114 1719 id
3172 1665 3400 1737 quidem
3456 1666 3642 1721 verbis

1936 1758 2310 1808 scommatum
2359 1769 2422 1806 ac
2466 1753 2667 1807 ironia:
2705 1753 2912 1824 plenis,
2962 1770 3019 1807 se
3050 1757 3381 1808 curaturum
3412 1760 3475 1809 ut
3512 1755 3636 1810 illo-

1936 1859 2065 1897 rum
2116 1843 2253 1897 deus
2293 1842 2645 1909 restituatur,
2688 1843 2781 1896 sed
2828 1841 3263 1917 porro‘nonnisi
3303 1859 3368 1896 ea
3395 1843 3543 1911 lege,
3577 1846 3641 1896 ut

1938 1930 2045 2001 ipsi
2074 1947 2302 2001 quoque
2334 1930 2508 1984 vitam
2539 1931 2624 1996 iis,
2661 1930 2870 2001 quibus
2905 1931 3263 1995 ademerunt,
3299 1930 3630 1985 restituant.

1940 2020 2079 2075 Urbs
2112 2020 2375 2091 quendam
2410 2020 2739 2075 Sutfetensis
2794 2020 2853 2073 in
2893 2019 3163 2073 Bizacena
3200 2018 3456 2089 ponitur,
3504 2036 3635 2073 cum

1938 2107 2048 2162 alia
2071 2108 2158 2161 cui
2190 2124 2400 2162 nomen
2430 2109 2717 2163 Sulfetulaa
2751 2124 2762 2161 :
2800 2108 2859 2161 in
2886 2109 2989 2162 hac
3020 2107 3483 2178 Martyrologium
3513 2108 3642 2162 illos

1939 2197 2229 2267 sexaginta
2261 2215 2290 2250 a
2322 2196 2637 2252 Gentilibus
2665 2201 2802 2251 tunc
2829 2197 3155 2250 interfectos
3184 2196 3445 2252 collocat.

2010 2290 2058 2340 8.
2094 2286 2233 2340 lluic
2264 2303 2413 2340 anno
2446 2287 2840 2340 trecentesimo
2872 2284 3246 2355 nonagesimo
3287 2301 3441 2338 nono
3492 2285 3638 2338 Afri-

1940 2392 2210 2430 canorum
2244 2378 2537 2431 Canonum
2560 2376 2731 2429 codex
2758 2374 3066 2428 concilium
3094 2373 3536 2444 Carthaginense
3560 2391 3640 2426 as-

1940 2464 2342 2535 signatquinto
2359 2465 2631 2518 kalendas
2654 2463 2789 2517 maii
2818 2463 3076 2517 habitum
3113 2478 3126 2516 :
3159 2462 3227 2516 de
3250 2478 3363 2533 quo
3384 2462 3439 2515 id
3462 2478 3639 2516 unum

1941 2557 2228 2619 discimus,
2279 2554 2479 2608 missos
2517 2553 2587 2606 ad
2631 2554 3040 2622 Imperatorem
3083 2551 3257 2605 fuisse
3298 2548 3639 2620 Epigonium

1940 2647 1991 2695 et
2036 2640 2395 2694 Vincentium
2441 2636 2752 2708 episcopos,
2798 2636 2897 2707 qui
2929 2636 3155 2690 concilii
3190 2634 3422 2689 nomine
3456 2635 3641 2703 legem

1939 2733 2226 2801 rogarent,
2278 2744 2392 2798 qua
2421 2731 2734 2791 caveretur,
2784 2742 2854 2779 ne
2886 2725 3013 2796 quis
3043 2740 3403 2795 quocumque
3430 2722 3639 2776 scelere

1938 2818 2256 2879 obstrictus,
2293 2832 2356 2869 ex
2388 2814 2623 2869 ecclesia
2651 2814 2711 2867 in
2741 2830 2913 2884 quam
2958 2812 3327 2881 confugisset,
3377 2826 3481 2879 per
3525 2810 3637 2862 vim

1937 2907 2330 2961 extraheretur
2348 2904 2699 2973 (Cod.lCann.
2732 2904 2940 2971 Afric.,
2971 2918 3088 2956 can.
3110 2901 3218 2971 56).
3250 2901 3461 2953 [lorum
3494 2899 3640 2967 lcga-

1937 3000 2143 3060 torum,
2188 2998 2251 3047 ut
2304 2993 2437 3047 satis
2493 2991 2759 3046 credibile
2803 2996 2908 3059 est,
2962 2993 3186 3060 rogatu,
3244 2989 3431 3057 legem
3482 2985 3637 3039 illam

1936 3083 2220 3139 Honorius
2236 3081 2367 3137 tulit
2389 3080 2587 3153 quinto
2616 3081 2888 3134 kalendas
2918 3078 3152 3133 martias
3182 3092 3333 3131 anno
3360 3074 3637 3146 quadrin-

1933 3172 2272 3244 gentesimo,
2305 3186 2417 3241 qua
2440 3170 2607 3238 jubet
2633 3169 2693 3223 in
2724 3168 2861 3223 locis
2900 3166 3379 3239 frequentioribus
3409 3168 3466 3218 et
3493 3163 3635 3218 cele-

1932 3261 2221 3316 brioribus
2252 3258 2408 3329 afﬁgi
2456 3258 2817 3329 rescriptum,
2848 3258 3001 3328 quod
3033 3273 3184 3310 anno
3216 3270 3387 3327 supra
3416 3258 3641 3309 trecen-

1932 3350 2198 3405 tesimum
2230 3347 2580 3419 sexagesimo
2611 3346 2859 3401 secundo
2892 3346 2962 3399 ab
2991 3344 3217 3399 Iuliano
3240 3346 3510 3413 Apostata
3538 3341 3640 3395 im-

1931 3442 2293 3511 petraverant
2324 3436 2663 3501 Donatistaz;
2698 3452 2813 3506 quo
2844 3433 3118 3503 rescripto
3146 3433 3376 3487 illorum
3421 3446 3635 3501 propu-

1935 3528 2105 3585 diosae
2136 3528 2207 3582 ad
2238 3526 2503 3580 eumdem
2535 3525 2944 3595 imperatorem
2966 3538 3160 3593 preces
3190 3518 3636 3575 continebantur

1936 3617 2080 3686 (Cod.
2120 3616 2315 3670 Theod.
2349 3615 2414 3668 de
2452 3617 2670 3679 Haeret,
2704 3614 2814 3680 lege
2844 3611 2951 3681 37).

1169 3888 1683 4011 LIBER
1803 3879 2576 4025 QUINTUS.

452 4072 537 4121 De
562 4071 1006 4141 Augustiuiactis
1037 4072 1104 4124 ab
1137 4086 1273 4123 anno
1308 4072 1503 4121 Christi
1538 4068 2053 4135 quadringentesimo
2087 4067 2152 4116 ad
2182 4082 2373 4116 annum
2400 4054 2986 4130 'quadringentesimum
3016 4063 3278 4127 quintum.

695 4313 918 4369 CAPUT
956 4313 1253 4369 PRIMUM.

115 4404 130 4454 ι
181 4404 432 4469 Quatuor
478 4404 958 4471 Evangelistarum
998 4402 1337 4458 concordiam
1366 4402 1697 4457 demonstrat
1726 4401 1820 4456 ad-

174 4507 363 4547 versus
411 4492 677 4561 infideles.
729 4496 762 4546 2
790 4491 1093 4562 Respondet
1123 4493 1198 4547 ad
1223 4494 1482 4548 Januarii
1511 4493 1839 4561 inquisitib-'

174 4596 267 4636 nes
295 4582 364 4636 de
391 4582 762 4637 Sacramentis
792 4584 1035 4638 elvariis
1062 4583 1307 4637 Ecclesiae
1326 4581 1816 4637 consuetudinibus.

176 4674 207 4725 3
254 4671 463 4727 Scribit
512 4670 577 4725 de
607 4672 774 4741 Opere
815 4672 1215 4739 monachorum,
1265 4673 1325 4727 in
1362 4687 1544 4727 eorum
1580 4673 1820 4738 gratiam

175 4761 277 4827 qui
301 4774 356 4814 se
387 4760 509 4813 suis
538 4760 788 4815 manibus
818 4760 1212 4827 transigebant.

182 4851 231 4902 ι.
263 4849 490 4903 Interea
521 4847 661 4903 dum
689 4849 963 4920 profanus
982 4848 1355 4904 mentitorum
1376 4849 1614 4904 deorum
1635 4847 1819 4902 cultus

109 4935 175 4990 de
232 4940 354 4992 toto
400 4939 665 4993 Romano
715 4938 960 5010 imperio
1005 4938 1508 5005 exterminabatur,
1555 4937 1816 4992 laboran'

108 5024 245 5081 dum
275 5027 449 5082 simul
480 5026 613 5095 fuit,
644 5032 710 5083 ut
735 5044 801 5082 ea
828 5045 1059 5100 quoque
1081 5027 1511 5099 dissiparentur,
1547 5043 1674 5099 qua:
1694 5026 1820 5080 inﬁ-

108 5114 261 5169 deles
304 5117 585 5193 adversus
628 5117 845 5172 cultum
894 5117 1144 5173 nominis
1193 5116 1399 5172 Christi
1437 5117 1812 5188 objectabant.

108 5204 248 5259 Nam
277 5205 543 5277 quamvis
574 5222 642 5261 eo
674 5206 799 5261 loco
844 5223 933 5261 res
977 5210 1185 5274 essent,
1218 5211 1283 5261 ut
1311 5205 1394 5261 illi
1430 5206 1553 5276 jam
1580 5204 1731 5260 inter
1760 5221 1817 5258 se

106 5291 261 5362 ipsos
302 5296 625 5350 calumnias
663 5312 792 5350 suas
840 5296 1140 5351 mussitare
1171 5295 1263 5349 vix
1310 5294 1611 5363 auderent,
1657 5310 1814 5349 com—

105 5383 286 5451 pressi
329 5384 444 5440 Iide
490 5385 761 5442 Gentium
811 5388 867 5440 et
909 5384 1169 5441 omnium
1218 5383 1517 5439 devotione
1572 5386 1815 5455 pepule-

106 5487 239 5527 rum
265 5489 283 5526 :
310 5479 716 5531 verumtamen
748 5474 882 5545 quia
912 5476 1215 5529 nonnullos
1241 5473 1427 5529 adhuc
1449 5473 1817 5529 calumniosis

106 5560 594 5632 disputationibus
623 5564 743 5618 suis
781 5564 866 5618 vel
907 5563 1271 5619 retardabant
1295 5579 1330 5617 a
1357 5564 1490 5631 tide,
1523 5579 1594 5618 ne
1620 5564 1813 5634 crede-

1932 4315 2089 4380 rent;
2137 4311 2223 4365 vel
2247 4310 2367 4380 jam
2397 4309 2712 4377 credentes,
2744 4311 3024 4381 quantum
3055 4310 3336 4379 poterant,
3368 4306 3634 4378 agitando

1930 4399 2344 4470 perturbabant
2376 4415 2389 4453 :
2423 4415 2489 4453 ea
2516 4402 2751 4471 propter
2791 4397 3143 4470 Augustinus
3171 4395 3485 4466 inspirante
3515 4398 3631 4451 Deo

1930 4488 2177 4543 decrevit
2200 4492 2430 4559 argutas
2474 4504 2675 4543 eorum
2714 4485 3138 4541 criminationes
3163 4490 3359 4539 contra
3388 4490 3634 4556 quatuor

1929 4577 2247 4647 praesertim
2315 4576 2635 4648 Evangelia,
2697 4576 2908 4629 horum
2976 4573 3336 4628 concordiam
3393 4573 3631 4628 demon-

1932 4668 2184 4734 strando,
2235 4666 2493 4720 refellere
2548 4682 2560 4720 :
2620 4667 2726 4719 Hoc
2770 4666 2913 4718 enim
2965 4663 3155 4729 solent,
3212 4661 3422 4733 inquit,
3472 4663 3634 4732 quasi

1924 4758 2173 4825 palmare
2218 4772 2327 4811 sum
2370 4756 2632 4810 vanitatis
2679 4753 2925 4822 objicere,
2958 4751 3103 4821 quod
3129 4752 3240 4821 ipsi
3276 4752 3634 4820 Evangelistz

1930 4849 2070 4900 inter
2096 4862 2150 4901 se
2169 4848 2313 4917 ipsos
2344 4845 2669 4900 dissentiant
2696 4840 2799 4913 (De
2820 4842 2973 4897 Cons.
3004 4842 3240 4910 Evang.,
3277 4842 3372 4895 lib.
3411 4844 3459 4905 I,
3501 4856 3547 4894 ο.
3573 4844 3628 4906 7,

1928 4954 1983 4992 n.
2022 4940 2133 5010 IO).
2155 4938 2342 4993 Posito
2380 4936 2557 5008 igitur
2584 4935 2655 4989 ad
2687 4933 2919 5006 aliquod
2958 4936 3210 5005 tempus,
3243 4933 3399 5005 quod
3429 4932 3489 4986 in
3517 4948 3633 4986 ma-

1930 5026 2095 5082 nibus
2136 5026 2402 5093 habebat,
2453 5039 2627 5096 opere
2671 5022 2741 5077 de
2788 5021 3083 5089 Trinitate,
3129 5021 3286 5077 aliud
3324 5021 3631 5075 admodum

1929 5116 2331 5183 necessarium,
2377 5130 2490 5187 quo
2530 5127 2815 5167 summam
2873 5110 3359 5182 Evangelistarum
3396 5125 3627 5164 concor-

1928 5206 2080 5261 diam
2110 5205 2451 5270 ostenderet,
2485 5200 2731 5272 suscepit
2759 5201 3111 5272 perfecitque
3140 5200 3334 5255 labore
3359 5198 3629 5254 continuo

1928 5296 2186 5364 (Relract.
2222 5294 2314 5348 lib.
2348 5296 2401 5359 2,
2430 5308 2551 5362 cap.
2589 5290 2699 5364 t6).
2734 5291 2893 5346 Haud
2915 5291 2997 5345 ibi
3025 5289 3248 5344 silentio
3268 5286 3628 5359 praeterit,si-

1929 5385 2186 5439 mulacra
2202 5398 2332 5453 qua:
2364 5380 2629 5436 Gentium
2654 5380 2873 5435 accitas
2888 5379 3292 5448 adorabat,per
3316 5376 3376 5431 id
3397 5380 3629 5447 tempo-

1930 5474 2005 5528 ris
2038 5474 2198 5545 jussu
2231 5472 2645 5543 imperatorum
2673 5470 2851 5526 deleri
2880 5470 2976 5541 (De
3000 5471 3154 5525 Cons.
3186 5468 3400 5535 Evang.
3434 5466 3529 5521 lib.
3578 5470 3593 5520 Ι
3612 5511 3624 5532 ,

1926 5582 1998 5619 cc.
2054 5567 2142 5629 20,
2202 5564 2294 5625 27)
2340 5577 2351 5615 :
2409 5561 2560 5633 quod
2619 5562 2957 5631 argumento
3005 5560 3108 5622 est,
3140 5571 3269 5610 cum
3311 5556 3470 5628 Operi
3496 5557 3626 5613 huic
