4008 6184
315 270 415 323 '287

317 405 550 445 manum
581 403 698 444 non
730 390 859 444 ante
883 387 1056 444 ﬁnem
1079 387 1216 444 anni
1243 390 1627 446 trecentesimi
1657 389 2013 462 nonagesimi

1517 268 1690 324 VITA
1746 267 1800 323 S.
1863 263 2245 323 AUGUSTINI
2304 263 2645 320 EPISCOPI.

3713 265 3825 318 288

2126 393 2177 443 ct
2203 391 2572 459 occupationes
2617 402 2780 442 meas.
2829 389 3058 442 Tantum
3087 387 3228 439 enim
3257 385 3446 440 absum
3475 385 3543 440 ab
3573 401 3647 453 eo,
3679 385 3830 456 quod

316 479 452 535 noni
501 479 832 534 admovisse.
897 479 1103 550 Legem
1161 479 1313 533 enim
1361 481 1467 534 hac
1508 481 1576 534 de
1623 497 1682 534 re
1731 479 2018 550 conceptis
2119 480 2352 548 putasti,
2384 478 2527 532 nihil
2553 493 2635 531 me
2663 478 2851 542 latere,
2884 480 2944 530 ut
2974 477 3112 531 nihil
3139 478 3196 529 in
3225 477 3450 545 epistola
3485 481 3576 530 tua
3603 477 3826 544 legerim

319 568 503 624 verbis
527 569 715 623 datam
747 568 962 622 nullam
995 568 1272 622 habemus
1303 568 1370 622 iis
1402 569 1777 640 superiorem,
1801 585 1930 640 quia
1957 568 2018 622 in

319 658 503 713 Africa
543 657 922 729 promulgata:
975 660 1032 710 et
1080 657 1422 712 exsecutioni
1464 659 1744 712 mandata:
1789 657 2021 712 fuerunt

320 762 470 800 anno
520 763 691 817 supra
740 748 1055 800 memorato
1104 763 1119 799 :
1168 744 1374 816 quibus
1412 746 1668 800 nondum
1699 745 2020 801 constitutis

320 836 606 889 fatebatur
649 833 1015 903 Augustinus,
1051 848 1163 887 non
1204 834 1372 888 licere
1415 834 1522 888 sibi
1554 834 1856 889 simulacra
1885 851 2018 889 con-

320 923 589 994 fringere,
625 922 732 976 nisi
759 922 828 976 ab
856 921 966 975 illis
993 937 1238 992 quorum
1271 938 1338 976 ea
1367 927 1551 991 erant,
1582 924 1820 978 facultas
1857 923 2018 978 dare-

319 1017 413 1067 tur
441 1012 640 1083 (Serm.
673 1013 760 1075 6'2,
797 1027 841 1066 c.
889 1014 970 1077 11,
998 1027 1053 1064 η.
1091 1012 1192 1079 17).
1229 1011 1369 1066 Cum
1395 1017 1590 1067 autem
1621 1013 1793 1084 hujus
1832 1012 2020 1083 operis

320 1117 521 1170 scopus
550 1100 620 1153 sit
661 1099 1077 1172 demonstrare,
1126 1117 1239 1172 qua
1281 1101 1501 1156 ratione
1533 1102 1652 1155 loca
1684 1101 2021 1173 Evangelia-

319 1205 446 1244 rum
505 1188 566 1242 in
623 1188 870 1259 speciem
915 1187 1067 1242 inter
1111 1206 1169 1244 se
1217 1189 1550 1245 dissidentia
1585 1191 1808 1261 possint
1836 1191 2020 1246 conci-

321 1277 476 1344 liari;
505 1277 737 1332 titulum
765 1277 817 1331 ei
854 1277 1082 1344 indidit,
1114 1281 1186 1333 De
1224 1279 1492 1336 Consensu
1521 1282 2015 1349 Evangelistarum.

322 1366 546 1422 Primus
587 1371 783 1422 tamen
826 1367 1013 1438 aperis
1064 1366 1210 1422 liber
1252 1367 1314 1422 in
1357 1368 1427 1422 iis
1469 1369 1825 1424 revincendis
1866 1373 2023 1424 totus

323 1458 650 1526 occupatur,
683 1455 781 1527 qui
811 1471 941 1510 cum
973 1455 1280 1524 Christum,
1308 1459 1583 1528 tanquam
1613 1457 1908 1512 hominem
1940 1476 2018 1512 sa-

322 1543 541 1615 pientia
585 1544 756 1615 longe
789 1560 907 1615 prae.
937 1544 1154 1599 cmteris
1181 1545 1574 1612 excellentem,
1623 1546 2022 1602 honorandum

325 1648 447 1686 esse
495 1647 611 1686 non
659 1637 958 1704 negarent,
1010 1633 1313 1704 Evangelio
1359 1637 1552 1688 tamen
1602 1633 1777 1690 ﬁdem
1827 1635 2022 1691 haberi

325 1721 560 1787 nollent,
595 1722 747 1792 quod
774 1738 890 1776 non
922 1722 990 1776 ab
1019 1720 1142 1792 ipso
1173 1721 1392 1777 Christo
1419 1722 1798 1794 conscriptum
1829 1723 2020 1789 fuerit,

325 1809 419 1863 sed
452 1809 521 1863 ab
548 1809 669 1880 ejus
691 1809 1006 1880 discipulis,
1030 1809 1130 1880 qui
1150 1814 1206 1864 et
1229 1810 1569 1881 magistrum
1593 1827 1758 1866 suum
1781 1828 1885 1882 pro
1911 1813 2024 1866 Deo

325 1897 718 1966 abstruserint,
743 1901 798 1952 et
821 1899 888 1953 de
913 1899 1150 1954 deorum
1174 1900 1485 1955 abdicando
1507 1901 1681 1965 cultu,
1703 1919 1872 1974 quam
1903 1902 2024 1972 ipse

324 2003 440 2041 non
487 1985 569 2040 eis
614 1986 940 2042 tradidisset
987 1988 1304 2042 doctrinam
1335 1989 1714 2060 prmdicarent
1741 1992 1840 2062 (De
1868 1992 2020 2048 Cons.

323 2079 559 2143 Erang.,
601 2076 694 2131 lib.
727 2079 779 2139 2,
808 2078 1019 2146 prolog.
1051 2093 1110 2132 η.
1143 2078 1213 2148 1).
1240 2079 1306 2132 In
1335 2078 1460 2132 aliis
1489 2095 1626 2150 ergo
1656 2079 1838 2133 tribus
1867 2080 2025 2134 libris

326 2163 573 2219 ostendit
611 2169 860 2236 quatuor
903 2166 1285 2236 Evangelistas
1315 2167 1466 2221 inter
1495 2185 1553 2222 se
1584 2184 1878 2240 nunquam
1908 2186 2023 2224 non

325 2251 628 2308 convenire
662 2269 675 2307 :
713 2270 827 2323 qua
855 2253 916 2307 in
946 2255 1132 2325 operis
1162 2259 1324 2324 parte
1356 2257 1601 2310 multum
1633 2273 1823 2328 operm
1849 2274 1912 2312 ac
1942 2259 2026 2312 la-

327 2340 479 2395 boris
517 2357 574 2396 se
605 2341 1018 2412 consumpsisse
1048 2358 1164 2396 non
1191 2343 1468 2398 difﬁtetur
1511 2346 1589 2414 (In
1616 2348 1778 2402 Joan.
1813 2349 2023 2416 Evang.

330 2431 532 2485 Tracti.
584 2433 704 2493 H2,
757 2431 898 2501 117).
932 2430 1230 2486 Enimvero
1279 2432 1584 2487 destitutus
1613 2438 1735 2488 erat
1763 2434 1833 2488 iis
1861 2436 2024 2506 adju-

327 2518 554 2584 mentis,
601 2518 808 2591 quibus
831 2519 1092 2575 instructi
1121 2521 1280 2576 fuere
1327 2525 1611 2593 quotquot
1639 2528 1836 2594 postea
1872 2525 2022 2579 idem

327 2606 468 2662 illud
500 2611 905 2679 argumentum
926 2613 1242 2663 tractarunt
1269 2626 1283 2664 :
1304 2610 1402 2681 qui
1429 2613 1624 2665 tamen
1644 2609 1754 2681 ipsi
1773 2611 2026 2682 vestigiis

329 2697 450 2767 ejus
479 2697 820 2764 insistentes,
851 2697 941 2752 vix
974 2698 1291 2770 quidquam
1320 2699 1559 2771 alicujus
1578 2701 1857 2755 momenti
1877 2699 2028 2754 inve-

326 2802 482 2853 nere,
518 2787 672 2858 quod
704 2787 800 2841 ille
830 2803 947 2841 non
975 2787 1278 2843 docuisset.

396 2879 448 2930 2.
485 2877 556 2930 Ex
589 2875 829 2930 eruditis
869 2876 1203 2946 hujusmodi
1231 2875 1729 2933 lucubrationibus
1757 2893 2025 2949 magnam

329 2965 806 3019 existimationem
827 2965 947 3035 jam
976 2967 1303 3037 collegerat,
1332 2983 1460 3021 cum
1495 2967 1564 3022 ad
1591 2982 1724 3022 eum
1755 2971 2027 3037 tanquam

327 3055 618 3108 doctorem
664 3054 960 3122 eximium,
1001 3072 1174 3126 quem
1220 3056 1361 3111 nihil
1409 3057 1629 3124 lateret,
1684 3056 2028 3112 christiauus

327 3143 560 3213 quidam
581 3143 790 3215 pietate
819 3144 1080 3215 insignis,
1113 3150 1170 3200 et
1197 3146 1379 3199 eidem
1407 3152 1597 3200 sancto
1628 3147 1854 3201 Doctori
1885 3148 2028 3202 bene

327 3231 591 3302 cognitus
632 3231 918 3300 (Januario
963 3248 1174 3287 nomen
1227 3235 1387 3303 erat),
1437 3225 1767 3291 deferendas
1814 3235 2031 3291 curavit

328 3319 511 3374 varias
558 3320 636 3374 de
677 3320 1054 3375 Sacramentis
1083 3325 1138 3376 et
1171 3322 1424 3376 Ecclesiae
1456 3323 1657 3377 ritibus
1692 3323 2024 3396 inquisitio-

328 3425 449 3465 nes.
483 3409 623 3465 Cum
648 3409 950 3482 permulta»
982 3409 1095 3466 illm
1126 3414 1312 3466 essent
1335 3413 1794 3478 commonitorio,
1826 3414 1912 3468 uti
1932 3430 2027 3468 vo-

327 3503 507 3566 catur,
558 3500 809 3572 quodam
857 3500 1302 3572 comprehensae,
1344 3501 1598 3573 primum
1645 3503 1876 3574 quidem
1926 3504 2028 3559 uni

329 3588 452 3660 ejus
481 3589 807 3661 quaestioni,
830 3590 1114 3660 omnium,
1143 3590 1189 3645 si
1216 3591 1476 3647 ordinem
1498 3597 1735 3664 spectes,
1760 3593 2025 3665 principi,

329 3678 398 3733 ab
429 3679 748 3750 Augustino
780 3695 1116 3750 responsum
1140 3685 1242 3748 est,
1267 3698 1378 3753 qua
1407 3681 1673 3737 videlicet
1701 3682 2031 3754 inquirebat

329 3767 465 3838 quid
494 3784 596 3839 per
633 3768 893 3840 quintam
922 3770 1120 3824 feriam
1153 3770 1372 3825 ultimae
1398 3770 1770 3826 hebdomadis
1791 3773 2031 3836 Quadra-

330 3855 561 3926 gesima:
588 3855 713 3909 fieri
743 3857 973 3922 debeat;
1025 3875 1097 3912 an
1129 3858 1488 3914 offerendum
1527 3859 1599 3914 sit
1627 3876 1796 3915 mane
1827 3865 1882 3916 et
1910 3877 2031 3915 rur-

331 3959 426 3996 sus
453 3947 582 4013 post
610 3959 858 4011 orenam;
883 3962 955 3999 an
974 3946 1376 4016 jejunandum,
1411 3953 1469 4001 et
1496 3952 1623 4018 post
1652 3964 1873 4003 coenam
1899 3954 2030 4003 tan-

328 4031 627 4087 tummodo
657 4031 1036 4101 offerendum;
1071 4051 1144 4088 an
1183 4035 1356 4089 etiam
1379 4035 1782 4107 jejunandum,
1815 4041 1870 4092 et
1903 4044 2033 4108 post

331 4121 702 4188 oblationem,
744 4121 891 4176 sicut
936 4123 1118 4178 facere
1150 4124 1418 4191 solemus,
1451 4125 1766 4196 inquiebat,
1797 4143 2028 4182 coenan-

331 4209 468 4265 dum
491 4210 688 4280 (Epist.
708 4211 796 4276 54,
823 4225 868 4264 c.
893 4213 944 4277 5,
966 4226 1023 4266 η.
1045 4209 1118 4282 6).
1145 4211 1376 4266 Caetera:
1399 4216 1589 4267 autem
1606 4213 1950 4285 quaestiones
1973 4214 2030 4269 in

331 4299 484 4354 aliud
509 4303 737 4370 tempus
763 4298 952 4354 dilatae
993 4304 1142 4355 sunt.
1186 4300 1328 4356 Cum
1365 4317 1497 4356 vero
1527 4303 1827 4357 Ianuarius
1859 4303 2030 4375 longo

329 4393 458 4458 post
489 4392 749 4460 tempore
796 4405 899 4461 per
925 4390 1140 4444 litteras
1171 4405 1302 4445 eum
1335 4395 1610 4462 rogasset,
1644 4409 1715 4446 ne
1746 4391 1860 4446 illis
1890 4409 2032 4463 quo-

332 4493 445 4546 que
474 4477 794 4533 satisfacere
825 4483 1174 4550 gravaretur,
1209 4483 1433 4534 sanctus
1463 4481 1768 4552 Episcopus
1801 4483 2027 4549 multas,

333 4565 541 4635 quibus
579 4569 714 4621 tunc
755 4567 1221 4639 distringebatur,
1269 4568 1666 4639 occupationes
1703 4569 2030 4636 intermisit,

333 4670 447 4726 quo
481 4653 734 4724 ejusdem
765 4656 972 4726 optatis
999 4658 1175 4735 altera
1205 4657 1336 4711 data
1365 4655 1605 4727 epistola
1644 4674 1744 4712 seu
1778 4658 1921 4712 libro
1962 4660 2028 4712 ad

333 4760 467 4799 eum
509 4743 756 4798 secundo
805 4747 1179 4815 responderet
1222 4745 1422 4815 (Epist.
1476 4749 1564 4808 55.
1591 4763 1645 4800 n.
1684 4746 1750 4816 1).
1791 4745 1853 4800 Id
1884 4746 2035 4800 inter

333 4837 538 4888 cratera
581 4831 973 4888 sciscitabatur
1017 4834 1338 4903 Ianuarius,
1371 4850 1473 4888 cur
1513 4850 1628 4888 non
1668 4850 1893 4905 semper
1923 4844 2036 4888 una

335 4923 652 4994 eademque
683 4921 796 4988 die,
826 4923 1311 4994 quemadmodum
1348 4923 1558 4978 Natalis
1588 4923 1840 4991 Domini,
1871 4924 1951 4978 ita
1981 4927 2036 4978 et

334 5010 619 5067 Paschatis
647 5009 856 5065 festum
884 5011 1296 5080 celebraretur;
1329 5029 1496 5068 curve
1525 5012 1584 5066 in
1618 5014 1718 5067 hac
1740 5014 2037 5067 statuenda

335 5117 395 5157 re
427 5101 828 5157 observaretur
855 5099 1153 5155 sabbatum
1183 5107 1240 5156 et
1267 5103 1403 5157 luna
1437 5102 1616 5170 (lbid.,
1647 5117 1702 5156 η.
1735 5105 1808 5166 2).
1845 5103 1908 5156 ln
1938 5117 2034 5172 ge-

337 5191 510 5246 minis
537 5191 692 5246 hisce
721 5188 886 5244 libris
933 5188 1004 5244 de
1047 5190 1553 5246 consuetudinibus
1591 5190 1786 5244 multis
1825 5189 2033 5260 agitur,

336 5296 465 5352 qua;
511 5281 600 5336 vel
647 5279 708 5335 in
751 5277 1038 5344 omnibus,
1069 5278 1156 5332 vel
1189 5279 1372 5333 solum
1402 5279 1463 5332 in
1493 5279 1834 5351 quibusdam
1860 5279 2037 5333 Eccle-

339 5370 436 5424 siis
490 5371 845 5426 obtinebant.
881 5367 1099 5434 Quibus
1152 5368 1440 5440 explicatis
1479 5370 1828 5440 Augustinus
1876 5369 2036 5440 operi

339 5459 514 5512 tinem
544 5459 787 5532 imponit
825 5460 884 5514 in
911 5460 1032 5514 haec
1061 5458 1233 5512 verba
1265 5474 1276 5511 :
1312 5461 1432 5513 Haec
1464 5459 1565 5513 tibi
1592 5461 1642 5512 si
1662 5460 1798 5514 satis
1826 5472 1936 5513 esse
1963 5458 2038 5512 ad

339 5565 402 5604 ea
452 5562 571 5622 quae
598 5551 879 5622 requisisti
906 5567 1009 5606 non
1047 5550 1346 5620 putaveris,
1375 5549 1541 5605 nimis
1569 5550 1790 5617 ignoras
1819 5553 1868 5603 et
1895 5550 2035 5603 vires

2126 570 2368 634 tristius;
2401 569 2534 638 quia
2585 572 2635 622 et
2676 569 3016 636 apertissime
3044 567 3248 634 falsum
3277 570 3382 631 est;
3414 570 3466 619 ct
3490 567 3656 619 miror
3692 568 3832 634 quia

2127 661 2220 712 hoc
2260 661 2310 711 te
2357 658 2504 724 latet,
2549 657 2693 727 quod
2729 671 2835 710 non
2883 656 3054 710 solum
3084 657 3143 708 in
3189 655 3317 709 aliis
3347 654 3833 708 innumerabilibus

2124 747 2280 801 rebus
2327 747 2500 800 multa
2541 761 2623 800 me
2652 746 2839 812 latent,
2873 744 2966 799 sed
2993 745 3156 798 etiam
3191 745 3250 797 in
3296 745 3434 812 ipsis
3465 745 3664 796 sanctis
3686 744 3836 798 Scri-

2122 837 2310 906 pturis
2325 837 2492 890 multo
2513 837 2748 889 nesciam
2772 835 2940 904 plura
2978 849 3142 904 quam
3179 835 3367 888 sciam.
3402 833 3508 888 Sed
3535 833 3651 887 ideo
3681 847 3831 902 spem

2127 926 2189 976 in»
2212 925 2424 978 nomine
2461 924 2666 980 Christi
2693 938 2798 977 non
2828 924 3227 990 infructuosam
3255 936 3399 990 gero,
3435 923 3567 992 quia
3607 937 3705 975 non
3741 936 3827 974 so-

2128 1013 2238 1066 lum
2284 1012 2495 1067 credidi
2523 1014 2627 1066 Deo
2663 1027 2795 1078 meo,
2847 1013 2905 1064 in
2943 1012 3051 1066 illis
3082 1010 3288 1065 duobus
3334 1011 3616 1080 praceptis
3663 1013 3831 1063 totam

2125 1103 2314 1169 Legem
2356 1101 2757 1172 Prophetasque
2797 1099 3051 1170 pendere,
3091 1100 3186 1154 sed
3213 1101 3374 1154 etiam
3400 1104 3654 1168 expertus
3685 1113 3831 1167 sum,

2127 1193 2478 1260 empiriorque
2497 1190 2764 1260 quotidie;
2791 1189 3226 1259 quandoquidem
3247 1190 3457 1243 nullum
3483 1190 3621 1242 mihi
3643 1204 3835 1242 sacra-

2127 1285 2361 1335 mentum
2390 1285 2486 1336 aut
2525 1282 2728 1351 aliquis
2745 1295 2916 1335 sermo
2945 1279 3237 1334 admodum
3265 1278 3542 1332 obscurior
3569 1277 3634 1331 de
3657 1278 3835 1332 sacris

2127 1371 2347 1424 Litteris
2373 1372 2636 1440 aperitur,
2659 1370 2755 1423 ubi
2773 1384 2878 1424 non
2893 1369 3077 1423 eadem
3093 1371 3365 1438 precepta
3377 1368 3644 1437 reperiam
3665 1384 3681 1420 :
3705 1368 3836 1436 ﬁnis

2128 1460 2266 1512 enim
2295 1461 2551 1530 praecepti
2595 1463 2673 1514 est
2710 1460 2950 1513 Charitas
2991 1457 3174 1529 (Ibid.,
3215 1473 3260 1512 c.
3297 1459 3389 1526 20,
3418 1473 3473 1511 η.
3509 1457 3614 1524 38).
3651 1454 3837 1510 Libris

2128 1543 2326 1600 iisdem
2359 1547 2428 1601 ad
2458 1545 2792 1601 Ianuarium
2833 1563 2982 1600 anno
3011 1545 3236 1600 circiter
3263 1543 3836 1615 quadringentesimo

2129 1629 2464 1701 conscriptis
2491 1630 2846 1700 Augustinus
2874 1628 3134 1699 proxime
3173 1628 3470 1700 subjungit
3512 1627 3727 1681 librum
3770 1626 3837 1680 de

2131 1721 2313 1790 Opere
2338 1720 2749 1774 monachorum
2781 1719 3040 1788 (Retract.
3074 1719 3167 1772 lib.
3200 1721 3252 1784 2,
3287 1733 3407 1787 cap.
3440 1715 3552 1784 2t).

2203 1812 2255 1864 3.
2306 1808 2491 1879 Supra
2537 1807 2800 1873 vidimus,
2848 1807 3179 1862 monasticae
3210 1806 3338 1860 vitae
3369 1805 3703 1859 institutum
3735 1815 3840 1872 per

2131 1896 2374 1951 Africam
2407 1914 2438 1950 a
2469 1913 2581 1968 quo
2601 1901 2859 1968 tempore
2887 1896 2946 1951 in
2969 1912 3095 1950 eam
3120 1895 3258 1951 illud
3291 1892 3838 1966 importavitibique

2133 2002 2354 2040 servare
2405 1986 2576 2056 ccepit
2611 1986 2985 2057 Augustinus,
3018 1985 3213 2039 multis
3256 1984 3394 2039 locis
3434 1981 3594 2038 brevi
3623 1995 3839 2052 propa-

2133 2079 2327 2144 gatum
2374 2075 2565 2130 fuisse.
2620 2075 2873 2130 Plurima
2923 2074 3262 2146 Carthagine
3315 2071 3665 2128 monasteria
3706 2085 3837 2124 mox

2134 2164 2372 2219 excitata
2399 2169 2531 2219 sunt
2562 2181 2575 2220 :
2608 2164 2666 2218 in
2696 2164 2903 2234 quibus
2934 2169 3128 2218 tamen
3156 2181 3268 2218 non
3290 2179 3405 2216 una
3434 2161 3672 2217 omnino
3707 2159 3838 2213 vita:

2133 2253 2318 2308 forma
2354 2254 2675 2308 tenebatur.
2717 2253 2822 2307 Alii
2856 2253 3139 2324 siquidem
3169 2252 3439 2324 Apostolo
3470 2249 3838 2321 praecipienti

2135 2359 2353 2397 morem
2382 2347 2660 2414 gerentes,
2693 2343 2926 2414 proprio
2961 2343 3170 2397 sudore
3213 2342 3423 2396 victum
3465 2340 3574 2394 sibi
3603 2355 3839 2410 compa-

2135 2433 2362 2487 rabant.
2399 2431 2510 2486 Alii
2541 2437 2738 2486 contra
2770 2450 2826 2486 se
2853 2431 3078 2504 piorum
3110 2431 3409 2485 hominum
3433 2428 3684 2485 donariis
3715 2445 3839 2482 sus-

2133 2521 2339 2576 tentari
2369 2522 2679 2585 malebant,
2731 2522 2801 2577 ab
2851 2521 3012 2576 omni
3056 2521 3269 2586 labore,
3304 2535 3417 2591 quo
3448 2519 3555 2572 sibi
3582 2534 3838 2573 necessa-

2137 2610 2219 2665 ria
2249 2611 2632 2682 providerent,
2661 2611 3100 2681 supersedentes
3127 2627 3140 2664 :
3174 2610 3346 2680 idque
3388 2626 3506 2663 non
3536 2608 3694 2679 quod
3724 2608 3838 2662 ullo

2135 2698 2511 2754 ecclesiastico
2560 2699 2881 2754 ministerio
2929 2706 3364 2770 occuparentur,
3408 2702 3472 2752 ut
3518 2697 3690 2752 altari
3731 2713 3839 2750 ser-

2135 2788 2350 2842 vientes
2381 2788 2513 2844 inde
2543 2788 2746 2843 merito
2777 2789 2885 2843 sibi
2929 2787 3274 2859 stipendium
3321 2787 3710 2858 postularent;
3745 2789 3840 2841 aut

2137 2879 2288 2950 quod
2316 2878 2553 2932 delicate
2581 2894 2644 2932 ac
2681 2877 2935 2932 molliter
2963 2877 3204 2944 educati,
3232 2893 3347 2931 non
3379 2880 3568 2930 essent
3595 2875 3836 2930 ferendo

2137 2983 2411 3022 manuum
2442 2966 2624 3021 labori
2653 2983 2846 3038 pares;
2878 2966 3092 3038 quippe
3123 2967 3220 3038 qui
3250 2966 3308 3020 in
3341 2965 3672 3019 sodalitium
3707 2981 3834 3018 san-

2137 3061 2289 3111 ctum
2333 3055 2638 3122 coiverant,
2684 3055 2783 3110 ubi
2829 3056 3010 3110 multo
3057 3055 3424 3115 abundabant
3467 3055 3605 3119 otio,
3641 3059 3703 3108 et.
3742 3071 3838 3108 eo-

2136 3163 2263 3201 rum
2301 3145 2560 3217 plerique
2590 3145 2724 3199 illuc
2772 3161 2803 3200 a
2840 3145 2954 3200 vita
2983 3145 3331 3216 gravissimis
3368 3144 3659 3198 laboribus
3684 3159 3840 3197 exer-

2136 3236 2244 3290 cita
2281 3238 2576 3289 venerant.
2607 3235 2680 3289 At
2707 3250 2840 3289 vero
2883 3236 3065 3289 multo
3111 3235 3314 3288 melius
3352 3250 3472 3287 esse
3502 3233 3642 3303 ipsis
3687 3233 3839 3287 vide-

2135 3323 2321 3392 batur,
2370 3323 2722 3378 orationibus
2767 3329 2823 3378 et
2863 3324 3097 3396 psalmis
3127 3329 3184 3378 et
3211 3322 3440 3377 lectioni
3471 3338 3692 3388 vacare,
3726 3325 3840 3376 stu-

2137 3412 2230 3468 dio
2255 3429 2482 3484 quoque
2511 3412 2842 3467 incumbere
2869 3429 2932 3467 ac
2962 3411 3322 3468 meditationi
3349 3411 3510 3466 verbi
3540 3411 3663 3477 Dei,
3681 3411 3835 3482 quod

2136 3502 2494 3556 venientibus
2525 3502 2592 3556 ad
2621 3517 2678 3556 se
2706 3518 2772 3555 ex
2814 3502 2924 3556 alio
2953 3517 3161 3572 genere
3189 3500 3319 3555 vitae
3348 3500 3621 3555 fratribus
3649 3517 3836 3572 quan-

2138 3592 2324 3664 doque
2347 3591 2704 3662 erogandum
2735 3596 2906 3663 atque
2937 3591 3339 3663 exponendum
3370 3594 3543 3657 esset;
3587 3605 3651 3644 ac
3697 3591 3838 3644 illud

2138 3683 2370 3738 demum
2399 3687 2533 3736 non
2581 3683 2869 3754 operando
2915 3683 3154 3754 implere
3202 3685 3534 3748 statuerant,
3581 3681 3742 3752 quod
3780 3681 3836 3734 in

2140 3771 2442 3843 Evangelio
2491 3771 2560 3825 de
2607 3771 3029 3826 considerandis
3076 3770 3401 3825 volatilibus
3447 3775 3502 3824 et
3547 3769 3687 3824 liliis
3717 3769 3836 3840 agri

2138 3860 2493 3932 prascipitur,
2524 3877 2653 3932 qum
2693 3877 2879 3933 neque
2911 3859 3215 3928 seminant,
3243 3876 3431 3932 neque
3458 3863 3682 3913 metunt
3714 3876 3727 3913 :
3757 3864 3836 3913 ta-

2139 3949 2302 4003 metsi
2355 3949 2425 4004 de
2475 3949 2583 4004 hoc
2620 3951 2773 4021 quod
2822 3949 3105 4021 adjicitur,
3155 3965 3343 4019 neque
3391 3952 3748 4020 congregant
3783 3947 3835 4001 in

2139 4037 2442 4109 apothecas
2491 4041 2704 4104 (Matth.
2745 4042 2798 4106 6,
2848 4039 2956 4106 26),
3011 4039 3199 4092 minus
3248 4037 3491 4103 solliciti,
3533 4053 3724 4107 penus
3751 4053 3836 4090 re-

2138 4127 2454 4181 condendm
2478 4143 2670 4181 curam
2697 4128 3147 4199 haudquaquam
3175 4125 3544 4198 abjecissent;
3575 4125 3695 4179 imo
3726 4124 3836 4178 vel-

2137 4215 2257 4268 lent
2277 4231 2478 4269 manus
2507 4215 2718 4270 habere
2749 4217 2979 4284 otiosas,
3014 4221 3071 4271 et
3097 4215 3432 4286 repositoria
3464 4215 3656 4284 plena.
3703 4214 3837 4278 Qui-

2138 4319 2383 4374 cumque
2411 4320 2543 4358 vcro
2573 4305 2643 4358 ab
2693 4321 2971 4358 manuum
3012 4320 3183 4375 opere
3227 4304 3305 4358 sic
3360 4304 3659 4369 vacabant,
3711 4318 3834 4357 cum

2137 4393 2246 4463 ipsi
2277 4393 2550 4448 deberent
2577 4394 2660 4447 vel
2693 4393 2984 4464 propriam
3017 4393 3267 4464 corporis
3305 4391 3724 4456 inﬁrmitatem,
3755 4391 3834 4444 vel

2138 4499 2298 4537 suam
2347 4483 2605 4552 ipsorum
2654 4481 2929 4537 desidiam
2979 4498 3306 4553 agnoscere,
3358 4497 3478 4534 sese
3527 4479 3596 4533 iis
3625 4479 3832 4550 potius,

2140 4572 2239 4644 qui
2297 4572 2628 4643 quotidiano
2681 4556 2939 4642 duroque
2989 4571 3184 4626 labore
3230 4570 3440 4625 victum
3491 4574 3835 4641 quaererent,

2142 4661 2582 4732 anteponebant.
2619 4659 2760 4715 Hinc
2781 4677 2950 4731 porro
2979 4659 3159 4715 sancti
3178 4661 3451 4731 praesules
3470 4660 3834 4722 verebantur,

2139 4755 2206 4805 ut
2241 4750 2359 4804 veri
2400 4749 2684 4812 monachi,
2732 4750 2830 4820 qui
2875 4749 3047 4804 vitam
3096 4766 3161 4804 ex
3219 4748 3459 4802 sanioris
3506 4747 3634 4802 vitae
3692 4763 3837 4818 prie-

2143 4839 2351 4910 scripto
2381 4853 2543 4892 suam
2588 4837 2932 4908 dirigebant,
2974 4836 3159 4891 fallaci
3201 4837 3432 4891 demum
3479 4835 3714 4907 pietatis
3752 4835 3838 4889 su-

2144 4925 2422 4980 blimioris
2468 4925 2652 4997 specie
2693 4924 2764 4979 ad
2811 4923 3076 4978 inertiam
3128 4924 3555 4994 pellicerentur,
3607 4928 3842 4994 urgente

2142 5014 2459 5086 praesertim
2490 5013 2849 5079 verecundia,
2895 5028 3024 5066 cum
3055 5012 3392 5066 infractores
3423 5012 3718 5083 Evangelii
3746 5013 3841 5066 ha-

2142 5103 2265 5160 beri
2288 5119 2346 5156 se
2376 5102 2768 5173 conspicerent
2798 5101 2950 5171 apud
2989 5101 3306 5171 imperitos.
3341 5102 3724 5168 Prmtereaab
3752 5101 3843 5155 illa

2145 5209 2344 5248 eorum
2375 5191 2604 5247 vivendi
2632 5190 2854 5245 ratione
2879 5191 3183 5244 auctoritas
3205 5191 3524 5246 addebatur
3550 5189 3842 5245 monachis

2145 5280 2502 5348 errabundis,
2535 5278 2635 5351 qui
2660 5279 2730 5333 ad
2761 5277 3116 5349 operandum
3147 5277 3337 5349 quiete
3369 5295 3430 5331 ac
3460 5277 3692 5332 silentio
3719 5291 3838 5331 cum

2144 5369 2337 5424 induci
2367 5385 2483 5424 non
2525 5373 2776 5440 possent,
2824 5368 3050 5438 plebem
3099 5365 3429 5421 monasticae
3473 5367 3643 5420 vestis
3681 5381 3840 5420 vene-

2143 5458 2366 5513 ratione
2424 5463 2650 5529 captam
2701 5457 3068 5524 deludebant,
3119 5454 3292 5509 variis
3332 5454 3627 5509 fraudibus
3678 5458 3840 5523 atque

2147 5547 2381 5603 fallaciis
2407 5547 2476 5601 ad
2507 5546 2884 5601 corradeudas
2900 5543 3164 5616 pecunias
3197 5543 3257 5598 in
3286 5558 3577 5598 summum
3598 5539 3838 5598 instituti
