4008 6184
170 265 273 317 289
1631 266 1834 320 LIBER
1874 264 2190 328 QUINTUS.
3580 278 3682 330 290

167 386 459 443 manastici
477 386 721 441 dedecus
750 387 1067 443 abutentes.
1103 388 1232 443 Erat
1262 404 1489 461 quoque
1527 390 1581 445 id
1625 389 1685 445 in
1718 405 1784 443 ea
1815 405 1873 443 re

171 494 438 548 perquam
473 478 794 542 molestum,
840 479 992 548 quod
1030 480 1350 549 complures
1383 496 1413 533 e
1455 479 1726 534 laicorum
1766 495 1871 533 nu-

178 584 339 631 mero,
375 567 477 637 qui
504 567 778 621 laudabili
807 567 1098 623 charitatis
1128 569 1399 623 instinctu
1435 569 1637 623 iisdem
1674 584 1873 623 neces-

174 657 303 711 saria
328 656 733 727 providebant,
764 656 1024 728 ipsorum
1055 658 1229 713 etiam
1257 658 1535 712 desidiam
1561 658 1873 713 defenden-

172 746 284 799 dam
344 745 724 816 susciperent,
780 763 910 800 cum
964 748 1035 801 ab
1082 747 1205 801 aliis
1246 753 1444 802 contra
1502 748 1874 803 damnaretur

168 836 351 889 istch
380 833 612 888 vivendi
640 834 803 889 ratio.
841 835 980 889 llinc
1024 853 1195 907 porro
1226 852 1427 907 graves
1466 842 1677 891 exortae
1722 837 1876 891 inter

166 940 254 978 eos
282 924 715 990 controversiaz,
746 924 954 996 quibus
985 925 1311 997 agitabatur
1342 926 1606 981 Ecclesia.
1645 928 1719 980 Ex
1751 926 1874 979 istis

160 1014 393 1084 insuper
446 1012 751 1068 desidiosis
800 1019 983 1082 erant,
1038 1014 1138 1087 qui
1195 1031 1416 1070 comam
1467 1020 1662 1070 contra
1715 1016 1873 1069 Pauli

152 1103 375 1173 jussum
398 1102 622 1157 nutrire
652 1104 900 1158 solerent
924 1124 938 1171 ;
971 1120 1035 1159 ac
1066 1104 1334 1159 nonnulli
1362 1104 1594 1176 quidem
1622 1120 1737 1159 non
1763 1104 1875 1158 alio

158 1191 287 1258 line,
324 1191 438 1246 nisi
469 1208 584 1263 quo
616 1193 895 1263 majorem
916 1192 1022 1247 sibi
1039 1193 1403 1264 acquirerent
1428 1192 1872 1261 venerationem,

157 1286 209 1335 et
241 1282 575 1336 uberiorem
600 1286 887 1352 quaestum
916 1283 1245 1353 hujusmodi
1273 1282 1611 1338 humilitatis
1642 1283 1872 1337 simula-

158 1372 312 1424 tione
341 1370 621 1425 facerent.
669 1372 733 1425 In
778 1372 887 1427 hoc
914 1372 1114 1426 vitium
1152 1372 1418 1427 monachi
1456 1376 1661 1427 caetera
1690 1375 1870 1427 sancti

156 1461 504 1529 admodum,
562 1466 731 1533 atque
777 1462 849 1516 ab
897 1461 1177 1533 episcopis
1224 1462 1394 1531 longe
1446 1459 1874 1532 prudentissimi

164 1566 381 1621 magno
433 1550 497 1603 in
536 1550 755 1605 honore
811 1550 991 1605 habiti
1038 1550 1497 1605 collabebantur:
1548 1567 1662 1621 qua
1709 1550 1875 1619 culpa

156 1638 471 1693 Ecclesium
536 1639 961 1710 perturbabant.
1024 1638 1525 1709 periculosissimis
1572 1637 1873 1693 dissensio-

151 1728 322 1782 nibus
357 1728 419 1781 in
453 1744 521 1781 ea
551 1728 881 1793 concitatis;
910 1744 1041 1781 cum
1069 1728 1222 1782 inter
1260 1728 1604 1782 orthodoxos
1649 1726 1767 1793 alii,
1799 1742 1871 1780 ne

152 1819 303 1871 viros
344 1822 511 1872 tanta
555 1816 947 1871 sanctimoniae
995 1817 1148 1871 fama
1192 1818 1472 1888 pollentes
1511 1816 1868 1881 damnarent,

147 1908 206 1961 iu
250 1906 517 1960 alienam
565 1906 906 1960 sententiam
970 1922 1234 1977 expressa
1275 1906 1433 1961 Pauli
1477 1906 1645 1960 verba
1682 1905 1872 1960 detor-

149 2012 336 2068 quere
369 2001 755 2066 cogerentur;
803 1995 898 2050 alii
930 1995 1252 2067 legitimum
1282 1996 1592 2065 Scriptura;
1638 2010 1870 2048 sensum

151 2086 407 2140 mallent
436 2085 770 2151 defendere,
819 2101 990 2155 quam
1032 2085 1301 2155 cuiquam
1345 2084 1648 2139 hominum
1683 2098 1871 2137 assen-

152 2175 293 2229 tari.
345 2173 638 2239 Quouiam
670 2173 928 2228 Ecclesiae
962 2174 1421 2244 Carthaginensis
1452 2173 1633 2228 turba:
1660 2173 1731 2227 ad
1757 2176 1870 2226 Au-

144 2265 389 2326 relium,
426 2268 625 2334 utpote
662 2263 816 2318 illius
866 2262 1196 2331 antistitem,
1229 2280 1345 2333 prae
1391 2263 1611 2317 caeteris
1654 2266 1870 2332 specta-

144 2354 313 2419 bant,
353 2353 400 2406 is
427 2352 839 2424 Augustinum,
865 2352 924 2405 in
950 2352 1095 2405 hanc
1121 2368 1242 2405 rem
1266 2351 1481 2422 aliquid
1514 2352 1722 2421 scripto
1745 2351 1871 2405 ede-

147 2448 256 2507 ret,
308 2441 574 2513 rogavit:
608 2458 673 2496 ac
703 2445 928 2496 sanctus
958 2441 1054 2495 ille
1093 2441 1206 2506 Vir,
1239 2441 1338 2512 qui
1374 2440 1749 2494 monasticum
1784 2440 1868 2494 in-

148 2533 457 2597 stitutum,
492 2530 639 2585 sicut
665 2530 725 2584 in
753 2530 991 2601 reliquis
1012 2530 1165 2585 orbis
1186 2529 1483 2583 christiani
1514 2529 1865 2600 regionibus,

146 2624 219 2676 ita
242 2638 365 2693 per
394 2621 725 2675 universam
754 2620 1002 2675 Africam
1028 2619 1268 2675 diffundi
1299 2620 1664 2674 vehementer
1682 2619 1875 2689 cupie-

150 2712 266 2777 bat,
314 2710 731 2765 demandatam
762 2709 871 2763 sibi
913 2710 983 2764 ab
1014 2726 1080 2763 eo
1124 2708 1477 2780 provinciam
1524 2709 1630 2763 hoc
1678 2709 1870 2763 minus

149 2800 357 2871 potuit
387 2816 674 2864 recusare,
712 2799 864 2869 quod
893 2816 924 2853 a
951 2798 1171 2853 Christo
1198 2798 1322 2868 ipso
1352 2798 1411 2852 id
1442 2797 1594 2852 illius
1624 2815 1723 2853 ore
1763 2797 1871 2852 sibi

146 2888 442 2960 imperari
482 2905 599 2942 non
640 2888 943 2943 dubitaret.
984 2888 1363 2958 Scriptionem
1406 2903 1541 2958 ergo
1594 2887 1751 2941 illam
1803 2887 1872 2941 ad

146 2978 596 3049 redarguendos
625 2977 838 3048 pigros,
871 2994 999 3049 qua:
1023 2980 1096 3031 De
1135 2977 1302 3046 Opere
1324 2978 1702 3032 monachorum
1733 2992 1874 3047 pra:-

148 3072 423 3132 notatur,
458 3064 849 3119 elucubravit:
893 3063 997 3118 sub
1028 3063 1188 3133 cujus
1231 3064 1405 3117 tinem
1451 3063 1747 3117 Aurelium
1788 3078 1875 3116 ro-

153 3160 271 3227 gat,
306 3154 362 3209 si
390 3154 531 3225 quid
559 3152 617 3207 in
648 3169 712 3207 ea
733 3153 820 3207 vel
842 3151 1310 3223 expungendum,
1332 3152 1416 3205 vel
1446 3150 1871 3205 immutandum

159 3244 649 3316 deprehenderit,
682 3243 740 3298 id
760 3242 868 3297 sibi
898 3258 971 3296 ne
1002 3246 1267 3313 gravetur
1295 3240 1643 3310 signiﬁcare.
1679 3240 1875 3294 Reclu-

147 3350 383 3403 sorum,
433 3338 499 3387 ut
525 3337 744 3401 vacant,
777 3331 1036 3403 atquein
1085 3331 1194 3396 his,
1247 3346 1448 3384 eorum
1498 3345 1729 3399 quoque
1773 3329 1873 3399 qui

152 3423 471 3479 laboribus
516 3421 690 3476 nullis
730 3420 1025 3486 vacabant,
1058 3417 1410 3473 mentionem
1454 3417 1517 3472 in
1565 3417 1670 3472 hoc
1726 3418 1873 3472 libro

145 3511 281 3566 facit
334 3510 743 3566 honoriﬁcam.
804 3509 903 3563 llic
965 3508 1134 3563 etiam
1188 3507 1248 3562 id
1294 3507 1570 3577 temporis
1616 3506 1873 3562 obortam

146 3602 310 3655 inter
337 3616 401 3653 se
434 3616 498 3653 ac
533 3598 941 3669 Hieronymum
975 3598 1044 3652 de
1072 3598 1238 3651 Petro
1260 3600 1317 3652 et
1345 3596 1519 3652 Paulo
1550 3601 1875 3652 controver-

153 3692 305 3744 siam
338 3688 590 3744 indicat.

854 3777 1078 3831 CAPUT
1116 3775 1188 3830 ΙΙ.

162 3873 208 3923 t.
292 3868 621 3936 Crispinum
674 3868 1083 3920 Donatistarum
1146 3866 1452 3934 episcopum
1512 3864 1874 3921 Calamensem

220 3961 412 4022 urget,
438 3960 499 4008 ut
529 3957 752 4023 scriptis
791 3957 931 4009 inter
958 3970 1013 4007 se
1049 3956 1307 4020 confectis
1348 3958 1610 4008 tractetur
1649 3956 1873 4022 qwstia

219 4047 289 4099 de
321 4059 502 4099 causa
530 4045 857 4098 schismatis.
892 4047 925 4097 2
958 4047 1033 4098 De
1058 4043 1243 4097 eadem
1275 4044 1566 4111 quaestione
1594 4059 1713 4097 cum
1743 4044 1872 4099 Cla-

218 4135 407 4187 rentio
447 4146 550 4200 per
579 4132 789 4185 litteras
830 4130 903 4183 ad
930 4131 1307 4185 Naucelionem
1345 4134 1516 4198 agunt
1557 4130 1795 4199 Alypius
1826 4136 1876 4186 et

219 4224 602 4288 Augustinus.
642 4224 672 4274 3
711 4222 809 4274 Hic
875 4220 1182 4275 Severinum
1224 4220 1675 4286 consanguineum
1718 4234 1873 4274 suum

219 4313 295 4367 ab
346 4312 647 4365 schismate
693 4311 897 4378 eripere
942 4307 1139 4363 studet.
1173 4309 1207 4361 4
1234 4306 1329 4361 Ad
1372 4308 1694 4363 Generosum
1730 4310 1875 4362 scri-

221 4402 327 4465 bit,
364 4416 432 4453 ne
459 4399 626 4453 illudi
663 4398 771 4453 sibi
795 4399 1047 4468 patiatur
1074 4412 1109 4450 a
1132 4395 1446 4466 presbytero
1494 4395 1729 4465 quadam
1767 4400 1873 4452 Do-

222 4492 465 4544 natista.

230 4584 249 4634 l
273 4624 285 4633 .
322 4577 676 4633 Indefessam
703 4575 870 4630 simul
902 4592 1003 4647 per
1029 4575 1083 4631 id
1108 4574 1386 4645 temporis
1414 4572 1583 4628 dabat
1613 4588 1871 4644 operam,

152 4674 219 4721 ut
272 4667 581 4720 catholica:
626 4666 861 4719 unitatis
913 4666 1127 4719 amicos
1193 4663 1522 4718 conciliaret
1581 4663 1863 4716 Ecclesia}.

155 4758 301 4810 Nam
328 4772 401 4809 eo
430 4759 690 4825 spectant
719 4754 939 4825 aliquot
970 4770 1087 4808 non
1142 4769 1328 4824 pravae
1367 4751 1533 4805 molis
1582 4751 1873 4804 volumina

148 4845 389 4899 circiter
414 4844 574 4899 hunc
600 4844 787 4914 ipsum
808 4859 1022 4897 annum
1045 4840 1680 4914 quadringentesimum
1698 4840 1868 4907 edita,

148 4940 378 5006 preter
431 4932 618 4987 varias
659 4933 949 5003 epistolas.
982 4934 1058 4986 Ex
1083 4931 1174 4986 bis
1210 4931 1336 4985 dua:
1379 4934 1509 4985 sunt
1557 4930 1627 4983 ad
1672 4929 1875 4999 Crispi-

148 5040 298 5078 num
330 5024 674 5093 episcopum
707 5022 1040 5076 Donatianaz
1071 5021 1249 5092 partis
1280 5020 1709 5075 Calamensem:
1743 5035 1875 5090 qua-

147 5130 289 5167 rum
321 5113 490 5183 prior
517 5127 649 5165 cum
682 5110 813 5165 data
836 5111 909 5165 sit
950 5116 1079 5181 post
1109 5109 1301 5181 Optati
1331 5108 1588 5180 quidem,
1617 5107 1714 5162 sed
1743 5112 1872 5162 ante

148 5200 493 5255 Praetextati
530 5199 772 5267 obitum,
806 5215 919 5253 non
950 5203 1136 5270 potest
1178 5199 1238 5253 in
1279 5198 1391 5252 alio
1438 5198 1554 5251 ullo
1614 5202 1872 5267 tempore

146 5290 374 5345 melius
425 5288 717 5344 collocari.
778 5289 922 5343 Nam
963 5286 1289 5343 Praetextati
1326 5303 1390 5341 ac
1437 5285 1705 5342 Feliciani
1749 5286 1873 5357 pari

146 5396 394 5450 semper
420 5378 599 5433 modo
631 5376 915 5444 meminit,
951 5394 1015 5433 ac
1065 5378 1135 5433 de
1179 5382 1442 5448 utroque,
1495 5376 1653 5448 quod
1699 5376 1871 5431 etiam

148 5470 346 5522 multo
374 5466 631 5521 validius
658 5470 762 5535 est,
793 5464 855 5519 in
899 5466 1019 5521 haec
1063 5464 1539 5536 verbaZloquitur:
1582 5466 1869 5534 Quotquot,

144 5558 258 5625 ait,
297 5556 745 5629 baptizaverunt,
793 5570 878 5613 eos
922 5571 1059 5611 nunc
1114 5570 1292 5611 secum
1328 5569 1393 5609 ac
1437 5552 1712 5610 vobiscum
1772 5554 1872 5607 ha-

1984 388 2105 444 bent
2129 390 2334 460 (Epist.
2368 393 2452 456 5t,
2490 408 2545 447 n.
2579 393 2655 460 4).
2694 392 2867 464 Atqui
2890 395 3010 464 jam
3042 398 3164 448 tum
3193 410 3223 448 e
3249 394 3387 448 vivis
3425 412 3679 451 excesse-

1984 483 2069 533 rat
2106 480 2492 547 Preetextatus,
2538 497 2668 536 cum
2698 482 3051 551 Augustinus
3099 482 3247 535 circa
3294 484 3445 537 hunc
3488 483 3676 554 ipsum

1982 583 2221 637 annum,
2252 569 2409 623 libris
2430 571 2697 624 adversus
2720 572 3161 625 Parmenianum
3185 572 3372 638 editis,
3398 588 3680 629 summam

1983 674 2218 712 manum
2269 660 2540 729 imposuit
2580 660 2749 730 (Cant.
2792 663 2967 729 Epist.
3020 662 3223 727 Parm.,
3280 662 3371 715 lib.
3424 665 3475 726 3,
3516 678 3561 717 c.
3596 663 3669 732 6).

1982 748 2340 818 Quapropter
2368 749 2523 819 quod
2568 754 2763 803 narrat
2794 748 3112 803 Donatistas
3153 750 3447 821 conqueri,
3480 767 3602 805 sese
3648 768 3677 805 a

1982 837 2286 892 Catholicis
2318 843 2677 892 terrenarum
2711 838 3038 909 principum
3078 856 3186 910 ope
3216 840 3423 906 vexari,
3462 840 3520 895 id
3564 857 3679 895 non

1983 927 2052 981 ad
2082 927 2238 997 leges
2268 944 2415 982 anno
2446 927 3011 998 quadringentesimo
3040 928 3238 999 quinto
3267 929 3405 982 latas
3432 930 3679 985 referen-

1982 1016 2119 1071 dum
2150 1022 2255 1084 est,
2296 1034 2494 1072 verum
2526 1018 2597 1072 ad
2631 1017 2768 1072 alias
2811 1017 3182 1088 antiquiores.
3226 1018 3494 1082 Quaedam
3525 1020 3679 1075 enim

1982 1122 2134 1160 anno
2184 1106 2580 1161 trecentesimo
2626 1106 3047 1177 septuagesimo
3103 1106 3363 1177 septimo,
3416 1108 3680 1179 quaedam

1983 1195 2244 1265 sequenti
2274 1198 2530 1265 tempore
2561 1195 2789 1250 sancite:
2821 1196 3069 1249 fuerant.
3107 1198 3169 1249 Et
3198 1213 3330 1251 sane
3361 1212 3513 1251 anno
3545 1213 3682 1270 qua-

1985 1283 2434 1354 dringentesimo
2482 1285 2731 1338 secundo
2764 1284 3047 1339 fatebatur
3076 1284 3448 1355 Augustinus,
3483 1286 3682 1341 edictis

1983 1374 2398 1444 imperatorum
2447 1376 2677 1428 cautum
2726 1390 2868 1440 esse,
2924 1389 2995 1427 ne
3042 1374 3238 1427 liceret
3271 1375 3575 1429 Donatistis
3622 1376 3679 1430 in

1982 1462 2219 1517 urbibus
2248 1462 2587 1516 commorari
2614 1464 2799 1534 (Cant.
2832 1464 2963 1516 Litt.
2998 1464 3177 1527 Petil.,
3213 1464 3303 1517 lib.
3336 1466 3389 1528 2,
3422 1479 3481 1518 n.
3520 1465 3671 1535 184).

1984 1554 2404 1623 Nonnunquam
2456 1551 2627 1605 etiam
2669 1552 2727 1605 in
2760 1568 2853 1605 eos
2880 1551 3034 1622 leges
3071 1550 3337 1604 adversus
3386 1553 3683 1607 hrereticos

1982 1641 2041 1694 in
2064 1640 2393 1694 universum
2425 1640 2761 1694 constitutas
2791 1640 3025 1694 adhibet
3051 1639 3231 1708 (Cant.
3267 1642 3443 1709 Epist.
3474 1642 3680 1708 Parm.,

1982 1731 2081 1785 lib.
2126 1734 2174 1799 l,
2206 1746 2251 1784 c.
2290 1730 2393 1799 12).
2436 1729 2760 1800 Crispinum
2792 1746 2926 1800 ergo
2958 1730 3295 1799 Carthagine
3325 1730 3467 1783 forte
3490 1746 3681 1800 reper-

1980 1821 2103 1871 tum
2136 1819 2507 1888 Augustinus,
2533 1819 2602 1872 ad
2630 1817 3042 1889 disputandum
3073 1817 3142 1871 de
3171 1817 3317 1870 facta
3337 1817 3406 1871 ab
3440 1818 3683 1873 Ecclesia

1981 1907 2318 1974 secessione,
2366 1907 2537 1961 etiam
2584 1912 2753 1978 atque
2797 1906 2970 1961 etiam
3019 1905 3289 1960 invitarat
3340 1906 3538 1976 (Epist.
3591 1910 3680 1976 52,

1979 2013 2035 2050 n.
2076 1998 2121 2066 l)
2158 2012 2170 2050 :
2204 1997 2301 2051 sed
2332 2002 2461 2067 post
2498 1997 2855 2063 nonnullam,
2892 2011 3132 2066 eamque
3163 1994 3296 2048 satis
3333 2011 3522 2049 acrem
3552 2012 3683 2050 con-

1981 2086 2372 2152 certationem,
2408 2085 2887 2156 impedimentum
2908 2083 3143 2155 aliquod
3173 2083 3230 2137 in
3259 2099 3511 2153 prtesens
3535 2089 3680 2140 tem-

1982 2192 2087 2247 pus
2117 2181 2478 2230 excusaverat
2507 2174 2825 2245 Crispinus;
2858 2173 3145 2245 pollicitus
3174 2177 3365 2227 tamen
3395 2172 3680 2227 intermis-

1984 2280 2114 2318 sum
2152 2264 2501 2336 colloquium
2533 2280 2591 2319 se
2632 2264 2820 2319 denuo
2860 2263 3260 2333 repetiturum,
3301 2261 3402 2316 ubi
3431 2278 3680 2318 commo-

1981 2354 2110 2408 dior
2139 2371 2260 2408 sese
2305 2354 2555 2408 dedisset
2596 2353 2832 2407 occasio.
2872 2353 3119 2424 Utroque
3157 2350 3334 2421 igitur
3377 2352 3437 2405 in
3482 2352 3678 2406 Numi-

1983 2443 2139 2497 diam
2170 2444 2239 2498 ad
2285 2460 2414 2497 suas
2460 2442 2730 2497 Ecclesias
2784 2458 3026 2501 reverso,
3082 2457 3213 2495 cum
3255 2456 3451 2495 rumor
3497 2440 3679 2496 incre-

1980 2532 2217 2601 buisset,
2251 2531 2560 2603 quominus
2591 2535 2952 2585 excuteretur
2975 2530 3296 2595 difficultas,
3333 2546 3437 2602 per
3463 2530 3681 2602 Crispi-

1980 2637 2121 2677 num
2152 2621 2487 2692 neutiquam
2508 2625 2654 2675 stare
2683 2620 3069 2691 ;Augustinus
3101 2619 3247 2674 datis
3280 2619 3349 2674 ad
3376 2635 3508 2674 eum
3538 2619 3681 2674 litte-

1981 2711 2078 2776 ris,
2112 2710 2282 2764 instat
2328 2716 2389 2764 ut
2423 2710 2479 2764 id
2525 2711 2623 2763 fiat
2654 2726 2667 2763 :
2702 2708 3173 2781 quandoquidem
3218 2714 3352 2762 tunc
3400 2709 3678 2779 temporis

1982 2798 2124 2853 nihil
2172 2799 2234 2852 in
2287 2814 2449 2853 mora
2495 2802 2659 2865 esset,
2720 2815 2783 2851 ac
2813 2813 2917 2869 per
2966 2796 3263 2867 utriusque
3301 2797 3677 2852 Ecclesiarum

1981 2886 2247 2941 viciniam
2297 2886 2493 2940 liceret
2520 2885 2777 2957 repetitis
2811 2887 2956 2939 ultro
3004 2885 3261 2955 citroque
3290 2884 3534 2954 scriptis,
3565 2902 3683 2938 om-

1983 2992 2113 3030 nem
2146 2974 2478 3047 quzestionis
2500 2974 2901 3029 obscuritatem
2927 2974 3149 3028 tollere.
3186 2974 3309 3027 Non
3340 2972 3495 3026 enim
3516 2973 3682 3027 aliter

1983 3064 2042 3119 in
2076 3065 2179 3119 hac
2225 3081 2415 3133 causa,
2461 3080 2635 3135 quam
2686 3061 2894 3134 scripto
2945 3078 3114 3133 agere
3154 3060 3557 3127 constituerat;
3610 3077 3679 3114 nc

1982 3153 2126 3208 forte
2153 3153 2307 3225 quod
2338 3156 2562 3207 tantum
2590 3151 2714 3205 viva
2742 3168 2875 3205 voce
2920 3155 3223 3205 tractatum
3254 3154 3417 3217 esset,
3452 3149 3679 3204 excide-

1982 3250 2070 3297 ret
2099 3259 2128 3297 e
2160 3242 2473 3309 memoria;
2504 3242 2673 3296 simul
2705 3245 2768 3295 ut
2797 3241 3005 3312 quibus
3036 3245 3185 3294 esset
3221 3238 3377 3293 cordi
3407 3238 3680 3310 quaestio-

1983 3348 2113 3387 nem
2145 3348 2504 3403 cognoscere,
2560 3330 2619 3385 id
2649 3347 2714 3384 ex
2764 3328 2990 3396 litteris,
3020 3327 3065 3381 si
3096 3326 3503 3382 concertationi
3534 3327 3680 3382 forte

1982 3421 2253 3476 interesse
2302 3420 2438 3491 ipsis
2469 3435 2585 3473 non
2628 3418 2895 3483 licuisset,
2930 3420 3159 3487 possent
3198 3414 3489 3487 consequi.
3534 3415 3681 3480 Quin

1983 3510 2140 3564 addit
2169 3510 2404 3563 forsitan
2462 3508 2633 3562 etiam
2671 3507 2950 3571 futurum,
3002 3510 3065 3559 ut
3104 3506 3225 3558 11820
3268 3503 3394 3575 ipsa
3444 3503 3683 3574 epistola

1982 3597 2360 3669 responsioni,
2400 3612 2573 3668 quam
2605 3597 2674 3650 ab
2705 3594 2962 3666 Crispino
2991 3593 3196 3647 obnixe
3243 3592 3405 3663 petit,
3447 3592 3683 3663 conjun-

1983 3693 2092 3754 cta,
2148 3686 2498 3741 exsolvendis
2558 3685 2827 3739 omnibus
2879 3682 3282 3737 difficultatum
3340 3680 3506 3736 nodis
3561 3681 3684 3736 sola

1982 3775 2240 3830 sufﬁciat.
2275 3773 2658 3840 Quamobrem
2680 3776 2810 3826 ante
2831 3770 3027 3825 omnia
3047 3770 3421 3833 demonstrat,
3455 3768 3682 3839 gravius

1982 3864 2201 3919 crimen
2230 3863 2289 3917 in
2338 3862 2642 3916 schismate
2672 3876 2735 3915 ac
2783 3859 3023 3914 discidio
3071 3857 3372 3925 contineri,
3404 3874 3579 3929 quam
3622 3857 3680 3912 in

1983 3968 2276 4025 sacrorum
2306 3950 2567 4007 codicum
2589 3948 2895 4004 traditione
2920 3966 2935 4018 ;
2959 3948 3111 4019 quod
3142 3951 3334 4002 tamen
3358 3963 3537 4001 unum
3570 3947 3683 4002 Cae—

1982 4042 2211 4108 ciliano,
2243 4042 2331 4095 vel
2377 4040 2431 4096 ei
2473 4039 2665 4111 potius
2694 4054 2727 4093 a
2770 4054 2884 4109 quo
2935 4036 3232 4092 ordinatus
3276 4036 3481 4103 fuerat,
3523 4036 3681 4090 nulla

1981 4130 2443 4186 testimoniorum
2486 4129 2600 4184 fide
2656 4127 2741 4182 vel
2801 4126 3134 4187 auctoritate
3185 4124 3337 4188 freti,
3372 4124 3681 4196 exprobra-

1981 4222 2119 4277 bant
2151 4237 2164 4276 :
2192 4221 2383 4292 itaque
2401 4220 2559 4273 nullo
2589 4221 2752 4289 pacto
2781 4216 3001 4271 licitum
3024 4214 3136 4270 illis
3165 4214 3358 4281 fuisse,
3382 4217 3683 4285 quantum

1981 4311 2065 4364 vis
2096 4326 2227 4364 reus
2266 4308 2567 4363 exstitisset
2605 4305 2961 4374 Caecilianus,
3012 4304 3081 4358 ab
3114 4301 3358 4357 Ecclesia
3395 4301 3677 4357 secedere.

1984 4402 2137 4455 Hanc
2181 4414 2303 4453 rem
2339 4397 2490 4468 ipsos
2534 4396 2850 4467 agnovisse,
2895 4409 3023 4448 cum
3064 4391 3409 4446 Felicianum
3441 4395 3499 4445 et
3527 4392 3679 4445 Prae-

1980 4492 2279 4552 textatum,
2309 4503 2454 4557 quos
2482 4492 2614 4541 ante
2644 4482 2962 4539 schismatis
2988 4481 3420 4549 damnaverant,
3452 4484 3674 4534 servato

1982 4576 2198 4633 eisdem
2237 4575 2566 4647 episcopatu
2612 4576 2995 4643 receperunt:
3030 4573 3087 4623 et
3134 4568 3419 4639 siquidem
3457 4568 3543 4623 illi
3571 4569 3679 4623 hoc

1981 4665 2191 4718 scelere
2230 4661 2571 4729 vacaverint,
2611 4659 2858 4731 potuisse
2898 4656 3102 4711 itidem
3148 4654 3294 4721 fieri,
3351 4658 3414 4709 ut
3441 4654 3681 4725 perinde

1979 4752 2247 4824 imposito
2279 4751 2517 4806 crimine
2547 4748 2791 4803 caruerit
2820 4744 3189 4799 Caecilianus:
3224 4743 3375 4814 ipsos
3404 4749 3683 4815 praeterea

1983 4859 2083 4895 sua
2112 4857 2241 4895 cum
2274 4837 2701 4895 Maximianistis
2742 4834 2947 4906 agendi
2973 4833 3194 4887 ratione
3240 4832 3431 4903 palam
3460 4830 3678 4899 fecisse,

1984 4948 2095 4985 non
2115 4946 2313 4985 omnes
2335 4930 2466 5000 jure
2487 4923 2875 4990 condemnari,
2904 4938 2937 4977 a
2954 4921 3162 4993 quibus
3180 4919 3277 4975 alii
3307 4920 3666 4985 divexantur,

1982 5020 2099 5073 imo
2119 5036 2219 5074 nec
2242 5033 2467 5088 semper
2486 5030 2778 5070 necessum
2792 5029 2935 5080 esse,
2955 5029 3047 5067 eos
3063 5010 3485 5066 omnesiterum
3499 5009 3677 5077 ablui,

1983 5109 2080 5180 qui
2106 5108 2452 5179 Baptismum
2476 5110 2635 5159 extra
2656 5119 2847 5159 veram
2871 5103 2970 5157 Dei
2989 5101 3290 5157 Ecclesium
3313 5098 3671 5170 accepissent.

1982 5197 2257 5252 Stabilitis
2307 5196 2459 5250 hisce
2490 5193 2790 5266 capitibus,
2823 5193 2881 5247 in
2908 5192 3119 5264 quibus
3163 5189 3418 5245 Ecclesia:
3468 5202 3529 5241 ac
3571 5189 3676 5240 Do-

1980 5286 2319 5341 natistarum
2364 5283 2746 5339 controversia
2793 5286 2911 5338 tota
2965 5280 3308 5345 vertebatur,
3360 5276 3675 5345 iisdemque

1980 5375 2042 5430 in
2071 5376 2221 5429 calce
2268 5373 2525 5445 epistola:
2572 5371 2901 5430 summatim
2932 5367 3198 5433 collectis,
3234 5361 3558 5435 Crispinum
3589 5364 3678 5418 ob-

1983 5466 2238 5527 testatur,
2290 5464 2354 5515 ut
2395 5460 2774 5531 respondeat;
2822 5462 2898 5523 et,
2950 5455 3234 5527 siquidem
3282 5450 3427 5505 illud
3473 5450 3675 5522 possit,

1982 5550 2245 5606 ostendat
2283 5550 2368 5606 vel
2417 5549 2765 5606 levissimam
2812 5542 3163 5602 difﬁcultatis
3207 5540 3489 5608 umbram,
3546 5556 3676 5614 quas
