4008 6184
307 251 400 302 291
1484 231 1657 289 VITA
1709 229 1763 284 S.
1821 223 2207 283 AUGUSTINI
2265 220 2604 279 EPISCOPI.

2075 375 2078 377 λ
2115 347 2397 404 Anastasii
2429 341 2763 416 pontiﬁcatu
2808 338 3018 411 scripta
3047 341 3150 403 est,
3206 335 3544 389 Praetextato
3585 329 3824 388 Assuri-

307 371 462 443 ipsos
515 379 746 440 quoque
802 359 1260 434 imperitissimos
1325 357 1612 424 distineat,
1686 367 2000 424 superesse.

309 441 454 512 Suus
511 453 770 526 epistolae
825 451 1022 506 titulus
1077 466 1194 504 non
1247 445 1621 519 praeﬁgitur;
1673 447 1729 497 et
1782 458 1841 496 re
1882 441 2006 507 ipsa

313 544 474 600 nullo
503 558 651 610 eam,
695 543 794 595 aut
823 539 1022 594 saltem
1064 536 1372 593 admodum
1406 531 1671 604 simplici,
1705 529 2005 600 inscripse-

311 638 398 690 rat
424 631 778 705 Augustinus
811 647 824 685 :
859 645 1032 700 quam
1064 644 1184 681 rem
1225 625 1372 698 apud
1407 620 1730 694 Crispinum
1757 621 2006 686 excusat,

310 720 369 776 id
425 704 546 775 sese
604 735 670 774 eo
725 717 923 772 fecisse
980 715 1294 782 afﬁrmans,
1357 711 1505 784 quod
1567 707 1896 776 Donatista},
1962 704 2010 759 si

313 810 542 883 quando
595 823 788 863 secum
835 805 1110 860 urbanius
1157 806 1393 874 agerent
1435 797 1728 865 Catholici,
1777 796 2006 851 illorum

316 897 655 954 modestiam
684 895 1168 967 reprehenderent
1196 908 1209 946 :
1238 907 1354 945 non
1375 891 1633 945 futurum
1654 902 1882 960 quoque
1905 884 2012 940 sibi

321 987 651 1053 molestum,
685 985 734 1039 si
765 984 1053 1055 Crispinus
1082 981 1341 1036 eamdem
1383 995 1576 1034 secum
1606 976 1812 1048 agendi
1838 973 2014 1029 ratio-

316 1091 456 1128 nem
480 1059 774 1144 sequatur.
807 1072 977 1126 Hisne
1003 1070 1203 1126 litteris
1239 1067 1602 1139 responderit
1629 1066 1962 1137 ignoramus
1989 1078 2004 1116 :

316 1178 512 1217 verum
545 1161 604 1215 in
633 1159 886 1215 confesso
917 1163 1020 1228 est,
1068 1173 1202 1211 eum
1232 1160 1288 1210 et
1316 1155 1378 1210 in
1421 1154 1723 1209 schismate
1753 1168 2012 1224 perseve-

314 1269 488 1319 rasse,
521 1256 578 1306 et
607 1251 668 1305 in
697 1249 878 1304 animi
907 1246 1306 1318 impotentiam
1334 1262 1367 1299 a
1392 1241 1776 1315 temperantia
1805 1245 1861 1296 et
1889 1258 2013 1296 mo-

321 1341 638 1410 deratione,
687 1355 858 1411 quam
903 1337 1067 1392 initio
1107 1351 1226 1407 pra:
1254 1351 1312 1388 se
1345 1333 1578 1402 tulerat,
1628 1330 1874 1386 maxime
1903 1330 2015 1384 dis-

317 1434 670 1501 crepantem,
728 1427 1024 1497 delapsum
1074 1440 1215 1478 esse.
1265 1424 1516 1494 quuum
1563 1420 1719 1476 enim
1768 1423 1854 1474 est
1895 1435 2012 1484 eos,

316 1516 418 1587 qui
443 1513 738 1570 beneﬁciis
790 1512 1061 1568 divinitus
1110 1510 1314 1566 oblatis
1353 1509 1690 1579 abutuntur,
1737 1507 1826 1563 his
1880 1505 2016 1578 ipsis

318 1604 568 1671 dotibus,
599 1603 805 1674 quibus
835 1600 1026 1655 ornati
1052 1599 1410 1665 videbantur,
1444 1596 1695 1669 spoliari.

389 1697 445 1748 2.
485 1690 838 1763 Augustinus
885 1694 1055 1760 atque
1107 1686 1343 1759 Alypius
1390 1703 1508 1742 non
1551 1683 1891 1750 absimilem,
1933 1683 2018 1738 uti

318 1781 676 1852 conjicimus,
705 1777 1176 1849 disceptationem
1213 1792 1344 1831 cum
1376 1774 1684 1842 Clarentio,
1714 1789 1890 1846 quem
1921 1790 2018 1844 pa-

318 1875 485 1936 trem,
543 1865 916 1939 provectioris
979 1864 1217 1919 forsitan
1259 1862 1443 1918 aetatis
1499 1879 1688 1933 causa,
1750 1861 2018 1930 vocitant,

318 1957 519 2012 iniere.
555 1954 860 2026 Reperitur
890 1951 1208 2008 Clarentius
1239 1952 1475 2024 quidam
1504 1952 1769 2007 Tabracaa
1799 1951 2020 2022 episco-

318 2060 426 2115 pus
458 2041 748 2096 Donatista
793 2041 1005 2109 (Collat.
1052 2041 1313 2108 Carthag.
1353 2043 1402 2107 l,
1452 2055 1572 2109 cap.
1619 2041 1758 2103 187).
1792 2039 1857 2092 In
1899 2037 2019 2109 ipsa

319 2135 510 2186 autem
540 2127 924 2200 disputatione
950 2127 1291 2182 Naucelione
1312 2127 1668 2182 internuntio
1693 2127 2016 2182 utebantur.

321 2221 444 2284 Qua
466 2219 536 2273 de
568 2235 628 2272 re
658 2220 886 2272 tantum
916 2217 1216 2279 habemus,
1239 2216 1396 2286 quod
1421 2220 1644 2271 sanctos
1673 2217 1843 2271 hosce
1872 2215 2022 2268 viros

321 2306 614 2364 monuerit
647 2304 937 2371 Naucelio,
982 2305 1299 2360 confessum
1331 2302 1437 2358 sibi
1469 2303 1836 2370 Clarentium,
1866 2306 2016 2374 post-

322 2409 500 2467 quam
525 2392 828 2447 damnatus
853 2396 1001 2447 esset
1033 2392 1105 2446 ab
1135 2390 1442 2446 Donatistis
1473 2390 1792 2445 Felicianus
1821 2389 2020 2444 Musti-

321 2485 509 2548 tanus,
543 2495 676 2534 eum
707 2479 774 2533 ab
806 2479 1006 2534 iisdem
1039 2482 1238 2549 postea
1266 2479 1326 2532 in
1354 2478 1570 2532 honore
1600 2493 1702 2531 suo
1731 2482 2022 2548 receptum

323 2570 494 2624 fuisse
525 2585 539 2622 :
567 2572 861 2623 causatum
899 2583 1032 2621 vero
1065 2552 1494 2621 damnationem
1537 2565 1808 2636 injustam
1855 2564 2022 2620 exsti-

324 2659 481 2726 tisse,
530 2656 743 2729 quippe
772 2655 1020 2710 hominis
1053 2655 1319 2710 absentis.
1355 2654 1414 2708 ld
1463 2670 1633 2724 porro
1670 2653 2022 2724 Augustinus

323 2747 678 2818 Alypiusquc
722 2748 1042 2810 assumunt,
1077 2747 1132 2798 et
1176 2743 1248 2797 ad
1289 2757 1405 2796 suas
1445 2758 1629 2796 causae
1659 2742 2020 2796 commodum

323 2838 616 2906 torquent,
662 2833 793 2887 data
839 2834 909 2888 ad
968 2833 1279 2905 ipsummet
1335 2829 1732 2885 Naucelionem
1785 2829 2022 2900 epistola

323 2925 526 2994 (Epist.
553 2922 640 2992 70)
677 2935 690 2977 :
725 2937 856 2994 quae
889 2939 1018 2976 cum
1049 2921 1269 2976 nullam
1313 2918 1384 2973 de
1414 2920 1752 2973 Praetextato
1783 2917 2023 2972 mentio-

323 3026 456 3064 nem
514 3008 703 3078 faciat,
750 3013 884 3078 post
933 3025 1149 3064 annum
1191 3006 1818 3080 quadringentesimum
1870 3006 2023 3063 haud

323 3094 494 3148 dubie
522 3094 733 3165 scripta
761 3099 862 3150 est.

396 3195 447 3246 3.
481 3190 800 3260 Augustino
843 3189 1297 3261 consanguineus
1323 3189 1559 3260 quidam
1599 3190 1890 3246 Donatista
1918 3190 2026 3247 fuit

325 3280 560 3334 nomine
601 3279 925 3348 Severinus,
951 3277 1072 3349 qui,
1101 3294 1219 3333 non
1247 3293 1406 3331 secus
1435 3282 1605 3349 atque
1637 3278 1732 3332 alii
1763 3280 2022 3349 complu-

325 3384 437 3435 res,
466 3367 526 3422 in
555 3367 792 3422 discidio
824 3366 982 3421 nulla
1027 3365 1139 3420 alia
1168 3381 1343 3436 quam
1391 3365 1822 3420 consuetudinis
1858 3382 2026 3420 causa

323 3457 648 3512 tenebatur.
680 3457 806 3511 1am
835 3455 934 3510 diu
958 3453 1124 3510 illum
1141 3453 1498 3526 Augustinus
1519 3459 1638 3508 tam
1664 3454 1870 3509 misere
1891 3454 2025 3508 irre-

325 3546 497 3602 titum
525 3562 644 3601 non
670 3545 791 3600 sine
818 3545 1012 3600 dolore
1041 3561 1106 3600 ac
1137 3543 1356 3616 gemitu
1385 3542 1631 3611 videbat,
1663 3548 1832 3615 atque
1863 3559 2023 3598 eum-

325 3635 456 3691 dem
486 3639 551 3690 ut
573 3635 864 3706 expediret
892 3635 962 3690 ab
1010 3650 1223 3701 errore,
1256 3636 1596 3704 praesentem
1645 3633 1857 3705 alloqui
1902 3649 2027 3704 per-

325 3724 576 3795 optabat.
607 3725 672 3778 Et
718 3723 952 3794 quidem
991 3723 1258 3779 Severino
1303 3723 1523 3777 litteras
1558 3723 1666 3777 hac
1706 3722 1775 3778 de
1817 3739 1884 3776 re
1904 3723 2023 3794 jam

326 3817 456 3866 ante
485 3811 789 3866 nonnullas
824 3810 1096 3866 miserat:
1129 3812 1200 3866 ab
1229 3811 1338 3865 hoc
1366 3813 1520 3866 enim
1557 3827 1688 3866 cum
1726 3810 2024 3881 epistolam

327 3899 654 3970 accepisset,
685 3899 926 3954 nimiam
973 3899 1093 3970 ejus
1131 3899 1190 3954 in
1231 3900 1530 3955 scribendo
1576 3899 1900 3956 tarditatem
1929 3900 2026 3953 in-

327 3987 560 4042 cusavit.
592 3987 839 4042 Tametsi
866 4003 1038 4058 porro
1067 4005 1196 4059 quae
1216 3987 1471 4043 Severini
1500 3987 1744 4060 epistola
1770 3989 2025 4044 contine-

330 4076 560 4146 bantur,
603 4077 724 4147 ejus
768 4075 913 4131 votis
958 4076 1196 4131 minime
1246 4077 1710 4148 responderent:
1742 4077 2027 4148 gaudebat

326 4171 519 4222 tamen
549 4165 655 4221 sibi
686 4164 966 4220 redditam
1000 4163 1196 4232 fuisse,
1242 4165 1561 4237 prtesertim
1591 4166 1692 4220 ubi
1723 4165 2023 4231 intellexit,

327 4254 686 4310 tabellarium
715 4271 831 4309 non
861 4254 1033 4308 aliam
1074 4254 1147 4308 ob
1175 4270 1424 4322 causam,
1462 4254 1573 4310 nisi
1603 4259 1667 4310 ut
1691 4255 1847 4310 illam
1898 4255 2030 4326 Hip-

255 4390 258 4397 .
326 4361 539 4416 ponem
570 4345 765 4412 ferret,
794 4344 895 4400 abs
923 4343 1192 4400 Severino
1223 4343 1489 4400 missum.
1533 4345 1666 4400 Inde
1693 4345 1843 4400 enim
1872 4346 2027 4417 judi-

327 4433 491 4488 cabat
516 4435 663 4489 hanc
694 4435 860 4490 illum
891 4450 1108 4504 curam,
1140 4433 1252 4489 nisi
1300 4433 1492 4489 animo
1535 4434 1609 4489 ad
1639 4434 2030 4506 excipiendam

326 4521 625 4576 veritatem
654 4527 874 4594 parato,
907 4539 1205 4595 nunquam
1236 4527 1604 4594 sucepturum
1648 4522 1845 4578 fuisse.
1892 4523 2031 4577 Huic

329 4609 506 4680 igitur
527 4609 588 4664 in
604 4613 979 4683 responsione
1001 4614 1264 4685 quaedam
1281 4612 1549 4683 exposuit
1566 4628 1631 4667 ex
1653 4611 2028 4683 argumentis,

329 4699 538 4770 quibus
559 4700 779 4754 solebat
807 4701 1027 4758 discidii
1056 4703 1422 4758 firmamenta
1450 4700 1776 4756 subvertere
1813 4715 1829 4755 :
1856 4700 2030 4755 illud-

331 4803 441 4860 que
461 4787 613 4842 inter
631 4787 744 4843 alia
766 4791 1096 4861 usurpabat,
1124 4791 1376 4863 perditos
1397 4789 1659 4846 homines
1678 4789 2028 4849 innumeros.

331 4893 400 4932 ne
430 4893 564 4948 pars
585 4877 793 4931 Donati
820 4879 1192 4949 scinderetur,
1217 4885 1302 4936 tot
1326 4897 1508 4936 annos
1524 4879 1595 4934 ab
1620 4878 1733 4934 illis
1754 4878 1892 4950 ipsis
1909 4894 2030 4934 esse

329 4966 622 5021 toleratos.
652 4965 870 5030 Quibus
901 4968 1087 5023 verbis
1116 4969 1482 5037 decennium,
1525 4984 1639 5040 quo
1666 4967 2029 5039 tyrannidem

331 5054 587 5112 exercuit
632 5055 891 5126 Optatus,
937 5072 1198 5129 persaepe
1239 5058 1518 5130 designat.
1567 5057 1730 5122 Quod
1771 5055 1883 5111 nisi
1925 5073 2031 5111 nos

330 5149 603 5212 moveret,
634 5145 782 5200 hanc
807 5143 1110 5216 epistolam
1142 5149 1338 5217 (Epist.
1378 5150 1485 5218 52),
1519 5146 1582 5201 in
1611 5161 1726 5218 qua
1755 5145 2032 5200 nimirum

332 5236 488 5291 nulla
524 5233 1067 5292 Maximianistarum
1115 5235 1182 5290 tit
1220 5236 1456 5303 mentio,
1498 5235 1767 5308 scriptam
1813 5234 1883 5290 ab
1922 5237 2034 5290 Au-

331 5324 562 5394 gustino
592 5323 850 5378 nondum
879 5321 1145 5394 episcopo
1175 5323 1338 5377 facile
1366 5324 1744 5379 crederemus

401 5423 456 5476 4.
489 5421 800 5491 Epistolam
828 5436 1059 5493 quoque
1111 5422 1399 5476 Generoso
1433 5421 1667 5476 missam
1699 5422 1893 5492 (Epist.
1941 5419 2030 5488 53)

331 5506 464 5563 licet
504 5509 572 5563 ad
612 5511 718 5567 hoc
765 5511 990 5568 circiter
1042 5514 1271 5583 tempus
1318 5509 1550 5566 referre.
1609 5510 1770 5567 Certe
1813 5525 1880 5566 ea
1929 5509 2034 5564 sub

3707 209 3822 260 ἓθῖ

2116 443 2273 505 tano,
2307 436 2390 491 uti
2437 434 2678 500 videtur,
2729 431 2986 486 nondum
3035 428 3148 482 vita
3204 427 3417 490 functo,
3459 421 3829 494 proindeque

2117 531 2423 598 antequam
2450 528 2566 578 tres
2585 521 2719 577 libri
2745 520 2806 574 in
2828 516 3276 574 Parmenianum
3301 518 3494 568 essent
3523 510 3684 566 editi.
3719 510 3834 564 Ge-

2117 597 2353 672 nerosus
2383 615 2499 680 ille,
2547 613 2616 667 de
2638 627 2752 682 quo
2782 609 2992 680 agitur,
3025 603 3298 662 Cirtensis
3337 606 3480 668 erat,
3528 597 3834 655 catholicae

2119 704 2540 762 communionis
2568 717 2741 773 quem
2771 698 2947 754 etiam
2975 693 3359 768 comperimus
3376 689 3662 746 Numidize
3685 702 3832 743 con-

2119 798 2366 851 sularem
2389 793 2664 848 exstitisse
2690 792 2928 863 (Epistt.
2972 790 3096 850 115,
3130 784 3274 854 116),
3303 786 3362 838 et
3409 777 3640 834 nonnisi
3683 778 3825 848 post

2122 886 2305 956 legem
2347 883 2679 956 quamdam,
2717 896 2846 952 quae
2888 881 3117 932 tantum
3158 870 3496 928 duodecimo
3545 866 3829 956 kalendas

2119 955 2434 1030 februarias
2462 971 2600 1026 anni
2629 963 3179 1042 quadringentesimi
3203 961 3339 1017 noni
3357 962 3472 1015 lata
3495 962 3579 1014 est
3621 959 3705 1022 (Ut
3730 955 3825 1010 ub-

2121 1069 2394 1119 servatum
2421 1062 2646 1127 Prwfat.
2664 1065 2796 1114 tom.
2824 1061 2877 1125 2,
2905 1056 2978 1110 ad
3002 1056 3202 1124 Epistt.
3240 1055 3360 1117 H5,
3388 1049 3530 1118 116).
3564 1049 3764 1118 itaque
3781 1044 3833 1097 si

2124 1169 2297 1224 quam
2319 1167 2468 1206 anno
2491 1141 3425 1221 quadringentesimodignitatem,
3444 1141 3508 1191 ut
3525 1135 3660 1190 satis
3685 1131 3838 1224 veri-

2124 1222 2312 1296 simile
2341 1245 2444 1307 est,
2478 1240 2642 1296 Cirta:
2687 1235 2938 1308 gerebat,
2974 1249 3100 1288 eam
3133 1233 3358 1303 oportet
3393 1226 3570 1281 aliam
3620 1222 3834 1283 fuisse.

2125 1347 2296 1404 quam
2326 1328 2659 1385 consularis.
2690 1327 2819 1381 Erat
2842 1329 2976 1379 tunc
2996 1319 3271 1392 temporis
3290 1317 3458 1373 Cirtae
3489 1313 3728 1387 quidam
3760 1327 3834 1364 ex

2127 1421 2548 1476 Donatistarum
2579 1420 2741 1487 parte
2772 1413 3089 1486 presbyter,
3124 1409 3215 1464 cui
3243 1406 3400 1463 venit
3437 1405 3498 1460 in
3547 1406 3836 1462 mentem,

2125 1513 2190 1562 ut
2217 1508 2288 1562 ad
2313 1509 2665 1562 Generosum
2695 1502 2984 1566 scriberet,
3017 1497 3286 1568 angelum
3317 1493 3427 1548 sibi
3464 1489 3833 1563 apparuisse,

2127 1597 2541 1666 mandasseque
2567 1598 2632 1648 ut
2655 1592 2840 1647 eidem
2861 1591 3145 1644 Generoso
3174 1599 3372 1639 verum
3395 1577 3839 1637 Christianitatis

2126 1685 2287 1742 urbis
2329 1681 2601 1738 Cirtensis
2647 1680 2908 1736 ordinem
2954 1675 3232 1747 aperiret;
3276 1689 3340 1726 ac
3379 1675 3661 1742 praeterea
3707 1683 3838 1720 mo-

2127 1779 2304 1840 neret,
2337 1771 2539 1827 Donati
2568 1774 2791 1842 partem
2841 1763 3130 1837 amplecti,
3162 1766 3336 1834 prout
3361 1760 3423 1814 in
3451 1757 3696 1831 epistola
3735 1757 3841 1810 Pe.

2127 1861 2311 1917 tiliani
2338 1862 2592 1930 ejusdem
2607 1857 2846 1914 civitatis
2873 1853 3122 1927 episcopi
3142 1851 3474 1922 exponitur.
3502 1846 3643 1901 Huic
3657 1844 3837 1899 etiam

2129 1953 2254 2024 ejus
2301 1951 2451 2006 sedis
2498 1947 2822 2004 ostentabat
2847 1945 3251 2016 episcoporum
3273 1939 3504 2001 seriem,
3557 1952 3621 1990 ac
3641 1935 3836 1989 Silva-

2131 2041 2347 2096 numin
2377 2039 2578 2112 primis
2606 2031 3160 2092 honoriﬁcentissine
3188 2027 3551 2102 praedicabat.
3587 2025 3838 2078 Planum

2131 2135 2270 2193 erat,
2300 2129 2570 2200 angelum
2599 2125 2986 2189 tenebrarum,
3015 2121 3084 2176 ad
3115 2117 3472 2174 illudendum
3517 2113 3595 2182 ei,
3631 2113 3692 2166 in
3735 2127 3836 2167 an-

2130 2221 2322 2290 gelum
2346 2217 2486 2273 lucis
2515 2215 2981 2270 transformatum
3007 2209 3176 2265 fuisse
3200 2205 3340 2276 ;nisi
3359 2206 3502 2260 forte
3526 2201 3840 2257 Donatista:

2130 2309 2280 2364 illius
2304 2305 2619 2379 presbyteri
2647 2306 3038 2359 commentum
3067 2299 3126 2354 id
3145 2301 3287 2364 erat,
3333 2294 3432 2366 qui
3463 2297 3678 2347 satame
3726 2290 3838 2344 mi-

2131 2399 2373 2454 nistrum
2407 2411 2598 2467 agens,
2626 2394 2766 2449 alios
2793 2393 2901 2447 hoc
2929 2387 3228 2445 mendacio
3268 2386 3328 2440 in
3375 2383 3635 2439 fraudem
3667 2379 3841 2451 pelli-

2131 2504 2257 2543 cere
2319 2485 2725 2541 destinaverat.
2793 2479 3177 2547 Quamobrem
3232 2477 3568 2539 Generosus,
3635 2473 3839 2541 utpote

2131 2593 2260 2630 vere
2285 2575 2620 2642 catholicus,
2637 2574 2761 2644 ejus
2785 2571 2963 2626 irrisit
2991 2567 3313 2640 epistolam,
3339 2577 3582 2632 eamque
3605 2560 3678 2614 ad
3712 2560 3836 2614 For~

2131 2669 2398 2720 tunatum
2453 2665 2618 2718 Cirtae
2667 2660 3010 2717 catholicum
3067 2657 3418 2729 episcopum,
3469 2665 3702 2706 necnon
3763 2647 3838 2701 ad

2131 2754 2399 2826 Alypium
2421 2757 2592 2824 atque
2608 2749 3015 2822 Augustinum,
3039 2746 3140 2818 qui
3159 2750 3278 2799 tum
3297 2743 3439 2798 forte
3461 2739 3634 2796 Cirta:
3664 2738 3838 2792 simul

2133 2845 2388 2909 aderant,
2419 2839 2750 2897 transmisit.
2778 2840 2914 2893 Tres
2943 2836 3025 2892 illi
3050 2833 3353 2900 antistites,
3383 2830 3477 2886 sed
3508 2828 3684 2884 unius
3718 2830 3838 2882 Au-

2133 2931 2348 3004 gustini
2367 2946 2558 2996 manu,
2581 2945 2679 3001 spe
2701 2944 2764 2983 ac
2783 2926 2970 2983 studio
2991 2922 3292 2980 revocandi
3308 2921 3378 2976 ad
3396 2920 3568 2976 ﬁdem
3601 2918 3838 2990 presby-

2132 3022 2558 3088 teri,Generoso
2577 3015 3203 3090 responderunt(Epist.
3229 3015 3318 3080 53,
3342 3027 3390 3066 ο.
3420 3013 3534 3076 l,n.
3564 3008 3611 3075 l)
3631 3025 3642 3075 ;
3663 3023 3836 3080 quem

2133 3111 2373 3184 proinde
2393 3112 2690 3181 rogarunt,
2715 3107 2971 3160 utisuam
2989 3104 3245 3174 ipsorum
3261 3117 3392 3156 cum
3413 3099 3510 3154 illo
3533 3098 3837 3168 epistolam

2134 3199 2600 3257 communicaret.
2667 3197 2730 3251 In
2779 3212 2847 3250 ea
2896 3194 3310 3257 demonstrant,
3358 3189 3406 3242 si
3451 3187 3724 3242 standum
3767 3186 3840 3240 sit

2133 3291 2536 3362 episcoporum
2559 3283 2916 3345 successioni,
2947 3299 3074 3338 eam
3112 3280 3356 3352 potiusa
3393 3279 3649 3332 Romana
3693 3275 3838 3331 Sede

2135 3378 2541 3451 repetendam:
2575 3392 2688 3448 qua
2707 3375 2776 3430 de
2807 3389 2978 3428 causa
2998 3373 3386 3426 Romanorum
3410 3365 3738 3421 antistitum
3771 3365 3838 3418 ad

2133 3466 2494 3524 Anastasium
2511 3480 2692 3536 usque
2705 3467 2840 3518 tunc
2855 3461 3146 3516 sedentem
3165 3459 3488 3528 catalogum
3503 3459 3836 3510 contexunt.

2135 3559 2270 3613 Post
2296 3556 2416 3610 haec
2453 3553 2751 3626 proferunt
2779 3569 2844 3606 ea
2875 3553 3271 3614 monumenta,
3303 3563 3433 3620 quae
3473 3545 3838 3619 potissimum

2136 3646 2204 3701 ad
2235 3642 2685 3716 cognoscendam
2718 3639 3144 3696 Donatistarum
3182 3635 3480 3692 historiam
3511 3634 3754 3702 faciunt,
3785 3640 3839 3690 et

2136 3749 2202 3789 ea
2229 3734 2290 3788 in
2311 3732 2532 3805 primis,
2566 3731 2775 3803 quibus
2822 3728 3115 3784 Silvanum
3147 3727 3464 3783 Cirtensem
3499 3724 3836 3780 traditorem

2135 3823 2308 3878 fuisse
2339 3822 2536 3893 liquet.
2572 3817 3115 3875 Maximianistarum
3135 3831 3369 3888 quoque
3399 3819 3559 3885 gesta
3587 3830 3836 3868 comme-

2137 3915 2393 3978 morant;
2426 3925 2612 3982 neque
2643 3908 2700 3963 id
2729 3907 3020 3974 omittunt,
3051 3904 3405 3961 Felicianum
3434 3919 3497 3957 ac
3527 3904 3838 3957 Praetexta-

2135 4004 2258 4054 tum
2297 4000 2368 4054 ab
2389 3998 2502 4053 illis
2531 3997 2826 4064 admissos,
2857 4013 3020 4067 quos,
3041 3999 3110 4050 ut
3128 3993 3362 4066 quidem
3393 3991 3636 4056 videtur,
3663 3991 3837 4045 etiam

2136 4094 2256 4143 tum
2289 4088 2351 4142 in
2377 4086 2518 4142 vivis
2540 4102 2706 4157 agere
2737 4101 2840 4157 pro
2861 4089 3016 4140 certo
3040 4087 3282 4154 ponunt.
3314 4083 3672 4136 Generosum
3705 4096 3836 4134 vero

2135 4192 2267 4231 cum
2318 4175 2386 4229 ad
2425 4191 2566 4244 opus
2611 4173 2879 4228 adversus
2921 4169 3180 4227 Petiliani
3222 4167 3522 4239 epistolam
3562 4166 3836 4238 scriptum

2136 4280 2249 4319 non
2285 4262 2539 4330 mittunt,
2575 4262 2707 4316 inde
2742 4260 3000 4332 judicare
3051 4263 3156 4325 est,
3192 4257 3337 4312 nihil
3367 4257 3554 4312 adhuc
3605 4256 3674 4310 ab
3725 4259 3836 4310 Au-

2138 4353 2368 4426 gustino
2395 4367 2570 4422 super
2597 4367 2665 4406 ea
2680 4367 2739 4405 re
2755 4350 2973 4405 editum
2998 4365 3012 4404 :
3046 4346 3516 4420 quandoquidem
3534 4344 3624 4399 vix
3655 4345 3836 4400 ullum

2137 4441 2376 4497 dubium
2400 4456 2520 4496 esse
2543 4439 2906 4511 potest,quin
2938 4439 3167 4494 laudata
3181 4437 3250 4492 ab
3268 4436 3473 4491 eodem
3502 4435 3836 4506 presbytero

2139 4529 2402 4584 Petiliani
2433 4529 2696 4600 epistola,
2727 4527 2964 4584 celebris
2989 4527 3087 4582 illa
3116 4525 3241 4597 ipsa
3268 4524 3464 4592 fuerit,
3498 4537 3678 4595 quam
3707 4538 3836 4577 con-

2137 4618 2338 4675 futavit
2367 4619 2748 4690 Augustinus.

2811 4707 3034 4762 CAPUT
3071 4706 3171 4760 ΙΙΙ.

2142 4800 2163 4852 1
2243 4797 2538 4852 Petilianus
2566 4811 2593 4849 θ
2622 4797 2818 4850 Donati
2830 4800 2992 4865 parte
3019 4797 3302 4864 episcopus
3331 4795 3456 4863 quis
3482 4793 3680 4860 fuerit.
3705 4794 3740 4846 2
3771 4793 3838 4846 De

2205 4887 2354 4941 illius
2375 4885 2633 4940 adversus
2682 4885 3000 4939 catholicam
3031 4883 3326 4939 Ecclesium
3379 4881 3626 4951 epistola.
3674 4883 3706 4935 3
3732 4882 3839 4935 Hu-

2202 4976 2297 5045 jus
2323 4977 2562 5044 primam
2585 4977 2806 5043 partem
2861 4973 3062 5040 refellit
3109 4971 3470 5039 Augustinus.
3502 4970 3536 5022 4
3590 4969 3841 5034 Quonam

2211 5068 2442 5133 tempore
2468 5063 2529 5116 id
2556 5077 2844 5131 aggressus
2869 5065 2966 5115 est.
2999 5063 3029 5114 5
3051 5060 3403 5115 Parmeniam'
3430 5062 3618 5113 contra
3651 5058 3840 5112 Ticino-

2209 5155 2362 5208 nium
2391 5153 2678 5222 epistolam
2702 5154 2759 5204 in
2807 5151 3052 5218 favorem
3109 5149 3422 5203 schismatis
3478 5149 3838 5216 conscriptam

2210 5241 2473 5308 con/atat.
2507 5244 2538 5295 6
2567 5240 2698 5296 Edit
2718 5240 2882 5294 libros
2901 5239 2969 5293 de
2995 5241 3272 5308 Baptismo
3301 5240 3488 5292 contra
3505 5237 3838 5291 Donatistas.

2210 5334 2241 5386 7
2267 5332 2342 5384 De
2366 5329 2524 5398 libro,
2557 5329 2756 5385 Contra
2774 5327 2920 5397 quod
2944 5327 3132 5384 attulit
3151 5328 3436 5384 Centurius
3459 5341 3495 5379 a
3519 5326 3836 5380 Donatistis.

2211 5421 2244 5473 8
2282 5420 2355 5472 De
2383 5418 2578 5473 litteris
2599 5418 2673 5472 ad
2700 5418 2956 5474 Celerem.

2217 5510 2265 5564 1.
2298 5505 2561 5578 Epistolas
2585 5521 2716 5561 mox
2749 5508 3083 5563 memorata:
3111 5507 3311 5561 auctor
3335 5501 3667 5568 Petilianus,
3698 5502 3840 5557 inter
