4008 6184
171 270 272 322 293

170 384 589 441 Donatistarum
616 382 914 454 episcopos
942 387 1078 438 tunc
1116 383 1359 437 maxime
1389 383 1649 439 omnium
1688 385 1871 440 nomi-

172 479 345 538 natus,
380 476 638 526 forenses
668 472 974 542 aliquando
1019 489 1215 527 causas
1246 478 1440 544 egerat
1469 489 1483 527 :
1518 490 1691 545 quem
1730 491 1867 545 pro-

176 569 352 634 pterea
376 561 437 615 in
482 560 786 614 collatione
817 560 1249 631 Carthaginensi
1294 562 1604 617 catholicus
1634 563 1867 633 quidam

176 651 460 722 episcopus
492 650 563 704 ad
591 648 704 703 fori
734 650 820 703 sui
850 651 1003 721 leges
1048 667 1165 704 non
1204 650 1413 721 injuria
1462 651 1647 705 redire
1682 652 1864 723 jubet.

174 742 217 794 Is
240 755 371 792 sane
408 738 628 808 jactare
659 738 857 791 solitus
887 742 1007 792 erat
1032 739 1349 808 potentiam
1377 741 1671 810 quondam
1704 757 1864 795 suam

170 826 219 880 in
245 825 463 880 forensi
497 826 896 893 advocatione;
932 831 1125 895 se'que,
1154 833 1391 897 propter
1422 829 1586 895 hanc,
1621 830 1865 899 Spiritus

167 914 330 969 sancti
372 915 861 987 cognominalem,
895 916 1051 988 quod
1080 917 1211 971 inde
1236 918 1506 988 paracleti
1535 935 1748 973 nomen
1770 920 1866 973 ob-

162 1004 436 1069 tinuisset,
472 1004 644 1058 fuisse
676 1005 878 1059 stolide
918 1005 1266 1075 praedicabat
1317 1007 1481 1075 (Cant.
1512 1006 1646 1062 Litt.
1678 1010 1862 1075 Pctzl.,

158 1094 241 1147 lib.
261 1097 313 1161 3’,
345 1109 393 1148 c.
418 1098 579 1159 l6,n.
612 1092 713 1164 t9).
742 1095 898 1148 Hunc
921 1111 1049 1149 cum
1064 1092 1252 1165 primo
1273 1094 1332 1148 in
1357 1096 1604 1150 Ecclesia
1624 1098 1861 1151 catholi-

157 1200 215 1237 ca
244 1187 397 1237 esset
421 1183 888 1250 catechumenus,
920 1200 1022 1254 per
1047 1184 1162 1237 vim
1191 1188 1501 1254 rapuerant
1531 1185 1860 1253 Donatistae,

156 1289 213 1326 ac
234 1289 352 1327 suae
378 1272 529 1343 parti
549 1272 777 1326 vinculo
790 1272 1022 1327 honoris
1043 1272 1622 1340 mortifero,videlicet
1643 1274 1861 1345 episco-

155 1362 264 1432 pali
293 1361 605 1431 dignitate,
637 1361 1035 1415 astrinxerant.
1071 1362 1194 1426 Qua
1225 1362 1293 1416 de
1322 1361 1377 1416 vi
1404 1361 1680 1416 Petiliano
1704 1362 1863 1417 illata

150 1451 512 1519 Augustinus
541 1450 601 1503 in
632 1465 893 1504 sermone
934 1451 1001 1505 ad
1032 1452 1311 1521 populum
1336 1451 1750 1506 Ctesareensem
1778 1452 1862 1506 di-

151 1541 302 1594 cebat
363 1556 379 1593 :
428 1542 566 1594 Pars
604 1542 802 1593 Donati
848 1540 1063 1608 quando
1104 1541 1435 1610 praevalebat
1476 1544 1858 1608 Constantina},

150 1631 347 1683 laicu-m
399 1633 643 1683 nostrum
689 1630 1141 1696 catcchumenum,
1196 1635 1385 1684 natum
1424 1630 1489 1685 de
1540 1631 1861 1701 parentibus

147 1720 452 1786 catholicis,
484 1720 808 1772 Petilianum
854 1721 1040 1786 tenuit,
1073 1722 1180 1771 vim
1206 1721 1337 1786 fecit
1366 1721 1586 1787 nolenti,
1617 1726 1862 1776 scrutata

144 1814 215 1862 est
250 1810 585 1875 fugientem,
614 1811 819 1862 invenit
844 1810 1113 1875 latentem,
1146 1810 1394 1863 extraxit
1424 1814 1723 1878 paventem,
1758 1811 1859 1865 ba-

142 1898 385 1965 ptizavit
410 1902 742 1965 trementem,
764 1897 1041 1950 ordinavit
1062 1897 1321 1950 nolentem
1340 1896 1534 1967 (Serm.
1564 1898 1638 1951 ad
1658 1900 1857 1953 Ca’rar.

142 1987 281 2039 Eccl.
314 1986 493 2055 pleb.,
524 2002 579 2039 n.
624 1988 694 2053 8).
725 1986 809 2039 Ab
838 1985 926 2039 his
957 2001 1093 2056 ergo
1126 1986 1322 2039 volens
1355 1987 1558 2039 nolens
1588 1986 1860 2041 Constan-

142 2077 275 2130 tina:
356 2092 460 2129 seu
523 2074 689 2131 Cirtae
732 2079 888 2146 (nam
940 2075 1162 2129 duobus
1209 2074 1499 2129 vocabulis
1555 2075 1862 2145 insignitur

141 2165 351 2220 eadem
383 2163 543 2229 urbs,
566 2180 739 2235 quam
766 2163 1029 2218 Numidia
1059 2162 1281 2217 civilem
1303 2164 1669 2234 metropolim
1692 2181 1863 2235 agno-

141 2254 361 2325 scebat)
419 2254 630 2325 prcesul
684 2258 770 2306 est
828 2252 1167 2307 constitutus
1223 2269 1236 2306 :
1285 2269 1397 2323 qua
1436 2253 1531 2307 ille
1562 2253 1858 2323 dignitate,

141 2346 357 2415 Optato
400 2343 647 2399 necdum
696 2347 945 2411 mortuo,
988 2342 1333 2414 potiebatur.
1372 2342 1617 2398 Tametsi
1667 2348 1855 2398 autem

140 2433 497 2487 Petilianum
542 2433 752 2486 soleret
798 2432 949 2486 fama
978 2433 1314 2504 praedicare,
1349 2433 1504 2504 quod
1542 2432 1693 2486 inter
1729 2450 1861 2487 suos

142 2523 410 2576 doctrina
460 2525 515 2575 et
544 2520 812 2575 facundia
856 2521 1102 2575 maxime
1136 2522 1436 2575 excelleret
1469 2522 1683 2591 (Contra
1723 2524 1856 2576 Litt.

144 2612 330 2677 Petil.,
366 2611 465 2664 lib.
498 2614 546 2676 l,
579 2626 623 2665 c.
664 2610 746 2682 l);
777 2610 1029 2681 ejusdem
1058 2616 1253 2665 tamen
1296 2610 1476 2664 oratio
1516 2611 1861 2681 quandoque

140 2699 594 2771 reprehenditur
638 2701 708 2753 ab
740 2699 1058 2770 Augustino
1100 2705 1165 2754 ut
1204 2699 1451 2770 turgida,
1482 2702 1855 2766 tumultuosa,

139 2806 197 2843 ac
239 2789 617 2843 concitandae
661 2789 817 2859 plebi
863 2789 1315 2853 accommodata,
1349 2788 1532 2843 verbis
1564 2789 1734 2843 etiam
1766 2790 1861 2843 in-

138 2879 279 2948 eptis
306 2877 607 2932 interdum
631 2894 692 2932 ac
712 2878 923 2932 insanis
944 2878 1255 2948 composita
1279 2878 1459 2948 (lbid.,
1484 2879 1579 2934 lib.
1601 2882 1653 2945 2,
1676 2894 1721 2933 c.
1744 2880 1858 2950 73).

138 2968 513 3037 Praecipuum
540 2983 673 3020 vero
705 2966 1017 3020 schismatis
1047 2967 1155 3021 fuit
1175 2967 1270 3021 ille
1301 2967 1361 3021 in
1382 2967 1692 3022 Collatione
1712 2984 1859 3038 prte-

138 3058 381 3125 sidium,
416 3055 477 3109 in
508 3072 621 3126 qua
652 3056 929 3126 quidquid
968 3056 1275 3127 excogitari
1300 3060 1495 3127 potest
1524 3057 1766 3111 solertize
1797 3073 1861 3111 ac

136 3146 383 3211 fraudis,
435 3144 719 3215 quidquid
762 3145 1252 3214 tergiversationis
1296 3162 1358 3199 ac
1406 3144 1755 3216 pervicacius,
1800 3146 1859 3200 id

137 3251 315 3289 omne
347 3234 411 3287 in
440 3233 722 3288 mendacii
750 3233 1141 3302 defensionem
1176 3234 1469 3301 adhibuit;
1502 3250 1615 3305 quo
1654 3239 1710 3289 et
1738 3240 1862 3289 acta

136 3326 514 3395 produceret,
549 3327 605 3376 et
636 3322 884 3401 efﬁceret
906 3339 978 3377 ne
1008 3322 1147 3394 quid
1177 3324 1397 3378 interea
1427 3322 1857 3394 transigeretur,

137 3414 326 3469 donec
374 3416 672 3468 contracta
720 3411 859 3480 ravi,
910 3413 1141 3468 tandem
1180 3413 1252 3467 ad
1291 3411 1583 3467 silentium
1631 3413 1860 3467 adactus

146 3504 269 3559 fuit.
1040 3510 1045 3513 “

203 3596 256 3647 2.
295 3589 497 3647 Multis
538 3590 702 3643 annis
745 3593 875 3644 ante
929 3590 1292 3645 collationem
1350 3590 1859 3662 Carthaginensem

139 3682 461 3735 Petiliauus
492 3679 565 3733 ad
601 3680 981 3750 presbyteros,
1024 3680 1409 3750 diaconosque
1440 3679 1547 3733 sibi
1579 3680 1856 3746 subditos,

136 3771 496 3841 pastoralem
542 3767 861 3837 epistolam'
884 3768 1149 3822 adversus
1191 3768 1494 3822 Ecclesiam
1526 3767 1859 3822 catholicam

140 3861 397 3913 scribere
448 3874 641 3924 ausus,
684 3858 831 3912 hanc
869 3863 1103 3923 temere,
1158 3874 1263 3911 nec
1315 3858 1448 3911 ullis
1500 3856 1755 3912 adductis
1800 3857 1861 3911 in

137 3949 403 4003 medium
453 3945 834 4012 documentis,
886 3944 1194 3999 infamibus
1246 3946 1473 4015 probris
1512 3945 1858 4012 incessebat;

137 4036 640 4107 contendebatque
668 4050 866 4090 verum
899 4050 962 4089 ac
992 4034 1313 4105 legitimum
1357 4035 1707 4105 Baptismum
1734 4039 1859 4089 tan-

138 4125 450 4181 tummodo
500 4140 676 4196 penes
724 4140 885 4177 suam
933 4128 1144 4178 sectam
1192 4122 1432 4193 reperiri
1464 4124 1644 4194 (1bid.,
1676 4123 1768 4179 lib.
1809 4127 1859 4190 l,

135 4230 178 4267 ε.
216 4218 267 4281 1,
303 4230 361 4267 n.
397 4212 479 4283 2).
515 4213 667 4266 Hanc
688 4212 987 4283 epistolam
1008 4211 1055 4265 is
1075 4209 1737 4281 haberetintegram,qui
1763 4211 1860 4265 de-

136 4308 337 4373 cerpta
392 4317 460 4355 ex
511 4300 818 4371 Augustini
850 4300 992 4354 libro
1026 4299 1083 4353 in
1114 4298 1459 4353 Petilianum
1491 4299 1736 4352 secundo
1769 4315 1860 4352 ca-

135 4391 330 4460 pitum
380 4390 749 4459 singulorum
793 4390 959 4443 initia
1005 4393 1131 4459 apte
1170 4388 1321 4441 inter
1363 4401 1421 4439 se
1468 4386 1857 4455 conjungeret_

136 4479 507 4533 Orthodoxos
536 4478 597 4532 in
627 4494 692 4532 ea
724 4477 887 4549 quasi
932 4477 1256 4542 traditores,
1309 4478 1405 4529 aut
1435 4478 1597 4528 natos
1624 4489 1653 4527 e
1683 4474 1862 4527 tradi-

132 4568 384 4634 toribus,
428 4567 594 4620 nullo
625 4566 954 4620 testimonio
987 4565 1155 4621 nixus
1185 4563 1450 4619 traducit.
1492 4567 1762 4633 Acceptas
1792 4562 1859 4615 ab

134 4653 249 4707 illis
292 4653 542 4723 injurias
591 4653 874 4724 queritur,
925 4653 1034 4707 etsi
1080 4653 1439 4707 vexationem
1478 4655 1613 4705 tunc
1644 4651 1860 4704 nullam

133 4744 514 4815 experiretur
542 4743 665 4814 ejus
704 4742 904 4809 factio;
944 4758 1074 4797 cum
1128 4741 1497 4812 magistratus
1526 4738 1659 4794 satis
1688 4740 1861 4794 habe-

134 4837 292 4899 rent,
339 4832 390 4886 si
436 4831 609 4886 modo
649 4831 754 4897 illi,
782 4831 837 4885 vi
865 4832 1013 4886 forte
1045 4830 1185 4900 legis
1216 4846 1248 4883 a
1279 4829 1544 4884 Gratiano
1574 4845 1725 4883 anno
1752 4832 1863 4883 tre-

136 4922 459 4975 centesimo
524 4921 943 4991 septuagesimo
993 4919 1234 4990 septimo
1277 4919 1427 4986 latae,
1471 4934 1655 4972 sacras
1711 4917 1862 4973 aedes

137 5012 489 5065 adimerent.
540 5010 738 5064 Plures
781 5010 1037 5081 quidem,
1079 5014 1201 5063 tum
1241 5024 1382 5079 quas
1416 5007 1725 5061 Donatista:
1758 5008 1860 5063 Ca-

137 5100 376 5153 tholicis
405 5114 513 5170 per
549 5097 665 5152 vim
698 5098 1049 5169 eripuerant,
1089 5101 1211 5152 tum
1242 5112 1383 5167 quas
1408 5096 1585 5151 iidem
1614 5113 1718 5167 per
1746 5095 1860 5151 dis-

136 5189 282 5242 cidii
332 5194 565 5258 tempus
614 5190 1026 5254 exstruxerant,
1076 5185 1155 5241 eis
1198 5186 1511 5240 subtractas
1540 5185 1863 5239 retinebant

133 5277 422 5331 Catholici
471 5293 485 5331 :
538 5276 796 5347 quamvis
840 5276 1022 5331 adhuc
1068 5292 1182 5331 non
1223 5291 1439 5347 paucas,
1473 5292 1538 5331 ex
1568 5275 1659 5330 his
1688 5274 1861 5329 etiam

129 5383 265 5436 quae
322 5363 751 5419 communionis
830 5364 1118 5419 catholicae
1189 5365 1436 5434 fuerant,
1494 5362 1861 5419 schismaticis

128 5453 398 5523 partibus
470 5453 769 5509 servirent.
829 5452 1131 5507 Ecclesiam
1184 5452 1485 5509 Catholicae
1524 5452 1690 5507 titulo
1732 5468 1861 5522 spo-

131 5544 285 5599 liare
325 5542 629 5600 nitebatur
658 5557 674 5596 :
700 5540 795 5597 sed
839 5542 1066 5597 tandem
1102 5558 1168 5597 ea
1205 5556 1306 5613 spe
1335 5541 1607 5614 dejectus,
1635 5541 1701 5597 ad
1730 5556 1864 5612 pau-

1629 266 1833 320 LIBER
1872 265 2199 330 QUINTUS.
3572 279 3677 333 294

1980 387 2164 442 citatis
2192 404 2297 459 per
2325 394 2627 459 angustam
2657 391 2808 447 viam
2838 394 3166 463 gradientes
3197 396 3424 452 laudem
3452 414 3510 453 se
3540 418 3674 456 con-

1977 476 2211 531 ferebat.
2250 478 2636 549 Exprobrabat
2674 480 2879 535 factam
2910 499 2941 535 a
2971 483 3272 537 Catholicis
3303 487 3455 556 apud
3485 489 3670 559 impe-

1976 571 2188 621 ratores
2264 569 2777 638 expostulationem
2842 571 2909 625 de
2987 573 3245 627 Ecclesia}
3319 574 3477 643 locis,
3547 594 3675 648 quze

1978 656 2401 710 Donatistarum
2453 663 2603 712 secta
2660 666 3050 730 occupaverat.
3098 663 3221 716 lam
3273 666 3395 717 tum
3440 665 3675 735 quidem

1975 745 2267 799 exstabant
2298 746 2468 816 leges,
2501 763 2628 818 qua:
2663 749 2971 804 Donatistis
3002 751 3230 806 urbium
3258 752 3552 808 domicilio
3585 754 3674 808 in-

1973 833 2341 901 terdicerent;
2377 852 2479 889 nec
2520 836 2757 891 dubium
2790 839 2929 909 quin
2969 841 3151 895 multa
3183 842 3419 895 Honorii
3456 843 3515 897 in
3548 843 3674 897 illos

1974 922 2155 978 edicta
2203 924 2596 996 reperirentur
2643 927 2701 981 id
2747 928 3024 999 temporis
3068 945 3081 983 :
3135 947 3247 1001 qua
3293 930 3465 985 etiam
3504 933 3572 986 de
3614 949 3674 986 re

1973 1027 2170 1083 graves
2208 1014 2593 1085 querimonias
2622 1015 2869 1069 habebat
2900 1017 3231 1086 Petilianus,
3270 1021 3421 1090 quod
3461 1021 3675 1075 scilicet

1973 1101 2245 1156 Catholici
2287 1104 2356 1157 ad
2394 1104 2612 1174 regiam
2652 1105 3046 1160 auctoritatem
3087 1108 3481 1179 confugerent.
3520 1111 3674 1164 lnter

1972 1189 2093 1243 haec
2127 1206 2256 1243 suos
2288 1191 2717 1259 adhortabatur,
2759 1199 2821 1247 ut
2854 1194 3245 1251 innocentiam
3283 1197 3464 1267 illam,
3497 1215 3669 1268 quam

1971 1278 2110 1349 ipsis
2135 1279 2355 1343 tribuit,
2378 1281 2463 1334 vel
2489 1281 2771 1335 bonorum
2793 1283 3052 1337 omnium
3078 1289 3431 1339 terrenorum
3451 1288 3675 1357 jactura

1970 1371 2286 1423 tuerentur.
2316 1370 2377 1422 In
2403 1369 2481 1423 eis
2509 1386 2567 1423 se
2598 1387 2842 1442 suosque
2866 1373 3226 1440 numerabat,
3251 1391 3396 1445 quos
3418 1376 3673 1430 Christus

1970 1473 2249 1527 pauperes
2288 1458 2492 1529 spiritu
2531 1464 2720 1527 vocat;
2755 1460 2971 1531 quique
3013 1462 3390 1517 reformidant
3428 1464 3670 1533 divitias,

1972 1546 2186 1600 nedum
2235 1548 2640 1617 concupiscant
2685 1565 2697 1603 :
2741 1550 2969 1604 tametsi
3011 1568 3216 1622 parum
3257 1552 3568 1607 admodum
3613 1554 3674 1609 in

1971 1636 2277 1689 nonnullos
2325 1636 2751 1692 Donatistarum
2796 1639 3092 1712 episcopos
3141 1641 3423 1712 ejusmodi
3480 1643 3675 1697 laudes

1971 1724 2342 1795 quadrarent,
2367 1726 2602 1797 ipseque
2633 1728 2858 1782 nullum
2877 1729 3157 1783 bonorum
3180 1746 3410 1784 suorum
3442 1732 3673 1802 dispen-

1970 1812 2128 1867 dium
2160 1819 2306 1868 esset
2338 1831 2561 1885 passus,
2596 1833 2723 1887 quas
2763 1835 2834 1871 an
2880 1818 3198 1889 abjecisset,
3238 1821 3495 1890 profecto
3537 1821 3675 1876 late-

1969 1900 2067 1954 bat
2107 1902 2509 1973 Augustinum.
2552 1906 2627 1958 Eo
2670 1906 2972 1960 dementia}
3011 1923 3075 1961 ac
3113 1909 3396 1977 superbiae
3439 1914 3672 1964 venerat

1970 1990 2301 2057 Petilianus,
2333 1996 2396 2046 ut
2426 1993 2637 2047 sentire
2667 1993 2957 2049 videretur
2987 2012 3134 2051 verae
3175 1998 3432 2051 Ecclesia:
3464 1998 3677 2068 episco-

1970 2094 2074 2149 pos
2103 2080 2344 2149 peccatis
2374 2082 2547 2135 nullis
2580 2083 2855 2138 obnoxios
2895 2101 3037 2151 esse,
3073 2100 3261 2157 neque
3291 2086 3433 2140 adeo
3475 2087 3674 2157 populi

1969 2168 2234 2237 precibus
2288 2169 2580 2241 indigere;
2618 2176 2788 2241 atque
2825 2172 2904 2227 ita
2942 2190 3000 2227 se
3042 2190 3273 2244 quoque
3315 2174 3503 2245 ipsum
3553 2191 3673 2228 esse

1969 2257 2165 2323 Paulo,
2215 2258 2430 2314 Joanne
2478 2260 2849 2331 evangelista,
2901 2261 3132 2316 Daniele
3181 2266 3351 2333 atque
3400 2261 3524 2316 aliis
3576 2262 3672 2334 ju-

1971 2344 2224 2400 stiorem.

2042 2436 2092 2489 3.
2142 2434 2269 2487 Hinc
2315 2434 2553 2505 epistola
2602 2437 2919 2491 multorum
2963 2436 3021 2491 in
3070 2437 3336 2492 manibus
3384 2443 3524 2506 erat,
3573 2440 3675 2510 qui

1970 2522 2152 2578 varias
2183 2523 2354 2578 etiam
2385 2540 2454 2578 ex
2494 2540 2559 2578 ea
2588 2525 2897 2579 sententias
2930 2527 2997 2581 ad
3044 2528 3279 2581 verbum
3322 2528 3671 2597 ediseebant,

1971 2611 2133 2681 quasi
2181 2628 2246 2665 ex
2290 2629 2461 2683 opere
2508 2613 2776 2668 adversus
2824 2616 3160 2670 catholicam
3214 2617 3516 2671 Ecclesiam
3565 2634 3673 2689 ap-

1969 2700 2153 2770 prime
2190 2701 2375 2755 valido
2423 2701 2518 2771 (De
2565 2704 2779 2757 Unitatc
2822 2705 3088 2771 Ecclesiae,
3121 2722 3173 2759 n.
3226 2706 3296 2776 l).
3345 2706 3513 2761 Cirta:
3554 2707 3673 2776 pri-

1968 2804 2128 2843 mum
2152 2805 2219 2843 ex
2240 2789 2337 2843 illa
2350 2791 2613 2861 quiedam
2635 2792 2775 2862 legit
2794 2795 3179 2863 Augustinum
3193 2793 3424 2865 (Contra
3438 2798 3673 2849 Litteras

1968 2879 2247 2947 Pelitiaui,
2280 2879 2371 2933 lib.
2410 2882 2458 2946 1,
2490 2896 2544 2934 n.
2584 2880 2654 2952 l).
2682 2882 2829 2935 forte
2862 2882 3056 2949 etiam,
3090 2886 3153 2935 ut
3191 2898 3224 2936 a
3262 2882 3425 2936 nobis
3457 2882 3671 2936 dictum

1971 2971 2074 3033 est,
2112 2983 2224 3038 quo
2254 2971 2512 3037 tempore
2542 2986 2575 3021 a
2606 2972 2887 3026 Generoso
2911 2970 3225 3041 presbyteri
3257 2970 3565 3025 Donatistae
3590 2972 3675 3025 lit-

1970 3060 2139 3121 teras,
2165 3054 2224 3108 in
2255 3056 2464 3125 quibus
2493 3058 2692 3112 eadem
2722 3058 3078 3125 laudabatur,
3103 3059 3317 3129 accepit
3339 3060 3531 3130 (Epist.
3559 3061 3670 3131 53).

1972 3145 2124 3198 Hanc
2165 3144 2237 3210 ei,
2288 3161 2418 3199 cum
2467 3144 2525 3199 in
2568 3147 2802 3201 ecclesia
2845 3152 2993 3201 esset
3032 3163 3147 3202 una
3188 3164 3319 3202 cum
3366 3149 3673 3203 Fortunato

1970 3232 2247 3287 catholico
2280 3233 2402 3304 ejus
2452 3233 2558 3287 loci
2596 3235 2867 3302 antistite,
2908 3236 3359 3292 orthodoxorum
3406 3237 3673 3292 nonnulli

1972 3322 2327 3390 obtulerunt,
2370 3323 2641 3378 Absentio
2688 3330 2969 3396 praesente
3015 3342 3027 3380 :
3079 3326 3225 3381 forte
3272 3328 3671 3397 reponendum

1968 3410 2196 3482 Alypio,
2248 3412 2722 3484 quandoquidem
2776 3414 3013 3485 Alypius
3061 3431 3189 3469 cum
3243 3416 3566 3487 Augustino
3616 3419 3674 3471 et

1971 3500 2283 3554 Fortunato
2314 3502 2668 3571 conjunctim
2700 3504 2981 3557 Generoso
3021 3504 3327 3573 rescripsit.
3363 3506 3494 3558 Haec
3523 3521 3670 3558 non-

1972 3589 2080 3643 nisi
2110 3588 2342 3643 initium
2373 3594 2429 3643 et
2467 3607 2599 3660 pars
2639 3590 2899 3660 epistolae
2938 3608 3220 3662 perquam
3260 3593 3467 3663 exigua
3505 3596 3670 3647 erat:

1972 3677 2246 3749 quoniam
2286 3677 2541 3731 nondum
2572 3677 2809 3733 licuerat
2838 3679 3139 3734 Catholicis
3171 3696 3235 3735 ex
3267 3697 3333 3735 ea
3372 3681 3539 3751 plura
3569 3681 3669 3735 de-

1971 3766 2235 3821 scribere.
2272 3766 2559 3837 Principio
2591 3766 2854 3822 observat
2880 3769 3254 3840 Augustinus,
3286 3770 3393 3824 hac
3431 3769 3674 3841 epistola

1972 3853 2040 3908 ab
2062 3854 2186 3924 ipso
2212 3854 2443 3908 exordio
2467 3854 2722 3910 funditus
2748 3856 2954 3912 Donati
2982 3863 3209 3928 partem
3238 3858 3520 3927 subverti;
3543 3873 3672 3912 cum

1970 3942 2041 3997 ab
2077 3942 2379 4014 impolluta
2417 3944 2761 4015 baptizantis
2801 3946 3163 4013 conscientia,
3206 3963 3404 4002 eorum
3443 3947 3542 4019 qui
3571 3946 3675 4000 Iba-

1970 4031 2277 4100 ptizantur,
2296 4032 2550 4103 pendere
2573 4033 3046 4104 justiﬁcationem
3072 4036 3289 4089 doceat.
3315 4034 3675 4105 Quapropter

1968 4120 2125 4174 illam
2156 4137 2353 4175 revera
2381 4120 2648 4176 Petiliani
2680 4137 2822 4190 esse,
2856 4123 3115 4194 quamvis
3144 4124 3266 4194 ejus
3296 4139 3507 4177 nomen
3527 4139 3673 4193 prte-

1968 4209 2161 4276 ferret,
2193 4210 2346 4265 haud
2390 4210 2553 4265 facile
2590 4211 2701 4265 sibi
2740 4212 3125 4283 persuadebat
3166 4228 3179 4267 :
3222 4228 3421 4266 verum
3462 4212 3671 4282 quibus

1968 4303 2105 4353 nota
2122 4303 2240 4352 erat
2262 4298 2434 4368 hujus
2461 4300 2772 4354 Donatistae
2791 4299 3073 4355 scribendi
3093 4300 3296 4366 forma,
3311 4300 3462 4353 hunc
3482 4300 3667 4369 ipsum

1970 4403 2090 4441 esse
2130 4387 2387 4457 ejusdem
2429 4387 2627 4442 stilum
2666 4390 2986 4460 Augustino
3035 4388 3225 4443 testati
3274 4393 3407 4443 sunt
3455 4390 3671 4459 (Contra

1967 4479 2203 4531 Litteras
2242 4477 2524 4544 Petiliani,
2567 4479 2660 4532 lib.
2712 4481 2758 4545 l,
2799 4495 2856 4533 η.
2902 4478 2975 4549 l).
3017 4477 3195 4547 Igitur
3245 4476 3401 4531 illam
3460 4477 3671 4548 scripto

1970 4565 2225 4619 refellere
2263 4566 2587 4633 constituit;
2623 4566 2775 4638 quod
2806 4571 2863 4622 et
2900 4565 3170 4638 praestitit
3208 4582 3382 4637 quam
3420 4567 3672 4622 maxima

1967 4654 2154 4724 potuit
2181 4654 2497 4726 diligentia,
2530 4655 2785 4709 claritate
2815 4672 2878 4709 ac
2910 4654 3252 4721 sinceritate,
3276 4671 3347 4709 ne
3374 4657 3513 4726 quid
3542 4672 3673 4711 con-

1969 4746 2055 4796 tra
2087 4742 2421 4798 catholicam
2451 4743 2628 4798 ﬁdem
2660 4742 2827 4798 solidi
2856 4760 2921 4799 ea
2951 4743 3232 4798 contineri
3259 4749 3528 4816 putarent
3556 4744 3669 4800 im-

1968 4830 2266 4900 peritiores
2309 4848 2322 4887 :
2369 4848 2475 4886 nec
2517 4831 2801 4886 modestia
2853 4848 2955 4886 sua
3001 4831 3315 4899 inhibetur,
3362 4833 3669 4905 quominus

1968 4923 2179 4973 asserat
2218 4919 2515 4975 veritatem
2561 4920 2623 4973 in
2664 4935 2765 4973 sua
2814 4920 3185 4991 responsione
3235 4921 3377 4976 adeo
3426 4921 3671 4975 firmiter

1968 5007 2229 5076 stabiliri,
2276 5011 2548 5080 tantaque
2587 5009 2713 5063 luce
2756 5008 3050 5077 illustrari,
3096 5013 3159 5065 ut
3205 5010 3483 5065 Petiliano
3524 5010 3667 5064 nihil

1966 5100 2278 5164 succurrat,
2325 5112 2438 5168 quo
2496 5113 2621 5151 eam
2660 5097 2841 5169 possit
2889 5098 3184 5153 revincere
3238 5099 3430 5168 (Ibid.,
3474 5098 3571 5153 lib.
3612 5100 3663 5154 3.

1966 5201 2021 5241 τι.
2088 5186 2155 5254 l).
2243 5185 2693 5255 Responsionem
2768 5187 2917 5242 hanc
2990 5188 3147 5243 ﬁdeli
3222 5187 3477 5243 dioecesis
3551 5202 3667 5239 suae

1967 5273 2182 5344 populo
2246 5273 2416 5340 dicat,
2476 5290 2715 5346 eamque
2780 5292 2897 5331 non
2962 5277 3175 5332 librum
3236 5276 3504 5347 appellat,
3572 5276 3669 5329 sed

1970 5361 2267 5431 epistolam
2318 5364 2725 5420 (Retractation.
2778 5365 2870 5420 lib.
2914 5368 2970 5433 2,
3015 5380 3136 5435 cap.
3184 5365 3295 5432 25).
3344 5362 3531 5417 Utitur
3576 5363 3669 5417 hic

1970 5451 2160 5521 Optati
2213 5449 2467 5522 quidem,
2516 5456 2575 5507 at
2629 5454 2810 5509 multo
2874 5454 3057 5524 magis
3123 5450 3668 5507 Maximianistarum

1970 5539 2225 5609 historia,
2244 5539 2586 5615 plebemque
2598 5557 2765 5597 suam
2780 5541 3134 5609 adhortatur,
3158 5543 3220 5595 ut
3238 5539 3385 5595 hanc
3402 5538 3668 5597 ultimam
