4008 6184
291 203 392 256 295

291 325 401 378 alte
429 321 491 376 in
530 323 780 376 mentem
811 317 1114 373 demittant
1145 333 1156 372 :
1187 315 1401 388 quippe
1439 331 1568 388 qum
1608 315 1681 370 sit
1719 314 1987 370 omnibus

292 411 530 466 omnino
581 407 1001 463 Donatistarum
1049 405 1440 477 petitionibus,
1487 405 1610 459 sine
1654 405 1766 458 ullo
1815 420 1985 474 argu-

293 503 616 554 mentorum
648 497 934 569 praesidio,
964 494 1306 567 repellendis
1333 495 1580 549 maxime
1602 493 1984 548 accommoda.

293 589 510 654 Quibus
542 587 769 658 subjicit
801 604 813 641 :
848 589 986 654 Haec,
1019 589 1243 654 fratres,
1271 601 1389 639 cum
1420 586 1658 653 impigra
1679 587 1988 637 mansuetu-

296 682 422 734 dine
455 677 666 746 agenda
694 682 744 732 et
769 676 1127 747 praedicanda
1163 677 1386 729 retinete
1418 690 1430 728 2
1475 673 1691 740 diligite
1728 673 1986 738 homines,

295 769 578 838 interﬁcite
604 781 808 820 errores
839 785 855 819 :
887 767 1002 820 sine
1033 764 1287 834 superbia
1316 762 1381 816 de
1408 763 1634 816 veritate
1659 763 1988 831 praesumite,

301 859 416 912 sine
442 857 653 911 szvitia
686 870 786 924 pro
815 856 1044 908 veritate
1069 857 1284 906 certate.
1320 851 1481 906 Orate
1513 866 1616 920 pro
1645 853 1721 905 eis
1749 865 1880 920 quos
1907 866 1990 904 re-

298 945 575 1013 darguitis
610 947 772 1012 atque
813 943 1132 996 convincitis
1171 941 1394 1009 (Contra
1431 941 1665 995 Litteras
1715 939 1988 1004 Petiliani,

297 1032 391 1086 lib.
431 1034 479 1097 I,
507 1046 562 1086 η.
598 1030 708 1099 31).
750 1028 1113 1099 Diligentiam
1144 1044 1280 1082 sane
1323 1026 1581 1082 adhibuit
1613 1026 1989 1097 Augustinus,

298 1125 362 1174 ut
393 1119 623 1191 reliqua:
653 1119 973 1173 litterarum
1009 1115 1274 1172 Petiliani
1313 1121 1502 1188 partes
1538 1115 1647 1170 sibi
1684 1115 1744 1170 in
1789 1131 1990 1168 manus

291 1208 596 1263 venirent:
629 1207 728 1262 sed
771 1223 900 1261 cum
935 1207 1159 1260 illarum
1199 1205 1429 1260 initium
1479 1205 1548 1260 ab
1596 1221 1662 1258 eo
1711 1201 1992 1259 confutari

292 1297 707 1352 intellexissent
738 1297 1066 1362 Donatistae,
1107 1295 1302 1350 nullus
1341 1311 1564 1362 eorum,
1595 1310 1629 1348 a
1667 1293 1874 1365 quibus
1904 1293 1992 1346 ha:

295 1387 487 1458 petita:
524 1386 781 1454 fuerunt,
813 1385 947 1439 dare
978 1384 1176 1439 voluit.
1206 1385 1360 1439 Adeo
1401 1383 1741 1438 verebantur
1780 1383 1884 1449 illi,
1920 1398 1991 1436 ne

293 1475 446 1546 quod
477 1491 507 1528 θ
538 1473 654 1528 suis
687 1473 908 1544 scriptis
937 1472 997 1526 in
1029 1472 1444 1528 Catholieorum
1469 1488 1671 1526 manus
1695 1471 1990 1526 incideret.

293 1563 460 1628 Quid,
476 1562 630 1633 quod
651 1559 1001 1626 Augustinus
1024 1560 1364 1615 Petilianum
1383 1575 1677 1630 nunquam
1697 1559 1992 1613 inductum

292 1651 363 1706 iri
393 1655 577 1723 putat,
612 1655 674 1705 ut
704 1651 861 1704 illam
893 1649 1075 1720 ipsam
1108 1648 1408 1720 epistolam
1439 1649 1525 1702 vel
1554 1664 1657 1719 pro
1682 1663 1784 1702 sua
1813 1663 1988 1718 agno-

293 1746 432 1808 seat,
481 1758 544 1796 ac
589 1740 827 1812 propria
862 1755 1041 1794 manu
1081 1738 1383 1809 obsignet?
1424 1738 1872 1809 Haudquaquam
1915 1737 1994 1790 ita

294 1847 353 1886 se
385 1831 618 1902 gerebat
656 1828 1010 1899 Augustinus
1041 1843 1055 1882 :
1089 1828 1186 1882 sed
1217 1827 1530 1883 Catholicos
1559 1830 1743 1897 rogat,
1777 1842 1846 1880 ne
1874 1824 1991 1879 cui-

292 1937 464 1992 quam
496 1918 751 1990 poscenti
781 1933 943 1972 suam
981 1917 1161 1987 ipsius
1192 1916 1489 1988 epistolam
1528 1918 1760 1985 negent,
1789 1914 1906 1968 imo
1939 1917 1994 1968 et

291 2025 414 2063 eam
448 2025 560 2062 non
589 2006 953 2078 poscentibus
988 2005 1274 2076 ingerent.
1312 2003 1619 2060 Donatistis
1646 2003 1725 2058 ita
1753 2019 1991 2074 respon-

292 2097 464 2153 dendi
501 2097 636 2151 facit
662 2100 1028 2166 potestatem,
1057 2099 1122 2149 ut
1151 2094 1197 2148 si
1236 2094 1305 2148 ad
1331 2094 1517 2165 ipsum
1554 2092 1759 2160 nolint,
1791 2093 1991 2146 saltem

292 2187 365 2240 ad
391 2190 556 2240 secta).
604 2201 719 2239 suae
764 2185 1011 2238 fautores
1061 2183 1487 2254 responsionem
1529 2183 1779 2248 mittant,
1826 2182 1990 2236 dum-

292 2275 464 2329 modo
497 2289 624 2328 eam
648 2272 757 2343 ipsi
785 2271 1054 2326 occultari
1085 2287 1198 2325 non
1227 2271 1482 2341 jubeant.
1517 2271 1674 2342 Ipsos
1703 2287 1931 2342 quoque
1961 2287 1992 2325 a

292 2361 612 2434 premenda
650 2365 770 2414 tam
810 2359 1007 2413 sedulo
1052 2357 1315 2412 Petiliani
1361 2358 1600 2428 epistola
1635 2357 1989 2425 dehortatur,

295 2467 368 2504 ne
407 2450 572 2513 forte,
611 2465 784 2520 quam
824 2452 1041 2518 partem
1082 2447 1189 2501 sibi
1230 2447 1423 2502 videre
1464 2463 1583 2501 non
1621 2447 1882 2517 contigit,
1927 2464 1994 2502 ea

295 2538 655 2593 contineatur
682 2536 921 2608 aliquid,
955 2536 1131 2608 quod,
1165 2537 1250 2592 uti
1275 2536 1452 2591 facete
1483 2535 1636 2605 dicit,
1668 2535 1852 2591 refelli
1879 2553 1994 2590 non

299 2627 479 2700 possit
509 2627 694 2698 (Ibid.,
727 2643 782 2681 η.
815 2627 928 2697 27).

367 2719 418 2773 4.
465 2717 722 2771 Primum
767 2715 921 2770 hunc
964 2715 1176 2769 librum
1224 2717 1352 2786 post
1400 2712 1653 2769 Gildonis
1696 2717 1752 2768 et
1804 2713 1994 2784 Optati

293 2810 556 2871 mortem,
588 2805 645 2860 id
678 2809 780 2873 est,
811 2821 926 2859 non
968 2808 1095 2858 ante
1144 2804 1279 2858 anni
1317 2801 1698 2858 trecentesimi
1743 2818 1994 2874 nonage-

291 2894 423 2950 simi
461 2894 643 2951 octavi
682 2895 856 2948 tinem
895 2893 1213 2965 composuit
1253 2892 1442 2964 (Ibid.,
1468 2908 1563 2947 nn.
1601 2895 1686 2960 l0,
1725 2893 1810 2961 27)
1846 2909 1858 2947 :
1901 2891 1994 2946 cui

291 2985 545 3057 profecto
573 2983 738 3050 libro,
761 2981 808 3036 si
838 2998 968 3037 eum
989 2982 1198 3052 scripta
1224 2982 1327 3037 sub
1358 2981 1638 3037 Anastasii
1661 2980 1992 3052 pontiﬁcatu

293 3073 361 3127 ad
393 3073 744 3127 Generosum
775 3071 1016 3141 epistola
1045 3070 1356 3141 praecessit,
1408 3086 1479 3124 ne
1523 3069 1718 3124 licebit
1758 3069 1992 3141 quidem

294 3163 522 3229 tempus
575 3163 704 3214 ante
757 3174 973 3213 annum
1031 3158 1496 3214 trecentesimum
1553 3161 1992 3230 nonagesimum

296 3263 511 3302 nonum
544 3247 833 3318 assignare
853 3266 868 3314 ;
887 3262 1016 3301 cum
1047 3247 1376 3301 Anastasius
1403 3247 1470 3301 ad
1497 3263 1622 3301 eam
1654 3246 1991 3316 dignitatem

291 3336 692 3391 tantummodo
718 3340 988 3405 vergente
1008 3350 1160 3390 anno
1184 3333 1584 3390 trecentesimo
1617 3335 1990 3406 nonagesimo

291 3429 486 3480 octavo
517 3429 813 3496 cooptatus
841 3424 930 3479 sit.
967 3423 1112 3490 Quin
1146 3423 1260 3478 imo
1293 3439 1361 3478 ex
1390 3423 1872 3478 Retractationum
1904 3440 1990 3478 se-

289 3515 394 3579 rie,
444 3514 502 3568 in
545 3531 660 3587 qua
706 3514 925 3586 primus
963 3513 1067 3569 iste
1108 3513 1252 3568 liber
1303 3529 1433 3568 cum
1471 3513 1719 3568 secundo
1767 3511 1994 3568 circiter

294 3621 512 3660 annum
541 3603 1174 3676 quadringentesimum
1193 3601 1509 3658 secundum
1531 3601 1686 3656 edito
1703 3601 1986 3674 jungitur,

289 3711 406 3748 non
433 3694 614 3748 multo
646 3697 774 3748 ante
798 3692 951 3748 hunc
979 3692 1170 3764 ipsum
1200 3707 1419 3746 annum
1446 3691 1811 3746 collocandus
1840 3690 1992 3745 vide-

289 3785 470 3848 retur,
531 3781 639 3836 nisi
677 3779 847 3835 variis
885 3781 944 3834 in
982 3797 1048 3835 eo
1099 3779 1237 3834 locis
1277 3780 1628 3851 Augustinus
1667 3780 1991 3835 Praetextati

289 3868 610 3924 Assuritani
648 3871 703 3922 et
743 3868 1013 3923 Feliciani
1051 3869 1337 3923 Mustitani
1368 3874 1644 3940 tanquam
1682 3869 1865 3924 adhuc
1893 3887 1989 3924 su-

289 3957 593 4028 perstitum
617 3957 1216 4028 recordaretur(1bid.,
1239 3973 1334 4014 nn.
1373 3961 1456 4026 10,
1485 3958 1570 4018 26)
1596 3975 1610 4012 :
1635 3974 1769 4012 nam
1796 3974 1826 4012 e
1849 3957 1990 4013 vivis

290 4049 608 4102 excesserat
646 4047 1036 4114 Praetextatus,
1070 4051 1380 4118 antequam
1417 4046 1771 4118 Augustinus
1801 4047 1986 4102 absol-

293 4139 448 4191 veret
475 4151 643 4190 suum
688 4133 746 4190 in
782 4135 1220 4190 Parmenianum
1253 4153 1397 4207 opus
1426 4136 1645 4206 (Contra
1683 4137 1989 4206 Epistolam

289 4225 561 4290 Parmen.,
597 4225 694 4281 lib.
732 4227 783 4292 3,
817 4240 936 4294 cap.
975 4226 1050 4295 6),
1083 4223 1238 4296 quod
1270 4224 1419 4278 ultra
1459 4239 1675 4278 annum
1715 4223 1986 4295 quadrin-

291 4313 679 4384 gentesimum
709 4311 868 4385 rejici
893 4329 1061 4382 posse
1092 4329 1210 4367 non
1249 4316 1536 4383 putamus.
1571 4311 1842 4376 Quocirca
1871 4330 1988 4368 non

287 4400 575 4458 immerito
616 4402 844 4469 dixeris,
874 4405 1188 4473 utrumque
1225 4401 1436 4455 librum
1463 4400 1532 4455 ab
1571 4401 1888 4472 Augustino
1917 4403 1988 4457 ob

289 4491 615 4561 argumenti
644 4491 1080 4546 similitudinem
1111 4506 1226 4544 una
1249 4489 1536 4560 junctum,
1568 4493 1738 4560 atque
1769 4489 1830 4543 in
1861 4490 1984 4544 loco

287 4578 516 4649 utrique
539 4578 708 4634 simul
733 4578 1102 4652 assignando,
1123 4577 1404 4632 rationem
1426 4577 1658 4633 secundi
1681 4594 1800 4632 esse
1833 4577 1988 4632 habi-

285 4669 423 4733 tam,
457 4682 576 4720 non
605 4667 798 4738 primi,
831 4684 1003 4738 quem
1043 4667 1299 4740 epistolae
1329 4671 1554 4720 tantum
1593 4668 1712 4720 loco
1741 4667 1988 4721 habebat

286 4753 408 4824 ipse
457 4756 832 4824 Augustinus,
871 4773 974 4811 nec
1012 4756 1072 4810 in
1125 4755 1404 4810 librorum
1443 4771 1680 4808 suorum
1724 4769 1982 4822 numero,

285 4843 398 4898 nisi
424 4844 661 4899 secundi
687 4861 750 4898 ac
778 4845 932 4900 tertii
971 4845 1152 4916 gratia
1180 4843 1529 4899 recensebat.
1561 4844 1631 4897 Ut
1668 4842 1762 4897 ille
1793 4847 1985 4898 tamen

285 4932 434 4988 liber
469 4936 669 4988 contra
698 4933 959 4988 Petiliani
1001 4934 1221 4989 litteras
1251 4933 1494 5006 primus,
1537 4947 1710 5003 quam
1747 4931 1996 4988 minime

281 5021 460 5096 longo
499 5021 772 5093 temporis
803 5021 1099 5077 intervallo
1141 5039 1174 5077 a
1213 5021 1439 5078 duobus
1467 5020 1594 5075 aliis
1631 5019 1986 5092 disjungere-

284 5116 397 5180 tur,
429 5110 646 5184 placuit
675 5111 862 5166 locum
892 5110 1080 5166 eidem
1117 5115 1247 5166 ante
1287 5115 1404 5167 tres
1441 5109 1504 5164 in
1542 5109 1986 5166 Parmenianum

282 5201 458 5256 libros
487 5201 816 5274 proximum
845 5199 1178 5254 concedere.

355 5293 414 5346 5.
461 5289 892 5356 Parmenianus,
934 5287 1004 5343 de
1043 5303 1158 5360 quo
1195 5286 1287 5342 hic
1334 5287 1546 5358 agitur,
1587 5287 1682 5342 ille
1721 5285 1842 5359 ipse
1880 5291 1984 5353 est,

285 5377 386 5449 qui
414 5378 472 5434 in
502 5380 692 5436 locum
731 5377 1018 5435 demortui
1049 5375 1254 5431 Donati
1284 5393 1318 5430 a
1348 5376 1654 5431 Donatistis
1691 5376 1986 5450 Carthagi-

283 5465 476 5521 nensis
523 5469 822 5541 episcopus
877 5467 1146 5522 suffectus
1202 5465 1389 5519 fuerat
1443 5465 1698 5534 (Retract.
1768 5464 1861 5520 lib.
1931 5468 1987 5536 2,

1553 192 1722 248 VITA
1763 189 1817 246 S.
1862 189 2248 248 AUGUSTINI
2290 190 2627 246 EPI‘SCOPI.

3697 193 3801 245 ‘290

2098 329 2216 384 cap.
2253 317 2357 386 l7).
2409 315 2460 369 Is
2503 314 2614 385 iam
2645 318 2768 369 tum
2794 319 3110 370 excesserat
3138 330 3168 369 e
3197 313 3312 369 vita
3339 315 3560 385 (Contra
3587 317 3804 386 Episto-

2099 405 2207 458 Iam
2250 406 2616 470 Parmeniani,
2665 403 2758 458 lib.
2809 407 2856 472 1,
2907 419 2953 458 c.
3009 404 3078 475 I).
3129 405 3336 458 Verum
3367 419 3496 458 cum
3537 405 3802 476 epistola,

2099 509 2274 564 quam
2323 494 2591 548 adversus
2635 493 2975 547 Tichonium
3022 493 3343 564 scripserat,
3389 493 3450 547 in
3496 493 3806 565 Augustini

2099 598 2301 636 manus
2332 582 2641 651 incidisset,
2690 599 2807 637 non
2849 582 3037 654 potuit
3067 582 3325 637 Ecclesiae
3353 583 3647 638 catholica:
3678 584 3809 638 vin-

2101 669 2205 724 dex
2255 669 2578 740 petentibus
2628 672 2818 740 atque,
2869 675 2934 724 ut
2980 669 3101 740 ipse
3144 669 3424 742 loquitur,
3469 671 3810 742 jubentibus

2099 757 2390 821 fratribus,
2443 762 2504 811 ut
2541 757 2699 811 illam
2745 757 3081 824 confutaret,
3132 775 3249 812 non
3299 775 3521 814 morem
3568 775 3804 831 gerere;

2103 844 2274 916 idque
2307 845 2553 899 maxime
2576 845 2647 898 ob
2674 844 2928 899 diversos
2951 862 3240 900 sacrarum
3265 846 3603 918 paginarum
3620 848 3805 915 locos,

2101 933 2262 1005 queis
2292 932 2700 988 Parmenianus
2730 933 2797 988 ad
2828 934 3249 990 defendendam
3278 935 3454 1006 partis
3482 952 3598 991 suae
3625 953 3808 991 seces.

2101 1022 2318 1077 sionem
2343 1023 2702 1078 abutebatur.
2736 1023 3087 1095 Augustinus
3120 1023 3296 1095 igitur
3324 1024 3382 1080 id
3407 1024 3464 1080 in
3487 1041 3544 1080 se
3567 1026 3808 1096 recepit,

2103 1116 2166 1166 ut
2195 1111 2495 1167 Ecclesium
2539 1117 2654 1166 toto
2693 1116 2972 1167 terrarum
3004 1113 3140 1168 orbe
3170 1113 3432 1169 diffusam
3471 1120 3752 1186 purgaret
3779 1132 3812 1168 a

2103 1201 2598 1256 criminationibus
2628 1206 2685 1256 et
2715 1202 3034 1269 calumniis,
3060 1203 3268 1274 quibus
3301 1204 3605 1259 Donatistae
3636 1221 3810 1258 suum

2102 1291 2172 1344 ab
2201 1306 2267 1344 ea
2311 1290 2617 1345 discidium
2657 1290 2806 1346 tueri
2853 1291 3017 1362 quasi
3063 1291 3383 1364 legitimum
3431 1294 3810 1348 conabantur.

2102 1381 2224 1444 Qua
2268 1380 2338 1434 de
2389 1396 2556 1434 causa
2596 1380 3026 1435 celeberrimam
3082 1381 3240 1435 illam
3277 1382 3487 1436 excutit
3532 1398 3597 1436 ac
3642 1383 3816 1436 solvit

2104 1468 2496 1540 qumstionem,
2530 1485 2601 1522 an
2632 1468 2766 1522 mali
2798 1469 2996 1536 bonos,
3043 1469 3384 1539 quibuscum
3424 1469 3688 1540 ejusdem
3723 1470 3816 1523 Ec-

2103 1558 2286 1612 clesiae
2335 1557 2620 1623 societate,
2653 1573 2715 1611 ac
2745 1559 3082 1612 eorumdem
3113 1558 3611 1613 Sacramentorum
3650 1575 3810 1612 com-

2104 1647 2379 1702 munione
2426 1647 2788 1716 copulantur,
2838 1646 3096 1701 inliciant
3146 1663 3158 1701 :
3204 1648 3274 1702 ab
3324 1647 3432 1702 illis
3464 1653 3660 1702 autem
3710 1647 3816 1701 hos

2105 1735 2339 1790 minime
2377 1734 2761 1789 contaminari
2804 1735 3175 1790 demonstrat.
3211 1735 3345 1800 Qua:
3376 1752 3481 1806 per
3517 1736 3814 1790 Maximia-

2103 1824 2376 1878 nistarum
2441 1823 2689 1878 schisma
2753 1827 3080 1889 evenerant,
3132 1824 3496 1895 potissimum
3555 1824 3814 1888 adhibet,

2101 1913 2323 1984 illisque
2353 1918 2784 1983 peropportune
2817 1912 2990 1968 armis
3013 1915 3211 1979 utitur,
3245 1929 3373 1984 quas
3402 1913 3512 1968 sibi
3542 1914 3814 1985 praebue-

2102 2007 2233 2056 rant
2263 2002 2590 2068 Donatistae,
2617 2017 2746 2056 cum
2781 2002 3131 2056 Felicianum
3162 2003 3552 2064 Mustitanum,
3577 2019 3642 2056 ac
3665 2004 3818 2056 Pric-

2102 2095 2377 2146 textatum
2427 2090 2845 2157 Assuritanum,
2898 2107 3030 2146 cum
3074 2091 3341 2146 omnibus
3389 2091 3449 2145 in
3480 2091 3814 2146 Maximiani

2103 2179 2403 2234 schismate
2441 2179 2761 2250 baptizatis,
2817 2180 2887 2235 ad
2933 2179 3399 2235 communionem
3427 2180 3811 2236 admiserunt.

2105 2270 2170 2324 Et
2197 2269 2430 2340 quidem
2460 2285 2490 2324 e
2520 2269 2635 2324 vita
2663 2271 3033 2324 Praetextatus
3060 2270 3210 2324 haud
3244 2272 3414 2340 longe
3444 2275 3576 2324 ante
3606 2269 3818 2324 disces-

2105 2362 2254 2412 serat
2284 2376 2298 2413 :
2336 2357 2648 2412 Felicianus
2670 2364 2863 2413 autem
2884 2359 3070 2414 adhuc
3099 2363 3384 2430 superstes
3405 2364 3542 2414 erat.
3570 2359 3816 2413 Multum

2104 2463 2333 2519 quoque
2364 2447 2528 2501 isthic
2563 2447 2916 2518 Augustinus
2954 2464 3278 2502 sermonem
3306 2448 3477 2502 habet
3506 2447 3577 2502 de
3620 2448 3817 2502 Gildo-

2104 2536 2275 2590 niano
2313 2537 2539 2606 Optato,
2573 2536 2756 2607 deque
2785 2537 2856 2591 ab
2885 2553 2950 2590 eo
2979 2537 3254 2592 violenter
3280 2537 3468 2604 factis;
3513 2541 3571 2592 et
3607 2553 3818 2608 quam-

2104 2624 2206 2679 diu
2255 2625 2525 2680 bacchata
2571 2624 2645 2679 sit
2691 2627 2814 2696 ejus
2858 2626 3133 2696 tyrannis,
3169 2643 3286 2680 non
3325 2626 3560 2680 obscure
3608 2626 3819 2680 deﬁnit

2106 2714 2302 2784 (lbid.,
2360 2715 2454 2769 lib.
2503 2717 2558 2781 2,
2613 2730 2668 2767 τι.
2720 2715 2795 2784 4).
2855 2715 2992 2778 Quae
3063 2716 3296 2786 quidem
3364 2733 3512 2770 anno
3569 2717 3816 2771 demum

2103 2802 2500 2857 trecentesimo
2570 2802 2942 2872 nonagesimo
3001 2809 3194 2858 octavo
3247 2805 3469 2859 sublata
3523 2811 3628 2860 est.
3687 2807 3817 2871 Quo

2104 2897 2362 2962 tempore
2417 2892 2539 2946 haec
2593 2891 2806 2959 scribit,
2865 2893 3069 2948 eodem
3118 2893 3242 2964 ipso
3285 2894 3400 2949 fere
3448 2894 3632 2949 ubivis
3678 2911 3817 2966 gen-

2103 2981 2247 3036 tium
2293 2981 2566 3036 falsorum
2613 2981 2851 3036 deorum
2896 2983 3111 3053 templa
3163 2983 3284 3038 solo
3325 2983 3562 3055 aequari,
3604 3001 3814 3039 eorum

2103 3069 2406 3125 simulacra
2458 3071 2648 3142 legum
2696 3087 2892 3125 recens
2948 3072 3194 3127 latarum
3235 3073 3289 3126 vi
3332 3072 3670 3140 comminui,
3720 3090 3813 3129 sa-

2103 3175 2197 3212 cra
2243 3159 2490 3231 denique
2537 3177 2602 3214 ac
2647 3159 3002 3214 ceremonias
3045 3160 3315 3230 inhiberi,
3348 3165 3583 3216 testatur
3611 3163 3813 3232 (Ibid,

2103 3247 2197 3300 lib.
2238 3250 2287 3314 l,
2330 3264 2385 3301 n.
2427 3248 2534 3316 I5);
2579 3249 2730 3319 quod
2777 3265 2928 3303 anno
2979 3250 3378 3304 trecentesimo
3431 3251 3815 3322 nonagesimo

2103 3351 2256 3390 nono
2288 3335 2413 3390 fieri
2442 3341 2711 3406 coeptum.
2747 3337 3109 3408 Quapropter
3136 3344 3269 3394 ante
3299 3339 3450 3393 hunc
3476 3357 3696 3394 annum
3731 3342 3812 3395 lo-

2101 3440 2228 3478 care
2277 3440 2390 3478 non
2441 3424 2570 3478 licet
2619 3441 2744 3478 eam
2793 3426 3268 3497 lucubrationem,
3327 3444 3499 3498 quam
3559 3429 3816 3500 ipsemet

2100 3513 2451 3583 Augustinus
2482 3513 2739 3584 proxime
2778 3519 2906 3586 post
2934 3515 3145 3570 librum
3175 3516 3244 3570 de
3286 3517 3591 3572 concordia
3635 3519 3813 3572 Evano

2101 3602 2438 3673 gelistarum
2469 3602 2655 3674 ponit.

2171 3693 2222 3746 6.
2256 3691 2318 3744 In
2347 3691 2445 3745 illa
2472 3694 2668 3746 contra
2711 3691 3156 3748 Parmenianum
3205 3693 3598 3749 lucubratione
3635 3712 3811 3768 spon—

2101 3778 2196 3834 det
2223 3783 2449 3834 sanctus
2489 3782 2713 3846 Doctor,
2746 3780 2883 3836 alibi
2919 3798 2978 3836 se
3017 3781 3201 3838 fusius
3227 3783 3500 3855 Baptismi
3541 3785 3813 3856 quaestio-

2100 3884 2231 3923 nem
2257 3871 2647 3925 tractaturum.
2674 3869 2881 3940 Reipsa
2911 3875 3127 3942 septem
3158 3872 3333 3927 libros
3354 3873 3424 3928 de
3460 3875 3811 3945 Baptismate

2099 3961 2296 4029 postea
2334 3958 2680 4030 composuit,
2711 3975 2854 4030 quos
2898 3959 3084 4016 eidem
3129 3960 3224 4016 isti
3262 3962 3424 4033 operi
3449 3963 3714 4033 proxime
3747 3964 3810 4018 in

2099 4045 2620 4101 Retractationibus
2678 4048 2976 4120 subjungit
3032 4050 3519 4119 (Retractationum
3574 4051 3676 4106 tib.
3751 4056 3806 4118 2,

2097 4149 2216 4203 cap.
2252 4134 2363 4204 l8).
2403 4136 2564 4189 Hunc
2589 4135 2766 4190 alium
2799 4137 3050 4192 laborem
3072 4138 3339 4210 promissi
3363 4155 3476 4194 non
3497 4139 3810 4195 immemor

2097 4222 2365 4294 suscepit,
2419 4222 2584 4278 illum
2635 4229 2828 4280 tamen
2875 4226 3142 4281 fratribus
3188 4227 3639 4300 efflagitantibus
3691 4245 3809 4284 non

2097 4317 2428 4382 negaturus,
2463 4312 2689 4367 etiamsi
2730 4313 2792 4367 in
2839 4315 2985 4369 libro
3032 4321 3228 4370 contra
3258 4317 3705 4374 Parmenianum
3737 4319 3807 4373 de

2097 4415 2164 4454 eo
2192 4399 2336 4455 nihil
2373 4401 2744 4472 promisisset.
2789 4403 2847 4457 Id
2897 4403 3005 4458 sibi
3034 4403 3095 4458 in
3123 4405 3213 4458 his
3243 4411 3462 4476 septem
3493 4406 3656 4461 libris
3687 4424 3810 4478 pro.

2097 4489 2279 4561 ponit,
2326 4495 2392 4544 ut
2437 4507 2505 4544 ea
2547 4490 2831 4558 dissolvat,
2880 4509 3006 4562 quae
3053 4493 3122 4547 de
3165 4493 3506 4566 Baptismate
3537 4495 3810 4551 adversus

2098 4577 2356 4632 Ecclesiae
2403 4578 2721 4634 doctrinam
2769 4580 3078 4636 Donatistae
3128 4581 3488 4653 objectabant
3539 4601 3554 4639 :
3601 4586 3702 4639 sed
3749 4585 3808 4640 in

2095 4667 2318 4738 primis,
2363 4671 2429 4720 ut
2464 4667 2751 4738 Cypriani,
2798 4685 2968 4740 quem
3011 4671 3183 4725 armis
3222 4672 3477 4726 veritatis
3527 4678 3810 4746 tanquam

2094 4755 2489 4810 firmissimum
2520 4757 2781 4826 clypeum
2812 4759 3194 4829 opponebant,
3222 4762 3548 4816 auctoritati
3568 4779 3810 4834 respon-

2096 4845 2253 4912 deat;
2301 4845 2680 4916 ostendatque
2730 4863 2847 4901 non
2896 4847 3110 4919 iniquis
3137 4865 3331 4904 rerum
3361 4851 3808 4907 aestimatoribns

2093 4949 2198 4987 nec
2241 4933 2612 5004 preejudicata
2658 4934 2927 5006 opinione
2970 4937 3274 5008 corruptis,
3324 4938 3468 4993 nihil
3499 4955 3622 4994 esse
3651 4941 3804 5012 quod

2095 5038 2193 5076 eos
2239 5022 2480 5077 validius
2536 5024 2608 5078 ad
2647 5024 2938 5079 silentium
2967 5025 3184 5097 adigat,
3244 5043 3308 5082 ac
3337 5027 3561 5083 discidii
3587 5045 3706 5099 quo
3738 5029 3804 5084 ab

2097 5109 2341 5166 Ecclesia
2370 5111 2736 5178 desciverant,
2770 5113 3145 5170 fundamenta
3175 5116 3430 5178 subruat,
3473 5133 3653 5188 quam
3680 5119 3805 5174 bea-

2095 5199 2301 5254 tissimi
2329 5200 2499 5271 hujus
2531 5202 2796 5273 martyris
2818 5202 2880 5256 in
2909 5219 2976 5257 ea
3005 5203 3129 5274 ipsa
3159 5221 3329 5275 super
3360 5205 3651 5275 Baptismo
3681 5223 3807 5261 con-

2095 5289 2372 5344 troversia
2400 5289 2686 5361 judicium
2737 5294 2796 5346 et
2840 5292 3050 5362 agendi
3080 5292 3247 5348 ratio.
3279 5293 3363 5348 Ad
3393 5294 3519 5349 haec
3541 5294 3802 5366 ipsorum

2097 5377 2428 5434 auctoritate
2472 5378 2899 5436 Donatistarum
2954 5385 3193 5453 pugnat,
3233 5382 3334 5453 qui
3387 5386 3616 5454 recepto
3669 5384 3804 5439 Feli-

2095 5465 2260 5523 ciano
2289 5467 2538 5540 propriae
2557 5484 2742 5525 causa:
2761 5469 3122 5528 firmamenta
3147 5471 3567 5543 confregerant,
3603 5477 3664 5528 ut
3683 5474 3803 5544 jam
