4008 6184
136 293 240 342 297

128 434 279 486 nulla
323 438 648 504 superesset
679 435 749 489 de
798 451 860 489 re
910 452 1041 489 cum
1081 438 1283 492 Donati
1324 439 1614 510 praecipua
1660 459 1830 514 gran-

126 521 383 591 diorique
435 527 598 593 parte
648 526 1015 579 concertandi
1060 543 1243 591 causa,
1286 529 1383 581 sed
1430 533 1652 584 tantum
1702 549 1831 587 cum

129 610 414 679 particulis
454 612 824 682 quibusdam,
865 630 995 684 qua:
1048 616 1203 668 velut
1239 631 1272 668 a
1314 633 1553 687 corpore
1599 637 1700 674 suo
1740 622 1829 675 di-

134 700 292 751 vulsa“.
316 699 688 768 grandiorem
736 701 893 755 illam
948 702 1020 755 ob
1051 703 1433 772 approbatum
1472 707 1826 762 Maximiani-

140 792 333 839 starum
367 787 659 857 baptisma
698 788 1172 856 criminabantur,
1205 807 1268 844 ac
1299 791 1407 845 sibi
1448 794 1582 847 solis
1629 813 1827 851 verum

140 875 412 944 Baptisma
441 875 684 944 singula:
713 876 791 930 sic
821 877 1186 947 arrogabant,
1212 883 1273 932 ut
1300 897 1658 953 unaquaeque
1691 902 1825 938 con-

134 964 397 1030 tenderet,
426 981 534 1018 nec
564 964 802 1018 omnino
835 982 954 1019 esse
1001 966 1154 1027 alibi,
1196 984 1300 1021 nec
1348 968 1407 1022 in
1452 970 1696 1025 Ecclesia
1730 988 1822 1025 ca-

126 1052 345 1117 tholica,
375 1068 483 1105 nec
510 1053 573 1105 in
618 1053 742 1123 ipsa
786 1054 1087 1124 grandiore
1134 1061 1295 1124 parte
1336 1057 1563 1120 Donati,
1616 1076 1719 1113 nec
1763 1060 1822 1113 in

119 1141 326 1194 cateris
387 1146 602 1211 praeter
663 1158 721 1195 se
759 1158 934 1195 unam
983 1159 1052 1196 ex
1094 1144 1492 1199 minutissimis
1542 1148 1819 1216 partibus.

118 1231 408 1283 Postrema
446 1228 638 1298 operis
676 1233 835 1299 parte
874 1231 1186 1285 sententias
1229 1234 1454 1287 concilii
1502 1236 1649 1305 apud
1696 1237 1823 1290 Car-

114 1316 406 1386 thaginem
444 1316 714 1386 Cypriani
760 1318 1092 1372 auctoritate
1136 1320 1204 1373 de
1244 1321 1553 1390 rejiciendo
1602 1322 1824 1376 hrnreti-

120 1422 302 1459 corum
353 1405 644 1475 baptismo
706 1406 976 1459 celebrati
1044 1423 1243 1461 omnes
1298 1410 1587 1480 expendit,
1637 1416 1694 1465 et
1752 1412 1819 1466 ad

123 1495 356 1547 verbum
391 1493 635 1565 singulis
666 1494 983 1565 respondit.

176 1588 230 1637 7.
271 1584 426 1637 Cum
472 1583 525 1637 id
558 1584 831 1653 temporis
879 1585 1229 1655 Augustinus
1268 1602 1589 1641 sermonem
1627 1592 1823 1642 contra

116 1671 436 1724 Donatistas
469 1670 704 1725 haberet
742 1672 1029 1742 frequens,
1057 1674 1291 1743 quidam
1312 1690 1378 1728 ex
1410 1675 1479 1728 iis
1502 1674 1698 1741 laicus,
1729 1676 1817 1729 cui

115 1759 381 1813 Centurio
422 1776 661 1829 nomen,
711 1760 769 1813 in
820 1761 1118 1815 Ecclesiam
1168 1764 1358 1816 attulit
1400 1764 1668 1817 adversus
1712 1766 1819 1818 Ca-

112 1847 353 1901 tholicos
382 1849 664 1902 nonnulla
697 1850 927 1919 scripta,
965 1850 1173 1919 quibus
1207 1851 1348 1904 nihil
1379 1853 1614 1905 omnino
1641 1852 1819 1906 conti—

114 1936 378 2002 nebatur,
409 1942 622 2006 praeter
652 1938 807 1991 locos
824 1939 1043 2008 aliquot
1063 1955 1091 1992 e
1116 1940 1286 1993 sacris
1309 1940 1533 2010 paginis
1551 1941 1614 1993 in
1638 1958 1819 1995 unum

110 2029 435 2094 congestos,
485 2042 629 2096 quos
668 2043 860 2080 secum
906 2027 1090 2081 facere
1139 2028 1482 2082 schismatici
1523 2030 1822 2084 contende-

106 2113 251 2167 bant.
295 2115 403 2167 His
434 2114 685 2168 hrexiter
716 2116 1007 2185 respondit
1032 2116 1183 2170 edito
1210 2117 1439 2187 scripto,
1483 2118 1576 2171 cui
1619 2119 1820 2174 Contra

107 2203 243 2270 quod
331 2204 527 2256 attulit
585 2205 871 2259 Centurius
917 2221 950 2257 a
996 2207 1316 2269 Donatistis,
1384 2205 1614 2259 titulum
1664 2206 1815 2261 fecit.

110 2290 315 2343 Eadem
368 2290 739 2360 inscriptione
793 2292 930 2346 illud
973 2292 1033 2345 in
1080 2309 1181 2346 suo
1240 2293 1433 2346 Indice
1478 2298 1636 2347 notat
1682 2296 1815 2347 Pos-

106 2378 274 2431 sidius
334 2378 660 2447 (Possidius,
721 2383 779 2433 in
818 2380 1078 2445 Indiculo,
1124 2395 1248 2450 cap.
1315 2382 1397 2447 3):
1440 2382 1593 2451 quod
1628 2381 1816 2451 ipsum

105 2467 336 2521 videtur
386 2468 445 2521 in
499 2468 756 2538 ejusdem
800 2468 987 2522 Sancti
1036 2468 1161 2522 Vita
1204 2469 1524 2538 signiﬁcare
1574 2471 1816 2524 voluisse

106 2556 293 2625 (Idem,
328 2559 387 2609 in
426 2558 555 2610 Vita
600 2558 859 2624 August.
891 2574 936 2611 ο.
979 2556 1054 2628 9).
1109 2558 1173 2611 Id
1218 2561 1412 2612 nostra
1454 2562 1620 2613 astate
1668 2559 1815 2613 desi-

106 2644 295 2699 derata
308 2661 359 2698 ι’.

162 2736 215 2788 8.
256 2734 546 2804 Aliquem
587 2733 736 2789 forte
776 2752 839 2789 ex
871 2734 938 2788 iis
968 2734 1028 2788 in
1076 2735 1407 2788 Donatistas
1444 2735 1622 2802 libris,
1669 2752 1812 2808 quo-

104 2838 219 2875 rum
250 2839 445 2892 supra
472 2823 861 2888 meminimus,
896 2823 965 2877 ad
989 2824 1243 2878 Celerem
1288 2828 1516 2878 sanctus
1562 2826 1813 2879 Antistes

108 2911 269 2977 misit,
295 2916 369 2965 ut
400 2927 533 2964 eum
563 2912 811 2978 doceret,
823 2913 1037 2981 justam
1056 2928 1284 2965 causam
1316 2913 1624 2966 Donatistis
1641 2913 1813 2967 fuisse

106 2999 350 3067 nullam,
382 3014 489 3051 cur
516 2999 587 3053 ab
636 2999 876 3052 Ecclesia
931 2999 1208 3053 catholica
1237 3016 1341 3070 per
1382 3004 1563 3053 totum
1617 2999 1811 3053 orbem

102 3087 307 3140 diffusa
339 3087 676 3141 secederent
703 3090 896 3156 (Epist.
941 3090 1048 3155 57).
1092 3089 1167 3141 De
1206 3088 1314 3142 hoc
1364 3094 1553 3143 autem
1599 3089 1809 3154 Celere,

97 3182 376 3248 tanquam
411 3176 484 3230 de
520 3176 640 3230 viro
669 3176 894 3247 generis
930 3176 1226 3230 nobilitate
1272 3179 1444 3241 claro,
1478 3194 1699 3231 necnon
1743 3177 1813 3231 ob

96 3272 276 3333 gestas
317 3264 633 3334 dignitates
664 3264 991 3335 conspicuo,
1025 3280 1252 3335 semper
1279 3265 1554 3335 lequitur.
1606 3264 1811 3320 Christi

98 3360 285 3407 autem
334 3354 512 3407 tidem
551 3353 833 3406 constanti
871 3352 1063 3406 animo
1118 3357 1363 3422 secutus,
1406 3354 1465 3406 in
1517 3369 1618 3407 sua
1675 3369 1811 3406 con-

98 3442 313 3496 ditione
344 3442 588 3511 dignam
620 3441 840 3495 imitata
873 3442 1113 3496 duxerat
1154 3443 1326 3497 vitam
1355 3459 1367 3496 :
1401 3448 1653 3496 attamen
1691 3447 1812 3497 erat

98 3531 143 3583 ei
181 3548 312 3585 cum
348 3530 662 3585 Donatistis
690 3530 869 3584 nimia
886 3531 1255 3597 consuetudo,
1290 3548 1321 3584 a
1352 3542 1597 3601 quorum
1637 3532 1808 3584 etiam

97 3621 387 3675 erroribus
422 3635 541 3673 non
578 3618 812 3672 omnino
857 3619 1157 3673 videbatur
1203 3618 1443 3674 alienus.
1496 3620 1635 3672 Huic
1681 3635 1807 3673 cum

96 3707 236 3762 forte
262 3714 465 3763 essent
492 3708 554 3760 in
596 3707 948 3777 Ilipponensi
975 3708 1210 3778 regione
1252 3708 1652 3778 possessiones,
1710 3724 1806 3762 ea—

98 3814 202 3867 que
238 3796 550 3852 occasione
590 3796 1066 3850 necessitudinem
1114 3796 1397 3866 junxisset
1443 3813 1573 3850 cum
1619 3800 1809 3866 Augu-

101 3887 263 3951 stino,
310 3886 369 3940 ei
418 3888 644 3938 sanctus
692 3884 992 3955 episcopus
1051 3885 1229 3954 ipsius
1280 3888 1481 3955 rogatu
1532 3886 1808 3939 adductus

98 3977 469 4044 promiserat,
522 3991 578 4027 se
625 3974 902 4028 nonnulla
947 3974 1017 4027 ad
1059 3973 1378 4027 schismatis
1419 3974 1804 4042 cognitionem

98 4063 452 4131 pertinentia
480 4063 846 4117 traditurum.
876 4064 937 4117 Id
970 4067 1166 4116 tamen
1196 4062 1399 4128 serius,
1428 4079 1599 4133 quam
1634 4062 1693 4115 in
1715 4080 1809 4116 vo-

93 4153 156 4204 tis
204 4152 518 4215 habuerat,
560 4151 841 4221 praestitit,
889 4151 1044 4222 quod
1089 4150 1197 4221 ipsi
1245 4167 1468 4204 necesse
1518 4150 1689 4204 tuerit
1735 4150 1807 4204 ad

92 4241 420 4295 obeundam
473 4240 760 4293 dioecesim
815 4255 874 4292 se
918 4238 1110 4292 itineri
1158 4238 1540 4295 committere.
1600 4241 1805 4292 Verum

93 4328 300 4398 Optato
327 4328 559 4381 cuidam
600 4328 928 4399 presbytero
964 4326 1264 4397 delegavit,
1296 4332 1361 4381 ut
1390 4343 1519 4397 qua)
1560 4327 1633 4381 ad
1680 4344 1805 4381 eam

94 4434 211 4471 rem
255 4417 670 4483 conducerent,
721 4416 937 4487 legeret
975 4416 1179 4470 Celeri.
1237 4416 1590 4470 Pcculiarem
1631 4431 1696 4467 ea
1734 4416 1805 4471 de

92 4523 256 4560 causa
282 4506 359 4560 ad
383 4505 651 4559 eumdem
677 4505 930 4559 Celerem
953 4504 1251 4573 epistolam
1281 4504 1436 4558 dedit
1464 4506 1657 4573 (Epist,
1684 4507 1801 4572 56):

91 4595 155 4647 ad
186 4610 368 4664 quem
400 4594 642 4647 alteram
675 4597 872 4663 postea
903 4591 1129 4663 scripsit
1174 4594 1369 4661 (Epist.
1401 4592 1513 4661 5‘7),
1554 4591 1805 4645 facturus

91 4699 219 4736 eum
251 4682 589 4747 certiorem,
619 4698 843 4736 curasse
874 4697 956 4750 se,
982 4686 1047 4735 ut
1068 4680 1267 4749 codex,
1299 4697 1469 4751 quem
1491 4696 1596 4751 per
1618 4678 1801 4734 ﬁlium

90 4786 255 4824 suum
280 4770 574 4825 Czecilium
606 4770 868 4840 petierat,
904 4769 977 4823 ad
1006 4785 1139 4823 eum
1171 4768 1506 4834 deferretur,
1525 4784 1639 4838 quo
1681 4784 1805 4822 evo-

88 4858 207 4912 luto
235 4859 437 4913 codice
467 4859 709 4927 planum
739 4857 850 4928 ipsi
888 4856 1073 4921 ﬁeret,
1124 4872 1429 4926 perperam
1485 4855 1805 4909 Donatistas

85 4944 150 4997 ab
182 4947 436 5000 Ecclesia
479 4945 757 4999 catholica
796 4943 1123 5009 descivisse;
1180 4943 1346 5013 eique
1393 4942 1713 5013 pollicetur,
1757 4942 1803 4995 si

85 5031 221 5099 quid
245 5032 436 5085 adhuc
458 5031 621 5085 dubii
652 5030 709 5083 in
737 5030 891 5085 illius
920 5030 1115 5085 animo
1146 5030 1439 5095 inhaareat,
1488 5045 1544 5082 se
1583 5029 1689 5081 hac
1733 5028 1802 5082 de

87 5132 162 5179 re,
196 5135 334 5171 cum
353 5119 614 5189 primum
636 5118 743 5187 ipsi
773 5118 1023 5187 libuerit,
1054 5119 1337 5172 facturum
1360 5116 1511 5170 satis.
1545 5116 1801 5170 Celerem

84 5222 114 5257 a
143 5207 355 5260 Donati
373 5208 638 5278 partibus
653 5211 878 5277 oportet
900 5207 1025 5276 jam
1046 5212 1181 5261 tunc
1198 5205 1581 5260 abalienatum
1596 5204 1797 5260 fuisse:

84 5295 569 5367 quandoquidem
601 5296 765 5350 illum
783 5300 946 5367 rogat
974 5294 1349 5367 Augustinus,
1382 5299 1445 5348 ut
1462 5293 1579 5347 suis
1598 5293 1659 5347 in
1678 5293 1803 5364 Hip-

78 5384 330 5451 ponensi
376 5401 519 5456 agro
579 5384 881 5439 clientibus
926 5384 1205 5439 unitatem
1252 5382 1587 5437 catholicam
1638 5398 1800 5437 com-

80 5473 354 5540 mendet;
386 5473 615 5544 sibique
642 5473 752 5543 ipsi
774 5490 905 5528 cum
930 5472 1202 5545 quodam,
1236 5472 1415 5544 quiin
1445 5471 1798 5542 posesssione

78 5560 235 5616 illius
266 5566 391 5617 tum
423 5578 550 5617 esse
595 5561 908 5631 dicebatur,
944 5562 1127 5617 amico
1168 5578 1270 5617 suo
1311 5560 1653 5616 concordare
1700 5576 1800 5616 cu-

397 5662 683 5728 PATROL.
734 5661 983 5728 XXXII.

1610 301 1812 357 LIBER
1854 303 2177 367 QUINTUS.

3540 334 3642 385 ‘298

1942 428 2143 499 pienti,
2164 431 2392 501 petitad
2415 435 2561 489 hanc
2592 453 2713 490 rem
2740 439 2944 494 faveat.
2982 444 3041 495 In
3084 442 3192 497 illis
3220 446 3420 501 litteris
3461 453 3639 506 altum

1941 517 2010 571 de
2069 520 2367 574 collatione
2427 523 2862 596 Carthaginensi
2910 529 3236 586 silentium:
3291 552 3401 603 quo
3463 538 3641 591 videri

1938 607 2161 675 possint
2190 608 2258 663 ab
2287 612 2604 681 Augustino
2636 632 2829 669 recens
2861 618 3046 671 adhuc
3097 621 3367 693 episcopo
3396 628 3639 679 conscri-

1936 698 2069 763 ptae.
2094 698 2257 750 Anno
2272 716 2442 769 supra
2459 703 3085 774 quadringentesimum
3106 709 3441 766 duodecimo
3464 714 3641 783 Spon-

1938 783 2077 837 deus
2104 785 2384 841 bonorum
2428 790 2636 844 Celeris
2679 800 3036 862 procurator,
3088 798 3478 855 formidandus
3520 808 3642 856 erat

1938 872 2246 961 Donatistis
2286 877 2641 931 adversarius
2670 881 2865 950 (Epist.
2906 887 3026 950 139,
3071 900 3128 939 n.
3163 888 3239 955 2).
3281 890 3446 942 Anno
3497 907 3637 961 qua-

1934 960 2384 1032 dringentesimo
2413 965 2688 1036 vigesimo
2733 970 2923 1037 tertio,
2959 988 3087 1026 cum
3120 977 3471 1045 Augustinus
3514 960 3637 1049 epi-

1934 1049 2137 1103 stolam
2168 1052 2239 1105 ad
2257 1053 2633 1110 Caelestinum
2654 1074 2864 1128 papam
2886 1061 3177 1123 scriberet,
3201 1064 3479 1120 honorem
3510 1070 3635 1121 nul-

1933 1138 2050 1191 lum
2090 1141 2324 1209 gerebat
2358 1142 2518 1196 Celer
2559 1146 2752 1214 (Epist.
2810 1151 2933 1212 209,
2990 1166 3045 1202 η.
3092 1152 3182 1219 ὕ);
3238 1168 3436 1205 verum
3486 1171 3636 1207 anno

1932 1226 2496 1297 quadringentesimo
2527 1232 2803 1302 vigesimo
2838 1251 3006 1299 nono,
3046 1240 3530 1306 quemadmodum
3570 1259 3635 1296 ex

1930 1316 2127 1384 legum
2160 1319 2541 1387 quarumdam
2590 1322 2661 1374 ad
2710 1338 2841 1376 eum
2873 1324 3285 1380 destinatarum
3325 1329 3504 1383 titulis
3542 1332 3629 1384 in-

1929 1403 2187 1473 telligere
2232 1413 2315 1459 est
2362 1408 2569 1475 (Codice
2620 1410 2840 1476 Theod.,
2882 1411 2945 1464 de
2983 1413 3239 1475 Annona,
3291 1417 3401 1484 lege
3454 1421 3540 1485 3t,
3587 1426 3637 1473 et

1929 1491 1994 1544 dc
2029 1492 2272 1562 Appell,
2318 1496 2429 1560 lego
2477 1496 2591 1563 68),
2638 1497 2883 1550 Africam
2943 1516 3047 1569 pro
3104 1504 3335 1557 consule
3393 1506 3633 1559 admini-

1931 1583 2149 1635 stravit.

2602 1675 2823 1728 CAPUT
2863 1677 2950 1729 1V.

1934 1760 1955 1810 l
2001 1759 2160 1813 Liber
2206 1759 2271 1812 de
2312 1762 2454 1814 Bono
2490 1763 2732 1829 conjugii
2780 1768 3053 1820 occasione
3082 1769 3381 1822 Joviniana’
3419 1771 3634 1825 [imresis

1999 1846 2193 1900 editus.
2226 1851 2258 1899 2
2289 1848 2449 1901 Liber
2479 1865 2689 1916 quoque
2714 1852 2778 1904 de
2806 1858 2995 1906 sancta
3026 1856 3373 1920 Virginitate.
3426 1861 3455 1912 3
3482 1862 3633 1915 Com-

1996 1937 2344 1989 mentationes
2380 1936 2444 1989 de
2476 1939 2666 1992 Genesi
2697 1940 2770 1992 ad
2796 1943 3079 1995 Litteram.

2003 2029 2052 2077 1.
2120 2025 2221 2077 Ubi
2266 2026 2520 2094 primum
2578 2029 2829 2097 prodivit
2882 2032 3167 2086 Joviniani
3220 2035 3472 2101 haeresis,
3534 2038 3633 2107 qui

1928 2112 2074 2166 circa
2101 2129 2316 2166 annum
2348 2117 2811 2171 trecentesimum
2854 2121 3291 2189 nonagesimum
3323 2123 3634 2192 prmdicare

1926 2206 2196 2270 cceperat,
2229 2202 2575 2272 virginitatis
2608 2207 2875 2260 meritum
2918 2224 3093 2278 quam
3116 2211 3388 2263 castitatis
3437 2214 3632 2282 conju-

1926 2289 2066 2358 galis
2088 2289 2277 2360 potius
2308 2308 2424 2345 non
2456 2310 2575 2347 esse
2610 2296 3092 2363 (Rctractationum
3125 2298 3218 2351 lib.
3262 2302 3315 2366 2,
3365 2315 3488 2369 cap.
3520 2305 3631 2367 22),

1926 2393 1991 2431 ea
2033 2378 2265 2447 quidem
2318 2382 2513 2435 Romae
2569 2382 2842 2452 primum,
2884 2385 3089 2439 deinde
3148 2387 3452 2441 Mediolani
3482 2389 3636 2443 vehe—

1924 2476 2149 2521 menter
2177 2467 2437 2538 impetita
2462 2471 2842 2541 damnataque
2874 2472 2981 2525 fuit
3005 2491 3017 2526 :
3042 2475 3183 2544 quin
3214 2475 3383 2529 etiam
3402 2477 3470 2529 ab
3506 2477 3631 2532 Hie-

1921 2570 2165 2625 ronymo
2188 2557 2574 2611 celeberrimis
2605 2559 2825 2613 duobus
2847 2560 3008 2613 libris
3040 2578 3189 2615 anno
3222 2563 3628 2617 trecentesimo

1923 2644 2293 2715 nonagesimo
2324 2646 2575 2713 secundo
2628 2648 2851 2717 scriptis
2917 2648 2996 2702 sic
3033 2657 3364 2720 oppugnata
3404 2658 3510 2715 est,
3567 2657 3628 2706 ut

1922 2732 2080 2785 illam
2110 2739 2304 2802 aperte
2354 2734 2502 2786 tueri
2538 2735 2659 2803 jam
2700 2737 2934 2790 auderet
2983 2754 3171 2791 nemo.
3212 2740 3622 2794 Verumtamen

1923 2821 2226 2875 nonnullas
2258 2821 2429 2875 etiam
2461 2823 2566 2875 hoc
2596 2828 2853 2892 tempore
2885 2826 3006 2894 ejus
3030 2826 3300 2896 reliquias
3325 2829 3625 2882 clandesti-

1923 2908 2011 2961 nis
2048 2908 2337 2961 interdum
2378 2909 2735 2963 sermonibus
2782 2927 3006 2980 sparsas
3052 2914 3303 2982 reperire
3361 2920 3514 2973 erat;
3568 2921 3626 2968 et

1921 2995 2132 3048 idcirco
2166 3013 2253 3049 res
2282 2996 2403 3066 ipsa
2434 2998 2775 3066 postulabat,
2811 3004 2873 3052 ut
2901 2998 3032 3052 huic
3062 3016 3281 3054 veneno
3328 3019 3451 3055 non
3498 3003 3628 3056 ideo

1921 3082 2111 3136 minus
2135 3085 2471 3153 periculoso,
2506 3086 2655 3156 quod
2690 3086 3012 3141 clanculum
3039 3094 3311 3159 serperet,
3360 3107 3624 3145 occurre—

1921 3176 2096 3224 retur.
2131 3173 2275 3228 Eam,
2298 3173 2371 3227 ob
2398 3190 2625 3227 causam
2673 3177 3023 3245 Augustinus
3062 3178 3272 3232 librum
3329 3180 3526 3248 scripit
3558 3180 3627 3234 de

1922 3262 2075 3314 Bono
2096 3262 2372 3332 conjugii,
2400 3262 2571 3333 idque
2595 3266 2917 3333 argumenti
2956 3268 3213 3319 consulto
3242 3267 3351 3320 sibi
3382 3273 3629 3322 tractan-

1921 3350 2057 3403 dum
2085 3351 2277 3420 elegit,
2311 3353 2463 3422 quod
2496 3359 2683 3406 essent
2702 3354 2801 3423 qui
2829 3355 3189 3407 Joviuianum
3217 3357 3629 3411 contenderent

1920 3439 2199 3491 nullaalia
2215 3439 2434 3493 ratione
2448 3441 2854 3510 revinciposse,
2883 3459 3053 3512 quam
3076 3442 3120 3494 si
3155 3443 3589 3498 matrimonium
3608 3485 3620 3498 .

1920 3525 2543 3596 utifaclumjactabant
2572 3529 2641 3581 ab
2678 3530 3042 3599 Hieronymo,
3078 3530 3616 3599 reprehenderetur.

1917 3613 2043 3682 Ipse
2075 3630 2207 3667 vero
2239 3620 2293 3668 et
2314 3615 2568 3684 conjugii
2590 3618 2945 3670 sanctitatem
2974 3618 3239 3671 adversus
3276 3619 3621 3674 Manichaeos

1917 3718 2073 3771 posse
2094 3702 2462 3771 propugnari,
2486 3708 2541 3756 et
2562 3704 2769 3769 eidem,
2793 3705 3051 3774 quamvis
3069 3722 3182 3759 non
3208 3707 3610 3775 improbando,

1916 3794 2110 3843 tamen
2140 3791 2556 3860 prteferendam
2588 3808 2710 3845 esse
2737 3793 3123 3863 virginitatem
3154 3796 3424 3850 ostendit.
3461 3797 3611 3850 Jovi-

1916 3877 2155 3932 nianum
2188 3880 2258 3933 ab
2287 3897 2354 3934 eo
2388 3897 2669 3951 nusquam
2702 3880 2759 3934 in
2790 3882 2896 3935 hoc
2926 3899 3096 3952 opere
3127 3883 3487 3938 nominatum
3528 3902 3617 3938 rc-

1916 3965 2191 4034 perimus,
2227 3966 2336 4019 nisi
2365 3969 2518 4037 quod
2551 3969 2713 4022 illum
2744 3970 2951 4024 alicubi
2980 3971 3336 4040 impudentis
3382 3990 3619 4043 percun-

1916 4054 2147 4107 ctatoris
2204 4056 2585 4125 appellatione
2640 4056 2904 4127 designat
2969 4059 3063 4127 (De
3114 4061 3257 4113 Bono
3315 4062 3614 4128 conjugali,

1914 4157 1965 4194 n.
2014 4143 2124 4210 27).
2183 4142 2305 4196 Non
2345 4144 2512 4197 modo
2563 4145 2736 4199 tradit
2787 4147 3032 4216 quodam
3075 4147 3215 4200 loco.
3277 4165 3434 4201 more
3481 4154 3618 4204 tunc

1916 4229 2171 4282 Romano
2199 4231 2416 4285 licitum
2446 4248 2562 4285 non
2585 4249 2705 4286 esse
2734 4234 3111 4304 superducere
3143 4251 3396 4301 uxorem,
3438 4241 3502 4289 ut
3534 4238 3618 4290 vir

1917 4318 2163 4387 amplius
2182 4319 2390 4373 habeat
2420 4337 2594 4390 quam
2623 4338 2798 4376 unam
2822 4322 3008 4376 vivam
3039 4340 3051 4388 ;
3086 4325 3180 4376 sed
3211 4323 3451 4377 vetitum
3481 4342 3618 4394 quo-

1915 4422 2026 4477 que
2059 4405 2272 4475 innuit,
2302 4424 2373 4461 ne
2406 4408 2617 4462 sterilis
2646 4426 2791 4464 uxor
2834 4411 3070 4465 alterius
3099 4411 3373 4465 ducendae
3429 4414 3615 4482 gratia

1913 4494 2313 4549 dimitteretur.
2360 4496 2743 4560 Quaestionem
2804 4499 3021 4553 ibidem
3075 4499 3323 4569 attingit.
3383 4518 3497 4571 qua
3544 4504 3613 4558 de

1913 4599 2081 4636 causa
2110 4583 2209 4653 qui
2237 4585 2325 4638 vel
2352 4590 2482 4639 ante
2513 4587 2596 4640 vel
2624 4591 2747 4657 post
2768 4593 3051 4657 receptam
3074 4588 3346 4658 Baptismi
3367 4591 3612 4660 gratiam

1913 4688 2085 4725 unam
2121 4676 2175 4726 et
2205 4673 2442 4728 alteram
2466 4691 2704 4728 uxorem
2745 4675 3054 4742 duxissent,
3086 4675 3155 4728 ah
3184 4676 3493 4747 episcopali
3528 4679 3614 4733 di-

1912 4759 2130 4831 gnitate
2160 4767 2593 4817 removerentur
2624 4764 2804 4833 (Ibid.,
2856 4780 2900 4817 c.
2935 4769 2988 4829 '7,
3020 4780 3074 4817 n.
3106 4769 3159 4825 '7,
3192 4781 3236 4819 c.
3278 4768 3359 4833 l8,
3400 4783 3455 4820 n.
3501 4769 3607 4837 21).

1912 4847 2067 4901 Idem
2100 4865 2240 4919 opus
2272 4848 2421 4903 libro
2452 4849 2513 4902 in
2545 4849 2807 4903 Genesim
2836 4866 2989 4903 nono
3018 4854 3320 4916 memorat,
3344 4856 3514 4922 atque
3546 4852 3613 4905 il-

1912 4936 2010 4990 lud
2041 4954 2073 4990 a
2102 4954 2159 4990 se
2179 4954 2297 4991 non
2327 4938 2403 4991 ita
2432 4938 2657 5008 pridem
2676 4938 3045 5008 publicijuris
3066 4939 3277 4993 factum
3303 4943 3391 5005 (Dc
3423 4941 3612 4995 ϐεγιρεί

1912 5025 1986 5079 ad
2016 5028 2301 5093 Littcram,
2326 5027 2417 5080 lib.
2453 5030 2503 5093 9,
2538 5042 2591 5079 n.
2630 5028 2739 5096 12).

1981 5116 2039 5167 ‘2.
2074 5114 2325 5168 Laudato
2352 5113 2742 5184 copiosissime
2792 5115 3121 5185 nuptiarum
3165 5116 3337 5182 bono,
3370 5116 3607 5169 monitis

1912 5201 2082 5256 etiam
2112 5202 2171 5255 in
2201 5202 2494 5273 superiore
2526 5203 2674 5257 libro
2715 5203 3041 5257 Christianis
3066 5204 3402 5275 virginibus,
3442 5219 3514 5256 ne
3549 5219 3606 5256 se

1910 5290 2049 5362 ipsa:
2086 5290 2336 5361 antiquis
2373 5291 2576 5361 populi
2617 5292 2717 5346 Dei
2763 5292 3082 5363 conjugatis
3127 5296 3477 5362 anteponant
3518 5292 3607 5361 (Dc

1909 5387 2099 5435 sancta
2130 5381 2480 5447 Virginitate,
2517 5397 2568 5434 η.
2606 5384 2677 5449 1),
2718 5382 2943 5435 nullum
2960 5382 3080 5451 jam
3108 5380 3428 5450 periculurn
3459 5385 3605 5447 erat,

1910 5485 1981 5523 ne
2008 5468 2053 5521 si
2082 5467 2379 5539 virginatis
2411 5469 2807 5523 excellentiam
2848 5475 3044 5523 contra
3082 5467 3365 5522 Joviniani
3394 5469 3605 5523 erroris

1910 5555 2182 5628 reliquias
2212 5562 2514 5629 assereret,
2544 5557 2836 5614 criminari
2861 5556 3089 5626 nuptias
3118 5554 3424 5611 videretur.
3456 5558 3603 5622 Qua-

3114 5652 3325 5739 (θίγε.)
