4008 6184
389 330 490 382 299

1625 321 1778 375 νιΤΑ
1817 321 1870 374 S.
1913 319 2282 374 AUGUSTINI
2329 319 2669 374 EPISCOPI.

3800 327 3899 373 3W)

387 456 620 523 propter
662 451 732 503 ab
778 465 844 503 ea
899 448 1218 519 suspicione
1269 451 1424 500 tutus
1479 446 1658 499 alium
1715 448 1842 514 post
1895 444 2084 498 emisit
2191 443 2424 498 Civitate
2453 443 2573 510 Dei,
2604 441 2760 514 quod
2789 457 2891 512 per
2926 444 3267 512 expugnatas
3311 457 3462 495 anno
3507 442 3900 513 quadringen-

388 540 458 594 de
488 543 679 592 sancta
709 537 1044 607 Virginitate
1087 535 1299 590 librum
1331 535 1833 603 (Rectractationum
1873 532 1975 584 lib.
2023 535 2077 596 2,

385 644 506 698 cap.
537 627 648 696 23),
687 625 746 680 in
791 642 926 697 quo,
972 641 1078 696 pro
1108 623 1291 696 gratia
1321 623 1427 676 sibi
1469 621 1743 676 divinitus
1791 636 2078 688 concessa,

385 716 646 770 homines
675 715 745 769 ad
776 715 921 768 hanc
949 713 1218 767 virtutem
1249 712 1546 782 impellere
1579 709 1820 774 nititur;
1855 725 2077 764 necnon

385 805 664 859 modestas
689 803 757 856 de
786 819 844 856 se
880 801 1018 872 ipsis
1058 801 1453 872 cogitationes,
1496 815 1566 852 ne
1595 799 1666 852 ob
1713 797 2078 869 professionis

381 909 497 946 suae
523 891 858 962 dignitatem
879 890 1235 955 insolescant,
1268 889 1327 942 in
1349 888 1686 943 eorumdem
1736 887 1943 941 animis
1987 887 2077 940 in-

379 997 602 1034 serere:
638 981 776 1034 dum
813 996 878 1033 ex
907 979 1020 1032 alia
1051 982 1234 1048 parte,
1279 981 1564 1049 quantum
1605 975 1676 1030 sit
1716 976 2076 1046 impertitum

377 1068 543 1122 illisa
571 1070 686 1122 Deo
733 1083 964 1133 munus,
1015 1083 1084 1120 ex
1125 1067 1236 1120 alia
1277 1083 1430 1134 vero,
1473 1081 1648 1136 quam
1691 1065 1885 1119 sedulo
1933 1063 2078 1118 illud

375 1156 586 1210 donum
622 1171 725 1225 per
753 1155 907 1226 piam
947 1153 1124 1208 animi
1166 1153 1578 1208 demissionem
1622 1151 2074 1206 conservandum

375 1244 466 1306 sit,
491 1245 751 1314 ipsorum
776 1243 953 1297 oculis
983 1241 1230 1312 subjicit.

445 1336 497 1387 3.
532 1334 645 1386 Hoc
691 1331 896 1386 eodem
927 1335 1186 1400 tempore
1228 1328 1529 1383 duodecim
1577 1328 1705 1382 illos
1744 1327 2078 1398 aggreditur

375 1423 444 1476 de
475 1421 675 1475 Genesi
705 1421 776 1474 ad
807 1420 1081 1474 Litteram
1126 1418 1325 1484 libros,
1363 1417 1575 1488 quibus
1623 1416 1830 1471 idcirco
1877 1417 2074 1486 hujus-

375 1511 529 1565 modi
560 1511 789 1564 titulum
820 1507 1134 1578 inscripsit,
1181 1506 1337 1578 quod
1387 1505 1580 1560 missis
1633 1505 2076 1576 allegorematis,

374 1599 723 1669 Scripturam
759 1598 818 1651 in
863 1597 976 1651 illis
1005 1597 1170 1666 juxta
1207 1611 1402 1648 rerum
1445 1598 1736 1666 gestarum
1779 1593 2073 1648 veritatem

377 1687 607 1757 exponit
628 1685 817 1756 (Ibid.,
851 1701 970 1754 cap.
1018 1684 1128 1754 24).
1161 1683 1537 1738 Observatum
1564 1700 1595 1736 a
1618 1682 1782 1736 nobis
1813 1683 1931 1751 jam
1976 1698 2074 1735 su-

377 1791 498 1845 pra,
528 1790 659 1828 eum
690 1789 818 1826 cum
860 1772 1046 1826 adhuc
1089 1769 1408 1841 presbyteri
1451 1769 1650 1823 munia
1703 1769 1904 1832 obiret,
1952 1785 2074 1822 rem

377 1863 634 1916 eamdem
665 1865 929 1915 conatum
972 1859 1162 1926 fuisse,
1207 1857 1614 1928 scripsisseque
1656 1858 1777 1927 jam
1824 1861 1961 1911 tunc
1997 1857 2073 1912 de

373 1951 483 2004 hoc
502 1954 840 2020 argumento
857 1948 1068 2001 librum
1093 1963 1107 2014 ;
1126 1945 1475 2016 experientia
1492 1950 1686 1999 tamen
1704 1944 2071 2015 comperisse,

374 2039 481 2093 sibi
507 2039 654 2092 vires
683 2037 754 2092 ad
783 2035 1210 2108 exsequendum
1241 2051 1389 2104 opus
1420 2033 1770 2088 destinatum
1818 2034 2074 2088 nondum

373 2131 694 2198 suppetere.
731 2127 876 2195 Ergo
909 2123 1140 2178 nonnisi
1162 2123 1340 2192 longo
1371 2126 1501 2192 post
1530 2127 1791 2192 tempore
1821 2121 1893 2175 ad
1934 2121 2073 2176 illud

373 2233 652 2278 reversus,
683 2215 743 2268 in
788 2212 1088 2268 exordium
1131 2213 1413 2266 Geneseos
1459 2209 1532 2264 ad
1577 2225 1759 2280 usque
1803 2208 2073 2264 emissum

373 2305 656 2359 Adamum
681 2319 710 2356 e
744 2301 1008 2373 paradiso
1039 2300 1210 2354 libros
1239 2298 1506 2353 undecim
1553 2298 1895 2368 composuit,
1951 2297 2073 2368 qui~

367 2393 476 2447 bus
525 2392 683 2446 addit
728 2391 797 2445 de
849 2389 976 2460 ipso
1033 2387 1301 2457 paradiso
1350 2385 1788 2442 duodecimum:
1840 2386 1898 2439 in
1959 2403 2072 2457 quo

370 2482 538 2547 libro,
572 2496 685 2552 qua
721 2477 939 2533 ratione
991 2476 1201 2532 mentis
1248 2476 1430 2530 oculis
1477 2491 1749 2546 corporea
1789 2475 2070 2546 percipia-

369 2586 518 2634 mus,
553 2569 674 2622 fuse
713 2567 980 2638 disputat.
1029 2567 1258 2620 Fatetur
1304 2569 1495 2619 autem
1529 2564 1798 2634 ingenue,
1846 2563 2072 2618 tametsi

309 2714 311 2716 ,
371 2659 511 2713 illud
541 2673 683 2728 opus
711 2656 906 2710 multis
926 2655 1186 2726 partibus
1216 2653 1270 2708 ei
1290 2654 1362 2708 sit
1392 2653 1878 2724 anteponendum,
1912 2654 2070 2724 quod

368 2747 551 2802 adhuc
580 2747 875 2816 presbyter
926 2743 1256 2814 scripserat;
1299 2747 1494 2796 tamen
1521 2759 1578 2795 se
1612 2758 1726 2795 non
1773 2741 1966 2812 paucis
2009 2743 2066 2795 in

368 2835 645 2906 capitibus
665 2833 1006 2904 investigare
1029 2832 1218 2903 potius
1237 2831 1556 2898 veritatem,
1582 2830 2031 2902 quaminvenire
2055 2847 2067 2884 :

368 2925 508 2997 quin
535 2923 707 2978 etiam
740 2922 835 2976 ubi
864 2922 1022 2976 illam
1059 2919 1363 2989 invenerit,
1408 2935 1525 2974 non
1552 2935 1585 2973 a
1613 2935 1670 2973 se
1698 2919 1945 2990 proponi
1980 2935 2067 2972 so—

369 3017 482 3068 lere
509 3018 786 3083 tanquam
813 3015 1025 3065 certam
1052 3026 1066 3076 ;
1091 3010 1190 3064 sed
1219 3013 1283 3064 ut
1310 3008 1626 3080 plurimum
1655 3008 1726 3062 ad
1753 3007 2071 3062 accuratius

369 3117 608 3157 examen
639 3099 1032 3154 definitionem
1070 3113 1264 3153 rerum
1307 3096 1544 3152 differri.
1593 3099 1713 3153 Non
1774 3101 1886 3150 tam
1930 3112 2071 3165 prae-

365 3191 669 3252 scribentes,
695 3186 899 3257 inquit,
932 3186 997 3240 de
1015 3185 1170 3240 rebus
1185 3186 1424 3240 obscuris
1443 3187 1740 3253 unicuique
1762 3184 1900 3255 quid
1943 3199 2067 3238 sen-

367 3282 488 3344 tiat,
513 3293 674 3346 quam
697 3291 792 3330 nos
821 3275 1080 3330 docendos
1101 3277 1158 3328 in
1173 3275 1367 3342 quibus
1389 3275 1767 3329 dubitavimus
1788 3275 2068 3330 ostenden-

365 3373 480 3433 tes;
513 3367 966 3432 temeritatemque
994 3361 1321 3434 affirmandi
1346 3366 1645 3416 amoventes
1676 3378 1710 3415 a
1737 3363 1944 3428 lectore,
1976 3363 2068 3416 ubi

366 3472 470 3510 non
504 3456 776 3509 ualuimus
800 3453 1036 3523 praebere
1080 3455 1354 3506 sententiae
1396 3453 1709 3520 ﬁrmitatem
1743 3452 1835 3519 (De
1879 3452 2068 3506 Genesi

365 3545 439 3599 ad
461 3547 744 3612 Litteram,
765 3543 858 3595 lib.
884 3544 970 3610 l2,
1000 3556 1046 3596 c.
1082 3543 1131 3607 l,
1151 3555 1206 3594 η.
1240 3538 1308 3610 1).
1337 3538 1626 3609 Explicare
1653 3538 1919 3610 mysteria
1948 3555 2066 3593 ver-

364 3635 570 3688 borum
601 3632 817 3687 inclusa
841 3634 1107 3686 contextu
1130 3628 1237 3683 sibi
1267 3629 1602 3699 neutiquam
1634 3627 1931 3698 proponit,
1965 3629 2063 3683 de-

366 3726 682 3776 monstrare
711 3722 1013 3774 contentus
1055 3734 1122 3772 ea
1151 3717 1294 3771 nihil
1322 3715 1621 3782 contineri,
1661 3715 1814 3786 quod
1859 3715 1931 3770 ad
1970 3716 2062 3770 lit-

362 3816 567 3876 teram,
596 3814 659 3863 ut
685 3809 864 3873 aiunt,
901 3811 956 3860 et
988 3806 1058 3860 ad
1103 3806 1518 3876 pr0pt‘ietatem
1573 3803 1829 3858 historias
1863 3820 2062 3859 verum

365 3915 486 3952 esse
541 3914 658 3951 non
711 3895 906 3967 possit,
956 3899 1054 3948 aut
1099 3893 1254 3963 quod
1301 3892 1482 3961 partis
1538 3892 1786 3946 naturali
1844 3892 2062 3948 lumine

365 3986 790 4060 cognitionibus
819 3987 1136 4055 repugnet:
1179 3983 1432 4054 denique
1475 3981 1520 4034 si
1559 3981 1695 4052 quid
1726 3997 2059 4052 supervaca-

365 4093 538 4132 neum
579 4078 863 4147 appareat,
898 4073 954 4126 id
987 4088 1107 4126 esse
1138 4071 1410 4142 mysterio
1447 4069 1835 4124 necessarium
1867 4072 2056 4138 (Ibid.,

364 4169 457 4222 lib.
485 4170 532 4227 9,
564 4181 611 4221 c.
650 4167 734 4230 l2,
769 4179 831 4218 η.
863 4159 1077 4228 20-22).
1109 4161 1184 4214 Ex
1214 4159 1320 4214 hac
1345 4158 1670 4230 exponendi
1696 4159 1913 4212 ratione
1947 4177 2058 4223 non

361 4271 567 4327 parum
597 4249 924 4322 compendii
952 4265 1014 4302 ac
1045 4247 1308 4303 utilitatis
1346 4247 1418 4302 ad
1460 4247 1784 4313 Ecclesiam,
1819 4248 2056 4317 perinde

361 4350 531 4417 atque
580 4343 646 4397 ad
681 4358 797 4406 eos,
851 4354 994 4410 quos
1059 4337 1316 4408 ipsorum
1373 4335 1570 4390 salutis
1635 4352 1803 4390 causa
1856 4337 2058 4391 docere

359 4431 718 4504 peroptabat,
763 4428 1085 4484 rediturum
1142 4429 1354 4480 censet.
1399 4426 1523 4479 Non
1570 4430 1763 4479 tamen
1808 4425 2056 4496 physica:

364 4523 542 4577 nodos
571 4521 856 4574 exsolvere
881 4520 1075 4571 curat:
1117 4514 1330 4586 quippe
1362 4514 1453 4569 cui
1481 4513 1552 4568 ad
1579 4514 1686 4568 hoc
1717 4529 1820 4568 nec
1849 4530 2057 4586 suppe-

363 4617 445 4665 tat
464 4616 711 4681 tempus,
739 4608 856 4662 imo
885 4623 991 4662 nec
1040 4608 1343 4676 suppetere
1390 4603 1611 4664 debeat,
1656 4619 1761 4657 nec
1805 4603 1913 4657 sibi
1952 4619 2056 4658 nec

362 4700 474 4755 illis
503 4715 664 4770 quos,
696 4703 760 4751 ut
789 4696 944 4757 dicit,
976 4695 1045 4750 ad
1073 4695 1315 4748 salutem
1345 4707 1528 4757 suam,
1571 4696 1629 4745 et
1648 4695 1858 4745 sanctae
1878 4692 2058 4746 Eccle-

361 4790 460 4844 size
471 4786 848 4842 necessariam
861 4786 1165 4840 utilitatem
1178 4781 1336 4853 cupit
1357 4779 1658 4835 informari
1675 4780 1862 4849 (lbid.,
1887 4780 1980 4833 lib.
2004 4783 2051 4848 l,

362 4892 434 4930 ec.
469 4877 556 4943 40,
588 4875 647 4927 41
679 4891 695 4936 ;
737 4873 822 4926 lib.
861 4875 915 4936 2,
947 4887 992 4926 c.
1020 4872 1183 4936 lO,ln.
1215 4872 1326 4941 23).
1358 4869 1416 4922 Id
1442 4867 1628 4940 operis
1646 4883 1758 4921 non
1784 4868 2053 4922 continuo

361 4964 554 5021 labore
584 4960 824 5016 confecit
855 4961 1338 5029 (Retractationum
1367 4958 1461 5011 lib.
1495 4959 1546 5024 ‘2,
1578 4972 1700 5025 cap.
1741 4957 1832 5023 24,
1871 4971 1932 5011 n.
1969 4955 2052 5026 l):

362 5056 430 5111 ad
461 5053 600 5108 illud
622 5048 881 5123 quamvis
908 5048 1288 5119 efflagitarent
1312 5045 1500 5112 amici,
1524 5045 1620 5099 diu
1648 5049 1842 5099 tamen
1861 5061 2057 5116 quem-

360 5141 670 5200 admodum
687 5137 859 5192 etiam
880 5152 1007 5190 suas
1031 5137 1100 5190 de
1123 5133 1851 5201 Trinitatclucubrationes,
1875 5133 2057 5204 prius-

360 5249 535 5308 quam
565 5229 828 5286 ultimam
880 5225 1202 5295 imponeret
1249 5240 1504 5286 manum,
1561 5223 1712 5294 apud
1759 5239 1817 5276 se
1853 5221 2058 5292 pressit

363 5326 558 5394 (Epist.
605 5321 695 5386 43,
725 5335 785 5374 n.
815 5316 900 5385 4);
933 5319 1057 5369 tum
1087 5317 1322 5384 propter
1368 5312 1753 5385 quaestionum
1790 5327 1932 5382 quas
1974 5311 2057 5366 ibi

359 5415 563 5466 tractat
577 5423 830 5465 summas
854 5403 1235 5468 difficultates,
1267 5405 1390 5455 tum
1421 5400 1556 5472 quia
1583 5400 1842 5455 futurum
1861 5415 2053 5470 spera-

358 5501 474 5564 bat,
501 5503 583 5566 ut,
615 5495 891 5570 quamdiu
921 5508 1038 5548 non
1064 5491 1348 5555 ederetur,
1380 5505 1601 5544 errores
1630 5489 1692 5543 in
1721 5505 1786 5543 eo
1804 5488 2053 5543 nonnul-

359 5590 442 5643 los
488 5602 713 5657 semper
750 5583 1102 5641 emendaret.
1141 5580 1203 5634 In
1249 5578 1550 5632 undecimo
1599 5577 1743 5633 libro
1785 5593 1928 5648 opus
1983 5577 2051 5632 de

2190 533 2391 586 tesimo
2422 533 2641 586 decimo
2675 531 2836 585 Urbis
2880 529 3234 584 occasionem
3267 530 3545 600 scriptum
3593 536 3698 596 est,
3755 548 3901 603 quo-

2189 620 2320 675 dam
2345 621 2512 674 modo
2541 620 2842 691 pollicetur
2862 620 2953 690 (De
2967 620 3156 675 Genesi
3174 619 3249 673 ad
3271 621 3557 688 Litteram,
3587 622 3687 675 lib.
3727 625 3822 689 11,
3853 637 3898 676 c.

2192 711 2275 774 15,
2302 726 2356 763 n.
2382 709 2492 780 20).
2536 710 2833 763 Enimvero
2853 725 2954 762 sua
2983 708 3105 762 haec
3134 708 3194 761 in
3225 708 3489 763 Genesim
3520 709 3735 778 scripta
3749 724 3902 762 non-

2185 798 2324 852 dum
2339 797 2399 851 in
2418 799 2620 869 vulgus
2633 797 2916 863 emiserat,
2942 813 3073 850 cum
3094 797 3309 850 litteras
3329 797 3436 850 sub
3453 797 3587 850 anni
3617 795 3901 868 quadrin-

2186 886 2486 958 gentesimi
2515 885 2840 942 duodecimi
2861 886 3036 940 tinem
3059 885 3129 940 ad
3160 885 3539 940 Marcillinum
3567 889 3768 954 (Epist.
3808 888 3902 952 43,

2185 992 2242 1030 n.
2273 977 2346 1043 4),
2378 992 2566 1046 neque
2586 992 2718 1030 cum
2749 976 2886 1028 alias
2925 975 2996 1028 ad
3029 974 3307 1028 Evodium
3340 975 3536 1043 (Epist.
3582 978 3703 1040 159,
3751 979 3899 1043 n.2;

2183 1066 2362 1133 Epist.
2401 1067 2519 1130 l62,
2553 1080 2610 1117 n.
2637 1066 2694 1132 2)
2728 1080 2876 1117 anno
2907 1063 3052 1117 forte
3077 1062 3646 1134 quadringentesimo
3674 1064 3900 1118 decimo

2185 1156 2387 1224 quarto
2418 1157 2517 1207 aut
2559 1151 3132 1224 quadringentesimo
3182 1151 3402 1207 decimo
3452 1152 3678 1223 quinto,
3725 1153 3897 1208 dedit.

2185 1243 2287 1296 Illa
2316 1246 2530 1309 tamen,
2565 1258 2732 1312 opere
2764 1242 2834 1296 de
2864 1241 3139 1296 Trinitate
3167 1241 3428 1298 nondum
3458 1242 3754 1307 absoluto,
3785 1258 3902 1312 per

2183 1330 2316 1385 fecit
2349 1333 2828 1400 (Retractationum
2857 1329 2952 1384 lib.
2983 1334 3038 1396 2,
3080 1346 3201 1400 cap.
3248 1332 3337 1390 24,
3378 1347 3434 1384 n.
3491 1330 3561 1400 l).
3616 1330 3899 1385 Duodeci-

2185 1435 2344 1472 mum
2373 1419 2606 1490 quidem
2624 1419 2746 1489 jam
2778 1418 2838 1472 in
2866 1419 3045 1472 altera
3073 1419 3146 1472 ad
3175 1418 3447 1472 Evodium
3473 1418 3721 1489 epistola
3742 1419 3902 1474 circi-

2183 1513 2494 1562 terannum
2507 1507 3134 1578 quadringentesimum
3148 1507 3432 1561 decimum
3449 1511 3729 1578 quartum
3751 1507 3899 1574 data,

2183 1596 2409 1663 citavit;
2444 1597 2878 1667 maturabatque
2909 1596 3083 1650 totius
3113 1597 3325 1667 operis,
3361 1601 3643 1667 quantum
3675 1596 3741 1650 in
3774 1598 3897 1668 ipso

2183 1690 2322 1751 erat,
2369 1685 2856 1754 emendationem,
2903 1689 2967 1739 ut
3011 1685 3151 1739 illud
3199 1685 3635 1756 quamprimum
3664 1685 3898 1756 ,‘publici

2177 1773 2323 1844 juris
2346 1773 2574 1836 faceret,
2607 1775 3083 1844 neve:multorum
3115 1775 3598 1843 exspectationem
3638 1790 3707 1828 ac
3745 1775 3898 1829 desi-

2182 1861 2404 1917 derium
2471 1862 2683 1917 diutius
2739 1862 3203 1932 procrastinando
3269 1861 3670 1932 suspenderet.
3723 1862 3897 1914 Porro

2181 1951 2530 2023 Augustinus
2559 1951 2946 2005 voluminibus
2983 1967 3157 2021 supra
3197 1950 3532 2004 memoratis
3572 1951 3788 2016 locum,
3835 1967 3900 2003 ea

2181 2039 2555 2102 retractando,
2589 2039 2790 2094 tribuit
2811 2044 2940 2093 ante
2973 2041 3146 2094 libros
3177 2039 3237 2093 in
3268 2039 3612 2094 Petilianum
3645 2039 3894 2093 ineunte

2183 2143 2332 2182 anno
2354 2127 2917 2199 quadringentesimo
2938 2129 3187 2183 secundo
3217 2144 3335 2183 non
3361 2129 3539 2182 serius
3565 2128 3896 2183 absolutos:

2184 2217 2560 2286 quamobrem
2600 2217 2895 2288 superiora
2925 2217 3024 2270 illa
3052 2217 3122 2270 ab
3150 2217 3276 2287 ipso
3306 2217 3520 2288 partim
3561 2233 3718 2271 anno
3753 2234 3897 2288 qua-

2182 2305 2649 2376 dringentesimo,
2680 2306 2889 2376 partim
2929 2305 3495 2377 quadringentesimo
3545 2306 3740 2377 primo
3773 2307 3895 2361 elu-

2183 2393 2418 2448 cubrata
2444 2393 2617 2450 fuisse
2648 2395 3061 2450 existimamus.

2871 2484 3098 2538 CAPUT
3138 2485 3199 2538 V.

2186 2575 2204 2625 l
2252 2573 2545 2628 Concilium
2571 2573 2898 2640 Carthagine
2929 2573 3174 2626 habitum
3204 2572 3290 2626 die
3326 2571 3528 2627 decimo
3566 2580 3721 2629 sea-to
3739 2576 3902 2644 junii

2252 2661 2487 2715 decernit
2535 2663 2788 2730 legandos
2828 2665 3100 2731 episcopos
3139 2661 3214 2714 ad
3260 2665 3661 2719 transmarinas
3720 2666 3897 2724 sedes.

2251 2757 2311 2803 ut
2341 2753 2637 2804 Donatistae
2683 2749 2757 2804 ad
2785 2753 3047 2804 unitatem
3078 2749 3356 2804 redeuntes
3399 2753 3645 2821 cooptari
3682 2756 3900 2822 possint

2250 2841 2307 2892 in
2335 2839 2571 2903 clerum;
2599 2845 2648 2894 et
2669 2839 2917 2909 quaedam
2944 2855 3043 2909 per
3062 2839 3268 2894 eosdem
3300 2840 3502 2906 legatos
3542 2841 3611 2894 ab
3653 2843 3897 2911 impera-

2253 2932 2362 2982 tore
2385 2927 2634 2996 petenda.
2659 2931 2692 2981 2
2722 2929 2970 2982 Alterum
2999 2929 3244 2997 ejusdem
3285 2931 3419 2983 anni
3448 2929 3896 2997 Carthaginense

2250 3017 2532 3070 concilium
2571 3016 2770 3070 decimo
2801 3019 2956 3071 tertio
2983 3017 3071 3071 die
3099 3018 3414 3087 septembris
3462 3022 3579 3085 agit
3618 3019 3688 3072 de
3738 3036 3894 3074 revo-

2248 3105 2437 3158 candis
2466 3104 2541 3158 ad
2581 3106 2876 3160 Ecclesium
2906 3105 3099 3160 iisdem
3146 3107 3525 3173 schismaticis,
3579 3114 3630 3161 et
3689 3113 3895 3163 statuit

2249 3209 2428 3248 eorum
2478 3195 2693 3248 clericos
2750 3196 2804 3248 in
2859 3196 2974 3250 suis
3031 3196 3320 3250 honoribus
3366 3197 3706 3265 recipiendos
3761 3214 3893 3253 esse.

2250 3285 2300 3336 3.
2334 3283 2492 3336 Ratio
2512 3282 2804 3352 modusque
2836 3283 3295 3340 admittendorum
3323 3285 3391 3338 ab
3420 3286 3664 3340 Ecclesia
3701 3289 3894 3342 Dona-

2249 3371 2521 3423 tistarum.
2562 3371 2596 3424 4
2642 3370 2903 3436 Quaedam
2951 3386 3019 3425 ea:
3065 3374 3534 3428 constitutionibus
3586 3375 3892 3446 Carthagi—

2245 3460 2425 3511 nensis
2453 3460 2668 3512 concilii
2693 3464 2971 3514 notantur.

2249 3549 2296 3600 l.
2326 3545 2640 3601 Concilium
2661 3547 2719 3600 in
2733 3547 2996 3603 Africana
3012 3548 3344 3604 collectione
3359 3549 3565 3621 duplex
3595 3567 3760 3608 anno
3797 3570 3894 3609 eo-

2175 3634 2305 3688 dem
2327 3635 2895 3707 quadringentesimo
2915 3639 3100 3708 primo
3121 3637 3373 3708 ponitur,
3391 3640 3637 3694 alterum
3663 3642 3761 3696 die
3797 3660 3894 3697 su-

2174 3723 2572 3794 pradecimum
2594 3730 2754 3780 sexto
2776 3725 2864 3780 vel
2898 3731 3100 3797 quarto
3125 3726 3396 3782 kalendas
3411 3728 3603 3798 julias,
3631 3731 3894 3786 alterum

2172 3811 2362 3866 idibus
2392 3814 2748 3884 septembris,
2784 3819 3091 3886 utrumque
3115 3816 3452 3886 Carthagine
3489 3817 3549 3871 in
3571 3823 3894 3875 secretario

2171 3898 2418 3954 basilica:
2440 3901 2736 3956 Restitute:
2763 3903 3136 3958 celebratum.
3182 3905 3466 3971 Aurelius,
3498 3907 3599 3977 qui
3640 3924 3802 3963 unus
3835 3912 3895 3965 in

2169 3988 2359 4058 priore
2390 3991 2604 4059 synodo
2635 3991 2807 4045 verba
2836 3991 2987 4056 facit,
3030 3994 3432 4048 tantummodo
3480 4000 3711 4064 partem
3748 3999 3892 4053 illo-

2167 4093 2298 4132 rum
2325 4082 2564 4132 testatur
2592 4079 2858 4147 adfuisse,
2893 4080 3103 4152 quibus
3132 4098 3198 4135 eo
3237 4083 3702 4138 conveniendum
3738 4095 3892 4143 erat.

2167 4169 2244 4220 Ac
2291 4182 2545 4236 primum
2584 4168 2813 4238 quidem
2863 4170 3156 4240 proponit,
3207 4171 3456 4226 Africam
3499 4187 3567 4225 ea
3615 4173 3894 4230 laborare

2167 4253 2556 4308 ministrorum
2590 4257 2850 4326 penuria,
2885 4262 2948 4311 ut
2976 4256 3038 4311 in
3080 4258 3274 4313 multis
3315 4259 3586 4330 Ecclesiis}
3616 4278 3692 4316 ne
3737 4281 3896 4319 unus

2165 4343 2398 4413 quidem
2426 4343 2512 4397 vel
2544 4343 2843 4400 illiteratus
2865 4345 3139 4400 diaconus
3167 4351 3377 4417 praesto
3410 4348 3499 4402 sit.
3529 4350 3692 4405 Unde
3710 4354 3898 4407 relin-

2165 4429 2292 4501 quit
2343 4431 2751 4502 colligendum,
2813 4433 3139 4502 superiores
3205 4435 3436 4504 gradus,
3496 4452 3629 4490 cum
3683 4439 3898 4510 plures

2165 4534 2339 4589 quam
2361 4518 2690 4574 diaconatus
2721 4519 2880 4575 dotes
2911 4521 3228 4592 requirant,
3259 4523 3443 4578 multo
3471 4525 3659 4596 magis
3700 4530 3894 4584 mini-

2165 4607 2295 4662 stris
2325 4607 2544 4664 idoneis
2581 4609 2829 4664 destitui.
2862 4613 2934 4666 Et
2961 4613 3327 4682 quotidianos,
3374 4613 3578 4686 inquit,
3615 4617 3900 4685 planctus

2165 4697 2504 4752 diversarum
2532 4715 2664 4768 pene
2695 4705 3056 4754 emortuarum
3094 4702 3332 4770 plebium
3354 4704 3474 4772 jam
3502 4719 3607 4758 non
3638 4713 3899 4764 sustine-

2163 4798 2318 4849 mus;
2348 4785 2542 4852 quibus
2563 4787 2674 4838 nisi
2694 4787 2864 4851 fuerit
2883 4787 3182 4854 aliquando
3201 4789 3535 4857 subventum,
3564 4796 3770 4858 gravis
3803 4813 3903 4851 no-

2165 4871 2245 4925 bis
2275 4878 2326 4925 et
2352 4873 2735 4928 inexcusabilis
2776 4876 3252 4931 innumerabilium
3302 4881 3610 4933 animarum
3645 4897 3903 4950 pereun-

2165 4963 2300 5014 tium
2332 4977 2497 5016 causa
2543 4963 2694 5031 apud
2750 4966 2915 5018 Deum
2961 4981 3224 5019 mansura
3271 4972 3350 5022 est
3389 4968 3602 5035 (Labbe,
3667 4971 3897 5028 Concil.

2163 5053 2300 5104 tomo
2343 5053 2398 5119 2,
2445 5066 2579 5120 pag.
2639 5053 2809 5117 1642).
2845 5054 3185 5108 Persuasum
3238 5056 3502 5122 habebat,
3551 5073 3584 5109 a
3642 5062 3904 5116 nemine

2165 5137 2436 5204 dubitari,
2472 5138 2611 5209 quin
2637 5139 2689 5193 ei
2719 5140 2868 5193 malo
2896 5142 3217 5196 remedium
3252 5143 3572 5210 efferretur,
3611 5145 3662 5198 si
3699 5153 3903 5204 modo

2163 5226 2320 5297 quia
2349 5227 2549 5280 Donati
2569 5228 2826 5296 partibus
2850 5229 2919 5283 ad
2953 5231 3257 5286 Ecclesiam
3305 5240 3654 5300 remearent,
3694 5235 3782 5291 iis
3821 5241 3902 5294 ad

2164 5314 2567 5369 ecclesiasticas
2595 5316 2901 5387 dignitates
2938 5317 3126 5372 aditus
3173 5336 3291 5374 non
3344 5321 3898 5382 intercluderetur:

2162 5420 2359 5458 verum
2389 5403 2448 5458 id
2483 5421 2517 5458 a
2562 5405 2792 5461 sedibus
2838 5407 3125 5478 praecipue
3173 5409 3430 5464 Romana
3467 5426 3533 5464 ac
3592 5412 3904 5472 Mediola-

2164 5493 2328 5547 nensi
2349 5509 2500 5548 anno
2523 5493 2667 5549 forte
2697 5496 3094 5552 trecentesimo
3123 5498 3498 5569 nonagesimo
3528 5503 3801 5558 secundo
3834 5507 3906 5561 in

2163 5578 2379 5648 synodo
2405 5580 2681 5650 Capuensi
2710 5581 2948 5636 vetitum
2970 5581 3174 5637 fuerat.
3193 5583 3390 5654 Itaque
3419 5584 3562 5654 petit
3595 5589 3905 5647 Aurelius
