4008 6184
117 333 204 381 :50!
1568 330 1770 385 LIBER
1811 331 2131 395 QUINTUS.

116 456 174 503 ut
210 449 504 520 episcopus
548 449 842 520 quispiam
895 467 962 503 ex
1012 466 1113 504 suo
1157 450 1415 521 ipsorum
1462 467 1707 507 numero
1746 455 1815 509 ad

122 538 465 592 Anastasium
496 538 829 593 Romanum
859 538 1170 593 antistitem
1209 539 1493 610 simulque
1532 542 1604 595 ad
1633 544 1816 597 Vene-

128 630 254 683 rium
282 628 767 683 Mediolanensem
796 629 1081 696 mittatur,
1113 630 1212 701 qui
1244 631 1504 685 Ecclesiae
1534 632 1814 688 Africanae

131 718 483 789 indigentiam
504 717 621 772 illis
638 719 888 788 aperiat;
910 724 1148 789 oratque
1170 736 1265 773 eos
1295 719 1353 773 in
1372 720 1706 775 clericorum
1729 738 1816 776 or-

130 808 294 861 dinem
324 807 585 878 cooptari
615 808 994 875 consentiant,
1028 808 1126 878 qui
1167 809 1439 879 baptizati
1483 810 1697 864 fuerint
1743 811 1813 866 ab

127 896 383 950 haereticis
399 896 591 951 adhuc
606 897 852 951 infantes
873 917 887 963 ;
906 897 1217 951 dummodo
1239 898 1413 967 digna
1454 902 1609 953 tanto
1631 900 1812 970 gradu

121 987 297 1055 pietas,
327 990 506 1055 prout
536 986 597 1039 in
636 984 919 1056 superiori
950 984 1189 1039 concilio
1222 986 1407 1040 fuerat
1450 988 1519 1041 ab
1548 988 1813 1042 Africana

116 1074 344 1129 Ecclesia
402 1074 804 1136 constitutum,
846 1073 907 1127 in
937 1073 1050 1127 illis
1081 1074 1331 1128 emineat
1379 1075 1591 1143 (Codice
1636 1078 1811 1132 Cano—

112 1180 224 1218 num
252 1163 477 1229 Afric.,
509 1179 628 1217 can.
655 1164 763 1232 57).
790 1164 1020 1217 Constat
1043 1162 1301 1234 quidem,
1314 1164 1435 1233 jam
1459 1168 1589 1217 ante
1620 1164 1733 1219 sive
1752 1165 1812 1219 in

111 1251 458 1323 Hipponensi
516 1252 756 1306 concilio
821 1252 958 1305 anni
1012 1251 1397 1305 trecentesimi
1451 1253 1811 1323 nonagesimi

108 1341 261 1407 tertii,
296 1341 421 1394 sive
463 1340 525 1394 in
570 1339 1003 1410 Carthaginensi
1044 1339 1179 1393 anni
1209 1341 1591 1395 trecentesimi
1629 1358 1809 1396 nona-

109 1430 294 1500 gesimi
330 1428 589 1500 septimi,
621 1428 898 1499 agitatum
925 1428 1097 1483 fuisse
1128 1428 1198 1482 de
1240 1428 1580 1499 recipiendis
1606 1429 1667 1483 in
1708 1447 1809 1484 suo

110 1520 309 1573 honore
361 1523 420 1572 et
459 1517 646 1589 gradu
692 1517 973 1571 conversis
1004 1517 1071 1571 ad
1115 1516 1418 1571 Ecclesiam
1462 1518 1807 1584 Donatistis;

112 1608 263 1662 modo
316 1612 523 1661 tamen
575 1606 637 1661 in
689 1607 988 1660 schismate
1036 1623 1150 1660 non
1195 1606 1661 1677 rebaptizassent,
1713 1612 1813 1661 aut

109 1713 222 1750 suos
247 1712 456 1749 secum
486 1695 733 1765 populos
772 1695 1112 1748 reducerent
1140 1710 1151 1747 :
1194 1700 1252 1748 at
1280 1694 1598 1765 quidquam
1647 1710 1712 1747 ea
1740 1695 1811 1748 de

107 1801 176 1851 re,
202 1786 318 1838 nisi
376 1784 655 1839 consultis
702 1784 861 1854 prius
908 1783 1307 1837 transmarinis
1350 1782 1626 1850 Ecclesiis,
1669 1783 1810 1837 deii-

107 1875 215 1927 nire
242 1874 596 1927 noluerunt.
629 1874 773 1926 Tum
798 1872 931 1926 inde
960 1872 1226 1926 Aurelius
1258 1871 1366 1925 alia
1390 1872 1662 1941 proponit
1694 1888 1812 1926 non

102 1980 292 2034 parum
312 1961 664 2026 necessaria,
689 1977 819 2031 quae
840 1961 911 2015 ab
942 1963 1289 2031 lmperatore
1314 1959 1562 2029 petenda
1578 1964 1805 2014 essent:

98 2051 230 2105 inter
259 2052 419 2117 haac,
454 2050 537 2105 uti
569 2049 807 2121 profana
829 2065 958 2121 quae
990 2048 1185 2102 multis
1206 2047 1265 2101 in
1287 2046 1424 2101 locis
1455 2048 1659 2101 ﬁerent
1677 2064 1810 2103 con-

98 2141 230 2195 vivia
268 2139 708 2212 prohibeantur
748 2139 932 2209 (Ibid,
959 2153 1079 2192 can.
1114 2136 1231 2207 60);
1263 2135 1436 2206 idque
1468 2152 1584 2190 non
1622 2137 1809 2191 solum

97 2236 332 2301 pmpter
364 2228 721 2294 saltationes,
754 2226 978 2297 aliaque
1009 2223 1382 2296 turpitudinis
1412 2240 1475 2277 ac
1508 2224 1810 2294 impuden-

97 2320 179 2372 tiae
209 2320 420 2389 plena,
449 2334 578 2389 quae
604 2317 665 2370 in
694 2314 993 2386 religionis
1034 2314 1358 2368 christiana
1399 2313 1808 2367 contumeliam

96 2409 148 2461 in
173 2408 288 2461 illis
341 2406 564 2478 Pagaui
610 2405 968 2471 exercebant,
1000 2419 1202 2457 verum
1241 2402 1413 2456 etiam
1453 2402 1603 2472 quod
1647 2402 1809 2456 Chri-

98 2496 303 2551 stianos
340 2495 513 2548 isthic
542 2493 741 2548 adesse
767 2496 1068 2564 cogerent;
1103 2508 1216 2562 qua
1244 2490 1304 2544 in
1333 2507 1395 2545 re
1427 2490 1529 2544 sub
1559 2491 1807 2561 impera-

96 2586 311 2639 toribus
329 2583 562 2638 Christo
593 2581 831 2637 addictis
854 2598 1002 2635 nova
1017 2580 1283 2652 quaedam
1314 2580 1664 2634 excitabatur
1678 2596 1807 2651 per-

102 2674 330 2728 secutio.
356 2672 629 2727 Convivia
663 2671 762 2726 illa
795 2687 860 2725 ex
892 2669 1183 2724 erroribus
1203 2669 1503 2739 gentilium
1526 2685 1806 2735 manasse,

100 2777 321 2816 necnon
358 2760 572 2814 divinis
612 2775 934 2831 repugnare
979 2757 1298 2829 praeceptis,
1337 2763 1531 2827 aperte
1571 2762 1811 2812 testatur

98 2850 367 2905 Aurelius
402 2866 415 2903 :
453 2849 663 2921 quibus
711 2847 916 2913 verbis,
949 2852 1013 2901 ut
1057 2847 1288 2918 quidem
1334 2846 1574 2914 videtur,
1608 2863 1674 2900 ea
1711 2864 1811 2900 no-

96 2945 164 2993 tat
190 2942 250 2993 in
286 2938 534 3008 templis
558 2937 725 2991 solita
746 2936 1042 3003 celebrari,
1069 2953 1197 3007 quae
1217 2935 1433 3006 pariter
1454 2935 1810 3006 Augustinus

97 3045 362 3083 sermone
412 3025 771 3097 sexagesimo
812 3026 1079 3087 secundo,
1112 3024 1213 3095 qui
1254 3040 1385 3079 cum
1424 3025 1532 3078 hoc
1571 3024 1808 3079 articulo

94 3134 197 3172 non
222 3117 591 3172 mediocrem
618 3115 792 3169 habet
811 3113 1170 3179 affinitatem,
1195 3113 1502 3166 insectatus
1524 3116 1626 3168 est.
1657 3114 1808 3166 Prm-

94 3212 236 3261 terea
294 3206 350 3259 si
389 3205 522 3276 quis
565 3220 756 3257 servos
799 3219 930 3257 suos
974 3201 1378 3256 manumittere
1418 3204 1709 3271 cuperent,
1750 3201 1810 3255 id

94 3295 192 3348 illis
239 3295 315 3349 in
354 3293 617 3360 ecclesia,
653 3308 845 3347 coram
886 3291 1189 3361 episcopis,
1221 3291 1378 3343 nulla
1416 3290 1528 3343 alia
1566 3306 1629 3343 ex
1661 3289 1810 3359 juris

96 3383 360 3437 formulis
409 3387 653 3443 servata,
687 3380 1002 3451 peragendi
1038 3383 1378 3449 potestatem
1417 3378 1625 3432 fecerat
1665 3380 1810 3431 Con-

94 3476 384 3529 stantinus
431 3472 639 3543 triplici
681 3472 827 3543 lege,
860 3469 1016 3541 quod
1058 3469 1201 3523 forte
1250 3469 1311 3523 in
1357 3468 1560 3535 Africa,
1603 3468 1701 3522 ubi
1740 3469 1810 3523 de

95 3564 256 3617 modo
300 3578 368 3615 ac
393 3560 662 3631 legitimo
693 3560 804 3613 ritu
840 3558 1257 3629 ambigebatur,
1292 3558 1547 3612 nondum
1588 3575 1693 3612 usu
1722 3574 1809 3611 re-

96 3657 329 3721 ceptum
362 3654 505 3704 erat.
542 3649 798 3703 Postulat
834 3662 969 3717 ergo
1000 3646 1285 3712 Aurelius,
1316 3650 1382 3700 ut
1421 3645 1703 3700 mittendo
1750 3646 1811 3699 in

97 3742 321 3795 Italiam
371 3741 561 3810 legato
593 3754 727 3791 cura
757 3737 1146 3791 committatur
1183 3736 1526 3804 sciscitandi,
1559 3753 1808 3807 quonam

96 3836 255 3899 pacto
302 3845 427 3882 sese
474 3828 654 3882 Italiae
693 3825 947 3897 episcopi
985 3825 1047 3879 in
1088 3842 1154 3879 ea
1192 3841 1252 3878 re
1288 3831 1579 3896 gererent;
1612 3829 1674 3879 ut
1702 3825 1811 3878 sibi

98 3935 327 3991 quoque
350 3917 718 3972 tantumdem
738 3915 1031 3986 potestatis
1052 3914 1161 3985 ipsi
1180 3917 1459 3984 usurpent
1476 3913 1665 3981 (Ibid,
1686 3928 1805 3966 can.

95 4008 202 4079 8'2).
233 4010 307 4062 In
336 4005 585 4060 concilio
612 4004 801 4059 idibus
831 4003 1171 4075 septembris
1206 4001 1402 4056 habito
1435 4003 1809 4056 constitutum

97 4102 197 4161 est,
228 4101 303 4150 ut
329 4096 405 4149 ab
436 4096 785 4164 Imperatore
814 4097 1108 4163 peteretur
1138 4092 1198 4146 in
1229 4091 1463 4145 ecclesia
1495 4090 1808 4145 manumit-

97 4185 251 4239 tendi
283 4184 529 4238 facultas
580 4182 768 4251 (Ιὸίά.)
803 4199 815 4236 :
864 4199 1036 4253 quam
1084 4186 1141 4236 et
1169 4197 1494 4235 concessam
1534 4179 1706 4233 fuisse
1745 4195 1808 4233 ex

96 4272 424 4344 Augustino
450 4271 724 4325 discimus
754 4269 945 4340 (Serm.
978 4274 1067 4334 21,
1102 4286 1157 4324 n.
1191 4272 1253 4336 6;
1289 4270 1460 4324 Serm.
1489 4271 1611 4333 356,
1643 4285 1697 4321 η.
1732 4268 1806 4337 6).

161 4366 212 4417 ‘2.
246 4362 335 4416 Ad
370 4360 692 4414 secundum
732 4359 882 4413 istud
925 4358 1128 4412 eodem
1175 4374 1325 4411 anno
1366 4356 1810 4428 quadringente-

96 4450 234 4504 simo
288 4450 483 4521 primo
532 4448 724 4503 idibus
766 4446 1106 4517 septembris
1164 4445 1423 4499 habitum
1472 4443 1810 4513 Carthagine

96 4539 427 4603 concilium,
457 4553 590 4591 cum
618 4536 791 4591 totius
820 4535 1023 4589 Africae
1054 4536 1319 4606 generale
1348 4534 1537 4599 fuerit,
1561 4532 1812 4602 episcopi

96 4643 419 4682 convenere
452 4624 931 4697 frequentissimi;
966 4623 1109 4677 adeo
1138 4627 1202 4677 ut
1232 4623 1299 4676 ad
1335 4622 1663 4677 obeundum
1692 4620 1812 4692 pri-

100 4722 298 4771 vatum
330 4715 637 4786 negotium
676 4730 795 4768 non
834 4712 1132 4783 pauciores
1169 4710 1373 4781 viginti
1402 4709 1644 4780 delegati
1675 4710 1808 4775 sint,

96 4805 147 4857 in
198 4804 417 4875 quibus
462 4804 724 4874 Alypius,
778 4801 1151 4873 Augustinus,
1202 4804 1374 4870 atque
1434 4798 1677 4853 Evodius
1726 4814 1812 4852 re-

97 4899 431 4948 censentur.
464 4891 773 4963 Augustini
802 4896 955 4945 certe
986 4890 1285 4961 ingenium
1316 4888 1374 4942 in
1403 4888 1640 4959 hujusce
1670 4903 1811 4941 con—

96 4982 209 5035 cilii
243 4981 493 5036 decretis
523 4981 706 5035 elucet
734 4980 1068 5051 plurimum.
1106 4977 1363 5032 Primum
1402 4976 1651 5029 recitatae
1682 4979 1814 5029 sunt

98 5070 301 5125 littera:
326 5072 401 5124 ab
427 5069 727 5124 Anastasio
755 5085 906 5139 papa
936 5068 1007 5122 ad
1034 5067 1331 5137 episcopos
1355 5064 1651 5118 Africanos
1681 5063 1813 5117 scri-

98 5164 242 5227 pta;
306 5158 522 5231 quibus
598 5174 693 5212 eos
750 5157 1175 5221 cohortabatur,
1230 5170 1301 5207 ne
1366 5152 1809 5223 improbitatem,

97 5244 367 5314 injurias,
399 5261 463 5298 ac
513 5244 743 5310 damna,
778 5259 909 5313 quae
957 5242 1025 5297 ab
1073 5239 1356 5296 haereticis
1403 5238 1706 5293 Donatistis
1750 5238 1815 5291 il-

96 5333 231 5393 lata,
270 5338 387 5388 tam
415 5332 610 5388 dimm
633 5332 693 5386 in
722 5331 955 5386 modum
986 5330 1290 5386 Ecclesiam
1310 5328 1634 5383 Africanam
1652 5342 1815 5381 vexa-

98 5420 257 5488 bant,
275 5421 399 5475 ullo
420 5420 594 5474 modo
626 5418 1072 5473 dissimularent.
1096 5420 1362 5488 Actiaque
1382 5420 1503 5470 tum
1535 5416 1650 5468 Deo
1680 5429 1811 5485 gra-

96 5507 212 5571 tiae,
248 5509 407 5579 quod
435 5512 599 5563 tanta.
633 5506 903 5561 adversus
934 5507 1088 5578 ipsos
1127 5504 1399 5560 charitate
1439 5503 1617 5558 sancti
1646 5502 1816 5572 hujus

101 5599 389 5654 Antistitis
416 5597 685 5653 animum
729 5596 1144 5652 inﬂammasset
1173 5610 1188 5649 :
1216 5592 1421 5649 deinde
1444 5607 1655 5661 magna
1682 5606 1817 5646 cura

3520 344 3621 396 302

1929 458 2268 524 discussum,
2302 473 2566 528 quasnam
2605 474 2733 511 cum
2778 460 3082 513 Donatistis
3111 461 3317 528 agendi
3346 462 3490 516 ratio
3536 480 3625 516 es-

1928 552 2012 601 set
2044 546 2236 601 utilior
2282 546 2476 601 futura
2506 547 2725 617 (Labbe,
2758 548 2953 603 Concil.
2988 554 3124 602 tome
3166 552 3218 615 2,
3247 566 3378 618 pag.
3424 552 3574 622 1651)
3606 571 3621 605 :

1925 639 2269 706 captumque
2310 640 2396 689 est
2434 636 2548 689 Deo
2589 636 2902 706 inspirante
2931 637 3253 706 consilium,
3281 642 3345 691 ut
3381 638 3624 709 benigne

1925 724 2234 777 admodum
2278 728 2334 777 et
2372 724 2605 793 paciﬁce
2649 730 2933 794 ageretur,
2978 730 3147 795 atque
3185 725 3299 779 illis
3339 727 3622 791 omnibus,

1925 813 2109 883 quoad
2144 812 2267 866 ﬁeri
2297 817 2505 883 posset,
2542 814 2612 867 ob
2654 815 2845 867 oculos
2882 818 3212 883 poneretur,
3246 831 3418 884 quam
3457 815 3624 869 mise-

1924 918 2053 955 rum
2110 901 2170 955 in
2226 905 2435 956 statum
2486 902 2828 957 decidissent
2871 903 3077 971 (Codice
3103 904 3377 959 Canonum
3418 906 3621 970 Afric.,

1922 1006 2041 1045 can.
2093 991 2221 1061 66):
2285 991 2437 1061 quod
2483 1007 2610 1060 spes
2658 995 2821 1056 esset,
2874 991 3148 1057 futurum,
3197 997 3261 1045 ut
3314 994 3623 1046 amicarum

1924 1078 2252 1148 hujusmodi
2295 1078 2710 1132 correctionum
2758 1094 2885 1147 ope,
2916 1080 3121 1132 mentis
3171 1079 3473 1150 caliginem
3497 1080 3625 1150 Lillis

1925 1166 2072 1219 Deus
2120 1166 2488 1236 abstergeret,
2523 1183 2619 1220 cor
2664 1167 2967 1231 emolliret,
3006 1172 3061 1221 et
3099 1168 3458 1237 laqueorum,
3495 1168 3622 1237 qui-

1922 1254 2027 1307 bus
2058 1271 2089 1307 a
2119 1254 2381 1308 daemone
2420 1256 2764 1309 tenebantur
2793 1254 3019 1321 irretiti,
3051 1272 3229 1308 nexus
3261 1256 3612 1312 dissolveret.

1922 1343 2208 1397 Statutum
2257 1347 2342 1397 est
2385 1359 2513 1396 eam
2552 1344 2623 1397 ob
2671 1359 2918 1409 causam,
2961 1344 3175 1397 litteras
3219 1344 3288 1396 ad
3330 1344 3623 1398 Africanos

1922 1432 2289 1501 magistratus
2334 1448 2366 1485 a
2406 1430 2655 1485 Concilio
2696 1431 3003 1485 mittendas
3040 1447 3180 1497 esse,
3212 1431 3419 1501 quibus
3458 1449 3621 1501 roga-

1920 1523 2143 1586 rentur,
2172 1523 2235 1574 ut
2274 1536 2495 1586 eorum,
2531 1536 2659 1590 quae
2692 1519 3011 1573 Donatistas
3051 1520 3201 1573 inter
3241 1537 3302 1574 ac
3333 1521 3622 1575 Maximia-

1920 1609 2095 1662 nistas
2127 1614 2250 1663 acta
2274 1608 2521 1675 fuerant,
2559 1609 2940 1662 instrumenta
2970 1607 3299 1661 autlientica
3340 1608 3622 1679 episcopis

1921 1698 2068 1751 tradi
2091 1698 2361 1768 juberent
2388 1697 2583 1768 (Ibid,
2615 1713 2733 1751 can.
2784 1701 2867 1759 67)
2904 1714 2918 1750 ε
2950 1703 3072 1750 tum
3114 1697 3447 1766 deligendos
3478 1698 3623 1751 anti-

1922 1785 2099 1853 stites,
2139 1786 2239 1856 qui
2284 1786 2584 1839 schismate
2629 1789 2957 1855 segregatos
3000 1786 3070 1838 ab
3125 1784 3366 1838 Ecclesia
3406 1785 3622 1855 episco-

1921 1891 2023 1943 pos
2043 1874 2350 1945 plebesque
2380 1891 2577 1929 eorum
2595 1874 2666 1927 ad
2694 1890 2887 1943 pacem
2917 1876 2971 1926 et
2992 1872 3271 1926 unitatem
3294 1872 3621 1940 invitarent,

1921 1962 2433 2032 convincerentque
2474 1962 2615 2015 nihil
2662 1977 2782 2015 esse
2821 1977 3029 2025 causae,
3063 1976 3163 2013 cur
3192 1960 3262 2013 ab
3305 1960 3385 2013 eis
3427 1962 3621 2014 catho-

1920 2051 2029 2104 lica
2070 2050 2314 2105 Ecclesia
2351 2050 2831 2120 reprehendatur;
2866 2065 2995 2102 cum
3032 2048 3353 2119 praesertim
3388 2064 3619 2103 eorum-

1922 2140 2053 2193 dem
2096 2140 2157 2193 in
2198 2139 2643 2195 Maximianistas
2681 2138 3042 2208 indulgentia
3070 2138 3327 2191 obtentas
3375 2153 3492 2192 sua:
3518 2138 3619 2203 fse-

1920 2228 2162 2282 cessioni
2222 2243 2419 2282 causas
2478 2243 2676 2280 omnes
2742 2226 3008 2280 excludat
3065 2226 3250 2292 (Ibid,
3304 2241 3431 2280 can.
3497 2226 3612 2296 69).

1920 2315 2139 2371 Placuit
2183 2332 2408 2387 quoque
2454 2318 2514 2368 ut
2553 2314 2830 2385 episcopis
2877 2313 2946 2367 ad
2994 2313 3312 2367 Donatistas
3359 2329 3463 2385 per
3507 2329 3623 2368 om-

1920 2422 2020 2459 nes
2065 2405 2268 2459 Africaa
2314 2403 2633 2474 provincias
2676 2402 2931 2474 legendis
2974 2406 3223 2471 potestas
3267 2402 3370 2455 sub
3410 2401 3620 2456 instru-

1920 2494 2126 2549 ctionis
2180 2494 2367 2547 forma
2433 2492 2777 2559 traderetur,
2831 2508 2863 2544 a
2915 2490 3076 2559 cujus
3126 2488 3457 2561 prmscripto
3505 2505 3621 2543 non

1921 2587 2067 2637 esset
2114 2582 2227 2636 illis
2271 2582 2560 2651 integrum
2607 2580 2896 2634 discedere
2948 2578 3133 2647 (Ibid,
3165 2594 3283 2632 can.
3313 2578 3420 2647 85).
3469 2579 3621 2633 Nihil

1921 2676 2041 2726 erat
2091 2671 2160 2724 ad
2209 2670 2628 2725 resarciendam
2675 2667 3039 2721 concordiam
3097 2668 3279 2736 magis
3327 2666 3622 2731 idoneum,

1922 2776 2094 2831 quam
2128 2759 2174 2812 si
2202 2759 2506 2813 redeuntes
2535 2757 2605 2810 ad
2628 2757 2929 2810 Ecclesiam
2952 2755 3403 2809 Donastistarum
3434 2755 3625 2809 clerici

1920 2849 1979 2902 in
2010 2847 2128 2901 suis
2152 2846 2470 2900 honoribus
2498 2844 2891 2915 reciperentur
2918 2844 3112 2911 (Ibid,
3144 2859 3269 2897 can.
3318 2842 3428 2911 68).
3460 2842 3624 2905 Quod

1921 2935 2151 3008 quidem
2178 2938 2296 2988 tam
2337 2936 2395 2987 in
2438 2933 2563 3003 ipso
2595 2931 2815 2985 discidii
2846 2930 3032 2996 initio,
3060 2945 3234 3000 quam
3272 2945 3403 2982 cum
3432 2929 3620 2983 redin-

1919 3028 2139 3093 tegrata
2158 3026 2244 3075 est
2267 3021 2369 3074 sub
2393 3035 2611 3073 annum
2628 3018 3091 3073 trecentesimum
3112 3016 3616 3087 quadragesimum

1921 3112 2231 3182 septimum
2260 3124 2362 3180 per
2391 3106 2698 3163 Macarium
2728 3106 2937 3174 unitas,
2968 3109 3252 3159 servatum
3295 3104 3502 3170 fuerat,
3533 3106 3618 3158 uti

1919 3204 2090 3255 testes
2128 3214 2248 3253 esse
2290 3200 2553 3268 poterant
2587 3194 2864 3249 Africanae
2903 3210 3050 3265 pene
3086 3209 3285 3247 omnes
3324 3193 3575 3247 ecclesiae
3607 3210 3618 3246 :

1921 3305 2119 3343 verum
2151 3288 2303 3342 idem
2338 3290 2533 3358 postea
2556 3283 2727 3338 varia:
2754 3283 2975 3353 synodi,
3012 3282 3070 3335 in
3101 3282 3310 3352 quibus
3334 3280 3622 3352 praecipue

1925 3377 2323 3449 Hipponensis,
2356 3392 2421 3433 ac
2448 3372 2847 3436 transmarina,
2894 3373 3160 3441 Capuana
3190 3371 3427 3425 fortasse
3475 3385 3626 3423 anno

1919 3466 2319 3522 trecentesimo
2351 3463 2723 3533 nonagesimo
2747 3461 2994 3514 secundo
3019 3459 3304 3513 celebrata
3322 3457 3624 3529 prohibue-

1922 3561 2069 3611 rant.
2102 3556 2358 3608 Veterem
2407 3552 2568 3606 illum
2611 3566 2780 3603 usum
2826 3564 3110 3611 revocare,
3147 3547 3318 3617 idque
3360 3563 3497 3614 erga
3525 3562 3623 3599 eos

1921 3660 2050 3698 cum
2106 3641 2326 3713 primis,
2376 3640 2475 3709 qui
2529 3654 2662 3691 suos
2715 3653 2905 3690 secum
2960 3636 3206 3705 populos
3262 3634 3620 3699 reducerent,

1923 3730 2299 3804 peroptabant
2321 3727 2571 3782 Africani
2609 3725 2925 3789 antistites;
2949 3727 3198 3777 attamen
3220 3722 3288 3777 de
3314 3738 3380 3776 ea
3400 3738 3459 3775 re
3479 3720 3622 3775 nihil

1924 3823 2228 3876 decernere
2258 3818 2380 3872 ausi
2412 3818 2635 3871 fuerant
2663 3814 3000 3886 priusquam
3032 3813 3430 3882 episcoporum
3452 3810 3626 3865 Italiae

1921 3925 2258 3965 consensum
2284 3904 2686 3960 obtinuissent.
2716 3902 2801 3957 Ad
2829 3902 2983 3956 hunc
3010 3901 3248 3954 modum
3274 3900 3335 3953 in
3359 3898 3621 3966 concilio,

1922 3999 2142 4054 decimo
2182 4001 2337 4051 sexto
2377 3994 2652 4047 kalendas
2683 3991 2857 4063 julias
2895 3989 3197 4060 praesentis
3230 3988 3367 4042 anni
3406 3992 3624 4057 coacto,

1920 4086 2128 4141 animis
2171 4082 2357 4138 affecti
2400 4083 2819 4145 remanserant;
2867 4094 3105 4148 remque
3136 4093 3367 4130 omnem
3407 4081 3621 4130 statue-

1920 4179 2049 4229 rant
2078 4172 2323 4229 Romani
2353 4169 2615 4241 Episcopi
2652 4184 2716 4222 ac
2746 4166 3187 4222 Mediolanensis
3225 4164 3459 4219 arbitrio
3491 4180 3622 4233 per-

1920 4261 2276 4317 mittendam.
2322 4259 2388 4312 In
2432 4257 2539 4311 hoc
2580 4272 2712 4309 vero
2756 4254 3050 4309 decretum
3082 4257 3184 4316 est,
3230 4256 3294 4305 ut
3339 4258 3409 4305 ad
3456 4251 3629 4304 Italos

1921 4348 2216 4412 antistites,
2249 4363 2314 4400 ac
2340 4345 2629 4416 praecipue
2674 4343 2745 4397 ad
2785 4341 3149 4396 Anastasium
3182 4354 3391 4409 papam
3424 4338 3628 4392 littera!

1924 4440 2218 4502 darentur,
2252 4434 2460 4505 quibus
2490 4432 2763 4486 certiores
2793 4431 3022 4497 ﬁerent,
3052 4443 3253 4499 pacem
3285 4431 3454 4496 atque
3484 4426 3632 4481 Afri-

1922 4542 2078 4581 canae
2109 4523 2370 4578 Ecclesiae
2402 4521 2706 4575 utilitatem
2738 4519 2988 4590 exigere,
3022 4521 3087 4571 ut
3123 4517 3383 4570 locorum
3412 4516 3628 4586 episco-

1920 4615 2010 4686 pis
2038 4612 2364 4669 Donatistas
2393 4611 2452 4664 in
2485 4608 2733 4681 propriis
2765 4606 3080 4662 honoribus
3110 4603 3423 4675 recipiendi
3454 4604 3629 4658 facul—

1921 4708 2006 4758 tas
2040 4706 2205 4767 esset,
2238 4701 2376 4755 dum
2406 4698 2737 4753 revocandis
2770 4696 2841 4749 ad
2884 4694 3164 4748 unitatem
3206 4693 3334 4747 aliis
3362 4692 3633 4747 conduci-

1920 4793 2035 4848 bile
2063 4790 2356 4844 videretur
2379 4806 2391 4843 :
2414 4789 2628 4842 valeret
2654 4789 2843 4839 autem
2877 4782 3332 4837 transmarinum
3357 4782 3631 4853 placitum

1922 4881 2189 4936 adversus
2219 4895 2315 4933 eos
2355 4878 2525 4943 solos,
2559 4875 2659 4946 qui
2688 4873 2872 4928 reditu
2907 4890 3010 4927 suo
3056 4872 3315 4926 Ecclesia:
3366 4888 3483 4925 non
3512 4875 3631 4924 tan-

1920 4973 2044 5024 tum
2079 4968 2346 5023 afferrent
2375 4963 2658 5029 utilitatis,
2691 4965 2970 5032 quantum
3014 4960 3086 5014 ad
3132 4960 3306 5013 hocce
3344 4958 3627 5012 intlictum

1923 5057 2237 5128 disciplina:
2270 5055 2474 5109 vulnus
2505 5050 2999 5121 compensandum
3031 5049 3342 5102 sufﬁceret.
3388 5048 3513 5100 Haec
3541 5050 3627 5099 ta-

1923 5163 2057 5202 men
2086 5145 2259 5215 hujus
2286 5140 2511 5197 articuli
2542 5139 2915 5210 inscriptione
2946 5138 3037 5209 (Ut
3077 5136 3270 5191 clerici
3314 5134 3630 5188 Donatista-

1923 5252 2053 5290 rum
2082 5235 2141 5288 in
2171 5231 2412 5286 Ecclesia
2440 5229 2713 5284 catholica
2739 5227 3093 5297 recipiantur
3124 5226 3183 5279 in
3214 5224 3382 5291 clero)
3412 5220 3634 5274 videtur

1926 5321 2255 5396 signiﬁcari,
2285 5336 2416 5375 eum
2464 5318 2590 5372 loco
2629 5316 2893 5371 habitum
2935 5309 3362 5368 constitutionis
3399 5307 3632 5363 deﬁnito

1925 5414 1995 5470 ab
2026 5410 2269 5467 Ecclesia
2296 5408 2561 5463 Africana
2584 5407 2766 5469 factm,
2797 5420 2984 5475 neque
3013 5398 3321 5473 pendentis
3353 5413 3417 5452 ex
3450 5401 3631 5451 trans-

1924 5500 2278 5556 marinarum
2320 5495 2699 5552 Ecclesiarum
2729 5508 3024 5548 consensu.

2004 5593 2055 5650 3.
2091 5585 2449 5659 Augustinus
2493 5583 2717 5639 circiter
2747 5595 2964 5636 annum
3007 5574 3635 5648 quadringentesimum
