4008 6184
401 316 500 366 3113

395 440 615 490 sextum
657 440 852 489 contra
898 433 1266 490 Cresconinm
1312 435 1584 498 scribens,
1614 432 1923 504 superioris
1961 435 2095 486 arti-

393 524 507 577 culi
536 523 1003 578 constitutionem
1045 529 1180 577 tunc
1212 523 1489 594 temporis
1535 522 1824 576 observari
1868 521 2094 575 solitam

393 612 672 678 declarat;
700 629 801 666 nec
831 629 946 666 11011
981 612 1276 682 episcopos
1307 617 1658 682 ueteresque
1692 609 1974 663 inferioris
2005 626 2094 663 or-

392 701 542 754 dinis
589 702 844 767 clericos,
879 701 976 771 qui
1025 717 1082 754 se
1139 701 1208 754 ad
1257 700 1557 756 Ecclesiam
1603 698 1971 768 recipiebant,
2005 699 2092 752 vel

391 789 706 843 exercuisse
739 789 972 859 propria
1002 789 1339 854 ministeria,
1374 790 1460 842 vel
1492 788 1560 841 ab
1615 787 1682 840 iis
1729 787 2088 851 abstinuisse,
2137 852 2147 860 .

387 881 562 945 prout
583 877 841 930 Ecclesiae
864 877 986 947 paci
1001 894 1062 930 ac
1084 877 1250 930 saluti
1276 877 1643 946 populorum,
1659 891 1905 946 quorum
1925 891 2093 928 causa

387 963 475 1015 11ίο
507 963 811 1032 dignitates
856 980 920 1016 ac
950 964 1271 1016 ministeria
1300 963 1613 1017 constituta
1642 967 1794 1031 sunt,
1822 963 2090 1033 expedire

379 1049 744 1117 judicabatur
791 1052 1008 1118 (Contra
1063 1052 1421 1117 Cresconium,
1459 1053 1550 1104 lib.
1586 1054 1649 1120 .2,
1692 1067 1736 1104 c.
1777 1055 1857 1115 11,
1891 1066 1947 1104 n.
1985 1051 2086 1118 13).

387 1140 567 1202 Quam
606 1137 964 1208 disciplinam
1013 1139 1278 1194 adversus
1319 1140 1660 1208 Donatistas,
1691 1156 1725 1192 a
1763 1139 1969 1209 quibus
1999 1154 2090 1190 re-

385 1227 867 1296 prehendebatur,
899 1227 1022 1298 ipse
1054 1229 1310 1282 defendit
1341 1229 1524 1296 (Ibid.,
1557 1244 1601 1282 0.
1638 1230 1721 1292 10,
1751 1244 1789 1281 n
1848 1227 1952 1297 12).
1990 1229 2091 1281 Po-

385 1319 503 1369 stea
533 1331 662 1369 cum
696 1316 984 1369 Bonifacio
1017 1317 1212 1370 comiti
1242 1317 1531 1383 scriberet,
1564 1316 1798 1386 perinde
1829 1332 1947 1369 esse
1986 1316 2086 1384 ait,

386 1420 448 1456 ac
473 1403 519 1456 si
537 1409 727 1457 cortex
758 1405 977 1458 arboris
1007 1405 1080 1459 ad
1103 1406 1471 1460 inserendum
1495 1407 1787 1459 surculum
1807 1405 2088 1459 incidatur

387 1494 588 1560 (Epist.
635 1496 750 1557 185,
775 1509 822 1546 0.
855 1496 936 1550 10.
968 1509 1025 1548 n.
1053 1495 1168 1564 44).
1197 1496 1356 1549 Certe
1388 1494 1620 1566 quidem
1642 1495 1948 1548 Donatistae
1971 1493 2088 1564 epi-

385 1580 542 1649 scopi
571 1579 630 1632 in
664 1580 798 1633 locis
829 1582 1098 1651 episcopo
1124 1583 1398 1636 catholico
1425 1583 1710 1636 destitutis
1736 1599 1864 1636 suas
1893 1583 2086 1652 plebes

383 1684 513 1721 cum
535 1684 626 1721 eas
646 1669 715 1721 ad
743 1670 1044 1722 Ecclesiam
1066 1671 1423 1735 reducerent,
1444 1671 1844 1742 gubernandas
1865 1671 2084 1724 obtine-

382 1756 520 1810 bant
553 1757 758 1825 (Codicc
787 1760 988 1813 Canon.
1020 1761 1220 1826 Δί’νίοη
1257 1777 1375 1815 can.
1425 1761 1512 1830 99)
1550 1761 1619 1814 ad
1647 1777 1864 1814 annum
1904 1777 2084 1830 usque

383 1846 971 1915 quadringelesimum
1000 1847 1328 1917 septimum.
1352 1849 1490 1902 111110
1511 1849 1877 1920 reperiuntur
1897 1848 1956 1902 in
1978 1850 2086 1903 col-

379 1933 589 1986 latione
611 1934 1041 2004 Carthaginensi
1061 1935 1322 1989 catholici
1344 1937 1625 1990 antistites
1649 1953 1763 1991 non
1778 1937 1964 2007 pauci,
1981 1937 2082 2008 qui

379 2021 540 2091 prius
571 2022 776 2076 Donati
807 2029 992 2092 partes
1024 2025 1219 2079 sectati
1250 2030 1433 2080 erant.
1467 2025 1618 2090 Quin
1646 2027 1816 2080 etiam
1845 2027 2084 2080 nonnul-

377 2109 445 2163 lis
473 2110 573 2180 qui
603 2111 1114 2181 rebaptizaveraut,
1147 2131 1250 2168 sua
1280 2114 1612 2168 servabatur
1641 2115 1888 2185 dignitas
1912 2117 2077 2184 (Cont.

379 2201 737 2268 Cresconium,
768 2200 858 2254 lib.
893 2203 946 2259 2.
981 2218 1026 2256 c.
1078 2205 1161 2269 16,
1205 2219 1261 2256 n.
1311 2206 1414 2271 19).
1452 2205 1702 2273 Rogatus
1750 2220 1782 2256 a
1829 2204 2080 2273 quodam

377 2288 675 2342 Theodoro
705 2289 1078 2358 Augustinus,
1107 2307 1222 2360 quo
1255 2297 1440 2361 pacto,
1472 2292 1519 2344 si
1548 2293 1646 2362 qui
1676 2309 1744 2346 ex
1774 2293 2080 2347 Donatistis

377 2376 568 2430 clerici
615 2376 905 2431 scliismati
935 2379 1205 2432 nuntium
1235 2380 1525 2434 remittere
1555 2381 1785 2447 vellent,
1819 2382 1944 2435 illos
1991 2399 2078 2435 es-

375 2471 462 2519 set
508 2471 840 2535 recepturus
889 2466 969 2533 (id
1023 2466 1178 2519 enim
1226 2467 1464 2521 arbitrio
1509 2469 1785 2539 cujusque
1828 2467 2079 2537 episcopi

375 2554 712 2625 permiserat
757 2555 1106 2625 concilium),
1163 2573 1196 2608 a
1253 2572 1311 2608 se
1365 2557 1590 2610 nullum
1649 2573 1752 2610 sua
1804 2556 2079 2625 dignitate

376 2642 683 2712 spoliatum
715 2642 785 2695 iri
813 2642 937 2695 viva
967 2659 1100 2696 voce
1132 2644 1452 2714 respondit:
1478 2646 1632 2714 quod
1664 2644 1853 2714 ipsum
1884 2649 2081 2713 postea

373 2731 606 2800 propria
653 2747 828 2784 manu
868 2731 1055 2786 eidem
1098 2732 1446 2802 perscripsit,
1477 2749 1682 2802 rogans
1713 2733 1782 2786 de
1822 2732 1925 2785 hoc
1955 2733 2080 2786 illos

373 2821 641 2873 certiores
667 2821 909 2886 faceret;
934 2827 991 2874 et
1012 2837 1173 2874 suam
1202 2838 1433 2892 quoque
1459 2821 1784 2892 epistolam,
1810 2821 1855 2874 si
1878 2822 2080 2875 110101-

372 2909 512 2970 lent,
547 2908 710 2979 quasi
741 2909 874 2963 fidei
901 2909 1154 2963 obsidem
1191 2909 1538 2980 relinqueret
1569 2912 1768 2978 (Epist.
1801 2913 1888 2974 61,
1914 2927 1966 2964 n.
2008 2913 2074 2978 1).

372 2998 706 3052 Theodorus
753 2997 867 3062 ille,
923 3014 1095 3067 quem
1152 2998 1386 3051 fratrem
1438 2997 1662 3063 vocitat,
1705 2998 1789 3050 vir
1836 3005 1978 3064 erat,
2022 3004 2082 3053 ut

373 3087 604 3156 quidem
653 3087 922 3139 credibile
961 3092 1064 3146 est,
1098 3105 1213 3140 non
1258 3088 1558 3142 mediocris
1605 3088 1861 3159 Hippone
1893 3096 2081 3144 aucto-

372 3173 575 3237 ritatis,
609 3190 722 3244 quo
768 3174 838 3227 ad
879 3176 1236 3228 tractandum
1278 3191 1408 3228 cum
1461 3175 1660 3228 Donati
1708 3176 2079 3229 sectatoribus

373 3261 658 3314 utebatur.
711 3261 933 3314 Etenim
974 3262 1256 3316 Theodori
1297 3267 1352 3315 et
1397 3263 1643 3327 Maximi,
1681 3279 1822 3333 quos
1867 3264 2081 3317 charis-

378 3349 553 3401 simos
584 3355 641 3402 et
668 3349 1031 3402 honorabiles
1058 3349 1204 3402 filios
1231 3351 1481 3420 appellat
1505 3353 1698 3418 (Epist.
1732 3353 1850 3415 107,
1879 3354 1996 3413 108,
2022 3368 2073 3404 n.

381 3437 452 3508 1,),
475 3437 791 3511 ministerio
820 3437 1120 3507 epistolam
1140 3437 1392 3508 primum
1413 3439 1478 3490 ad
1504 3437 1848 3490 Macrobium
1874 3438 2081 3506 [lippo-

375 3543 612 3580 nensem
646 3527 1065 3581 Donatistarum
1097 3527 1430 3598 episcopum
1467 3526 1684 3580 curavit
1713 3526 2076 3580 deferendam

375 3615 577 3683 (Epist.
615 3616 755 3684 106).
791 3615 902 3668 Nec
945 3620 1029 3668 est
1075 3631 1177 3668 cur
1218 3615 1408 3669 fratris
1456 3630 1688 3676 nomen,
1735 3631 1848 3686 quo
1893 3614 1962 3667 ab
2009 3630 2076 3667 eo

375 3703 685 3758 Macrobius
714 3706 1112 3774 compellatur,
1144 3721 1493 3776 quemquam
1526 3709 1769 3769 moveat,
1803 3720 1930 3758 cum
1970 3704 2077 3756 hoc

373 3791 538 3846 titulo
570 3792 741 3846 laicos
765 3793 938 3846 etiam
969 3793 1255 3846 honorare
1287 3810 1709 3864 nonnunquam
1735 3794 1944 3846 soleret
1961 3795 2075 3845 An-

373 3880 656 3950 gustinus.
692 3883 742 3934 Is
783 3881 1038 3951 quidem,
1085 3886 1146 3935 ut
1191 3882 1501 3935 secundum
1548 3882 1799 3952 pollicita
1846 3882 2074 3948 faceret,

374 3969 518 4023 duos
567 3968 920 4023 Proculeiani
967 3969 1236 4023 diaconos
1280 3969 1513 4023 admisit
1545 3971 1746 4038 (Epist.
1786 3972 1955 4033 78,71.
2000 3969 2070 4038 8).

373 4057 463 4111 Illi
492 4061 685 4126 postea
717 4056 776 4110 111
805 4056 1034 4126 culpam
1073 4057 1324 4128 aliquam
1356 4057 1518 4126 lapsi,
1549 4058 1762 4127 populo
1807 4057 1865 4110 in
1910 4073 2076 4110 causa

369 4144 623 4213 fuerunt,
658 4161 758 4198 cur
786 4150 842 4198 et
869 4145 1226 4199 Proculeiaui
1260 4145 1529 4216 regimini
1560 4146 1877 4211 insultarct,
1912 4163 1973 4199 ac
2002 4145 2072 4198 ob

368 4233 672 4304 Augustini
716 4233 979 4287 virtutem
1024 4233 1271 4304 gestiens
1318 4233 1601 4288 dictitaret
1641 4250 1670 4286 e
1711 4231 1926 4287 clericis
1973 4233 2072 4304 qui

369 4323 476 4377 sub
505 4323 629 4393 ejus
653 4321 954 4392 disciplina
982 4321 1222 4376 fuissent
1249 4321 1564 4390 informati,
1590 4322 1878 4376 nemiuem
1906 4322 1965 4376 in
1995 4327 2072 4375 ta-

368 4412 443 4464 lia
471 4416 703 4481 peccata
722 4410 1002 4465 decidere.
1029 4410 1092 4464 Id
1122 4415 1314 4464 autem
1345 4411 1466 4481 ipse
1494 4411 1847 4481 Augustinus
1880 4411 2072 4465 minus

367 4499 669 4568 probabat,
701 4515 763 4552 ac
791 4515 977 4570 neque
1015 4498 1279 4553 homines
1314 4499 1384 4553 de
1427 4499 1550 4570 ipso
1597 4499 1852 4569 gloriari,
1885 4516 2069 4570 neque

368 4587 665 4653 haereticis,
683 4592 892 4658 praeter
909 4604 1070 4642 suam
1096 4587 1382 4653 haeresim,
1399 4588 1712 4659 quidquam
1737 4589 2070 4658 exprobrari

367 4675 607 4728 volebat.
645 4677 796 4729 Inter
822 4676 1218 4747 explicandum
1246 4676 1528 4747 psalmum
1561 4675 1920 4746 trigesimum
1945 4693 2067 4731 sex-

367 4767 488 4817 tum
517 4765 714 4834 populi
744 4765 1005 4834 precibus
1035 4765 1400 4819 commendat
1437 4765 1847 4819 subdiaconum
1883 4767 2066 4821 Dona-

366 4851 554 4904 tistam
586 4852 654 4904 de
685 4852 844 4921 cujus
873 4852 943 4906 ad
972 4853 1227 4908 Ecclesiaa
1255 4853 1720 4907 communionem
1750 4854 1937 4908 reditu
1967 4855 2065 4908 lce-

364 4939 472 4994 tari
494 4955 552 4993 se
580 4939 1117 5009 prolitetur(Enarr.
1146 4944 1203 4994 in
1229 4943 1374 4996 Psal.
1408 4956 1768 5005 xxxv1,se~rm.
1796 4958 1850 4995 η.
1871 4944 1923 5007 2,
1955 4941 2061 5012 11).

364 5030 538 5083 Porro
587 5025 686 5098 qui
733 5027 802 5080 ab
847 5027 1063 5082 unitate
1111 5030 1181 5083 ad
1226 5031 1427 5083 Donati
1469 5034 1689 5099 partem
1717 5029 2062 5097 deficientes,

361 5119 572 5174 iterum
614 5115 759 5185 tingi
801 5114 1087 5184 Baptismo
1120 5117 1436 5184 voluerant,
1472 5118 1715 5172 Ecclesia
1759 5118 1818 5170 in
1849 5119 1936 5171 his
1975 5135 2064 5173 rc-

361 5204 639 5277 cipiendis
669 5203 821 5258 haud
859 5219 1022 5274 teque
1053 5205 1276 5260 facilem
1308 5224 1365 5262 se
1404 5207 1712 5278 praebebat,
1744 5222 1808 5260 ac
1849 5206 1908 5260 111
1939 5207 2064 5261 aliis

361 5296 459 5366 qui
487 5313 519 5348 a
543 5292 789 5365 pueritia
816 5291 1120 5347 schismate
1149 5295 1376 5348 fuerant
1401 5296 1677 5365 implicati
1708 5298 1926 5356 (Contra
1945 5298 2065 5351 Crc-

358 5387 616 5450 sconium,
637 5383 730 5439 lib.
757 5386 810 5443 2,
840 5398 890 5436 c.
924 5384 1004 5445 16,
1030 5398 1084 5435 n.
1111 5385 1212 5451 19).
1238 5383 1481 5437 Amabat
1501 5390 1772 5456 utrosque
1797 5386 2058 5452 Ecclesia,

359 5470 551 5541 eisque
600 5471 868 5526 sanandis
917 5470 1193 5525 charitate
1238 5471 1408 5541 plane
1458 5478 1716 5527 materna
1760 5474 2057 5528 serviebat.

357 5559 565 5614 Verum
595 5562 702 5616 etsi
728 5566 959 5617 neutros
1007 5559 1314 5632 recipiebat
1342 5561 1464 5615 sine
1495 5561 1846 5634 pmnitentia,
1875 5562 1934 5617 in
1963 5580 2058 5618 eos

1641 312 1800 364 Vl'l‘A
1937 309 2308 364 AUGUSTINI
2357 308 2689 364 EPISCOPI.
3810 316 3902 363 3m

2205 437 2396 487 tamen
2427 448 2571 503 quos
2587 432 2847 486 nondum
2874 431 2934 485 in
2954 431 3087 484 111115
3119 437 3535 496 numeraverat,
3561 436 3801 504 paulum
3825 435 3900 488 in-

2205 521 2554 591 dulgentior,
2590 521 2716 574 aliis
2762 521 2859 592 qui
2902 521 3327 590 transfugerant
3371 522 3444 574 ab
3491 523 3616 592 ejus
3664 524 3903 588 unitate,

2203 626 2400 680 poenas
2447 609 2733 664 indicebat
2781 610 2961 663 multo
3007 609 3293 678 graviores
3339 610 3540 678 (Epist.
3584 613 3673 675 93,
3707 628 3763 665 η.
3802 613 3904 678 '53).

2206 698 2345 750 Nam
2375 697 2444 752 ab
2476 697 2863 751 ecclesiasticis
2904 697 3214 751 honoribus
3255 698 3601 768 posteriores
3642 699 3786 752 istos
3820 716 3906 752 ex-

2203 784 2486 847 cludebat,
2520 785 2757 856 perinde
2804 802 2866 838 ac
2909 785 3010 856 qui
3057 787 3232 839 semel
3279 785 3538 840 abdicato
3579 787 3909 852 schismate,

2203 887 2399 925 rursus
2449 872 2516 925 ad
2559 872 2836 926 vomitum
2877 871 3108 937 reversi,
3142 873 3212 926 ab
3259 873 3502 927 Ecclesia
3544 874 3910 939 defecissent,

2201 959 2316 1012 sive
2348 960 2406 1012 111
2437 964 2659 1014 1011111111
2689 977 2719 1014 0
2766 960 2932 1030 plebe
2965 960 3208 1015 fuissent
3236 962 3384 1028 apud
3418 962 3760 1028 Donatistas,
3795 964 3912 1016 sive

2201 1046 2261 1100 in
2289 1064 2486 1101 eorum
2516 1049 2666 1102 clero
2698 1049 2886 1102 locum
2917 1049 3329 1103 obtinuissent:
3365 1067 3428 1103 ac
3455 1050 3503 1103 si
3535 1051 3662 1122 quis
3693 1051 3911 1120 episco-

2198 1152 2403 1206 porum
2435 1137 2563 1190 illos
2591 1143 2690 1191 aut
2726 1138 2795 1191 ab
2841 1137 3231 1192 ecclesiasticis
3260 1139 3636 1208 dignitatibus
3669 1156 3791 1193 non
3832 1156 3909 1193 re-

2199 1223 2486 1290 movisset,
2532 1224 2830 1278 autetiam
2874 1225 2944 1278 ad
2975 1241 3070 1277 eas
3099 1225 3408 1278 adsciscere
3453 1225 3754 1290 voluisset,
3799 1227 3906 1279 fra-

2200 1315 2363 1365 terno
2374 1312 2504 1382 jure
2522 1313 2857 1382 culpabatur
2880 1330 2913 1366 a
2937 1312 3394 1382 diligentioribus
3414 1314 3516 1382 (Dc
3534 1317 3694 1368 unico
3715 1317 3904 1382 Bapti-

2197 1414 2326 1467 smo,
2348 1417 2392 1453 c.
2432 1404 2515 1466 12,
2534 1417 2589 1454 n.
2610 1403 2699 1468 20)
2714 1441 2726 1454 .
2754 1404 2826 1454 At
2845 1407 3040 1454 contra
3060 1401 3350 1470 displicuit
3371 1401 3533 1455 valde
3556 1406 3902 1472 Augustino,

2199 1503 2261 1541 ac
2281 1504 2400 1558 111-10
2421 1489 2616 1543 dolore
2633 1493 2780 1543 torta
2800 1495 2934 1542 sunt
2953 1489 3164 1543 viscera
3184 1491 3325 1561 ejus,
3345 1491 3441 1544 ubi
3463 1490 3681 1544 audivit
3705 1509 3905 1561 quem-

2200 1578 2329 1631 dam
2359 1593 2392 1630 a
2423 1577 2726 1631 Donatistis
2757 1579 3111 1644 redeuntem,
3144 1583 3199 1632 et
3241 1584 3537 1648 peccatum
3578 1580 3908 1650 rebaptiza-

2195 1665 2370 1718 tionis
2414 1667 2801 1732 confitentem,
2829 1667 2899 1719 ab
2951 1667 3208 1720 Ecclesia:
3256 1667 3415 1721 aditu
3454 1684 3516 1720 ac
3563 1670 3908 1738 poenitentia

2196 1753 2369 1807 fuisse
2400 1771 2463 1808 ea
2500 1755 2685 1824 specie
2701 1755 3077 1824 prohibitum,
3107 1756 3258 1826 quod
3284 1756 3456 1826 recipi
3477 1756 3624 1810 forte
3649 1775 3770 1810 non
3799 1758 3904 1810 nisi

2196 1841 2388 1911 legum
2421 1848 2577 1896 metu
2607 1844 2962 1912 postulasset.
2995 1846 3152 1911 Puta,
3183 1845 3389 1915 inquit,
3423 1848 3556 1913 quia
3584 1853 3807 1900 coactus
3833 1851 3906 1899 est

2195 1945 2304 1984 esse
2351 1932 2662 1998 catholicus,
2709 1935 2812 1986 erit
2853 1933 3138 2001 pmnitens.
3172 1933 3302 1998 Quis
3349 1935 3504 1988 illum
3543 1937 3690 2002 cogit
3724 1941 3905 2004 petere

2193 2020 2646 2075 reconciliationis
2675 2022 2864 2086 locum,
2898 2021 3008 2075 nisi
3034 2023 3282 2076 voluntas
3302 2025 3530 2092 propria
3549 2026 3578 2076 ?
3600 2023 3763 2077 Modo
3784 2040 3909 2089 ergo

2193 2108 2546 2162 admittamus
2578 2109 2970 2179 inﬁrmitatem,
2985 2116 3046 2164 ut
3060 2117 3247 2179 postea
3263 2111 3546 2180 probemus
3568 2113 3907 2166 voluntatem

2194 2197 2382 2265 (Serm.
2425 2201 2550 2263 296,
2582 2213 2625 2252 0.
2670 2203 2750 2264 11,
2782 2215 2836 2252 n.
2875 2201 2974 2267 I2).
3007 2199 3346 2270 Quanquam
3375 2206 3566 2254 autem
3597 2205 3766 2254 erant
3802 2202 3905 2254 Do-

2192 2285 2530 2339 natistarum
2571 2287 2780 2352 clerici,
2816 2288 3024 2358 quibus
3054 2305 3359 2343 munerum
3400 2305 3636 2343 suorum
3674 2307 3781 2342 usu
3816 2289 3900 2342 in-

2192 2373 2598 2441 terdicebatur,
2649 2381 2900 2429 attamen
2953 2377 3160 2446 quibus
3209 2378 3307 2431 illa
3351 2378 3601 2432 obeundi
3647 2384 3901 2449 potestas

2191 2460 2387 2530 fiebat,
2423 2479 2538 2516 non
2570 2463 2650 2516 eis
2682 2480 2872 2518 coram
2905 2466 3070 2535 plebe
3100 2482 3305 2520 manus
3326 2466 3798 2538 imponebantur,
3834 2484 3899 2520 ne

2192 2548 2340 2604 istud
2372 2549 2430 2604 in
2461 2553 2869 2606 contumeliam
2898 2569 3070 2607 sacrae
3109 2555 3502 2624 ordinationis,
3541 2572 3676 2626 quae
3724 2557 3897 2610 deleri

2189 2635 2249 2690 in
2282 2638 2420 2708 ipsis
2457 2655 2754 2711 nunquam
2795 2647 3038 2711 poterat,
3071 2650 3406 2698 verteretur.
3443 2645 3502 2698 Si
3541 2646 3777 2715 quando
3817 2651 3897 2698 ta-

2190 2743 2323 2780 men
2354 2727 2689 2798 ignoranter
2718 2732 2908 2797 fiebat,
2945 2738 3011 2786 ut
3053 2749 3155 2786 nec
3193 2735 3452 2788 animose
3491 2734 3902 2788 defenderetur

2191 2816 2423 2882 factum,
2457 2818 2552 2871 sed
2591 2818 2682 2889 pie
2729 2820 3110 2890 corrigeretur
3149 2823 3466 2893 cognitum,
3508 2823 3678 2876 venia
3721 2823 3902 2877 facilis

2191 2905 2606 2974 impetrabatur
2635 2909 2850 2977 (Contra
2876 2911 3052 2977 Epist.
3072 2912 3443 2980 Parmeniani,
3475 2911 3639 2976 iib.2,
3663 2928 3790 2981 cap.
3819 2917 3900 2977 t3,

2190 3010 2245 3047 n.
2283 2997 2391 3060 28),
2425 3001 2593 3064 atque
2625 2996 2776 3050 idem
2809 3003 3085 3052 statutum
3132 2999 3192 3052 in
3225 3000 3586 3071 presbyteros
3611 3018 3679 3054 ac
3710 3003 3903 3055 diaco-

2191 3098 2294 3135 nos
2324 3099 2523 3136 omues
2556 3084 2870 3152 obtinebat,
2893 3103 3036 3157 quos
3065 3094 3391 3158 perpetrata
3418 3090 3665 3143 crimina
3695 3091 3908 3160 dignus

2191 3171 2291 3240 qui
2339 3172 2408 3225 de
2457 3173 2638 3242 gradu
2686 3191 2788 3228 suo
2842 3175 3244 3245 dejicerentur,
3277 3179 3600 3232 effecerant.
3636 3181 3910 3233 Testatur

2192 3275 2325 3312 sane
2357 3259 2554 3313 beatus
2587 3261 2826 3330 Optatus
2855 3251 3114 3318 sanctum
3143 3265 3388 3319 chrisma
3413 3266 3474 3320 in
3511 3267 3581 3320 iis
3611 3268 3721 3337 qui
3751 3272 3907 3338 apud

2195 3347 2510 3400 Donatistas
2539 3349 2636 3402 illo
2665 3350 2895 3421 ,1111111011
2942 3352 3200 3420 fuissent,
3242 3355 3312 3408 ab
3347 3355 3592 3408 Ecclesia
3621 3358 3911 3411 catholica

2190 3436 2596 3490 intemeratum
2654 3446 2825 3510 atque
2883 3440 3279 3512 incorruptum
3349 3443 3562 3496 servari
3613 3445 3906 3514 (Optatus,

2191 3525 2284 3578 lib.
2327 3529 2397 3594 7).
2435 3527 2551 3578 [m0
2582 3527 2681 3597 qui
2712 3529 2771 3581 in
2817 3529 3016 3584 eadem
3047 3529 3294 3584 factione
3323 3531 3602 3585 honorem
3649 3537 3908 3586 tantum-

2189 3614 2360 3668 modo
2407 3615 2748 3685 presbyterii
2783 3626 3096 3687 gesserant,
3146 3636 3563 3690 nonnunquam
3609 3623 3904 3690 provehe-

2187 3703 2398 3756 bantur
2426 3704 2497 3757 ad
2528 3706 2915 3775 episcopatum
2938 3723 2950 3760 :
2977 3708 3299 3777 cujusmodi
3327 3711 3655 3779 complures
3692 3711 3755 3763 111
3780 3713 3906 3766 Col-

2188 3791 2397 3844 latione
2430 3793 2878 3848 animadvertere
2912 3796 3057 3852 licet.
3095 3797 3160 3850 In
3191 3797 3277 3850 his
3301 3798 3654 3852 clarissimus
3682 3811 3773 3853 est
3807 3801 3904 3854 Sa-

2186 3878 2376 3947 binus,
2400 3879 2500 3950 qui
2523 3896 2652 3934 cum
2675 3883 2869 3936 Tucca:
2891 3883 2949 3937 in
2972 3883 3202 3938 dicecesi
3228 3886 3546 3940 Milevitana
3571 3888 3906 3958 presbyteri

2189 3983 2395 4020 munus
2425 3968 2628 4035 obiret,
2648 3971 2803 4039 plebi
2826 3989 2942 4026 suae
2973 3974 3042 4027 ad
3076 3974 3379 4028 Ecclesiam
3405 3975 3904 4048 adductze,ipsum

2187 4053 2303 4108 da.i
2370 4055 2480 4109 sibi
2530 4058 2865 4128 episcopum
2931 4061 3238 4130 expetenti,
3295 4079 3426 4115 cum
3492 4078 3560 4116 ea
3614 4064 3905 4134 dignitate

2186 4143 2486 4212 praefectus
2526 4150 2611 4198 est
2655 4146 2866 4215 (Collat.
2903 4149 3161 4216 Carthag.
3201 4153 3248 4216 1,
3278 4166 3404 4219 cap.
3450 4153 3590 4220 130).
3627 4152 3801 4215 Quod
3837 4154 3904 4207 ad

2185 4231 2354 4284 laicos
2380 4232 2601 4296 attinet,
2625 4235 2724 4304 qui
2757 4236 3026 4306 baptizati
3050 4255 3082 4291 a
3113 4239 3422 4294 Donatistis
3447 4240 3680 4296 fuerant
3714 4243 3908 4298 infan-

2183 4320 2319 4374 tiam
2366 4322 2622 4376 nondum
2671 4324 2903 4394 egressi,
2937 4343 3266 4381 concessum
3311 4329 3621 4400 aliquando
3655 4339 3807 4396 erat,
3847 4340 3907 4386 ut

2183 4409 2262 4462 eis
2308 4408 2503 4463 liceret
2549 4412 2721 4465 sacris
2769 4414 3063 4468 ordinibus
3103 4416 3317 4470 initiari
3358 4418 3574 4486 (Codice
3612 4421 3906 4476 Canonum

2179 4499 2385 4564 Afric.,
2417 4515 2535 4553 can.
2567 4503 2651 4568 57)
2689 4517 2701 4553 :
2736 4500 2794 4555 id
2826 4508 3018 4557 autem
3048 4521 3178 4559 cum
3209 4507 3438 4560 nonnisi
3465 4513 3712 4577 propter
3747 4528 3908 4565 sum-

2181 4602 2333 4640 mam
2362 4587 2699 4642 clericorum
2721 4591 3022 4659 penuriam
3051 4598 3325 4648 statutum
3352 4595 3567 4661 fuisset,
3586 4601 3908 4654 consultus

2180 4675 2484 4746 aliquando
2537 4693 2569 4730 a
2617 4678 2874 4733 Possidio
2903 4682 3258 4751 Augustinus
3301 4700 3438 4738 num
3479 4687 3814 4755 quemdam
3847 4690 3909 4742 in

2182 4764 2382 4818 Donati
2411 4765 2670 4834 partibus
2700 4767 3050 4838 baptizatum
3091 4771 3400 4837 ordinaret,
3449 4773 3500 4826 ei
3539 4774 3912 4845 significavit

2178 4851 2238 4905 id
2267 4869 2323 4906 se
2355 4869 2538 4924 neque
2569 4857 2882 4923 consulere,
2918 4874 3122 4926 neque,
3157 4860 3204 4912 si
3251 4860 3484 4932 quidem
3522 4871 3766 4934 cogeret
3802 4885 3910 4922 ne-

2178 4942 2424 5008 cessitas,
2471 4943 2853 5000 condemnare
2891 4947 3089 5016 (Epist.
3124 4951 3333 5015 245,11.
3367 4954 3440 5021 2).
3478 4956 3552 5005 De
3593 4953 3717 5007 ibis
3761 4973 3908 5026 por-

2179 5046 2263 5097 ro,
2291 5030 2391 5101 qui
2436 5047 2468 5084 a
2497 5032 2868 5088 scliismaticis
2903 5037 2972 5089 ob
3013 5037 3318 5092 admissam
3349 5040 3572 5110 culpam
3615 5045 3814 5112 gradu
3856 5053 3915 5101 et

2177 5118 2373 5172 ordine
2405 5121 2542 5174 moti
2583 5121 2842 5190 fuissent,
2872 5124 3252 5194 profitebatur
3279 5127 3348 5181 ab
3389 5129 3623 5183 ineunte
3666 5135 3913 5204 episco-

2175 5212 2314 5276 patu
2357 5224 2459 5262 suo
2508 5211 2874 5280 Augustinus,
2908 5229 2967 5267 se
3005 5213 3158 5268 hunc
3198 5232 3420 5272 servare
3452 5218 3718 5287 modum,
3758 5229 3832 5278 ut
3865 5229 3914 5279 si

2176 5297 2244 5349 ad
2279 5297 2614 5352 catholicam
2649 5301 2949 5355 Ecclesiam
2986 5303 3227 5358 transire
3264 5313 3553 5378 cuperent,
3591 5309 3654 5363 in
3685 5327 3764 5366 ea
3794 5313 3918 5374 hu,-

2174 5385 2489 5440 miliatione
2519 5389 2865 5457 paenitentiae
2895 5392 3306 5462 reciperentur.
3338 5395 3429 5449 cui
3459 5397 3588 5450 illos
3629 5398 3917 5458 fortassis

2174 5475 2483 5530 Donatista:
2513 5476 2623 5546 ipsi
2650 5484 2888 5549 propter
2914 5480 3272 5552 disciplinam
3298 5484 3701 5556 subjecissent,
3734 5490 3788 5544 si
3819 5510 3918 5547 re~

2171 5563 2477 5619 tinuissent
2497 5581 2699 5620 eorum
2720 5567 3083 5624 societatem:
3111 5578 3266 5626 ratus
3289 5573 3550 5628 videlicet
3579 5592 3916 5648 nunquam
