4008 6184
128 237 235 288 305

126 355 433 410 ferendum
470 370 612 419 esse,
645 357 714 409 ut
740 355 1047 427 quisquam
1073 354 1310 427 impune
1344 356 1405 411 in
1451 358 1623 414 aliam
1653 360 1840 415 Eccle-

129 446 266 500 siam
311 461 381 498 ex
431 444 545 499 alia
572 445 938 515 commigret,
971 444 1289 516 disciplinae
1332 447 1692 503 severitatem
1720 450 1839 504 elu-

137 548 286 586 surus
314 531 532 601 (Epist.
567 534 655 597 35,
679 548 735 585 η.
777 534 853 601 3).
904 534 951 586 Α
984 548 1120 587 vero
1174 534 1511 604 neutiquam
1549 536 1838 605 abhorret,

137 621 291 674 talem
318 619 503 673 fuisse
534 635 669 672 enm
701 619 772 673 de
800 636 913 691 quo
944 620 1004 673 in
1018 621 1307 675 Psalmum
1328 622 1688 693 trigesimum
1715 605 1838 679 sex-

139 716 245 762 tum
269 707 471 761 verbis
503 707 577 761 ad
607 709 1025 778 permovendos
1051 708 1281 780 pietatis
1308 727 1507 765 sensus
1530 712 1839 769 admodum

141 796 403 868 appositis
430 796 722 868 loquitur.
764 798 1017 866 Quidam,
1061 798 1140 852 ait
1177 800 1287 865 ille,
1327 816 1395 853 ea:
1432 805 1599 870 parte
1642 805 1842 857 Donati

142 890 333 939 reserat
367 885 449 938 ad
479 901 599 951 nos,
632 892 920 941 accusatus
941 891 992 940 et
1017 889 1509 943 emcommunicatus
1538 906 1572 943 a
1596 892 1731 955 suis,
1756 892 1841 945 hic

134 990 360 1043 quarens
391 974 543 1044 quod
580 975 662 1028 ibi
676 975 1018 1044 perdiderat.
1040 975 1148 1032 Sed
1194 979 1327 1045 quia
1355 980 1564 1047 suscipi
1598 995 1703 1034 non
1737 995 1838 1050 po-

128 1066 240 1127 tuit,
272 1066 400 1117 nisi
436 1079 499 1118 eo
538 1065 648 1118 loco
682 1079 786 1133 quo
824 1065 1040 1127 debuit;
1071 1080 1179 1119 non
1225 1067 1367 1119 enim
1407 1065 1645 1121 deseruit
1685 1067 1840 1121 illam

118 1158 327 1221 partem
371 1155 545 1221 quasi
566 1156 777 1221 integer
799 1154 951 1223 apud
977 1156 1144 1224 ipsos,
1177 1159 1238 1210 ut
1264 1161 1554 1225 appareret
1578 1171 1698 1210 eum
1733 1170 1840 1210 non

122 1243 467 1309 necessitate,
502 1242 600 1296 sed
635 1242 885 1297 electione
927 1244 1145 1310 fecisse:
1174 1246 1309 1313 quia
1353 1244 1434 1297 ibi
1466 1259 1590 1311 ergo
1647 1244 1840 1299 habere

119 1348 218 1385 non
230 1332 425 1401 potuit
458 1330 607 1400 quod
638 1331 930 1399 quaerebat,
980 1331 1255 1401 quaerebat
1288 1336 1467 1386 autem
1504 1348 1703 1387 vanam
1727 1333 1837 1386 ela-

126 1422 314 1473 tionem
344 1423 404 1473 et
428 1420 643 1485 falsum
672 1419 920 1473 honorem
946 1419 1180 1489 (quibus
1222 1419 1411 1473 verbis
1456 1420 1612 1474 aliud
1663 1419 1839 1491 quid-

119 1509 269 1572 dam,
300 1524 492 1578 quam
521 1507 763 1578 simplex
799 1508 1129 1562 communio
1169 1506 1524 1578 designatur)
1553 1525 1566 1574 ;
1616 1514 1667 1564 et
1705 1511 1837 1578 quia

118 1598 198 1650 hic
226 1611 339 1651 non
364 1599 580 1651 invenit
598 1597 745 1665 quod
764 1596 842 1651 ibi
865 1596 1132 1666 perdidit,
1152 1601 1204 1651 et
1228 1598 1345 1666 ipse
1367 1599 1555 1665 periit.
1590 1597 1841 1653 Gemebat

114 1686 356 1751 saueius,
387 1689 440 1739 et
467 1700 577 1739 non
605 1684 1019 1739 consolabatur:
1069 1690 1226 1739 erant
1252 1688 1391 1739 enim
1420 1688 1478 1739 in
1516 1688 1839 1740 conscientia

114 1775 221 1840 ejus
250 1773 441 1828 deidei
489 1773 775 1829 horribiles
820 1775 995 1828 taciti.
1039 1776 1385 1829 Tentavimus
1415 1776 1683 1828 consolari
1722 1790 1841 1829 eum

112 1863 173 1915 de
196 1862 368 1917 verba
388 1865 523 1926 Dei;
560 1863 656 1917 sed
679 1864 771 1917 ille
808 1878 914 1916 non
942 1867 1061 1916 erat
1084 1862 1150 1916 de
1190 1864 1529 1932 sapientibus
1571 1866 1837 1932 formicis,

114 1967 231 2021 qua
259 1952 381 2005 sibi
406 1955 598 2005 aestate
639 1951 990 2019 collegerunt,
1038 1951 1182 2005 unde
1221 1951 1391 2005 hieme
1443 1954 1651 2006 vivant.
1711 1954 1849 2009 Cum

108 2042 246 2093 enim
276 2054 374 2094 res
399 2043 530 2094 sunt
559 2040 892 2109 tranquillae,
933 2044 1060 2093 tunc
1091 2040 1243 2093 homo
1279 2039 1388 2094 sibi
1417 2042 1664 2109 colligere
1691 2041 1843 2095 debet

109 2128 334 2182 verbum
371 2130 493 2194 Dei,
522 2131 574 2181 et
600 2128 882 2181 recondere
908 2129 967 2181 in
995 2129 1214 2182 intimis
1236 2128 1418 2182 cordis
1448 2132 1556 2197 sui,
1590 2130 1842 2198 quemad-

107 2216 329 2270 modum
357 2216 598 2280 formica
618 2214 899 2269 abscondit
926 2217 986 2268 in
1014 2218 1329 2271 cavernosis
1352 2217 1726 2285 penetralibus
1754 2218 1836 2271 la-

109 2304 257 2359 bores
285 2304 531 2357 zstatis.
559 2303 665 2356 Per
709 2306 949 2357 zstatem
993 2306 1135 2357 enim
1167 2307 1329 2358 vacat
1372 2304 1469 2359 hoc
1510 2320 1704 2372 agere:
1747 2321 1836 2359 ve-

107 2396 188 2445 nit
223 2397 424 2447 autem
447 2392 636 2456 hiems,
668 2389 730 2443 id
748 2395 845 2456 est,
880 2392 1188 2460 supervenit
1209 2392 1525 2457 tribulatio;
1557 2398 1608 2448 et
1636 2395 1748 2447 nisi
1765 2395 1841 2447 in-

112 2488 195 2535 tus
235 2482 525 2535 invenerit
552 2480 699 2549 quod
725 2479 870 2545 edat,
899 2495 1103 2535 necesse
1136 2484 1216 2535 est
1243 2485 1303 2535 ut
1347 2483 1494 2549 fame
1539 2482 1836 2553 dispereat.

113 2573 211 2624 Iste
258 2584 404 2636 ergo
455 2568 568 2623 sibi
608 2583 715 2622 non
763 2569 1050 2637 collegerat
1089 2569 1310 2623 verbum
1357 2572 1490 2634 Dei;
1534 2573 1843 2638 supervenit

115 2659 309 2724 hiems,
364 2672 475 2713 non
513 2657 601 2711 hic
631 2659 840 2711 invenit
885 2656 1031 2726 quod
1075 2658 1384 2726 quaerebat;
1432 2660 1698 2713 consolari
1732 2661 1842 2714 nisi

108 2748 226 2801 inde
257 2762 385 2802 non
410 2750 654 2816 poterat,
680 2747 747 2800 de
772 2745 931 2800 uerbo
958 2750 1136 2800 autem
1172 2749 1266 2801 Dei
1291 2749 1438 2801 nullo
1480 2748 1656 2802 modo.
1688 2750 1842 2802 Intus

111 2836 261 2905 (muti
281 2851 350 2890 se
366 2835 518 2889 nihil
546 2834 796 2901 habebat,
829 2835 968 2901 foris
998 2835 1145 2903 quod
1167 2835 1439 2903 quaerebat
1465 2850 1571 2890 non
1602 2833 1841 2889 invenie-

109 2925 226 2992 bat;
263 2925 515 2978 ardebat
542 2923 988 2992 indignationum
1016 2935 1065 2977 et
1093 2924 1338 2978 dolorum
1366 2924 1582 2989 facibus
1606 2940 1620 2989 ;
1650 2926 1841 2992 agita-

107 3013 268 3067 batur
303 3027 466 3066 mens
495 3012 615 3080 ejus
634 3012 923 3077 violenter,
953 3015 1003 3065 et
1024 3015 1135 3066 tam
1163 3012 1261 3065 diu
1279 3012 1476 3066 occulte
1494 3012 1657 3066 donec
1677 3014 1841 3066 etiam

104 3104 431 3171 erumperet
458 3101 516 3153 in
549 3099 811 3168 quosdam
827 3102 1077 3167 gemitus,
1100 3102 1182 3155 ita
1202 3104 1263 3154 ut
1289 3103 1432 3155 inter
1458 3101 1664 3166 fratres
1692 3114 1843 3154 sona-

113 3196 206 3256 ret,
242 3196 304 3246 et
337 3205 395 3244 se
425 3188 619 3242 audiri
646 3190 893 3242 nesciret.
950 3188 1298 3255 Videbamus,
1330 3194 1381 3244 et
1410 3189 1718 3243 dolebamus
1744 3204 1840 3242 ve-

112 3281 421 3344 hementer,
459 3280 598 3332 Deus
629 3279 730 3331 scit
760 3280 971 3332 tantam
995 3292 1211 3347 poenam
1255 3279 1467 3346 anime,
1502 3281 1685 3332 tantas
1715 3292 1839 3331 cru-

109 3386 210 3433 eis,
237 3372 447 3422 tantas
481 3366 775 3435 gehennas,
812 3369 964 3419 tanta
1012 3370 1293 3421 tormenta.
1342 3365 1488 3432 Quid
1540 3365 1790 3434 pluribus
1813 3365 1842 3420 ?

109 3457 414 3525 impatiens
448 3454 553 3508 loci
576 3454 821 3521 humilis,
850 3456 958 3521 cui,
985 3455 1036 3507 si
1062 3457 1292 3523 saperet,
1319 3457 1500 3523 posset
1546 3468 1656 3508 esse
1696 3454 1840 3508 locus

107 3545 387 3607 salubris,
407 3543 540 3597 talis
569 3543 855 3611 apparuit,
888 3546 949 3595 ut
968 3544 1131 3596 etiam
1156 3542 1510 3610 projiceretur
1537 3540 1758 3611 (Enarr.
1782 3543 1842 3594 in

111 3635 253 3688 Psal.
302 3647 498 3697 xxxvr,
531 3646 691 3685 serm.
724 3632 778 3697 2,
799 3646 856 3684 n.
903 3634 921 3684 l
940 3630 1009 3702 t).
1029 3629 1264 3684 Videtur
1291 3634 1484 3684 tamen
1509 3630 1674 3685 fateri
1717 3632 1841 3684 Au—

111 3721 417 3791 gustinus,
435 3719 767 3790 quemdam,
789 3718 1248 3785 Quodvultdeum
1269 3718 1525 3782 nomine,
1541 3734 1712 3788 quem
1734 3720 1839 3772 Do-

114 3808 355 3864 natista
387 3807 556 3879 quasi
586 3806 833 3878 duplicis
858 3806 1129 3862 adulterii
1150 3806 1472 3862 convictum
1495 3807 1838 3877 abjecerant,

116 3899 202 3951 vel
236 3896 318 3951 ad
350 3894 846 3958 communionem,
894 3896 983 3949 vel
1019 3895 1089 3950 ad
1138 3894 1457 3950 clericalem
1500 3895 1842 3966 dignitatem

115 3989 430 4058 receptum
458 3983 636 4038 fuisse
662 4000 676 4037 :
699 3999 898 4037 verum
945 3983 1001 4038 id
1033 4000 1147 4038 non
1173 3983 1333 4055 prius
1376 3984 1610 4046 factum,
1666 3999 1841 4053 quam

116 4072 529 4129 innocentiam
562 4088 727 4126 suam
764 4071 1019 4141 legitime
1047 4071 1402 4142 probavisset
1426 4072 1645 4143 (Contra
1672 4073 1837 4128 Litte-

113 4180 201 4219 ras
233 4164 532 4230 Petiliani,
567 4161 669 4216 lib.
709 4164 759 4224 3,
792 4178 838 4216 c.
870 4164 960 4230 32,
989 4177 1049 4227 n,
1084 4164 1207 4227 37);

184 4255 244 4308 4.
280 4253 357 4308 Ut
400 4250 476 4305 ad
527 4249 973 4322 Carthaginense
1016 4248 1319 4304 concilium
1362 4249 1681 4309 redeamus.
1725 4253 1840 4304 sta-

122 4340 263 4395 tutis
291 4340 368 4395 iis
400 4355 535 4410 quas
580 4338 652 4392 ad
682 4338 1003 4393 Donatistas
1031 4337 1414 4409 pertinebant,
1462 4338 1739 4392 nonnulla
1782 4337 1843 4392 in

124 4449 190 4483 eo
221 4428 561 4498 disciplina
605 4442 775 4482 causa
815 4427 1044 4482 decreta
1069 4430 1221 4480 sunt.
1262 4427 1416 4481 Inter
1460 4430 1666 4480 caetera
1708 4425 1845 4498 quia

127 4534 230 4572 usu
264 4518 426 4572 forte
455 4521 755 4585 receptum
788 4520 911 4570 erat
934 4514 1086 4586 apud
1120 4515 1305 4581 Afros,
1356 4518 1421 4568 ut
1473 4514 1696 4584 quoties
1743 4517 1842 4570 Ec-

127 4605 306 4659 clesia
340 4602 639 4674 quepiam
680 4605 926 4669 vacaret,
980 4618 1042 4656 ea
1089 4605 1242 4656 certo
1289 4600 1515 4656 cuidam
1573 4601 1843 4673 episcopo

130 4692 625 4757 committeretur,
681 4691 750 4745 de
806 4689 1166 4762 temporariis
1215 4689 1545 4760 hujusmodi
1566 4690 1846 4761 episcopis

135 4781 413 4839 nonnihil
444 4784 745 4835 statutum.
778 4780 943 4834 Tales
967 4783 1159 4833 autem
1177 4779 1591 4833 Interventores
1619 4778 1737 4833 sive
1764 4780 1848 4833 In-

124 4880 481 4926 tercessores
522 4868 887 4923 vocitabant:
913 4870 1210 4937 exstatque
1253 4867 1404 4937 apud
1462 4868 1844 4938 Augustinum

122 4959 573 5016 Donatistarum
596 4956 938 5023 criminatio,
970 4971 1085 5027 qua
1100 4953 1252 5009 necis
1280 4953 1453 5009 illata
1482 4952 1709 5008 cuidam
1746 4954 1844 5007 In-

118 5044 480 5110 terventori,
512 5059 689 5115 quem
716 5048 839 5098 tum
870 5041 1147 5114 Majorino
1164 5041 1423 5096 nondum
1446 5042 1713 5096 adversus
1733 5041 1849 5096 Cae-

126 5135 411 5188 cilianum
456 5131 725 5187 ordinato
754 5131 1154 5202 Carthaginem
1178 5130 1471 5191 miserant,
1502 5129 1849 5184 orthodoxos

127 5222 655 5277 calumniabantur
700 5220 898 5291 (Epist.
947 5223 1037 5287 44,
1086 5236 1131 5275 c.
1176 5221 1232 5286 4,
1281 5234 1338 5273 n.
1394 5218 1465 5283 8).
1512 5217 1850 5289 Hujusmodi

129 5326 376 5382 quoque
406 5311 832 5364 Interventores
870 5307 1233 5373 adventitios,
1282 5310 1346 5361 ut
1391 5311 1553 5361 vocat
1578 5306 1846 5378 Augusti-

126 5416 257 5464 nus,
300 5398 390 5453 illi
422 5400 672 5455 Romam
701 5398 773 5453 ad
819 5414 951 5452 suos
993 5399 1299 5451 sectatores
1334 5395 1658 5461 mittebant,
1690 5400 1848 5450 ante-

117 5504 300 5559 quam
322 5486 595 5560 proprios
620 5486 736 5541 illis
764 5486 1058 5558 episcopos
1107 5484 1376 5540 ordinare
1416 5484 1721 5554 cmpissent
1754 5483 1848 5554 (De

1603 237 1818 295 LIBER
1858 238 2187 306 QUINTUS.

3546 252 3648 304 306

1953 363 2117 417 Unico
2137 364 2435 433 Baptismo,
2462 378 2508 417 c.
2540 365 2626 429 16,
2655 379 2710 418 n.
2728 364 2839 428 28).
2871 364 3140 420 Prohibet
3156 381 3292 437 ergo
3321 366 3646 434 concilium,

1948 466 2020 505 ne
2050 450 2178 522 quis
2198 451 2321 521 ejus
2348 450 2608 505 Ecclesiae
2630 451 2702 506 sit
2729 453 3047 524 episcopus,
3081 469 3254 524 quam
3281 454 3443 524 prius
3472 457 3648 511 Inter-

1947 539 2200 594 ventoris
2230 538 2395 594 titulo
2417 539 2626 594 rexerit
2649 557 2662 594 :
2695 541 2797 611 qui
2825 541 2872 595 si
2902 540 3226 613 nequiverit
3250 542 3473 596 efﬁcere
3501 544 3653 600 intra

1948 644 2188 687 annum.
2221 632 2284 681 ut
2313 629 2513 682 electio
2554 629 2807 699 episcopi
2851 635 3244 701 perageretur,
3282 631 3447 701 jubet
3476 631 3651 687 alium

1946 716 2396 770 Interventorem
2431 721 2629 771 exacto
2659 733 2810 771 anno
2843 717 2903 771 in
2933 717 3085 771 illius
3124 719 3311 773 locum
3355 719 3651 789 subrogari

1947 802 2156 873 (Codice
2177 806 2452 861 Canonum
2481 806 2688 874 Afric.,
2719 820 2823 859 can
2876 806 2990 875 74).
3025 797 3147 860 Ηοό
3163 806 3317 861 idem
3346 806 3652 863 concilium

1948 892 2215 958 decrevit,
2249 896 2312 946 ut
2341 892 2561 946 clericis
2599 893 2667 947 ab
2699 893 2942 947 Ecclesia
2978 898 3215 963 prOpter
3256 894 3492 965 aliquod
3539 897 3651 950 cri-

1946 995 2079 1034 men
2137 981 2433 1051 separatis,
2490 997 2675 1035 annus
2721 981 2791 1035 ad
2846 981 3199 1052 probandam
3262 980 3650 1036 innocentiam

1946 1068 2388 1136 concederetur;
2432 1084 2547 1139 quo
2601 1070 2792 1139 elapso
2842 1069 3031 1123 omnis
3082 1069 3170 1137 sui
3208 1069 3492 1140 purgandi
3537 1070 3651 1124 illis

1947 1156 2300 1211 adimeretur
2327 1157 2566 1211 facultas
2599 1156 2787 1225 (Ibid.,
2819 1174 2939 1213 can.
2970 1161 3084 1224 '79).
3134 1158 3306 1227 Cujus
3345 1156 3556 1211 decreti
3591 1157 3650 1210 in

1947 1244 2209 1315 epistola,
2236 1245 2305 1298 de
2333 1261 2443 1316 qua
2474 1244 2636 1299 nobis
2680 1245 2797 1315 jam
2833 1247 2956 1316 jam
3000 1245 3302 1299 dicendum
3350 1246 3478 1312 erit,
3527 1260 3648 1299 mc-

1946 1334 2117 1389 minit
2143 1333 2494 1405 Augustinus
2532 1336 2729 1403 (Epist.
2763 1339 2851 1401 65,
2884 1352 2940 1389 n.
2973 1335 3050 1406 ‘2).
3103 1335 3446 1406 Sequentem
3478 1334 3653 1389 etiam

1945 1438 2224 1477 canonem
2255 1423 2428 1477 citare
2459 1422 2702 1489 videtur,
2737 1438 2911 1492 quem
2943 1422 3001 1475 in
3035 1422 3233 1477 ultima
3262 1422 3482 1493 synodo
3512 1439 3651 1477 con—

1947 1511 2213 1565 stitutum
2242 1511 2462 1576 asserit,
2494 1516 2561 1565 ut
2589 1511 2688 1580 qui
2717 1511 2786 1564 de
2831 1510 3028 1581 aliquo
3075 1511 3423 1565 monasterio
3470 1526 3650 1564 reces-

1945 1599 2144 1654 sissent
2184 1604 2281 1654 aut
2311 1599 2477 1670 ejecti
2528 1599 2791 1667 fuissent,
2838 1615 2934 1652 eos
2977 1614 3166 1669 neque
3210 1599 3280 1654 ad
3334 1598 3650 1653 clericalem

1945 1689 2208 1743 ordinem
2240 1688 2297 1742 in
2325 1688 2436 1742 alia
2477 1688 2741 1749 Ecclesia,
2777 1703 2965 1757 neque
3012 1688 3080 1742 ad
3116 1688 3448 1742 monasterii
3477 1687 3653 1742 ultius

1946 1776 2502 1831 administrationem
2551 1776 2877 1847 promoveri
2906 1777 2991 1830 fas
3039 1780 3186 1830 esset
3226 1777 3437 1847 (Codice
3480 1778 3650 1833 Cano-

1944 1882 2072 1921 num
2102 1868 2311 1934 Afric.,
2342 1881 2462 1920 can.
2497 1864 2607 1935 80).
2636 1865 2802 1918 Illum
2834 1880 3065 1934 quoque
3085 1864 3406 1918 subindicat
3436 1864 3494 1918 in
3517 1881 3655 1935 qua-

1943 1955 2075 2009 dam
2100 1954 2172 2009 ad
2202 1953 2496 2008 Aurelium
2540 1951 2801 2022 epistola,
2843 1956 2897 2005 ct
2941 1953 3013 2005 ad
3063 1968 3195 2006 eum
3234 1952 3650 2006 observandum

1943 2043 2291 2097 cohortatur.
2327 2041 2580 2097 Coenobii
2611 2041 2671 2095 in
2718 2041 2906 2094 aliena
2934 2040 3162 2095 dioecesi
3200 2041 3494 2095 constituti
3525 2057 3649 2095 mo-

1943 2133 2154 2186 nachos
2209 2131 2457 2203 synodus
2502 2129 2815 2184 universim
2877 2129 3338 2199 comprehendit,
3405 2146 3650 2200 cumque

1945 2219 2299 2290 episcopum,
2351 2235 2384 2272 a
2424 2233 2537 2288 quo
2575 2217 2790 2271 fuerint
2830 2218 3106 2288 promoti,
3155 2218 3226 2271 ab
3273 2218 3529 2271 omnium
3585 2217 3652 2286 (si

1943 2307 2234 2380 propriam
2264 2307 2492 2378 plebem
2522 2306 2793 2377 excipias)
2817 2306 3221 2360 communione
3246 2310 3490 2376 separat.
3522 2305 3653 2376 Agi-

1945 2401 2063 2452 tata
2087 2395 2195 2451 fuit
2223 2395 2410 2450 hocin
2436 2394 2676 2450 concilio
2698 2395 2983 2450 Cresconii
3002 2393 3454 2463 Villa-Regensis
3483 2409 3653 2448 causa

1946 2485 2132 2555 (Ibid.,
2155 2500 2275 2540 can.
2295 2483 2384 2552 ‘77)
2406 2500 2419 2538 :
2443 2499 2667 2537 necnon
2687 2483 2967 2553 etEqnitii
2995 2483 3652 2554 Hippo-Diarrhytorum

1946 2573 2197 2645 episcopi
2231 2573 2409 2643 (ibid.,
2441 2588 2563 2628 can.
2593 2572 2684 2643 78)
2714 2589 2728 2638 ;
2765 2572 2864 2642 qui
2912 2572 3049 2643 quid
3099 2572 3517 2643 perpetraverit
3562 2571 3646 2625 in.

1944 2666 2305 2733 compertum
2354 2666 2458 2716 est.
2507 2662 2621 2715 Hoc
2672 2664 2900 2714 tantum
2945 2660 3305 2730 exploratum
3352 2660 3651 2727 habemus,

1945 2767 2073 2805 cum
2100 2752 2220 2820 jam
2264 2749 2490 2820 pridem
2531 2749 2934 2819 episcoporum
2986 2748 3271 2803 sententia
3318 2748 3652 2803 damnatum

1947 2840 2021 2893 ob
2050 2840 2281 2904 scelera,
2312 2853 2429 2893 non
2454 2837 2624 2891 modo
2653 2837 2906 2902 illorum,
2937 2840 3001 2889 ut
3041 2852 3146 2906 par
3194 2840 3336 2900 erat,
3384 2852 3503 2889 non
3549 2853 3651 2907 pa-

1946 2927 2125 2981 ruisse
2159 2925 2400 2997 judicio,
2433 2941 2631 2979 verum
2669 2923 2842 2977 etiam
2904 2922 3148 2993 inquieti
3190 2922 3369 2976 animi
3421 2922 3555 2976 vitio
3598 2927 3656 2977 et

1944 3013 2305 3085 impudentia
2336 3012 2636 3068 Ecclesiam
2685 3011 3125 3082 perturbavisse.
3158 3012 3295 3075 Quae
3325 3026 3493 3065 causa
3523 3010 3648 3078 fuit,

1947 3120 2048 3159 cur
2088 3102 2396 3158 concilium
2442 3102 2514 3157 ad
2553 3100 2837 3155 decimum
2889 3105 3113 3154 sextum
3162 3100 3440 3154 kalendas
3479 3099 3654 3170 julias

1947 3192 2084 3246 anni
2120 3188 2677 3263 quadringentesimi
2719 3187 2892 3259 primi
2934 3192 3190 3242 coactum
3242 3187 3463 3258 legatis,
3508 3202 3652 3258 quos

1947 3281 2015 3335 ad
2068 3282 2483 3351 Imperatorem
2527 3276 2869 3344 destinabat,
2916 3277 3236 3343 mandaret,
3280 3281 3363 3343 ut,
3409 3275 3458 3329 si
3503 3276 3652 3330 forte

1947 3369 2236 3441 Equitium
2267 3368 2432 3423 illum
2474 3367 2534 3421 in
2580 3367 2741 3422 Italia
2771 3366 3136 3437 reperissent,
3179 3364 3336 3419 omni
3377 3363 3524 3434 juris
3562 3364 3652 3418 via

1947 3459 2214 3513 adversus
2246 3458 2435 3527 ipsum
2467 3460 2701 3527 agerent
2737 3454 2918 3524 (Ibid,
2951 3470 3070 3509 can.
3105 3453 3215 3524 65).
3250 3454 3375 3507 Non
3417 3453 3654 3507 deerant

1945 3544 2004 3599 in
2035 3544 2158 3614 ejus
2184 3543 2346 3607 urbe,
2380 3541 2481 3611 qui
2506 3556 2692 3595 causae
2726 3540 2905 3611 ipsius
2938 3540 3066 3610 plus
3107 3538 3289 3592 nimio
3338 3538 3650 3601 studerent,

1947 3633 2184 3703 ejusque
2209 3646 2242 3684 a
2263 3630 2399 3700 fuga
2420 3628 2674 3684 reditum
2696 3628 3162 3699 praestolarentur
3189 3641 3351 3680 :cum
3380 3625 3501 3695 ejus
3524 3640 3656 3679 con-

1945 3725 2033 3776 tra
2063 3721 2160 3775 alii
2190 3720 2258 3775 ab
2284 3719 2407 3774 istis
2437 3718 2778 3774 dissidentes
2805 3717 3133 3772 abdicarent
3152 3714 3614 3771 communionem
3639 3731 3651 3768 :

1948 3815 2004 3865 et
2029 3810 2087 3865 hi
2119 3808 2358 3880 quidem
2398 3808 2549 3862 aedes
2599 3808 2713 3862 Deo
2759 3822 2945 3860 sacras
2984 3804 3274 3871 tenebant,
3320 3818 3386 3857 ac
3432 3802 3654 3873 episco-

1945 3914 2085 3970 pum
2114 3897 2303 3952 adhuc
2333 3897 2556 3951 nullum
2583 3900 2937 3966 acceperant.
2972 3894 3113 3950 Cum
3145 3892 3324 3964 igitur
3354 3891 3656 3946 Ecclesiam

1946 3987 2104 4042 illam
2150 4003 2266 4040 non
2312 3988 2543 4056 putaret
2587 3984 2893 4040 concilium
2942 3982 3227 4037 desertam
3275 3980 3488 4035 diutius
3536 3995 3657 4034 esse

1946 4074 2404 4146 relinquendam,
2437 4072 2734 4143 episcopos
2766 4070 2993 4142 viginti,
3037 4074 3095 4125 et
3123 4069 3183 4123 in
3230 4069 3320 4122 his
3362 4068 3653 4139 Alypium,

1945 4161 2332 4234 Augustinum
2358 4165 2529 4232 atque
2563 4159 2838 4215 Evodium
2878 4157 3097 4228 selegit,
3140 4156 3239 4227 qui
3271 4171 3393 4210 sese
3422 4172 3489 4210 eo
3520 4171 3653 4209 con-

1947 4252 2213 4317 ferentes,
2259 4249 2589 4321 episcopum
2636 4247 2931 4302 communi
2965 4246 3249 4300 universae
3300 4243 3486 4314 plebis
3521 4259 3655 4298 con-

1948 4355 2139 4405 sensu,
2183 4338 2232 4392 si
2280 4341 2475 4392 tamen
2506 4335 2718 4407 Equitii
2763 4336 3019 4391 fautores
3044 4333 3117 4388 ad
3153 4331 3466 4386 ineundam
3522 4348 3652 4385 cum

1949 4427 2076 4482 aliis
2124 4426 2450 4481 societatem
2500 4424 2696 4479 liceret
2760 4423 3061 4488 adducere,
3122 4419 3523 4475 instituerent:
3570 4420 3657 4474 sin

1958 4516 2176 4581 minus,
2200 4515 2403 4570 darent
2422 4529 2678 4585 operam,
2720 4529 2792 4567 ne
2822 4527 2995 4583 quam
3042 4509 3137 4565 isti
3181 4524 3399 4564 moram
3442 4508 3659 4578 episco-

1949 4603 2066 4675 pali
2096 4601 2361 4657 electioni
2386 4601 2673 4656 afferrent.
2707 4599 3062 4670 Augustinus
3093 4597 3368 4652 continuo
3397 4600 3528 4667 post
3562 4596 3657 4650 ab-

1951 4693 2197 4746 solutam
2225 4690 2383 4744 illam
2409 4688 2695 4759 synodum
2725 4686 2997 4751 scribens,
3043 4684 3294 4739 afﬁrmat
3324 4684 3653 4754 episcopum

1952 4777 2403 4848 Vigesilitanum,
2437 4781 2535 4830 aut
2561 4779 2713 4830 certe
2756 4775 2830 4829 ad
2857 4774 3021 4845 cujus
3063 4772 3352 4828 dioecesim
3398 4771 3652 4842 pertine-

1950 4866 2048 4921 bat
2073 4865 2446 4937 Vigesilitana
2477 4862 2739 4929 Ecclesia,
2771 4861 2831 4916 in
2866 4862 3124 4933 plenario
3164 4861 3367 4917 Africae
3408 4860 3651 4916 concilio

1952 4955 2022 5009 de
2076 4954 2255 5024 gradu
2306 4952 2480 5007 fuisse
2532 4951 2838 5022 dejectum,
2886 4956 3058 5022 atque
3108 4951 3256 5005 hanc
3302 4949 3375 5004 ob
3426 4963 3655 5003 causam

1943 5042 2207 5114 ejusdem
2253 5040 2362 5095 loci
2407 5040 2710 5112 populum,
2760 5039 2808 5093 si
2860 5038 3027 5094 illum
3070 5038 3325 5110 recipere
3381 5036 3651 5101 noluerit,

1949 5130 2128 5201 probe
2165 5129 2472 5193 facturum,
2507 5143 2692 5199 neque
2747 5128 2817 5184 ad
2860 5128 2915 5183 id
2956 5128 3045 5183 vel
3087 5143 3255 5199 posse
3301 5126 3391 5181 vel
3438 5124 3644 5181 debere

1954 5219 2024 5274 ab
2068 5218 2183 5271 ullo
2222 5218 2385 5287 cogi:
2440 5223 2824 5272 memoratum
2872 5233 3004 5272 vero
3041 5217 3392 5287 episcopum,
3443 5213 3490 5267 si
3539 5226 3648 5284 po-

1952 5305 2148 5361 tentia:
2176 5304 2462 5360 saecularis
2492 5309 2729 5373 terrore,
2759 5306 2911 5378 quod
2950 5305 3184 5377 quidem
3213 5302 3434 5357 videtur
3478 5298 3654 5355 fuisse

1951 5393 2225 5459 minatus,
2254 5394 2324 5448 ad
2354 5409 2478 5448 eam
2511 5409 2629 5449 rem
2671 5394 2861 5465 ipsum
2890 5393 3120 5463 adigere
3155 5393 3422 5456 tentaret,
3468 5388 3655 5460 qualis

1957 5482 2131 5538 modo
2170 5481 2267 5552 sit,
2296 5487 2352 5537 et
2388 5484 2573 5554 qualis
2619 5487 2749 5538 ante
2796 5481 2968 5538 fuerit
3019 5478 3247 5550 quando
3287 5477 3356 5532 de
3394 5491 3455 5532 se
3510 5475 3656 5533 nihil
