4008 6184
373 244 470 296 307
491 258 494 262 ’

372 363 511 418 mali
537 361 692 416 credi
720 359 961 425 volebat,
993 361 1375 411 ostensurum.
1417 357 1608 412 Nullus
1652 359 1810 417 enim,
1861 352 2068 424 inquit,

369 455 448 507 sic
471 451 729 521 proditur
756 449 968 518 qualem
1007 461 1228 500 causam
1251 445 1518 513 habuerit,
1555 460 1718 513 quam
1740 445 1830 497 ille
1857 443 1954 512 qui
1976 456 2077 510 per

369 541 649 595 saculares
687 540 999 606 potestates,
1032 536 1115 589 vel
1163 534 1434 603 quaslibet
1465 534 1767 599 violentias,
1797 547 1916 585 cum
1949 545 2073 599 per-

371 630 674 684 turbatione
700 631 750 680 et
790 626 1009 694 querela
1050 628 1279 677 conatur
1323 624 1559 691 recipere
1599 622 1868 677 honorem,
1921 632 2075 686 quem

367 716 632 786 perdidit.
681 716 801 770 Non
847 713 962 766 vult
1011 713 1153 764 enim
1202 710 1401 763 volenti
1447 711 1662 764 Christo
1711 708 1931 770 servire,
1984 705 2078 758 sed

373 805 700 860 Christianis
729 799 1029 854 nolentibus
1062 798 1338 851 dominari
1365 796 1568 867 (Epist.
1595 797 1685 863 64,
1721 811 1782 849 n.
1821 795 1874 864 4)
1937 795 2076 847 Ter-

372 893 623 944 minatur
659 888 909 958 denique
941 885 1249 940 concilium
1289 884 1437 938 facta
1473 882 1906 953 Carthaginensi
1930 881 2077 934 anti-

371 979 486 1033 stiti
516 981 796 1048 potestate
843 991 936 1028 eas
981 974 1217 1027 nomine
1249 973 1646 1044 episcoporum
1685 971 1941 1025 omnium
1991 970 2079 1024 di-

371 1065 562 1119 ctandi
575 1069 745 1133 atque
759 1061 1100 1132 obsignandi
1122 1061 1410 1132 epistolas,
1429 1077 1571 1132 quas
1592 1061 1831 1114 concilia
1854 1059 2077 1113 mittere

371 1152 824 1206 constituissent:
862 1167 978 1204 non
1005 1165 1165 1204 secus
1195 1166 1260 1204 ac
1289 1149 1498 1204 tradita
1543 1149 1764 1219 scriptis
1810 1147 2080 1202 mandata

371 1257 594 1306 eorum,
648 1256 776 1310 qua
825 1239 974 1293 circa
1049 1239 1370 1292 Donatistas
1425 1238 1778 1292 observanda
1845 1236 2078 1292 omnino

370 1334 561 1384 essent
581 1329 793 1398 (Codice
821 1329 1105 1385 Canonum
1137 1329 1350 1395 Afric.,
1376 1342 1494 1381 can.
1529 1326 1638 1394 85).

1052 1416 1275 1470 CAPUT
1319 1415 1406 1468 VI.

381 1511 422 1560 ι.
453 1508 758 1561 Victorinus
790 1510 838 1559 et
859 1506 1169 1573 Xantippus
1187 1503 1253 1556 de
1274 1505 1522 1572 primatu
1545 1500 1870 1554 contendunt
1921 1502 1954 1554 2
1979 1501 2076 1556 Co-

444 1597 589 1650 lonos
617 1610 740 1649 suos
772 1596 973 1648 Donati
997 1593 1253 1661 partibus
1296 1591 1627 1644 adharentes
1683 1589 1758 1642 ad
1787 1589 2079 1643 Ecclesium

444 1687 658 1738 revocat
693 1681 1092 1736 Pammachius.
1139 1683 1168 1734 3
1194 1680 1514 1746 {Augustini
1550 1678 1931 1731 monasterium
1973 1678 2076 1730 Do-

445 1775 607 1825 natus
631 1787 750 1825 cum
774 1785 868 1824 suo
887 1772 1065 1835 fratre
1089 1768 1304 1822 deserit.
1349 1769 1383 1821 4
1415 1767 1714 1833 Quintiano
1766 1765 2078 1836 presbytero

445 1875 664 1914 causam
693 1858 846 1926 apud
873 1858 1159 1912 Aurelium
1186 1855 1405 1909 habenti
1433 1855 1704 1909 rescribit.
1754 1858 1784 1907 5
1823 1853 2081 1923 Ejusdem

443 1949 507 2002 ob
523 1952 825 2016 susceptum
844 1948 900 2000 in
915 1946 1215 2011 Augustini
1233 1945 1555 1998 monasterio
1575 1944 1941 1997 Privationem
1963 1958 2083 2012 que-

443 2038 698 2090 rimonia.
722 2038 752 2089 6
781 2034 1193 2089 Abundantium
1221 2032 1460 2086 diaeresis
1487 2047 1599 2085 sua
1613 2031 1987 2101 presbyterum
2011 2030 2079 2083 ab

443 2125 624 2195 ofﬁcio
640 2128 868 2176 removet
897 2123 1256 2190 Augustinus.
1287 2125 1317 2173 ‘7
1357 2123 1609 2174 Exeunte
1637 2121 1730 2173 hoc
1761 2135 1902 2173 anno
1943 2135 2080 2188 qua-

446 2211 861 2277 dringentesimo
895 2210 1096 2277 primo,
1138 2208 1422 2276 Crispinus
1459 2208 1687 2260 rusticos
1734 2207 2081 2274 Mappalien-

447 2300 524 2352 sis
555 2299 680 2364 agri
698 2297 1020 2365 rebaptizat.

449 2390 504 2442 4.
548 2384 830 2440 Numidia
880 2383 1112 2454 primas,
1154 2382 1224 2436 ad
1271 2398 1444 2453 quem
1472 2382 1542 2437 de
1581 2381 1881 2437 Cresconio
1911 2383 2082 2438 Villa-

384 2473 629 2544 Regensi
672 2471 1036 2526 scribendum
1086 2474 1360 2524 statuerat
1412 2470 1858 2540 Carthaginense
1889 2473 2083 2526 conci-

381 2563 524 2617 lium
556 2561 756 2632 (Codic.
799 2561 1006 2627 Afric.,
1037 2575 1158 2614 can.
1199 2559 1315 2628 77),
1349 2559 1502 2614 diem
1525 2575 1694 2613 suum
1725 2561 1880 2615 haud
1912 2561 2084 2616 dubie

387 2668 505 2706 non
529 2651 800 2706 itamulto
822 2653 952 2719 post
971 2648 1196 2702 clausit.
1238 2648 1499 2718 Ejusdem
1531 2647 1745 2719 quippe
1775 2645 2085 2717 provincia

387 2740 697 2810 primatum
712 2739 833 2810 jam
862 2739 1099 2792 ineunte
1113 2736 1183 2790 ad
1213 2752 1504 2790 summum
1528 2752 1679 2790 anno
1701 2735 2085 2807 quadringen-

381 2828 586 2883 tesimo
643 2827 890 2881 secundo
950 2825 1188 2895 adeptus
1241 2828 1362 2877 erat
1409 2824 1723 2895 Xantippus
1750 2822 2085 2894 Tagosensis

381 2917 682 2988 episcopus
711 2916 904 2985 (Epist.
939 2917 1027 2980 65,
1059 2929 1115 2968 η.
1148 2914 1226 2983 2),
1259 2929 1430 2984 quem
1463 2917 1520 2966 et
1548 2912 1734 2967 adhuc
1754 2928 1906 2966 anno
1938 2927 2085 2982 qua—

379 3003 832 3076 dringentesimo
854 3001 1098 3072 septimo
1117 3000 1578 3072 gerebat(Codice
1592 3016 1856 3054 canonum
1875 3002 2056 3067 Afric.
2069 3041 2082 3064 ,

385 3109 504 3148 can.
557 3092 706 3162 100).
764 3091 825 3145 Εἰ
864 3106 1038 3160 porro
1101 3089 1417 3159 primatum
1474 3088 1698 3142 ineunti
1755 3089 1952 3142 oborta
2005 3091 2088 3142 est

388 3178 790 3235 controversia.
818 3177 1042 3232 Etenim
1073 3177 1274 3246 quinto
1295 3177 1421 3230 idus
1451 3177 1794 3242 novembris,
1822 3177 1944 3247 jam
1968 3191 2088 3229 ver-

387 3271 557 3339 gente
588 3267 646 3320 in
670 3270 893 3320 noctem
923 3265 1036 3333 die,
1077 3264 1300 3318 reddita
1329 3269 1414 3318 est
1445 3265 1766 3334 Augustino
1807 3266 2089 3336 encyclica

386 3354 662 3409 Victorini
688 3353 950 3424 epistola,
984 3352 1085 3424 qui
1114 3353 1422 3422 primatem
1449 3369 1645 3422 agens,
1701 3369 1832 3407 eum
1862 3355 1932 3408 ad
1972 3355 2086 3408 Nu-

387 3444 578 3498 midia
599 3441 903 3496 concilium
932 3441 1207 3496 invitabat
1234 3441 1429 3510 (Epist.
1479 3441 1585 3510 59).
1621 3443 1685 3495 In
1725 3442 1921 3496 eadem
1968 3441 2087 3512 epi-

388 3534 553 3597 stola,
603 3547 725 3597 seu,
751 3530 838 3585 uti
883 3529 1179 3594 vocitatur,
1234 3529 1521 3596 tractoria,
1580 3529 1877 3600 legebatur
1918 3530 2089 3584 etiam

387 3622 456 3676 ad
485 3618 849 3676 Mauritanias
889 3634 1009 3672 esse
1040 3617 1337 3689 scriptum,
1367 3618 1626 3689 quamvis
1653 3619 1743 3673 ha
1784 3619 2091 3689 provincia

388 3727 522 3765 suos
545 3709 822 3764 haberent
852 3706 1149 3778 primates.
1180 3707 1288 3762 Sed
1315 3707 1419 3761 etsi
1449 3724 1515 3761 ex
1539 3707 1620 3761 eis
1661 3707 1732 3762 ad
1764 3708 2089 3763 Numidiam

387 3798 817 3852 convocandum
838 3801 985 3848 esset
1011 3794 1341 3861 concilium,
1368 3796 1668 3866 oportebat
1682 3800 1748 3850 ut
1767 3797 2091 3868 aliquorum

389 3887 734 3948 Maurorum,
767 3883 868 3953 qui
891 3883 1007 3935 illic
1036 3881 1254 3951 priores
1285 3888 1437 3948 sunt,
1471 3883 1708 3936 nomina
1737 3883 1794 3936 in
1824 3884 2093 3938 tractoria

391 3975 746 4044 ponerentur
779 3986 790 4024 :
816 3971 968 4041 quod
999 3985 1130 4023 cum
1162 3971 1222 4023 iu
1253 3970 1360 4023 ista
1386 3987 1499 4024 non
1523 3971 1800 4042 reperiret
1824 3972 2094 4043 Augusti-

390 4076 518 4126 nus,
549 4059 796 4113 multum
828 4056 1066 4110 miratus
1095 4060 1196 4110 est.
1237 4059 1512 4110 Praterea
1546 4058 1781 4112 moleste
1819 4058 1969 4125 tulit,
2009 4075 2090 4126 se,

389 4146 615 4202 tametsi
644 4143 997 4216 antiquiores
1027 4149 1214 4197 essent
1243 4143 1495 4214 episcopi
1547 4146 1889 4215 complures,
1923 4147 2092 4201 tertio

389 4239 512 4293 loco
541 4233 854 4291 recenseri.
897 4234 1091 4304 Neque
1122 4231 1314 4286 minus
1356 4233 1713 4300 movebatur,
1765 4235 1916 4306 quod
1947 4237 2092 4290 Xan-

388 4325 580 4397 tippus
609 4324 752 4395 ipse,
785 4321 885 4393 qui
915 4321 1231 4392 primatum
1274 4321 1341 4376 ad
1385 4337 1443 4376 se
1495 4323 1802 4393 pertinere,
1845 4324 1996 4378 ultro
2042 4324 2094 4378 ei

391 4411 834 4466 assentientibus
879 4409 1163 4479 plurimis,
1206 4409 1450 4476 dicebat,
1499 4426 1682 4481 eoque
1729 4411 1962 4466 nomine
2008 4415 2092 4465 ta-

389 4501 472 4553 les
503 4499 762 4554 mittebat
797 4498 1066 4571 epistolas
1113 4514 1242 4569 qua
1272 4497 1578 4569 primatem
1629 4499 1852 4566 decent,
1900 4499 1959 4554 in
1994 4499 2091 4554 iis-

389 4588 521 4642 dem
551 4588 754 4642 litteris
779 4605 851 4643 ne
882 4587 1212 4643 nominatus
1258 4587 1492 4658 quidem
1523 4591 1670 4640 esset
1695 4607 1710 4653 ;
1739 4603 1869 4642 cum
1899 4593 2091 4642 tamen

391 4675 486 4730 ille
513 4675 757 4730 maxime
786 4677 856 4729 ad
886 4676 1189 4731 concilium
1222 4676 1434 4738 venire,
1470 4691 1533 4728 ac
1560 4675 1780 4746 primus
1807 4675 2093 4731 nominari

390 4763 697 4818 debuisset.
732 4764 874 4816 Istos
912 4765 983 4818 ob
1032 4781 1251 4819 errores
1294 4763 1509 4833 timuit,
1530 4780 1599 4818 ne
1627 4764 1771 4820 forte
1797 4765 2094 4820 subdititia

391 4855 538 4905 esset
576 4849 674 4904 illa
709 4851 998 4906 tractoria.
1049 4854 1186 4918 Qua
1225 4869 1342 4908 una
1387 4852 1688 4920 dubitatio,
1738 4871 1810 4908 ne
1864 4861 2095 4925 pareret

390 4939 799 5001 convocationi,
831 4956 932 5010 per
959 4957 1017 4996 se
1045 4942 1305 4997 inhibere
1336 4958 1468 4996 eum
1513 4947 1741 5013 poterat
1770 4960 1782 4997 :
1812 4944 1910 4998 sed
1940 4961 2091 5015 pra-

392 5034 548 5085 terea
577 5032 634 5083 et
661 5027 924 5099 angustia
953 5031 1246 5100 temporis,
1292 5035 1348 5085 et
1385 5031 1554 5085 varia
1582 5047 1895 5103 gravesque
1942 5049 2093 5087 cura

389 5119 600 5192 quibus
629 5121 751 5172 tum
771 5117 1170 5186 distinebatur,
1200 5136 1331 5174 cum
1363 5120 1594 5174 adversa
1616 5120 1853 5174 forsitan
1884 5121 2095 5176 valetu-

390 5210 545 5277 dine,
590 5224 705 5262 non
734 5205 898 5261 facile
936 5206 1216 5272 sinebant,
1249 5213 1311 5262 ut
1340 5210 1407 5262 ad
1441 5209 1720 5279 synodum
1761 5226 1882 5263 sese
1912 5210 2094 5263 accin-

389 5301 568 5367 geret.
609 5297 808 5366 Itaque
867 5293 1004 5347 satis
1048 5293 1250 5349 habuit
1297 5295 1367 5350 ad
1406 5296 1756 5350 Victorinum
1807 5295 2092 5364 scribere;

389 5385 643 5454 primum
682 5385 735 5440 ei
765 5387 826 5439 ut
851 5399 910 5440 se
949 5387 1266 5449 excusaret,
1307 5387 1429 5438 tum
1473 5389 1540 5439 ut
1587 5401 1716 5439 eum
1766 5400 2094 5440 commone-

391 5473 616 5540 faceret,
643 5474 703 5528 in
733 5473 936 5545 primis
982 5471 1092 5544 ipsi
1122 5487 1238 5526 una
1285 5488 1415 5526 cum
1458 5473 1735 5544 Xantippo
1789 5473 2092 5529 discutien-

1631 233 1782 285 VITA
1829 233 1885 286 S.
1925 229 2299 285 AUGUSTINI
2347 226 2674 280 EPISCOPI.

3778 226 3874 276 308

2183 350 2324 404 dum
2349 347 2534 401 utrius
2563 349 2709 400 esset
2746 345 3025 416 primatus
3079 346 3135 397 et
3182 343 3278 413 jus
3326 341 3570 413 cogendi
3616 342 3872 397 concilii;

2182 438 2269 493 vel
2296 437 2488 508 potius
2511 435 2634 490 sine
2665 435 3005 505 cujusquam
3022 431 3357 504 prajudicio
3378 430 3677 486 concilium
3705 431 3877 486 simul

2183 527 2252 580 ab
2309 530 2550 596 utroque
2604 523 2974 578 indicendum
3026 536 3166 585 esse,
3218 520 3318 573 ubi
3374 535 3508 574 cum
3561 519 3881 575 senioribus

2182 615 2622 679 examinaretur,
2708 615 2836 666 uter
2891 614 3088 664 utrum
3165 607 3506 679 antiquitate
3569 613 3878 678 superaret.

2184 706 2356 759 Porro
2388 700 2720 773 hujusmodi
2750 701 2818 754 de
2867 697 3291 770 provinciarum
3337 697 3540 751 Africa
3606 697 3884 752 decauatu

2181 793 2269 846 vel
2291 791 2543 862 primatu
2572 788 2976 844 controversia
3024 786 3096 841 ad
3141 785 3419 857 judicium
3463 786 3712 856 episcopi
3751 787 3885 842 Car-

2182 879 2536 952 thaginensis
2567 895 2599 932 a
2622 877 2864 932 concilio
2888 877 3091 929 delata
3123 878 3280 929 sunt.
3324 875 3388 928 Et
3416 873 3540 928 hac
3583 873 3720 928 forte
3752 889 3886 927 con-

2183 969 2362 1024 tentio
2389 969 2447 1022 in
2474 983 2644 1021 causa
2672 967 2801 1031 fuit,
2830 980 2930 1019 cur
2953 963 3110 1018 varia
3151 961 3412 1017 statuerit
3457 961 3596 1015 anni
3649 977 3886 1032 sequen-

2185 1057 2255 1111 tis
2283 1056 2609 1122 concilium,
2642 1054 2850 1126 quibus
2891 1051 3079 1107 omnis
3104 1051 3173 1106 de
3202 1054 3462 1121 tempore
3511 1049 3885 1104 ordinationis

2185 1145 2580 1217 episcoporum
2623 1141 2966 1214 ambiguitas
3013 1141 3311 1195 tolleretur
3359 1137 3576 1208 (Codice
3615 1138 3886 1194 Canonum

2182 1235 2392 1300 Afric.,
2425 1249 2546 1288 can.
2580 1234 2687 1301 86).

2253 1326 2309 1376 2.
2334 1323 2449 1376 Hoc
2475 1321 2599 1392 ipso
2629 1319 2867 1374 forsitan
2897 1322 3152 1373 vertente
3196 1333 3348 1372 anno
3391 1314 3886 1388 quadringentesi-

2186 1425 2279 1463 mo
2300 1408 2487 1480 primo
2512 1407 2868 1477 Augustinus
2892 1423 2997 1476 per
3026 1407 3243 1476 legatos
3273 1402 3737 1475 Carthaginensis
3767 1420 3888 1456 con-

2186 1497 2302 1552 cilii
2343 1495 2706 1551 Pammachio
2748 1494 3014 1565 scriptam
3057 1494 3358 1564 epistolam
3408 1492 3628 1547 dederit
3679 1492 3882 1562 (Epist.

2186 1589 2276 1654 58,
2325 1602 2381 1639 n.
2438 1585 2518 1655 3).
2567 1583 2708 1638 Huic
2760 1583 2915 1637 enim
2970 1581 3272 1653 signiﬁcat,
3328 1598 3470 1652 quas
3516 1581 3790 1651 improbo
3836 1581 3887 1634 in

2188 1673 2506 1728 Catholicos
2535 1672 2728 1728 animo
2763 1671 3072 1726 Donatista
3104 1670 3335 1725 insidias
3380 1669 3799 1736 moliebantur,
3843 1670 3888 1722 ei

2188 1781 2245 1817 se
2272 1762 2511 1818 minime
2559 1761 2784 1826 dicere;
2816 1760 2981 1814 illum
3027 1776 3161 1813 vero
3201 1776 3234 1812 a
3263 1759 3530 1813 fratribus
3563 1757 3706 1823 suis,
3759 1774 3890 1829 quos

2189 1853 2298 1923 ipsi
2319 1851 2703 1917 commendat,
2733 1866 2828 1903 eas
2857 1847 3214 1903 commodius
3239 1847 3602 1902 auditurum.
3635 1848 3888 1900 Pamma-

2187 1941 2316 1996 chio
2347 1944 2508 1994 erant
2535 1937 2919 2010 possessiones
2964 1936 3152 1991 media
3171 1935 3231 1989 in
3263 1935 3548 2000 Numidia,
3585 1935 3756 2005 cujus
3812 1935 3890 1988 in-

2189 2029 2326 2083 cola
2371 2027 2574 2083 Donati
2625 2026 2882 2098 partibus
2911 2025 3392 2080 adharescebant.
3419 2025 3792 2095 Quapropter
3844 2024 3890 2076 is

2189 2117 2480 2171 charitatis
2529 2132 2593 2169 ac
2634 2115 2863 2185 pietatis
2922 2114 3198 2168 adductus
3252 2113 3507 2184 impulsu
3560 2113 3790 2167 litteras
3832 2113 3893 2166 ad

2191 2222 2286 2260 eos
2315 2205 2385 2260 de
2416 2204 2809 2276 amplectenda
2839 2202 3104 2258 Ecclesia
3147 2201 3365 2256 unitate
3395 2201 3640 2273 scripsit,
3671 2207 3893 2256 tantum

2192 2295 2422 2365 spiritus
2479 2295 2759 2348 fervorem
2802 2309 2923 2363 pra
2965 2308 3024 2344 se
3062 2292 3328 2360 ferentes,
3373 2295 3437 2345 ut
3474 2295 3688 2362 prater
3744 2307 3893 2362 spem

2191 2381 2624 2454 promptissimo
2655 2381 2834 2436 animi
2865 2380 3053 2434 studio
3079 2379 3396 2450 delegerint
3425 2379 3484 2434 id
3515 2380 3892 2451 sequendum,

2192 2473 2346 2543 quod
2384 2472 2559 2525 talem
2598 2487 2662 2524 ac
2689 2473 2913 2524 tantum
2941 2469 3126 2522 virum
3181 2468 3411 2523 nonnisi
3459 2469 3602 2523 duce
3657 2469 3892 2523 veritate

2192 2560 2358 2630 sequi
2388 2559 2497 2614 sibi
2545 2558 2978 2630 persuaderent.
3013 2558 3068 2612 Id
3119 2557 3354 2628 quidem
3400 2556 3734 2628 Augustino
3785 2564 3894 2611 tam

2192 2653 2420 2720 gratum
2461 2647 2688 2714 accidit,
2733 2652 2797 2701 ut
2840 2647 3115 2718 gaudium
3163 2663 3333 2701 suum
3374 2646 3756 2701 Pammachio
3801 2663 3895 2716 per

2192 2737 2429 2804 litteras,
2464 2737 2534 2791 de
2562 2736 2769 2807 quibus
2800 2735 2969 2790 modo
3009 2735 3255 2806 agimus,
3295 2735 3750 2806 signiﬁcandum
3781 2753 3896 2790 cen-

2194 2825 2406 2880 suerit:
2459 2841 2704 2897 quarum
2742 2829 2934 2880 tamen
2967 2841 3035 2878 ex
3082 2824 3268 2878 verbis
3321 2825 3537 2879 latitia
3582 2841 3707 2878 suae
3756 2827 3897 2879 voln-

2191 2919 2424 2986 ptatem,
2464 2914 2553 2967 vel
2598 2913 2810 2967 amoris
2827 2929 2961 2984 erga
2991 2928 3123 2966 eum
3162 2913 3250 2966 sui
3281 2912 3541 2967 ardorem
3572 2913 3892 2969 existimari

2195 3003 2263 3057 ab
2303 3002 2427 3073 ipso
2469 3018 2588 3056 non
2625 3001 2778 3056 vult:
2832 3001 2947 3070 sed,
2993 3004 3159 3070 Perge
3210 3002 3516 3070 cogitando,
3575 3002 3794 3073 inquit,
3846 3005 3895 3056 in

2190 3096 2376 3161 pectus
2401 3106 2595 3157 meum,
2629 3096 2678 3145 et
2709 3105 2860 3143 cerne
2889 3090 3024 3158 quid
3060 3091 3174 3144 illic
3221 3089 3286 3142 de
3328 3095 3376 3144 te
3413 3094 3633 3155 agatur.
3688 3089 3895 3144 Patebit

2191 3183 2334 3234 enim
2411 3181 2558 3234 oculo
2621 3180 2909 3233 charitatis
2991 3178 3292 3232 cubiculum
3361 3179 3678 3244 charitatis,
3764 3178 3898 3247 quod

2193 3268 2497 3323 claudimus
2553 3267 2813 3321 adversus
2864 3282 3038 3335 nugas
3096 3268 3452 3321 tumultuosus
3517 3268 3725 3332 saculi,
3784 3284 3894 3322 cum

2195 3356 2307 3409 illic
2354 3358 2519 3409 Deum
2571 3355 2900 3419 adoramus;
2940 3358 2989 3408 et
3034 3353 3242 3408 videbis
3300 3354 3378 3407 ibi
3416 3353 3637 3408 delicias
3698 3356 3899 3409 laetitiae

2196 3460 2321 3497 mea
2374 3443 2438 3496 de
2493 3448 2604 3497 tam
2655 3443 2787 3497 bono
2841 3458 2997 3511 opere
3049 3447 3159 3508 tuo,
3219 3457 3354 3512 quas
3420 3457 3513 3496 nec
3583 3444 3783 3511 lingua
3829 3445 3901 3506 ef-

2196 3533 2333 3598 fari,
2381 3547 2474 3585 nec
2521 3533 2645 3585 stilo
2695 3533 2997 3600 cmprimere
3054 3533 3224 3598 valeo,
3283 3531 3510 3585 calentes
3571 3536 3742 3600 atque
3800 3536 3899 3600 fla-

2197 3625 2415 3688 grantes
2444 3622 2501 3673 in
2529 3621 2792 3688 sacriﬁcio
2828 3619 3007 3674 laudis
3037 3621 3173 3688 ejus,
3211 3636 3314 3688 quo
3343 3621 3647 3689 inspirante
3686 3621 3788 3674 hoc
3816 3637 3900 3674 vo-

2199 3709 2370 3776 luisti,
2394 3713 2444 3763 et
2473 3725 2575 3777 quo
2595 3709 2889 3778 adjuvante
2929 3711 3176 3777 potuisti.
3221 3708 3393 3763 Addit
3423 3725 3479 3762 se
3533 3707 3901 3763 vehementer

2200 3813 2430 3867 cupere,
2462 3801 2528 3851 ut
2557 3797 2624 3851 ad
2656 3797 2809 3850 idem
2851 3797 3244 3867 prastandum
3285 3797 3384 3850 alii
3413 3796 3716 3850 christiani
3746 3814 3902 3852 sena-

2198 3889 2348 3939 tores
2377 3885 2584 3939 adduci
2614 3885 2853 3952 vellent;
2879 3890 2935 3938 at
2963 3885 3070 3939 sibi
3091 3901 3205 3939 non
3231 3901 3358 3940 eam
3378 3885 3560 3940 inesse
3606 3887 3899 3950 liduciam,

2201 3976 2264 4026 ut
2302 3972 2375 4026 ad
2423 3972 2530 4026 hoc
2581 3972 2708 4027 illos
2756 3973 2963 4027 audeat
3011 3973 3314 4040 exhortari,
3346 3975 3437 4028 Illi
3489 3975 3651 4042 enim,
3715 3973 3903 4028 subdit

2199 4065 2428 4115 sanctus
2453 4061 2722 4127 Antistes,
2746 4063 2887 4128 forte
2915 4077 3021 4115 non
3047 4063 3272 4129 facient,
3307 4066 3357 4115 et
3399 4065 3661 4130 tanquam
3709 4079 3806 4116 nos
3853 4064 3904 4114 in

2199 4152 2378 4203 animo
2407 4165 2587 4203 eorum
2613 4151 2842 4203 vicerint
2855 4148 3064 4203 inimici
3090 4149 3356 4215 Ecclesia,
3389 4149 3727 4219 decipiendis
3773 4153 3905 4204 insi-

2199 4237 2500 4291 diabantur
2530 4239 2783 4307 inﬁrmis.
2819 4237 3003 4301 Quare
3033 4237 3142 4291 hoc
3172 4253 3352 4291 unum
3396 4238 3667 4292 eumdem
3719 4243 3903 4309 rogat,

2201 4329 2264 4379 ut
2290 4342 2498 4396 nempe
2529 4331 2819 4396 acceptam
2850 4343 2882 4380 a
2912 4341 2970 4380 se
2995 4325 3296 4397 epistolam
3324 4342 3516 4380 coram
3547 4327 3628 4381 eis
3668 4328 3906 4392 recitet;

2200 4415 2353 4486 quod
2393 4415 2519 4469 ﬁeri
2548 4414 2748 4486 possit,
2805 4414 2958 4486 ipsos
3000 4415 3336 4469 colonorum
3393 4431 3630 4470 suorum
3680 4432 3909 4471 conver-

2198 4502 2419 4557 sionem
2455 4519 2570 4557 non
2601 4503 2715 4557 alia
2743 4503 2813 4557 de
2861 4519 3030 4558 causa
3069 4503 3381 4574 negligere,
3421 4520 3598 4576 quam
3647 4505 3790 4576 quia
3834 4505 3903 4558 de

2197 4591 2303 4645 hac
2328 4591 2685 4661 procuranda
2713 4591 3032 4662 desperent.
3078 4593 3190 4646 Hoc
3239 4607 3372 4663 ergo
3404 4592 3715 4663 contigisse
3760 4595 3906 4648 satis

2199 4683 2438 4748 constat,
2469 4696 2584 4752 quo
2623 4685 2882 4751 tempore
2931 4681 3354 4737 Donatistarum
3401 4698 3610 4753 magno
3659 4699 3907 4738 numero

2201 4769 2372 4822 simul
2403 4769 2474 4824 ad
2506 4769 2764 4823 Ecclesia
2795 4769 3074 4824 unitatem
3095 4770 3462 4826 redeuntium
3480 4772 3699 4826 rariora
3728 4778 3913 4827 exsta-

2199 4858 2340 4911 bant
2361 4858 2641 4928 exempla,
2675 4861 2846 4929 atque
2876 4858 3018 4912 adeo
3049 4862 3179 4913 ante
3212 4875 3428 4914 annum
3457 4860 3913 4931 quadringente-

2201 4943 2412 4999 simum
2441 4944 2748 5016 quintum;
2782 4945 2899 5001 imo
2922 4946 3182 5001 nondum
3214 4948 3352 5001 actis
3394 4948 3545 5003 hisce
3593 4948 3906 5014 violentiis,

2198 5033 2408 5105 quibus
2438 5033 2498 5087 in
2537 5034 2855 5090 Catholicos
2904 5035 3160 5089 bacchati
3197 5041 3334 5091 sunt
3381 5037 3907 5102 Circumcelliones,

2200 5121 2298 5175 ubi
2333 5121 2600 5177 viderunt
2643 5122 3191 5179 Maximianistarum
3245 5125 3567 5194 historiam,
3600 5131 3772 5198 prout
3803 5125 3914 5180 hoc

2197 5226 2348 5264 anno
2396 5211 2700 5267 concilium
2752 5212 3197 5283 Carthaginense
3269 5219 3565 5283 statuerat,
3620 5215 3911 5269 instanter

2198 5299 2464 5372 ubiquea
2503 5300 2803 5356 Catholicis
2852 5301 3128 5373 evulgari.
3181 5303 3533 5374 Augustinus
3579 5304 3793 5375 quippe
3846 5318 3914 5356 ea

2199 5391 2420 5444 tantum
2473 5391 2683 5444 damna
2712 5392 3154 5454 commemorat,’
3178 5407 3310 5462 qua
3361 5392 3431 5446 ab
3483 5391 3685 5446 iisdem
3733 5391 3913 5445 time-

2199 5476 2428 5543 bantur,
2461 5495 2563 5533 nec
2591 5479 2712 5549 ipse
2741 5479 3047 5547 inliciatur,
3075 5471 3340 5536 timorem
3369 5496 3539 5535 suum
3561 5480 3711 5552 apud
3738 5495 3916 5550 quos-
