4008 6184
144 217 248 267 309

135 335 267 389 dam
334 349 446 404 pro
502 349 645 387 vano
706 334 907 389 haberi
964 351 1174 404 posse:
1234 336 1479 407 ideoque
1537 341 1721 409 rogat,
1783 354 1855 391 ue

140 427 482 492 aspernetur
512 422 687 477 etiam
729 423 1019 494 superflua
1051 427 1389 479 metuentes.

214 516 260 566 3.
286 512 353 566 In
408 511 764 565 monasterio
812 528 913 565 suo
964 529 1081 566 non
1128 529 1335 583 parum
1374 514 1561 569 solatii
1599 516 1858 587 capiebat

150 600 527 670 Augustinus;
576 601 677 655 sed
726 600 1103 655 nihilominus
1148 604 1389 657 molesta
1435 620 1662 676 quoque
1712 622 1854 659 non-

155 690 291 745 nulla
340 688 431 743 ibi
480 689 721 743 subinde
781 689 1209 759 experiebatur;
1271 697 1327 746 et
1374 694 1670 763 quantavis
1722 710 1857 748 cura

155 794 359 843 eorum,
399 778 500 849 qui
550 793 740 832 secum
779 778 1061 844 vivebant,
1105 779 1419 850 disciplinae
1460 782 1807 852 prospiceret
1840 800 1852 846 ;

154 865 435 921 sentiebat
494 870 710 932 tamen,
772 870 828 920 et
878 882 935 921 se
992 866 1287 922 hominem
1339 884 1479 936 esse,
1530 874 1585 923 et
1639 869 1698 923 in
1752 871 1850 923 ho-

150 956 368 1010 minum
422 954 801 1009 contubernio
854 956 1086 1025 versari,
1118 972 1222 1010 nec
1270 973 1496 1027 sperare
1535 959 1653 1011 ullo
1685 960 1853 1012 modo

144 1060 323 1114 posse,
362 1044 560 1098 nullos
590 1060 649 1097 se
692 1048 904 1115 printer
935 1050 1160 1099 sanctos
1203 1045 1264 1099 in
1293 1044 1424 1100 vita:
1464 1046 1729 1101 societate
1759 1047 1853 1101 ha-

136 1132 449 1185 biturum:
506 1147 635 1185 cum
680 1148 798 1185 non
844 1132 1068 1186 licuerit
1116 1132 1244 1201 hoc,
1266 1150 1460 1205 neque
1501 1134 1559 1188 in
1597 1134 1852 1203 illorum,

136 1220 228 1292 qui
280 1220 423 1275 vitae
474 1220 853 1275 sanctimonia
898 1222 1637 1291 praecelluerunt,;familia,
1666 1238 1853 1294 neque

135 1311 192 1364 in
234 1309 460 1364 Christi
503 1308 728 1363 Domini
759 1309 1052 1377 comitatu,
1088 1326 1274 1381 neque
1318 1311 1377 1364 in
1412 1312 1551 1365 coelo
1594 1312 1715 1382 ipso
1763 1328 1851 1365 re-

134 1396 325 1466 perire
365 1398 572 1467 (Epist.
606 1400 695 1461 78,
726 1413 820 1451 nn.
853 1400 905 1463 8,
934 1397 1007 1466 9).
1039 1399 1209 1453 Istam
1248 1399 1632 1453 humanarum
1661 1416 1854 1454 rerum

137 1484 536 1540 calamitatem
566 1486 676 1539 hoc
714 1492 972 1556 tempore
1008 1492 1274 1557 expertus
1313 1492 1414 1542 est.
1470 1489 1602 1558 Ejus
1638 1488 1697 1542 in
1728 1505 1851 1542 mo-

134 1575 389 1629 nasterio
420 1579 589 1629 erant
620 1575 733 1629 duo
782 1577 1005 1644 fratres,
1038 1576 1377 1647 Carthagine
1407 1581 1506 1631 aut
1548 1577 1608 1630 in
1645 1576 1853 1630 vicinia

132 1664 269 1730 nati,
303 1679 567 1735 quorum
601 1664 766 1719 alteri
795 1666 1015 1719 Donato
1045 1681 1279 1721 nomen.
1318 1666 1385 1720 Hi
1414 1666 1660 1736 quadam
1691 1681 1852 1719 vana:

132 1753 337 1823 glorise
371 1752 689 1822 cupiditate
721 1752 875 1807 ducti
901 1769 929 1807 e
960 1753 1307 1808 monasterio
1339 1755 1607 1808 excedere
1636 1753 1852 1824 cogita-

131 1846 265 1895 runt
292 1858 307 1895 :
335 1840 716 1906 desiderium,
744 1840 829 1894 uti
846 1841 1091 1908 videtur,
1115 1842 1486 1896 obtendentes
1511 1842 1710 1912 patrita
1733 1858 1850 1896 sum

129 1932 187 1983 in
216 1929 484 1983 clericali
515 1929 831 1983 ministerio
863 1929 1164 1985 serviendi.
1197 1930 1450 2001 Cupidus
1479 1946 1679 1984 eorum
1706 1931 1850 1984 salu-

127 2019 195 2071 tis
243 2017 637 2089 Augustinus,
681 2022 894 2088 quanta
937 2018 1127 2089 potuit
1172 2018 1602 2089 impedimenta,
1648 2035 1719 2072 nc
1767 2018 1851 2071 illi

125 2123 307 2176 prava
358 2107 614 2178 cogitata
639 2107 999 2177 perficerent,
1029 2107 1255 2178 objecit.
1286 2110 1358 2161 At
1387 2124 1517 2161 cum
1562 2107 1765 2161 abduci
1790 2124 1848 2161 se

122 2214 153 2250 a
205 2201 526 2268 proposito
581 2212 948 2267 nequaquam
1003 2200 1192 2250 essent
1227 2196 1399 2266 passi,
1449 2196 1849 2266 Carthaginem

123 2285 378 2355 profecti
429 2290 613 2338 sunt:
656 2284 756 2338 ubi
803 2284 1066 2338 Aurelius
1113 2288 1267 2338 ratus
1307 2284 1543 2338 fortasse
1594 2285 1705 2338 huc
1753 2302 1849 2337 eos

124 2390 253 2427 cum
285 2374 453 2428 bona
493 2372 661 2426 venia
690 2373 993 2443 Augustini
1034 2373 1274 2435 venisse,
1309 2374 1590 2427 Donatum
1632 2372 1693 2425 in
1732 2374 1846 2426 cle-

128 2479 254 2516 rum
307 2461 542 2517 ascivit.
583 2461 723 2515 Huic
763 2462 1018 2528 fratrem,
1060 2476 1158 2515 cur
1207 2461 1591 2532 egrederetur,
1621 2477 1847 2515 causam

129 2549 453 2621 praebuisse
478 2553 724 2605 testatur
749 2550 1129 2621 Augustinus.
1167 2550 1341 2621 Atqui
1369 2550 1511 2603 illud
1540 2549 1697 2620 prius
1727 2566 1849 2603 eve-

128 2638 229 2705 nit,
275 2654 465 2708 quam
512 2637 842 2701 concilium,
874 2638 935 2691 in
977 2655 1092 2708 quo
1128 2638 1195 2692 de
1234 2639 1716 2693 monasteriorum
1754 2638 1847 2692 de-

128 2726 453 2781 sertoribus
481 2742 798 2798 eorumque
850 2726 1209 2781 ordinatione
1241 2732 1429 2782 actum
1461 2731 1567 2793 est,
1594 2727 1845 2781 celebra-
1914 2762 1917 2765 -

128 2821 308 2885 retur,
343 2832 560 2886 nempe
590 2820 720 2869 ante
750 2814 879 2870 idus
908 2815 1247 2886 septembris
1292 2814 1429 2869 anni
1457 2814 1845 2885 quadringen-

124 2905 316 2959 tesimi
350 2904 553 2974 primi.
591 2904 749 2959 Haud
790 2904 1108 2974 reperimus
1137 2910 1329 2959 tamen
1376 2903 1436 2957 in
1479 2904 1585 2957 hac
1631 2904 1845 2974 synodo

126 2994 534 3064 Augustinum
593 3010 660 3047 ea
715 2993 784 3047 de
842 3010 901 3047 re
948 3009 1077 3046 cum
1127 2992 1356 3047 Aurelio
1400 2993 1696 3047 locutum:
1741 2992 1846 3047 etsi

128 3084 339 3138 eodem
372 3082 508 3146 loci,
543 3082 716 3136 verbo
747 3086 1121 3148 statueremus,
1153 3097 1267 3136 non
1299 3082 1533 3135 obscure
1562 3080 1847 3152 signiﬁcet

127 3171 177 3224 ei
207 3187 269 3225 se
318 3170 675 3224 interfuisse.
705 3172 778 3224 At
817 3186 958 3240 quas
1001 3170 1218 3224 litteras
1246 3169 1598 3240 Augustinus
1628 3169 1699 3223 ab
1727 3172 1838 3223 Au-

128 3260 270 3315 relio
308 3258 579 3331 proxime
608 3263 737 3329 post
766 3275 933 3312 suum
964 3259 1034 3313 ab
1065 3257 1307 3312 invicem
1350 3258 1658 3313 discessum
1688 3273 1844 3312 acce-

123 3350 225 3419 pit,
279 3350 347 3403 in
394 3349 470 3403 iis
516 3348 585 3402 de
634 3349 855 3402 Donato
900 3347 1137 3418 ejusque
1186 3348 1357 3402 fratre
1402 3348 1691 3417 agebatur.
1738 3346 1843 3400 Diu

120 3434 413 3490 dubitavit
444 3437 675 3487 sanctus
708 3431 1015 3503 Episcopus
1058 3431 1195 3501 quid
1230 3431 1282 3485 ei
1324 3430 1579 3501 responsi
1609 3430 1843 3484 daturus

116 3528 264 3577 esset
300 3539 316 3575 :
370 3525 434 3574 at
482 3519 680 3575 salutis
730 3519 961 3573 tandem
1004 3519 1258 3584 illorum,
1298 3518 1505 3589 quibus
1550 3519 1842 3573 consulere

123 3611 462 3675 tenebatur,
495 3608 781 3663 desiderio
820 3612 1007 3662 motus
1046 3607 1352 3677 rescripsit,
1393 3608 1703 3661 monachos
1742 3624 1843 3678 pe-

125 3700 400 3754 riculosa:
432 3697 737 3752 tentationi
766 3695 955 3767 objici.
983 3696 1234 3763 clericos,
1266 3713 1295 3749 e
1325 3712 1570 3766 quorum
1599 3712 1842 3750 numero

128 3787 391 3860 episcOpi
422 3786 535 3858 ipsi
579 3790 730 3852 sunt,
764 3801 880 3838 non
910 3784 1020 3839 levi
1058 3784 1208 3838 affici
1243 3784 1606 3850 contumelia,
1640 3784 1687 3838 si
1716 3784 1844 3838 vitae

132 3876 475 3932 monasticae
495 3875 814 3929 desertores
838 3873 898 3926 in
925 3888 1126 3927 eorum
1156 3872 1415 3926 ordinem
1446 3877 1842 3938 assumantur;

129 3983 258 4020 cum
284 3965 459 4037 prius
488 3964 537 4017 is
562 3963 751 4017 honor
786 3960 1013 4016 nonnisi
1060 3961 1467 4015 monachorum
1514 3961 1847 4031 probatissi-

134 4055 239 4108 mis
267 4052 458 4108 tribui
488 4052 716 4115 soleret,
749 4067 852 4104 nec
880 4066 1011 4104 raro
1050 4048 1092 4103 ii
1130 4048 1240 4119 ipsi
1287 4049 1675 4104 ecclesiasticis
1718 4066 1844 4103 mu-

134 4144 373 4197 neribus
428 4143 619 4194 essent
673 4138 875 4210 inepti.
932 4137 1148 4203 Quibus
1203 4138 1378 4205 addit,
1426 4138 1722 4192 Aurelium
1779 4154 1845 4192 ex

133 4231 311 4285 animi
342 4227 635 4283 sententia
665 4228 902 4293 Donato,
933 4227 980 4280 si
1011 4225 1244 4296 quidem
1283 4226 1608 4296 superbiam
1654 4226 1701 4280 is
1743 4243 1845 4297 po-

133 4320 336 4385 suerit,
369 4317 461 4372 uti
488 4332 673 4387 posse,
706 4316 939 4386 quando
984 4315 1170 4381 illum,
1204 4318 1511 4384 antequam
1544 4315 1650 4369 hac
1688 4315 1757 4369 de
1789 4330 1846 4368 re

130 4409 462 4479 quidquam
515 4405 803 4459 statuisset
849 4403 1173 4470 concilium,
1226 4401 1523 4457 ordinavit.
1552 4406 1625 4457 De
1675 4406 1849 4470 fratre

134 4502 315 4552 autem
346 4497 493 4565 ejus,
526 4493 737 4565 inquit,
765 4508 885 4547 cum
921 4493 1194 4561 intelligas
1232 4491 1369 4561 quid
1397 4492 1646 4559 sentiam,
1678 4494 1849 4546 nescio

135 4587 272 4655 quid
290 4583 673 4653 respondeam.
704 4583 826 4647 Quo
849 4581 1019 4651 plane
1040 4579 1320 4651 signiﬁcat
1339 4580 1511 4633 istum
1532 4595 1645 4633 non
1662 4595 1845 4649 posse,

138 4676 251 4729 nisi
280 4673 504 4727 violato
536 4670 1037 4741 conciliLdecreto,
1079 4668 1352 4724 ordinari.
1400 4668 1600 4723 Subdit
1642 4667 1848 4723 nihilo-

142 4765 363 4825 minus,
396 4762 519 4831 ejus
565 4775 623 4812 se
662 4758 984 4831 prudentia:
1032 4762 1088 4812 et
1125 4756 1384 4811 charitati
1412 4757 1565 4810 nolle
1610 4756 1849 4811 interce-

141 4853 304 4917 dere,
333 4854 514 4921 atque
559 4848 702 4902 adeo
748 4863 915 4918 posse
945 4846 1133 4918 ipsum
1162 4845 1267 4899 hac
1302 4844 1361 4898 in
1391 4861 1452 4898 re
1483 4843 1664 4915 sequi,
1698 4844 1853 4915 quod

142 4941 345 4995 utilius
381 4936 645 4993 Ecclesia:
669 4935 1028 5007 judicaverit.
1061 4936 1231 5003 Papae
1259 4933 1621 5001 vocabulum,
1652 4949 1764 5003 quo
1793 4932 1853 4986 in

141 5030 411 5103 epistola
443 5026 819 5096 inscriptione
862 5023 1163 5079 Aurelium
1201 5022 1430 5086 salutat,
1463 5021 1704 5077 dubium
1735 5037 1855 5075 esse

140 5136 262 5175 non
322 5116 483 5181 sinit,
528 5113 675 5186 quin
726 5113 775 5168 is
823 5112 995 5167 fuerit
1048 5110 1504 5182 Carthaginensis
1560 5111 1857 5181 episcopus

141 5210 349 5279 (Epist.
384 5205 496 5276 60).

208 5299 269 5353 4.
310 5294 477 5350 Haud
508 5292 721 5347 scimus
762 5306 836 5345 an
866 5288 1017 5345 idem
1048 5303 1277 5359 quoque
1316 5286 1406 5353 sit,
1438 5302 1607 5356 quem
1636 5286 1696 5341 in
1735 5285 1859 5356 epi-

145 5384 296 5438 stola
328 5382 397 5438 ad
421 5380 800 5447 Quintianum
832 5378 1006 5432 semel
1053 5393 1118 5431 ac
1156 5375 1403 5430 secundo
1452 5390 1647 5429 senem
1676 5376 1856 5428 Aure-

149 5473 297 5528 lium
331 5470 546 5525 vocitat
578 5470 771 5537 (Epist.
806 5469 894 5532 64,
927 5482 1019 5520 nn.
1053 5468 1107 5530 2,
1140 5468 1188 5532 3)
1223 5481 1236 5518 :
1271 5463 1552 5534 siquidem
1583 5462 1734 5517 istud
1771 5480 1860 5515 vo-

1607 217 1815 277 LIBER
1853 217 2175 280 QUINTUS.

3557 229 3661 281 310

1966 337 2230 392 cabulum
2256 342 2480 408 recepto
2511 355 2619 393 usu
2647 339 2875 394 decanis
2895 341 3010 394 sive
3034 343 3374 411 primatibus
3394 346 3454 399 in
3476 348 3661 401 Africa

1967 426 2321 481 tribuebatur
2354 442 2367 481 :
2404 427 2555 497 quod
2583 443 2656 481 an
2684 427 2893 482 deferri
2921 429 3135 499 pariter
3159 433 3365 487 soleret
3394 432 3659 506 episcopo

1966 513 2395 585 Carthaginensi
2438 520 2673 586 propter
2703 516 3039 587 dignitatem
3084 518 3252 584 sedis,
3280 537 3396 574 non
3426 522 3560 576 satis
3598 524 3663 577 li-

1966 608 2119 673 quet.
2155 604 2268 657 Hoc
2309 619 2442 656 vero
2474 603 2712 658 minime
2743 605 3005 675 dubium,
3038 607 3083 661 si
3131 607 3398 677 praedicta
3428 608 3663 678 epistola

1964 696 2092 761 post
2118 692 2372 745 Natalem
2391 692 2749 747 Dominicum
2769 695 2938 765 hujus
2964 695 3143 765 ipsius
3163 697 3300 750 anui
3320 697 3451 751 data
3469 698 3658 762 fuerit,

1965 795 2080 849 qua
2107 780 2176 833 de
2206 796 2267 834 re
2300 780 2707 851 ambigendum
2728 784 2929 855 utique
2959 800 3075 839 non
3105 785 3347 853 videtur,
3383 787 3663 842 Numidiae

1962 868 2271 937 primatem
2318 870 2765 941 haudquaquam
2813 872 3091 927 exstitisse
3140 874 3289 928 hunc
3326 875 3657 940 Aurelium;
3750 880 3755 885 ’

1963 973 2092 1010 cum
2124 973 2251 1011 eam
2283 957 2618 1029 dignitatem
2657 960 2978 1015 Victorinus
3019 966 3117 1016 aut
3155 968 3305 1017 certe
3348 964 3661 1033 Xautippus

1964 1044 2266 1100 obtineret.
2300 1047 2475 1119 Atqui
2505 1052 2749 1104 statuere
2786 1066 2905 1104 non
2949 1052 3243 1115 audemus,
3277 1052 3432 1106 illine
3479 1056 3658 1106 Aure-

1964 1132 2041 1186 lio
2097 1134 2379 1205 primatus
2449 1137 2691 1191 adscribi
2756 1138 2937 1208 possit
2998 1139 3058 1192 in
3121 1140 3291 1193 aliam
3348 1140 3662 1211 quamlibet

1961 1221 2165 1276 Africae
2219 1223 2589 1293 provinciam,
2640 1230 2706 1281 ut
2760 1231 2898 1297 puta
2957 1228 3306 1297 Bizacenam,
3365 1231 3434 1284 ad
3486 1247 3658 1301 quam

1961 1308 2333 1380 Vigesilitana
2360 1312 2623 1380 Ecclesia,
2656 1315 2818 1385 cujus
2848 1315 2909 1369 in
2948 1317 3144 1371 eadem
3176 1317 3415 1388 epistola
3444 1319 3659 1372 mentio

1960 1400 2109 1454 facta
2154 1404 2239 1454 est
2272 1402 2451 1471 (Ibid.,
2483 1420 2539 1457 η,
2570 1403 2648 1474 4),
2679 1406 3021 1474 pertinebat.
3057 1408 3166 1461 Sed
3205 1408 3462 1479 quisquis
3490 1409 3662 1463 fuerit

1963 1488 2066 1542 iste
2096 1489 2383 1555 Aurelius,
2420 1490 2481 1544 in
2512 1492 2634 1562 ejus
2664 1494 2752 1547 vel
2783 1494 3028 1554 dioecesi.
3062 1497 3145 1550 vel
3183 1500 3330 1549 certe
3368 1497 3659 1566 provincia

1964 1577 2409 1631 Badezilitanam
2461 1580 2786 1649 Ecclesiam,
2819 1587 2919 1636 aut
2962 1582 3097 1637 huic
3133 1583 3399 1647 vicinam,
3427 1584 3660 1654 regebat

1958 1666 2257 1736 presbyter
2296 1666 2657 1731 Quintianus.
2711 1670 2804 1723 His
2851 1671 3101 1741 jusserat
3148 1672 3210 1725 in
3270 1672 3503 1726 ecclesia
3558 1688 3660 1727 sua

1960 1753 2187 1808 recitari
2215 1755 2393 1809 libros
2420 1758 2730 1811 nonnullos
2762 1759 2861 1829 qui
2904 1760 2962 1813 in
2994 1776 3209 1814 canone
3239 1761 3659 1830 Scripturarum

1958 1842 2159 1913 synodi
2216 1844 2553 1898 auctoritate
2584 1847 2889 1900 constituto
2921 1848 3159 1902 minime
3188 1850 3459 1911 contenti,
3492 1866 3521 1902 e
3550 1866 3658 1903 nu-

1958 1948 2116 1987 mero
2176 1937 2339 1987 erant
2393 1936 2873 2005 apocryphorum,
2928 1937 3136 2006 quibus
3186 1938 3256 1991 ad
3301 1938 3655 1993 inducendos

1957 2019 2017 2073 in
2049 2020 2306 2075 fraudem
2353 2023 2595 2092 populos
2644 2024 2815 2094 vulgo
2862 2024 3114 2078 haeretici
3152 2026 3552 2093 abutebantur,
3591 2044 3655 2081 ac

1959 2124 2078 2177 pra:
2125 2109 2345 2162 caeteris
2393 2110 2704 2178 Manichaei,
2748 2111 2847 2181 qui
2900 2112 3087 2183 reipsa
3132 2114 3510 2168 narrabantur
3548 2116 3657 2170 hoc

1957 2196 2017 2249 in
2043 2197 2168 2250 loco
2200 2197 2442 2252 libenter
2468 2199 2688 2253 latitare
2717 2200 2903 2269 (Ibid.,
2929 2217 2984 2254 τι.
3017 2201 3087 2268 3).
3117 2202 3228 2255 Nec
3256 2204 3450 2273 procul
3479 2204 3653 2258 dubio

1958 2284 2112 2338 aliud
2142 2284 2270 2351 fuit,
2304 2302 2404 2339 cur
2432 2287 2696 2340 Aurelius
2745 2305 2778 2341 a
2818 2289 3225 2344 communione
3257 2306 3357 2344 sua
3396 2291 3653 2355 Quintia-

1956 2388 2096 2427 num
2152 2378 2459 2436 amoveret,
2510 2375 2770 2445 quamvis
2824 2377 2892 2431 de
2949 2378 3071 2448 ejus
3109 2395 3278 2432 causa
3317 2380 3650 2434 sententiam

1957 2461 2240 2528 ultimam,
2273 2463 2738 2533 occupationibus
2765 2464 3066 2533 distentus,
3096 2468 3353 2521 nondum
3384 2468 3606 2523 tulisset
3636 2485 3648 2522 :

1955 2565 2155 2602 verum
2186 2552 2461 2603 statuerat
2488 2550 2635 2604 circa
2678 2551 2888 2605 Natalis
2921 2553 3200 2607 Dominici
3230 2553 3399 2607 ferias
3439 2555 3509 2609 ad
3547 2555 3650 2608 Ba-

1957 2637 2321 2693 dezilitanam
2352 2639 2654 2693 Ecclesiam
2686 2656 2745 2693 se
2775 2640 3027 2695 conferre
3059 2642 3242 2711 (lbid.,
3274 2658 3329 2695 η.
3361 2640 3436 2710 ‘2).

2026 2730 2076 2780 5.
2114 2726 2321 2780 Eadem
2365 2742 2594 2796 quoque
2635 2732 2974 2797 tempestate
3021 2729 3276 2798 contigit,
3306 2733 3372 2782 ut
3417 2727 3648 2799 quidam

1957 2815 2307 2880 adolescens,
2342 2814 2577 2868 nomine
2607 2814 2868 2878 Privatio,
2901 2816 3001 2885 qui
3030 2816 3261 2869 nonnisi
3290 2816 3461 2869 semel
3492 2815 3653 2885 quid-

1952 2903 2110 2973 piam
2138 2918 2206 2955 ex
2249 2902 2589 2972 apocryphis
2618 2902 2778 2955 libris
2826 2902 3157 2972 hujusmodi
3196 2903 3410 2972 legerat
3450 2903 3510 2955 in
3552 2902 3649 2956 illa

1953 2990 2207 3055 ecclesia,
2238 2990 2457 3044 veniret
2496 2991 2567 3045 ad
2606 2991 3016 3061 Augustinum,
3048 3008 3259 3061 rogans
3306 2995 3370 3044 ut
3416 2991 3539 3061 ejus
3589 2991 3647 3045 in

1952 3079 2302 3134 monasterio
2330 3078 2683 3149 reciperetur
2706 3080 2887 3148 (Ibid,
2910 3096 2964 3133 τι.
3000 3081 3069 3148 3).
3105 3081 3261 3134 Hunc
3291 3096 3405 3133 non
3434 3080 3651 3149 putavit

1953 3172 2181 3222 sanctus
2209 3166 2459 3220 Antistes
2492 3166 2715 3220 lectoris
2742 3167 3072 3222 habendum
3102 3168 3243 3233 loco,
3276 3183 3380 3221 nec
3410 3166 3649 3237 proinde

1952 3255 2371 3326 subjiciendum
2401 3254 2623 3321 canoni,
2646 3272 2760 3326 quo
2782 3255 3021 3309 vetitum
3042 3259 3180 3321 erat,
3201 3272 3271 3309 ne
3296 3254 3645 3325 reciperetur

1950 3344 2182 3399 alterius
2228 3342 2485 3398 dioecesis
2529 3342 2785 3398 clericus.
2817 3344 2879 3397 Id
2907 3347 3099 3397 tamen
3138 3359 3240 3413 per
3284 3342 3499 3397 litteras
3525 3345 3644 3397 Au—

1950 3432 2092 3487 relio
2132 3420 2487 3503 signiﬁcavit,
2520 3432 2642 3501 ejus
2680 3431 2785 3485 hac
2831 3431 2891 3485 in
2936 3447 2996 3485 re
3044 3430 3380 3484 sententiam
3430 3434 3647 3484 secutu-

1949 3538 2081 3576 rum
2097 3538 2155 3575 se
2185 3521 2499 3575 affirmans.
2522 3519 2840 3590 Augustino
2862 3518 3039 3589 igitur
3062 3518 3403 3583 Quintianus
3425 3516 3647 3587 scripsit

1950 3615 2073 3665 tum
2102 3609 2171 3663 de
2202 3609 2403 3663 eodem
2430 3608 2770 3673 Privatione,
2804 3623 2975 3677 quem
3010 3606 3117 3660 nisi
3142 3606 3365 3660 violatis
3412 3605 3644 3661 canoni-

1951 3700 2056 3753 bus
2085 3696 2308 3751 admitti
2340 3712 2456 3750 non
2499 3712 2660 3767 posse
2703 3695 3110 3760 contendebat;
3142 3698 3266 3748 tum
3308 3695 3377 3749 de
3414 3693 3648 3765 propria

1951 3803 2081 3841 cum
2109 3784 2341 3839 Aurelio
2388 3784 2790 3849 controversia,
2832 3800 2866 3836 a
2904 3799 3017 3853 quo
3049 3799 3212 3837 suam
3254 3799 3478 3838 causam
3530 3798 3648 3835 non

1944 3874 2193 3946 judicari
2238 3873 2601 3944 querebatur.
2650 3874 2781 3942 Ejus
2828 3871 3128 3942 epistolam
3176 3871 3383 3942 pridie,
3432 3873 3529 3926 aut
3581 3871 3649 3925 ad

1952 3978 2241 4017 summum
2270 3961 2446 4017 biduo
2478 3965 2606 4015 ante
2650 3961 2908 4014 Natalem
2945 3959 3174 4014 Domini
3217 3960 3430 4032 accepit
3455 3963 3648 4030 Augu-

1952 4052 2169 4118 stinus;
2204 4066 2377 4121 quam
2419 4053 2475 4103 et
2519 4048 2751 4102 Aurelio
2782 4047 2990 4102 deferri
3037 4064 3103 4103 ea
3134 4052 3325 4102 mente
3366 4048 3561 4113 voluit,
3590 4051 3653 4099 ut

1952 4141 2321 4212 intelligeret,
2365 4139 2573 4209 quibus
2619 4138 2715 4192 ille
2758 4138 2829 4191 de
2866 4137 3035 4191 rebus
3083 4138 3486 4207 expostularet,
3522 4134 3652 4205 qui-

1952 4233 2126 4287 busve
2196 4228 2257 4282 in
2310 4226 2644 4282 defensione
2714 4225 3033 4280 rationibus
3104 4224 3187 4279 uti
3251 4222 3648 4277 constituisset.

1954 4316 2168 4372 Deinde
2198 4315 2385 4369 eidem
2416 4314 2728 4379 Quintiano
2757 4330 2887 4368 cum
2914 4313 3072 4368 omni
3103 4310 3441 4367 urbanitatis
3477 4309 3654 4380 signi-

1955 4403 2221 4459 ﬁcatione
2276 4402 2614 4473 respondit:
2673 4418 2737 4455 ac
2787 4401 2978 4466 simul,
3010 4404 3074 4453 ut
3121 4415 3267 4465 eam,
3302 4414 3417 4464 qua
3462 4412 3655 4451 secum

1956 4492 2250 4562 agebatur,
2282 4490 2568 4544 rationem
2618 4504 2787 4560 aequo
2836 4488 3028 4543 animo
3076 4487 3269 4552 ferret,
3296 4484 3535 4555 perinde
3574 4489 3658 4540 est

1959 4580 2310 4646 adhortatus,
2343 4578 2508 4650 quasi
2553 4577 2930 4632 existimasset
2970 4576 3366 4641 innocentem;
3395 4573 3531 4627 satis
3577 4578 3657 4627 ta-

1956 4685 2091 4724 men
2134 4667 2493 4738 intelligitur,
2544 4682 2676 4720 eum
2726 4664 2835 4719 sibi
2882 4665 2987 4717 hac
3033 4663 3102 4716 de
3147 4677 3207 4715 re
3246 4661 3534 4716 statuendi
3563 4662 3659 4731 jus

1959 4772 2227 4828 arrogare
2254 4756 2526 4811 noluisse.
2558 4754 2709 4820 Quin
2739 4752 2913 4807 etiam
2954 4752 3117 4805 illum
3145 4750 3380 4805 omnino
3421 4751 3531 4805 hoc
3554 4766 3658 4804 no-

1960 4845 2115 4900 mine
2155 4842 2546 4915 reprehendit,
2596 4841 2752 4912 quod
2808 4839 3165 4911 apocryphos
3212 4839 3389 4894 libros
3436 4837 3662 4893 recitari

1953 4934 2218 5006 jusserit;
2276 4950 2338 4988 ac
2392 4935 2671 5002 praeterea
2720 4933 2882 4984 notat
2920 4928 3134 4999 ipsum,
3166 4928 3319 4999 quod
3360 4929 3430 4983 ad
3470 4928 3660 4983 Priva-

1961 5023 2181 5078 tionem
2211 5021 2430 5086 attinet,
2459 5019 2589 5090 plus
2633 5033 2799 5088 aequo
2843 5021 3193 5072 commotum
3235 5016 3426 5071 fuisse.
3463 5016 3532 5070 Se
3561 5032 3661 5069 au-

1960 5115 2078 5165 tem
2113 5111 2182 5165 ab
2221 5110 2343 5180 ejus
2372 5106 2731 5177 suscipienda
2765 5122 2931 5159 causa
2962 5109 3218 5171 excusat;
3247 5120 3378 5159 cum
3414 5102 3529 5157 sint
3565 5100 3663 5155 alii

1964 5198 2244 5252 antistites
2293 5196 2408 5267 qui,
2458 5198 2694 5265 propter
2748 5194 3024 5265 majorem
3076 5197 3198 5247 tum
3250 5190 3661 5254 auctoritatem,

1965 5292 2090 5343 tum
2113 5284 2625 5356 propinquitatem,
2650 5281 2709 5336 id
2728 5282 2950 5337 facilius
2974 5285 3245 5352 praestare
3276 5280 3505 5350 queant.
3534 5276 3665 5347 Ejus

1967 5378 2159 5427 tamen
2216 5372 2517 5441 epistolam
2576 5370 2657 5426 ait
2712 5388 2744 5426 a
2793 5387 2851 5424 se
2903 5371 2975 5425 ad
3027 5368 3321 5423 Aurelium
3372 5365 3665 5419 transmis-

1971 5477 2125 5527 sam;
2156 5476 2270 5514 non
2316 5460 2567 5530 potuisse
2598 5463 2790 5514 autem
2820 5459 3037 5529 populo
3067 5472 3217 5510 cura:
3246 5453 3399 5507 illius
3427 5452 3664 5521 credito,
