4008 6184
299 210 391 260 3H

295 345 328 382 a
377 344 490 400 quo
529 328 746 382 litteras
786 327 971 379 nullas
1017 331 1326 394 acceperat,
1363 325 1638 392 scribere;
1671 330 1795 378 tum
1839 322 1992 392 quod

296 416 418 487 ipse
467 414 688 469 tardius
757 411 1049 477 Quintiani
1121 411 1422 482 epistolam
1484 412 1812 483 accepisset,
1873 414 1998 464 tum

299 504 452 575 quod
483 502 656 574 plebi,
689 518 816 572 quae
848 499 1259 571 dispensationi
1298 516 1416 554 sua:
1446 500 1748 554 commissa
1776 513 1891 552 non
1918 511 2002 550 es-

301 598 403 658 set,
434 593 585 645 ultro
616 591 860 644 scribere
890 606 994 643 nec
1032 589 1286 655 auderet,
1314 605 1419 643 nec
1466 605 1569 642 sua
1607 587 1843 659 quidem
1872 603 1999 640 sen-

301 680 478 735 tentia
529 684 678 733 recte
733 683 952 749 posset;
995 693 1156 730 suam
1209 692 1342 730 vero
1391 677 1570 746 ipsius
1622 677 1693 730 ad
1737 691 1869 730 eum
1923 691 2000 728 re-

302 767 667 836 sponsionem
707 765 974 819 omnibus
1013 764 1178 818 facile
1228 763 1662 818 satisfacturam.
1708 763 2004 834 Signiﬁcat

243 859 258 872 '
303 857 488 918 illum,
528 871 658 908 cum
685 853 932 916 libuerit,
981 853 1053 907 ad
1084 870 1142 906 se
1188 852 1382 906 venire
1417 869 1608 922 posse,
1657 869 1762 905 nec
1793 868 2001 905 onero-

306 961 431 998 sum
461 944 582 997 fore
613 943 919 996 adventum
950 943 1100 1011 ejus;
1133 957 1246 994 non
1290 946 1481 995 tamen
1515 941 1683 996 licere
1736 941 1841 995 sibi
1872 956 2003 994 eum

306 1032 604 1085 admittere
635 1032 704 1083 ad
748 1046 910 1084 suam
951 1029 1436 1097 communionem,
1471 1029 1571 1100 qui
1602 1045 1734 1084 cum
1775 1029 2004 1083 Aurelio

305 1136 420 1174 non
449 1119 911 1173 communicaret.
940 1120 1005 1172 In
1043 1119 1149 1172 hac
1178 1134 1407 1189 quoque
1437 1119 1700 1188 epistola,
1731 1118 1868 1189 quid
1898 1133 2005 1170 nu-

305 1223 467 1275 pera
509 1207 748 1260 concilio
803 1207 871 1260 de
918 1207 1212 1260 monachis
1255 1207 1583 1266 monasterii
1629 1206 2008 1260 desertoribus

309 1299 582 1348 statutum
629 1296 717 1361 sit,
765 1295 1066 1348 observat:
1116 1295 1272 1348 unde
1318 1294 1676 1360 adducimur,
1708 1300 1772 1348 ut
1818 1293 2011 1348 creda-

310 1399 438 1436 mus
494 1399 641 1449 eam,
702 1388 831 1454 post
885 1387 1140 1453 acceptas
1197 1381 1421 1436 circiter
1474 1383 1702 1436 Domini
1753 1383 2011 1436 Natalem

312 1471 604 1535 Quintiani
636 1472 869 1537 litteras,
904 1473 1008 1525 hoc
1039 1476 1291 1524 vertente
1321 1487 1470 1525 anno
1509 1471 1775 1541 scriptam
1812 1471 2009 1536 fuisse;

313 1576 443 1613 cum
472 1576 585 1612 non
628 1560 783 1614 aliud
815 1577 844 1613 e
876 1559 1111 1614 concilio
1141 1561 1408 1629 proferat,
1440 1576 1612 1631 quam
1641 1559 1794 1630 quod
1830 1559 2016 1612 fuerat

315 1649 371 1701 iu
406 1648 836 1719 Carthaginensi
861 1649 1045 1702 idibus
1078 1648 1414 1718 septembris
1444 1648 1832 1702 constitutum.

391 1739 442 1790 6.
477 1737 538 1790 Id
571 1737 752 1790 ferme
802 1735 1078 1806 temporis
1115 1737 1468 1806 Augustinus
1505 1737 1574 1790 de
1616 1753 1784 1789 causa
1821 1736 2014 1789 Abun-

318 1823 496 1877 dantii
554 1824 894 1878 sententiam
935 1824 1082 1886 tulit,
1125 1830 1376 1890 centum,
1407 1828 1472 1878 ut
1528 1824 1648 1894 ipse
1693 1824 2014 1894 proﬁtetur,

321 1911 520 1964 diebus
577 1917 706 1966 ante
767 1912 1123 1965 Dominicum
1183 1913 1408 1966 Pascbae
1451 1914 1654 1982 (Epist.
1706 1916 1794 1982 65,
1840 1929 1896 1966 η.
1939 1913 2016 1982 2),

319 1999 418 2069 qui
448 2004 644 2052 octavo
665 2000 792 2054 idus
821 2000 1020 2070 aprilis
1050 2000 1272 2054 futurus
1302 2007 1439 2054 erat.
1464 2001 1779 2055 Primatum
1809 2001 1867 2054 in
1900 2003 2018 2055 Nu-

321 2086 497 2140 midia
544 2092 679 2140 tunc
725 2087 1020 2142 obtinebat
1058 2088 1370 2158 Xantippus
1411 2088 1570 2158 (Ibid.
1614 2091 1816 2158 titulo)
1849 2107 1861 2143 :
1902 2106 2016 2160 quo

322 2190 456 2227 sane
489 2179 744 2244 tempore
777 2176 989 2230 Pascha
1019 2176 1078 2229 in
1108 2181 1368 2230 octavum
1407 2176 1536 2230 idus
1565 2177 1761 2247 aprilis
1791 2177 2019 2231 nonnisi

324 2278 472 2315 anno
517 2263 1082 2334 quadringentesimo
1119 2265 1366 2318 secundo
1404 2264 1670 2318 incidisse
1712 2265 2016 2335 reperitur.

325 2352 437 2404 Ilac
464 2367 600 2421 ergo
623 2352 691 2404 de
721 2368 780 2405 re
807 2357 960 2406 sexto
981 2353 1251 2405 kalendas
1273 2351 1565 2422 januarias
1587 2352 1723 2406 anni
1753 2353 2020 2423 quadrin-

323 2439 623 2508 gentesimi
653 2440 824 2509 primi
843 2441 1137 2510 judicavit.
1175 2441 1303 2494 Erat
1327 2439 1721 2494 Abundantius
1757 2441 1887 2508 loci,
1920 2441 2020 2512 qui

326 2527 816 2582 Strabonianensis
891 2528 1205 2593 dicebatur,
1261 2528 1320 2581 in
1386 2529 1612 2582 dioecesi
1670 2531 2021 2601 Hipponensi

323 2616 635 2685 presbyter.
672 2616 757 2669 Ibi
778 2633 908 2670 cum
939 2617 1240 2670 Ecclesiam
1267 2616 1632 2686 gubernaret,
1662 2619 1874 2672 famam
1905 2636 2018 2673 non

325 2705 532 2757 bonam
567 2704 776 2758 habere
814 2705 1028 2775 coepit:
1071 2720 1185 2774 qua
1232 2705 1575 2759 conterritus
1617 2705 1750 2760 licet
1797 2712 2022 2761 sanctus

323 2791 592 2859 Antistes,
624 2792 769 2846 nihil
806 2797 998 2846 tamen
1037 2798 1248 2846 temere
1296 2793 1556 2847 credidit.
1593 2795 1800 2848 Verum
1845 2795 2022 2849 factus

322 2878 454 2932 inde
483 2880 797 2944 sollicitior,
830 2896 1066 2949 operam
1097 2881 1271 2947 dedit,
1304 2881 1352 2934 si
1381 2898 1496 2952 quo
1535 2883 1703 2935 modo
1734 2887 1924 2953 posset
1953 2883 2019 2936 ad

322 2965 510 3036 aliqua
543 2968 861 3037 depravatae
904 2967 1056 3020 illius
1099 2968 1226 3022 vitae
1257 2975 1410 3023 certa
1447 2969 1660 3023 indicia
1695 2971 2018 3040 pervenire.

325 3054 578 3108 Primum
616 3056 793 3125 igitur
822 3057 1120 3125 comperit,
1153 3057 1315 3110 illum
1355 3057 1426 3111 de
1470 3059 1713 3128 pecunia
1742 3075 1859 3112 suae
1890 3059 2020 3113 ﬁdei

322 3160 354 3194 a
397 3142 606 3195 rustico
649 3143 864 3196 credita
911 3145 1129 3198 nullam
1173 3161 1336 3216 posse
1379 3147 1735 3215 probabilem
1786 3147 2020 3202 reddere

324 3228 599 3282 rationem
630 3245 643 3282 :
677 3233 847 3301 atque
884 3231 1026 3285 adeo
1064 3232 1210 3286 hanc
1253 3233 1441 3303 ipsum
1480 3233 1540 3287 in
1585 3250 1722 3288 usus
1759 3236 2022 3306 proprios

323 3317 682 3371 convertisse.
720 3320 772 3372 Is
803 3318 1009 3373 deinde
1040 3320 1328 3374 convictus
1373 3320 1500 3387 fuit,
1535 3323 1688 3392 quod
1711 3323 1920 3393 jejunii
1949 3324 2021 3378 ob

325 3405 579 3459 Natalem
611 3407 970 3462 Dominicum
998 3408 1247 3462 instituti
1273 3407 1366 3464 die
1392 3425 1425 3462 a
1453 3409 1762 3481 Gippitano
1785 3410 2022 3482 presby-

322 3497 462 3560 tero,
497 3495 660 3565 quasi
689 3499 753 3550 ut
777 3497 1010 3552 domum
1041 3502 1346 3568 repeteret,
1380 3499 1518 3552 hora
1548 3498 1770 3553 circiter
1799 3499 2014 3570 quinta,

320 3583 429 3636 hoc
449 3587 554 3649 est,
578 3590 770 3640 nostro
793 3585 1062 3657 loquendi
1090 3601 1268 3655 more,
1288 3586 1610 3653 undecima,
1637 3588 1930 3642 discedens
1951 3588 2019 3643 ad

322 3673 576 3741 ejusdem
605 3674 715 3728 loci
739 3675 1060 3741 mulierem,
1089 3691 1218 3746 qua:
1249 3676 1397 3730 male
1429 3677 1716 3745 audiebat,
1747 3677 1904 3731 nullo
1935 3693 2022 3731 co-

319 3760 559 3814 mitante
604 3762 808 3816 clerico
855 3763 1207 3829 divertisset;
1241 3769 1296 3817 et
1339 3765 1595 3835 quamvis
1629 3765 1915 3835 jejunium
1961 3765 2021 3819 in

322 3847 624 3916 Gippitana
655 3849 896 3902 Ecclesia
926 3857 1245 3904 servaretur
1273 3868 1390 3905 non
1422 3869 1583 3905 secus
1611 3869 1674 3906 ac
1712 3852 1773 3906 in
1802 3853 2020 3906 cmteris

324 3934 602 4001 Ecclesiis,
633 3939 826 3988 tamen
859 3938 1012 4006 apud
1045 3939 1305 3992 eamdem
1342 3939 1738 3993 mulierculam
1766 3941 2021 4010 prandis-

321 4031 425 4087 set,
470 4027 757 4084 coenasset,
809 4027 884 4089 et,
927 4025 1081 4094 quod
1130 4026 1572 4096 reprehensione
1627 4027 1856 4098 dignius
1910 4033 2014 4093 est,

321 4114 719 4181 pernoctasset.
757 4112 912 4165 Tunc
941 4129 1072 4166 vero
1119 4113 1394 4183 temporis
1441 4114 1816 4186 Hipponensis
1853 4115 2017 4170 cleri-

322 4215 439 4266 cus,
473 4200 674 4254 eodem
714 4205 975 4271 receptus
1015 4200 1263 4270 hospitio
1304 4201 1473 4260 (unde
1507 4202 1800 4274 publicum
1839 4203 2018 4257 diver-

321 4288 537 4342 sorium
582 4288 753 4342 fuisse
801 4288 963 4342 facile
1012 4289 1345 4358 credideris)
1387 4290 1601 4345 aderat.
1645 4291 1766 4355 Quo
1806 4292 2018 4346 factum

321 4381 424 4442 est,
456 4382 521 4430 ut
557 4382 850 4448 quaerente
887 4378 1205 4448 Augustino
1252 4379 1322 4432 de
1361 4395 1529 4433 causa
1572 4380 1940 4447 Abundantii,
1972 4381 2018 4435 is

321 4470 492 4533 caput
515 4466 622 4518 hoc
647 4483 856 4537 negare
886 4467 1330 4537 haudquaquam
1361 4468 1629 4537 potuerit.
1666 4470 1862 4540 Itaque
1893 4486 2017 4524 san-

321 4557 441 4606 ctus
483 4554 716 4620 Praesul,
749 4556 861 4609 Deo
891 4555 1136 4609 dimissis
1166 4571 1294 4626 quas
1335 4556 1431 4610 ille
1472 4555 1849 4624 inﬁciabatur,
1881 4575 2016 4612 con-

321 4639 620 4693 fessionem
662 4642 807 4696 hanc
845 4645 1104 4698 sufﬁcere
1145 4643 1503 4710 existimavit,
1547 4649 1609 4698 ut
1645 4661 1779 4699 eum
1814 4646 1884 4700 ab
1925 4647 2018 4700 Ec-

321 4727 526 4792 clesiae,
561 4745 732 4798 quam
773 4732 1022 4803 undique
1049 4732 1489 4787 circumstabant
1527 4733 1800 4803 ha'retici,
1832 4735 2013 4788 admi-

322 4815 654 4871 nistratione
700 4825 1035 4887 removeret,
1082 4827 1178 4876 aut
1227 4821 1397 4876 etiam
1446 4826 1684 4892 propter
1728 4822 2013 4879 sinistram

318 4906 529 4960 famam
578 4906 647 4960 de
694 4908 1032 4978 presbyterii
1069 4912 1247 4982 gradu
1299 4911 1627 4983 depelleret.
1680 4913 1792 4966 Hoc
1841 4911 2015 4982 igitur

320 4998 476 5049 sexto
507 4994 779 5048 kalendas
803 4995 1098 5065 januarias
1127 5004 1356 5054 centum
1394 4999 1594 5055 diebus
1643 5005 1773 5054 ante
1805 5000 2014 5055 Pascha

319 5084 529 5138 factum
561 5087 660 5138 est.
695 5084 901 5138 Statuit
931 5084 1326 5141 Abundantius
1362 5089 1433 5143 ad
1472 5089 1868 5160 presbyterum
1907 5093 2010 5143 Ar-

317 5189 763 5240 memanensem,
809 5172 868 5226 in
914 5173 1163 5226 Bullensi
1201 5191 1418 5247 campo,
1465 5178 1612 5232 unde
1662 5182 1909 5244 venerat,
1952 5194 2009 5231 sc

317 5259 588 5329 recipere.
620 5261 713 5314 Est
741 5263 932 5314 autem
965 5259 1125 5312 Bulla
1152 5276 1251 5313 seu
1285 5263 1656 5334 Bulla-Regia
1680 5263 1737 5317 in
1764 5266 2008 5318 Procon-

319 5349 492 5403 sulari
522 5351 652 5404 sita.
689 5349 1050 5420 Quapropter
1073 5350 1454 5420 Augustinum
1482 5353 1723 5423 rogavit,
1757 5355 1842 5406 uti
1873 5353 2007 5407 scri-

318 5435 480 5491 beret
515 5438 584 5492 ad
635 5441 1029 5512 presbyterum
1061 5437 1244 5507 illum,
1278 5454 1341 5492 ac
1388 5439 1470 5493 rei
1517 5441 1713 5508 totius,
1759 5458 1828 5497 ne
1859 5442 2006 5497 forte

1538 201 1696 252 VlTA
1735 200 1787 253 S.
1828 199 2203 253 AUGUSTINI
2249 195 2588 252 EPISCOPI.

3701 199 3799 247 31?.

2108 321 2324 392 aliquid
2353 318 2581 391 gravius
2607 316 3010 388 suspicaretur,
3043 315 3340 369 certiorem
3361 316 3574 370 faceret
3609 333 3622 370 :
3656 316 3816 388 quod

2107 415 2164 464 et
2189 409 2298 481 ipsi
2329 406 2719 462 misericordia
2748 404 2996 476 quadam
3026 404 3300 457 concessit
3337 404 3719 474 Augustinus,
3756 410 3819 458 ut

2108 516 2142 553 a
2181 497 2518 570 presbyterii
2560 510 2799 550 munere
2848 499 3126 562 remotus,
3158 492 3238 547 ibi
3282 509 3412 547 cum
3462 493 3819 564 diligentiori

2110 585 2544 642 existimationis
2575 599 2693 638 suae
2721 599 2879 651 cura,
2912 586 3030 649 aut,
3064 581 3559 652 quemadmodum
3589 582 3669 635 ait
3697 597 3824 634 san-

2111 680 2234 730 ctus
2263 674 2496 740 Praesul,
2529 672 2837 727 correctior
2863 671 3095 724 viveret.
3130 672 3192 724 ln
3232 670 3417 725 indice
3448 670 3824 740 epistolarum

2111 761 2434 834 Augustini,
2462 777 2638 815 unam
2669 760 2742 814 ad
2773 759 3054 813 Victorem
3084 758 3486 829 presbyterum
3514 758 3585 812 de
3615 773 3823 827 campo

2116 852 2367 907 Bullensi
2424 854 2683 904 recenset
2745 847 3030 903 Possidius
3098 847 3180 918 (In
3234 847 3499 913 Indiculo,
3563 862 3684 915 cap.
3736 845 3818 915 7).

2113 939 2548 995 Abundantium
2573 937 2744 991 simul
2775 936 3075 990 admonuit
3103 935 3477 1006 Augustinus,
3503 934 3551 987 si
3580 935 3758 987 vellet
3791 950 3822 985 a

2117 1029 2397 1083 sententia
2428 1027 2490 1080 in
2517 1043 2574 1080 se
2607 1029 2718 1080 lata
2742 1041 3072 1097 provocare,
3104 1023 3159 1078 id
3191 1023 3300 1093 ipsi
3337 1023 3497 1077 intra
3521 1022 3661 1076 anni
3690 1037 3824 1091 spa-

2115 1115 2260 1170 tium
2286 1131 2354 1168 ex
2387 1114 2591 1168 ultimo
2618 1113 2860 1168 concilio
2887 1113 3134 1166 liberum
3156 1128 3275 1166 esse
3299 1110 3519 1180 (Codice
3548 1110 3827 1165 Canonum

2115 1205 2322 1270 Afric.,
2366 1219 2485 1257 can.
2529 1207 2643 1269 79);
2678 1219 2790 1273 quo
2830 1206 3088 1272 tempore
3134 1202 3346 1271 elapso,
3380 1199 3499 1268 jam
3533 1198 3606 1252 ad
3650 1213 3832 1268 agen-

2119 1293 2256 1347 dum
2289 1291 2624 1362 neutiquam
2665 1290 3082 1344 admitteretur.
3111 1288 3392 1357 Xantippo
3434 1301 3670 1356 quoque
3704 1290 3828 1339 tan-

2119 1396 2293 1451 quam
2336 1378 2646 1449 provinciaa
2691 1377 2925 1449 primati
2973 1376 3216 1447 scripsit,
3245 1375 3378 1430 facti
3418 1374 3507 1429 sui
3537 1374 3830 1428 rationem

2122 1468 2463 1522 redditurus.
2525 1472 2781 1538 Cumque
2839 1467 3036 1520 liceret
3090 1463 3455 1519 Abundantio
3509 1463 3829 1533 postulare,

2125 1563 2187 1611 ut
2231 1573 2322 1610 sex
2365 1556 2620 1628 episcopi
2670 1556 2740 1610 de
2783 1572 2951 1609 causa
3002 1555 3126 1625 ejus
3156 1561 3407 1607 extremo
3440 1553 3665 1622 judicio
3701 1567 3832 1621 pro—

2124 1644 2482 1709 nuntiarent;
2513 1644 2819 1714 proﬁtetur
2847 1643 3224 1714 Augustinus,
3257 1643 3304 1695 si
3331 1642 3439 1696 hoc
3469 1642 3530 1695 in
3559 1640 3833 1694 examine

2127 1733 2334 1803 dignus
2361 1731 2717 1802 depositione
2748 1730 2797 1784 is
2823 1747 2939 1784 non
2970 1730 3141 1784 fuerit
3164 1734 3446 1800 repertus,
3465 1745 3634 1799 posse
3660 1744 3833 1799 quem

2126 1821 2379 1890 libuerit,
2411 1821 2463 1874 ei
2492 1821 2792 1875 Ecclesiam
2823 1837 2940 1874 suae
2975 1819 3389 1891 jurisdictionis
3438 1819 3833 1883 committere;

2127 1911 2234 1966 sibi
2261 1927 2393 1965 vero
2416 1911 2474 1966 id
2497 1912 2652 1964 nullo
2683 1910 2854 1965 modo
2885 1926 3006 1963 esse
3027 1910 3334 1980 integrum,
3361 1924 3430 1961 ne
3460 1924 3592 1978 quae
3621 1907 3838 1961 damna

2127 1998 2260 2052 hinc
2305 1999 2452 2053 forte
2500 1999 2807 2062 orirentur,
2857 1999 2915 2052 in
2961 2015 3018 2053 se
3047 1999 3236 2068 ipsum
3285 1997 3630 2051 reciderent.
3684 1998 3839 2050 Hanc

2128 2086 2426 2156 epistolam
2473 2104 2762 2141 summum
2791 2087 3025 2141 ineunte
3064 2103 3212 2140 anno
3256 2084 3836 2156 quadringentesimo

2129 2176 2394 2242 secundo,
2457 2181 2514 2230 et
2573 2176 2745 2230 dubio
2814 2176 3011 2246 procul
3077 2179 3209 2229 ante
3272 2175 3504 2240 Pascha,
3561 2173 3839 2244 scriptam

2128 2263 2301 2317 fuisse
2343 2268 2587 2334 oportet.

2197 2356 2252 2405 '7.
2306 2353 2655 2406 Refereudus
2704 2351 2931 2405 videtur
2976 2351 3046 2405 ad
3095 2349 3229 2405 anni
3276 2349 3839 2422 quadringentesimi

2130 2440 2303 2512 primi
2333 2441 2548 2495 exitum
2574 2440 2793 2494 tristior
2821 2440 2917 2493 ille
2956 2455 3136 2499 casus,
3164 2455 3338 2511 quem
3367 2438 3532 2493 initio
3564 2438 3840 2509 quadrin-

2130 2528 2436 2598 gentesimi
2479 2528 2712 2584 secundi
2753 2532 3039 2582 recentem
3073 2529 3260 2582 adhuc
3298 2527 3530 2597 lugebat
3557 2527 3838 2596 Augusti-

2131 2633 2258 2670 nus.
2292 2618 2584 2688 Crispinus
2627 2616 2975 2672 Calamensis
3020 2633 3050 2670 e
3091 2616 3290 2672 Donati
3330 2621 3489 2686 parte
3535 2615 3840 2686 episcopus

2132 2721 2262 2759 cum
2287 2707 2734 2777 haudquaquam
2767 2722 2833 2759 eo
2855 2704 3182 2758 divitiarum
3211 2709 3387 2770 metu,
3407 2719 3581 2774 quem
3613 2704 3843 2759 Petilia-

2131 2810 2238 2847 nus
2295 2811 2412 2848 suae
2463 2799 2628 2848 sectae
2682 2794 3012 2848 hominibus
3076 2793 3262 2847 inesse
3316 2792 3690 2863 przedicabat,
3744 2793 3844 2847 sed

2132 2899 2327 2936 amore
2359 2888 2557 2936 contra
2586 2897 2783 2936 earum
2814 2886 3104 2935 teneretur
3135 2881 3353 2951 (Contra
3386 2881 3626 2934 Litteras
3657 2880 3841 2947 Pettl.,

2132 2972 2227 3026 lib.
2269 2976 2322 3038 2,
2355 2989 2400 3026 ο.
2434 2975 2521 3039 99,
2553 2988 2607 3025 η.
2650 2973 2809 3040 2‘28);
2851 2975 3045 3024 coacta
3091 2969 3352 3039 pecunia!
3400 2984 3516 3021 non
3563 2967 3844 3022 mediocri

2132 3077 2355 3114 summa
2409 3060 2689 3131 praedium
2747 3058 2885 3113 emit
2940 3058 3341 3128 Mappaliense,
3384 3073 3500 3109 non
3551 3055 3722 3127 longe
3775 3057 3843 3109 ab

2133 3146 2389 3218 Hippone
2433 3147 2609 3201 situm
2659 3145 2870 3216 (Epist.
2924 3148 3011 3208 66,
3044 3162 3100 3199 η.
3149 3145 3222 3214 1),
3256 3144 3417 3214 cujus
3466 3144 3706 3198 miseros
3754 3145 3843 3197 in-

2132 3236 2280 3290 colas
2318 3241 2436 3289 tam
2477 3235 2755 3288 violenter
2803 3233 3088 3304 oppressit
3134 3239 3305 3304 atque
3352 3233 3735 3298 conturbavit,
3781 3241 3846 3287 ut

2132 3340 2247 3376 uno
2279 3322 2510 3377 terroris
2539 3321 2760 3392 impetu
2796 3320 3084 3390 octoginta
3121 3321 3300 3374 ferme
3339 3319 3560 3373 animas
3600 3320 3842 3374 misera—

2130 3411 2233 3466 bili
2272 3410 2487 3482 gemitu
2534 3409 2894 3463 mussitantes
2939 3425 3054 3462 non
3105 3408 3378 3462 dubitarit
3422 3408 3838 3479 rebaptizando

2131 3499 2497 3570 submergere
2531 3499 2698 3569 (Cont.
2733 3499 2967 3551 Litteras
2990 3499 3171 3562 Petil.,
3197 3498 3291 3550 lib.
3317 3500 3370 3562 2,
3400 3513 3446 3550 c.
3479 3499 3569 3562 83,
3601 3513 3660 3552 η.
3693 3498 3838 3568 184).

2129 3587 2482 3659 Augustinus
2514 3585 2752 3640 luctuosi
2784 3587 3016 3656 hujusce
3051 3585 3184 3639 facti
3211 3585 3404 3639 dolore
3433 3602 3683 3655 pressus,
3716 3586 3839 3640 Cri-

2130 3677 2294 3748 spino
2346 3692 2450 3748 per
2501 3675 2722 3730 litteras
2779 3674 3139 3745 signiﬁcavit,
3190 3690 3248 3727 se
3310 3674 3548 3744 quidem
3603 3673 3839 3729 efﬁcere

2129 3781 2314 3836 posse,
2347 3771 2415 3819 ut
2458 3765 2653 3820 decem
2692 3764 2818 3818 auri
2861 3763 3070 3834 pondo,
3103 3762 3311 3834 quibus
3349 3762 3583 3816 clericos
3608 3763 3839 3818 haereti-

2129 3870 2222 3908 cos
2249 3853 2598 3908 Theodosins
2628 3854 2949 3917 mulctarat,
2984 3853 3260 3917 solveret;
3288 3851 3458 3904 malle
3479 3855 3676 3905 tamen
3702 3868 3838 3906 eum

2131 3942 2460 4004 admonere,
2493 3946 2557 3996 ut
2598 3941 2736 4012 quid
2779 3942 2893 3994 Deo
2947 3940 3055 4010 ipsi
3095 3954 3474 4009 responsurus
3513 3939 3605 4006 sit,
3649 3941 3838 4009 provi-

2128 4031 2301 4085 deat:
2363 4031 2514 4102 quod
2572 4030 2618 4084 si
2675 4029 2922 4082 afﬁrmet
2981 4029 3206 4082 colonos
3260 4027 3672 4098 Mappalienses
3733 4046 3837 4082 sua

2129 4124 2328 4189 sponte
2376 4120 2498 4190 ejus
2538 4117 2845 4188 suscepisse
2891 4115 3376 4183 communionem,
3416 4121 3613 4186 petere
3651 4135 3732 4183 se,
3773 4123 3838 4170 ut

2127 4207 2266 4277 ipsis
2303 4206 2683 4277 praesentibus
2729 4205 3009 4258 habeatur
3057 4203 3380 4275 Crispinum
3429 4204 3580 4259 inter
3627 4210 3683 4259 et
3725 4210 3837 4260 Au-

2129 4295 2424 4366 gustinum
2455 4295 2525 4350 de
2557 4293 2814 4348 Ecclesia:
2841 4309 3010 4348 causa
3035 4293 3365 4364 disputatio,
3390 4298 3448 4347 et
3473 4309 3602 4365 quas
3634 4295 3836 4348 utrim-

2128 4401 2238 4455 que
2267 4383 2543 4448 dicentur,
2578 4381 2787 4453 scripta
2821 4387 2990 4452 atque
3019 4382 3315 4452 obsignata
3353 4381 3558 4436 iisdem
3603 4383 3834 4436 rusticis

2126 4472 2332 4543 punica
2371 4472 2570 4542 lingua
2601 4475 2993 4542 exponantur;
3030 4471 3238 4542 quibus
3268 4471 3536 4541 peractis,
3571 4470 3686 4524 illis
3727 4488 3835 4541 per

2126 4559 2448 4631 Crispinum
2472 4565 2718 4630 potestas
2749 4560 2869 4629 ﬁat,
2900 4565 3091 4614 utram
3130 4559 3326 4626 velint,
3354 4559 3829 4614 communionem

2126 4649 2392 4720 eligendi.
2418 4649 2587 4703 Addit
2612 4653 2909 4718 praeterea,
2933 4649 2978 4702 si
3016 4665 3155 4718 quas
3185 4647 3356 4702 etiam
3386 4648 3582 4719 plebes
3605 4649 3826 4719 Crispi-

2125 4755 2230 4792 nus
2258 4744 2419 4808 putet
2451 4745 2605 4792 metu
2649 4738 3015 4792 dominorum
3060 4741 3279 4790 coactas
3307 4753 3341 4791 a
3386 4737 3699 4791 Donatistis
3730 4737 3831 4791 de-

2125 4827 2369 4892 scivisse,
2425 4843 2482 4880 se
2539 4826 2874 4897 neutiquam
2927 4841 3208 4891 recusare,
3268 4825 3410 4896 quin
3465 4825 3571 4878 hoc
3632 4825 3828 4894 ipsum

2123 4925 2179 4969 et
2215 4915 2294 4969 ibi
2344 4915 2460 4982 ﬁat,
2506 4915 2660 4986 ipsos
2707 4914 2916 4968 scilicet
2961 4914 3157 4968 ambos
3206 4914 3462 4977 audiant,
3495 4912 3682 4984 iisque
3726 4930 3829 4967 au-

2123 5003 2256 5058 ditis
2306 5004 2521 5075 eligant
2573 5003 2719 5074 quod
2771 5002 3067 5073 placuerit.
3115 5001 3330 5066 Quibus
3375 5006 3436 5055 ut
3484 5002 3830 5071 respondeat

2123 5092 2436 5162 Crispinus,
2479 5109 2611 5147 eum
2661 5109 2765 5162 per
2812 5091 3120 5145 Dominum
3169 5091 3457 5145 Christum
3512 5091 3831 5144 obtestatur

2123 5179 2318 5249 (Epist.
2373 5184 2459 5248 66,
2512 5196 2604 5233 nn.
2660 5185 2678 5234 1
2734 5182 2810 5250 2).
2879 5180 3216 5250 Quanquam
3267 5179 3373 5233 hoc
3427 5195 3542 5231 non
3594 5183 3828 5248 poterat

2121 5267 2412 5338 Crispinus
2458 5268 2749 5339 defugere,
2805 5267 2947 5338 quin
3019 5267 3188 5322 simul
3245 5283 3306 5319 se
3371 5266 3524 5320 haud
3581 5267 3826 5322 veritate

2120 5356 2223 5411 niti
2267 5357 2622 5411 declararet:
2673 5356 2790 5410 veri
2835 5361 3030 5410 tamen
3093 5354 3278 5409 simile
3323 5360 3426 5421 est,
3461 5353 3631 5408 illum
3685 5371 3821 5415 con-

2121 5443 2399 5498 ditionem
2468 5443 2704 5498 minime
2783 5459 2985 5498 ausum
3052 5444 3324 5524 accipere,
3383 5458 3454 5496 ne
3519 5443 3825 5498 manifesta
