4008 6184
144 227 234 277 313
1613 224 1817 279 LlBER
1858 225 2171 288 QUINTUS.

139 342 314 397 clades
342 341 459 413 ipsi
486 345 658 408 esset,
687 357 858 413 quam
889 340 1046 411 fuga,
1072 341 1493 411 propudiosior.

804 429 1031 483 CAPUT
1072 429 1188 482 VII.

153 525 168 574 l
198 520 576 575 Controversia
604 519 976 585 Augustinum
1007 520 1145 571 inter
1185 533 1249 571 ac
1291 519 1542 574 Severum
1581 521 1848 574 Milevita-

205 623 328 659 nu-m
385 610 617 675 propter
672 607 1003 659 Timotheum
1068 611 1274 660 exorta.
1337 611 1367 657 2
1423 609 1576 662 Hunc
1635 611 1843 674 Severo,

204 696 475 748 obstinate
509 696 664 748 illum
701 697 1019 763 reposcenti,
1055 696 1224 749 mittit
1261 698 1622 764 Augustinus.
1671 701 1700 752 3
1741 699 1848 753 0r-

206 786 501 838 natissima
540 784 785 838 laudat-io
825 786 1136 851 Augustino
1179 786 1311 838 data
1353 801 1388 838 a
1429 787 1639 841 Severo.
1670 788 1703 840 4
1727 787 1845 841 Au-

204 876 420 939 gustini
440 875 715 940 responsio
737 872 811 925 ad
830 873 937 926 sibi
959 873 1146 926 datam
1169 874 1236 926 ab
1259 876 1431 928 amico
1460 875 1842 929 laudationem.

207 967 234 1016 5
264 962 621 1016 Necessitudo
660 967 869 1030 quanta
905 961 1213 1028 Augustino
1251 965 1369 1016 erat
1406 977 1522 1017 cum
1556 963 1768 1030 Severo,
1799 966 1848 1015 et

203 1052 396 1119 capita
426 1050 676 1118 quadam
705 1065 773 1103 ea:
802 1050 965 1118 hujus
996 1050 1243 1104 historia.

207 1142 254 1191 1.
299 1138 543 1208 Scriptus
584 1144 717 1192 sunt
761 1138 985 1192 circiter
1041 1137 1098 1192 id
1148 1138 1421 1210 temporis
1470 1137 1727 1208 epistolae
1778 1137 1847 1192 ad

140 1228 413 1282 Severum
463 1228 589 1280 duae
642 1227 840 1297 (Epist.
888 1230 976 1293 62,
1026 1231 1078 1280 et
1122 1229 1299 1296 Epist.
1352 1229 1470 1297 63),
1521 1226 1846 1281 Milevitano

139 1314 378 1369 concilio
417 1315 700 1383 nondum,
741 1319 803 1369 ut
839 1321 1035 1386 postea
1073 1315 1248 1369 visuri
1289 1332 1506 1382 sumus,
1541 1317 1844 1370 celebrato.

139 1404 379 1457 Severus
409 1403 507 1456 ille
537 1402 658 1456 sine
688 1402 1072 1456 controversia
1109 1402 1264 1456 idem
1294 1407 1377 1456 est
1408 1403 1528 1474 qui,
1557 1408 1687 1473 post
1716 1419 1848 1455 exa—

139 1497 249 1545 ctos
282 1492 344 1544 in
377 1491 727 1545 monasterio
755 1491 1063 1562 Augustini
1094 1492 1312 1563 aliquot
1352 1508 1548 1558 annos,
1584 1491 1850 1546 Milevita-

138 1597 238 1634 nus
265 1581 576 1652 episcopus
607 1587 830 1634 creatus
857 1584 942 1634 est
986 1580 1151 1650 (Vide
1183 1591 1373 1651 supra,
1408 1581 1500 1636 lib.
1544 1583 1597 1650 3,
1638 1597 1758 1651 cap.
1793 1584 1846 1648 5,

139 1687 181 1722 η.
227 1673 280 1738 3)
333 1685 350 1722 :
393 1669 457 1722 in
495 1685 606 1739 qua
651 1669 784 1723 sede
832 1685 947 1722 non
992 1686 1198 1739 parum
1248 1670 1686 1724 existimationis
1725 1671 1849 1742 jam

140 1764 257 1811 tum
288 1757 406 1810 sibi
436 1763 888 1828 comparaverat,
921 1774 1052 1812 cum
1097 1760 1399 1814 Paulinum
1429 1761 1552 1830 ejus
1591 1759 1845 1824 nomine,

137 1847 251 1916 ipse
283 1846 362 1900 ad
401 1845 796 1918 episcopatum
827 1847 1012 1901 adhuc
1050 1863 1248 1902 recens
1296 1853 1543 1914 evectus,
1583 1848 1850 1918 Augusti-

137 1952 237 1990 nus
278 1935 490 1988 amicis
533 1935 720 1990 verbis
762 1937 1042 1990 salutabat
1083 1939 1284 2007 (Epist.
1329 1941 1416 2004 31,
1465 1953 1520 1991 n.
1564 1941 1634 2006 9).
1681 1938 1847 1992 Seve—

136 2042 223 2078 rus
249 2041 495 2096 quoque
523 2024 739 2079 litteras
766 2025 837 2079 ad
867 2025 1172 2080 Paulinum
1193 2031 1330 2080 tunc
1359 2026 1668 2080 destinasse
1697 2026 1850 2080 vide-

135 2120 221 2167 tur
255 2132 268 2167 :
305 2131 447 2168 cum
480 2113 572 2168 hic
609 2114 867 2168 lietitiam
898 2131 1084 2183 suam,
1118 2115 1192 2168 ob
1223 2119 1480 2185 acceptas
1507 2114 1575 2167 ab
1607 2131 1674 2168 eo
1705 2115 1851 2168 sicut

134 2205 182 2253 et
211 2202 290 2254 ab
326 2200 460 2253 aliis
487 2200 874 2270 compluribus
917 2201 1124 2254 sanctis
1155 2217 1220 2254 ac
1264 2201 1688 2255 venerabilibus
1729 2200 1848 2270 epi-

135 2290 318 2360 mpis
365 2289 608 2354 litteras,
647 2289 984 2343 testiﬁcetur
1027 2289 1224 2360 (Epist.
1279 2293 1365 2357 32,
1417 2305 1474 2343 n.
1523 2292 1595 2359 l).
1648 2289 1847 2343 Profu-

133 2383 293 2432 turus
327 2377 608 2432 Cirtensis
634 2378 930 2449 aliquanto
951 2382 1078 2448 post
1103 2379 1173 2432 ab
1201 2378 1519 2448 Augustino
1546 2377 1655 2432 fuit
1682 2394 1848 2449 roga-

133 2473 235 2533 tus,
267 2471 341 2521 ut
370 2467 499 2538 ejus
531 2467 765 2521 nomine
802 2467 1093 2532 Severum,
1127 2466 1196 2520 ad
1235 2483 1406 2537 quem
1437 2466 1545 2537 ipsi
1573 2482 1676 2536 per
1703 2471 1848 2520 tem-

133 2573 230 2626 pus
275 2571 400 2610 non
440 2555 648 2610 licebat
691 2555 955 2618 scribere,
999 2555 1270 2608 salutaret
1311 2557 1509 2624 (Epist.
1556 2557 1644 2621 38,
1673 2571 1728 2608 η.
1763 2555 1838 2625 3).

134 2645 336 2698 Ortum
359 2660 535 2698 suum
563 2645 800 2699 Severus
820 2644 1006 2698 eidem
1031 2643 1164 2698 urbi
1187 2643 1451 2713 debebat,
1472 2649 1644 2714 atque
1662 2647 1852 2714 Augu-

131 2735 337 2798 stinus,
373 2739 435 2786 et
461 2750 580 2787 una
603 2734 771 2787 ambo
800 2733 900 2787 diu
928 2734 1289 2803 multumque
1321 2732 1512 2786 divino
1545 2733 1716 2786 verbo
1743 2749 1848 2802 pa-

133 2823 195 2875 sti
221 2823 471 2876 tuerant
510 2823 713 2891 (Epist.
743 2824 830 2888 84,
862 2837 922 2876 n.
979 2823 1022 2890 l)
1061 2837 1073 2874 :
1107 2826 1169 2874 ut
1209 2821 1632 2892 quantumlibet
1669 2822 1853 2875 valeat

133 2927 374 2964 concors
418 2911 663 2964 fraterni
713 2911 1006 2981 sanguinis
1053 2911 1422 2981 germanitas,
1470 2910 1628 2964 nulla
1658 2913 1851 2963 tamen

133 3001 384 3054 vinceret
419 2999 691 3053 amicitia
720 2999 1034 3065 vinculum,
1064 3015 1177 3069 quo
1203 2999 1310 3053 sibi
1335 2999 1576 3052 invicem
1608 2998 1852 3053 inhaere-

139 3089 296 3142 bant.
336 3090 542 3158 Neque
572 3093 764 3141 tamen
795 3087 853 3141 id
883 3087 1202 3158 prohibuit,
1234 3087 1544 3158 quominus
1574 3087 1725 3141 inter
1756 3104 1853 3140 eos

140 3177 406 3232 nonnihil
437 3176 734 3230 discordiae
765 3177 1131 3230 suboriretur.
1161 3176 1269 3231 Res
1299 3176 1530 3247 quidem
1559 3175 1712 3230 haud
1740 3192 1856 3229 me-

138 3266 420 3321 diocriter
459 3265 726 3319 intricata
763 3269 849 3319 est
888 3281 900 3318 :
951 3269 1342 3319 verumtamen
1380 3264 1490 3318 hoc
1528 3280 1654 3318 eam
1691 3269 1854 3334 pacto

135 3354 401 3426 expediri
444 3369 612 3423 posse
668 3353 1012 3407 arbitramur
1075 3354 1336 3424 Coeperat
1383 3351 1619 3423 quidam
1663 3353 1852 3406 Timo-

135 3446 303 3498 theus
355 3442 515 3511 apud
551 3441 887 3507 Subsanam,
930 3441 1313 3512 Hipponensis
1356 3441 1675 3508 dimceseos,
1719 3458 1852 3495 nec-

133 3548 248 3586 non
293 3531 429 3585 aliis
476 3530 814 3602 quibusdam
864 3530 925 3583 in
969 3530 1243 3592 Ecclesiis,
1284 3530 1355 3584 ad
1403 3530 1664 3584 eamdem
1710 3529 1852 3584 forte

134 3621 438 3676 dioecesim
495 3618 937 3690 pertinentibus,
988 3618 1212 3688 publice
1269 3618 1589 3689 Scripturas
1643 3619 1850 3688 legere.

133 3711 507 3781 Quapropter
545 3707 597 3761 ei
637 3706 864 3761 lectoris
909 3707 989 3761 ibi
1031 3723 1240 3761 munus
1287 3707 1516 3778 adepto,
1565 3707 1633 3761 ad
1682 3707 1853 3761 aliam

135 3799 450 3854 Ecclesiam
501 3800 749 3851 transire
815 3795 1034 3850 licitum
1091 3812 1208 3850 non
1275 3801 1413 3850 erat.
1471 3795 1853 3850 Nihilominus

133 3895 334 3942 tamen
353 3887 549 3958 ipsum
573 3887 642 3940 de
665 3885 911 3956 petendo
933 3886 1132 3940 Milevo
1157 3884 1428 3955 cogitasse
1453 3884 1847 3955 intelligimus.

135 3978 332 4031 \‘etnit
362 3976 607 4048 quidem
639 3975 878 4029 Severus
906 3990 978 4028 ne
1017 3974 1090 4028 ad
1120 3989 1177 4027 sc
1210 3974 1408 4037 adiret,
1445 3973 1554 4027 nisi
1596 3990 1725 4027 cum
1764 3989 1852 4028 ve-

135 4065 224 4118 nia
255 4064 630 4128 Carcedonii,
659 4063 757 4134 qui
787 4068 981 4118 utrum
1012 4062 1387 4118 Subsanensis
1415 4062 1713 4133 presbyter
1741 4061 1854 4115 fue-

131 4155 223 4218 rit,
259 4169 474 4219 necne,
505 4153 660 4207 haud
690 4152 823 4207 satis
852 4156 1092 4206 constat.
1125 4152 1210 4205 Ad
1241 4151 1403 4205 illum
1444 4154 1634 4205 tamen
1659 4151 1850 4204 Timo-

131 4243 320 4311 theus,
344 4242 574 4296 nullam
594 4241 742 4312 jussi
773 4236 944 4312 hujus
971 4241 1252 4295 rationem
1280 4239 1516 4305 habens,
1551 4255 1653 4292 nec
1675 4239 1852 4309 petito

128 4330 475 4386 Carcedonii
522 4345 822 4394 consensu,
869 4345 926 4383 se
975 4329 1234 4383 contulit.
1280 4330 1466 4398 Atque
1519 4328 1639 4381 haec
1677 4327 1851 4381 totius

127 4420 236 4474 fuit
278 4418 519 4475 discidii
545 4418 706 4488 origo
733 4418 929 4488 (Epist.
965 4421 1052 4485 63,
1087 4434 1179 4471 nn.
1227 4421 1277 4485 1,
1319 4420 1394 4484 2).
1431 4417 1572 4470 Nam
1615 4432 1744 4470 cum
1772 4416 1852 4469 ei-

127 4510 260 4563 dem
293 4509 565 4574 Severus,
597 4512 663 4560 ut
691 4523 795 4578 par
839 4511 977 4571 erat,
1013 4511 1208 4560 auctor
1250 4506 1469 4572 fuisset,
1507 4510 1563 4558 ut
1607 4506 1678 4559 ad
1715 4505 1853 4560 Sub-

126 4612 334 4649 :anam
367 4594 590 4648 rediret
621 4595 734 4648 Deo
764 4593 980 4648 ibidem
1003 4593 1450 4660 ministraturus,
1480 4592 1571 4647 hic
1603 4593 1854 4664 interpo-

124 4684 234 4737 sito
259 4684 681 4756 jurejurando
710 4683 1034 4748 affirmavit,
1065 4699 1124 4736 se
1155 4682 1222 4735 ab
1257 4682 1378 4752 ipso
1411 4683 1565 4735 nulla
1596 4691 1879 4752 unquam'

121 4789 299 4826 causa
350 4787 717 4826 recessurum
757 4772 960 4841 (Epist.
1005 4773 1094 4838 62,
1137 4787 1192 4824 η.
1231 4773 1306 4838 2).
1349 4770 1603 4840 Contigit
1638 4775 1850 4835 tamen,

124 4866 184 4912 ut
212 4861 553 4915 Subsanam
591 4865 897 4930 repeteret.
940 4861 1166 4913 Interea
1207 4859 1446 4914 Severus
1483 4875 1615 4913 cum
1654 4861 1852 4928 Augu-

118 4950 280 5003 stino
327 4963 662 5002 sermonem
702 4947 963 5016 contulit,
1006 4947 1179 5018 idque
1227 4948 1374 5002 forte
1421 4948 1716 5018 Hippone;
1751 4963 1856 5001 nec

119 5037 192 5090 ub
225 5038 417 5091 aliam
452 5037 652 5108 procul
685 5036 859 5090 dubio
894 5052 1146 5103 causam,
1179 5035 1291 5090 nisi
1334 5040 1395 5090 ut
1435 5037 1502 5090 ab
1550 5053 1618 5091 eo
1659 5035 1854 5090 Timo-

118 5127 333 5179 theum
365 5125 725 5196 impetraret.
753 5126 962 5179 Verum
992 5125 1130 5180 dum
1155 5125 1507 5195 Augustinus
1539 5141 1731 5179 secum
1761 5140 1852 5178 re-

123 5221 322 5283 putat,
358 5215 501 5284 quid
532 5214 602 5268 de
633 5213 731 5268 illo
762 5213 1128 5268 statuendum
1159 5214 1248 5278 sit,
1285 5219 1441 5267 ratus
1471 5214 1743 5268 Severum
1783 5229 1846 5267 ex

116 5304 344 5357 collato
374 5302 622 5357 invicem
653 5318 916 5356 sermone
949 5302 1150 5356 adduci
1184 5302 1461 5372 potuisse,
1485 5307 1548 5356 ut
1576 5303 1738 5357 illum
1767 5317 1850 5356 se~

121 5408 262 5445 cum
297 5407 429 5445 esse
467 5395 786 5463 pateretur,
819 5391 1084 5446 eumdem
1122 5392 1397 5447 Subsana:
1441 5392 1853 5446 subdiaconum

111 5480 412 5546 ordinari,
445 5480 572 5552 ejus
605 5479 864 5535 Ecclesiae
891 5479 1193 5552 presbyter
1221 5485 1278 5536 et
1303 5480 1449 5535 alius
1481 5481 1716 5553 quidam
1745 5480 1852 5533 Ve-

3553 235 3657 288 Bl-i

1957 341 2115 396 riuus
2140 345 2351 412 praeter
2380 341 2676 396 consilium
2714 347 2768 396 et
2793 345 3146 400 voluntatem
3177 347 3503 418 Augustini,
3537 368 3668 420 pro-

1957 437 2159 486 curant
2191 433 2388 501 (Epist.
2428 435 2513 497 63,
2552 448 2606 486 n.
2646 436 2718 503 1).
2752 435 2877 487 Non
2917 434 2997 488 ita
3028 435 3207 489 multo
3236 442 3362 507 post
3386 439 3664 507 Augusti-

1961 537 2066 574 nus
2105 538 2233 574 cum
2275 521 2477 591 Alypio
2507 526 2563 575 et
2602 522 2866 592 episcopo
2916 524 3207 578 Samsucio
3246 526 3561 580 Subsanam
3608 543 3666 580 se

1958 610 2199 663 contulit
2229 611 2422 679 (Epist.
2471 614 2556 679 62,
2606 628 2661 665 n.
2715 614 2782 679 l),
2816 611 2913 666 ubi
2944 613 3011 667 de
3059 613 3129 665 iis
3173 630 3301 684 quae
3353 631 3455 684 per
3505 631 3666 668 suam

1958 696 2214 766 ipsorum
2235 697 2548 752 absentiam
2577 704 2630 752 et
2650 705 2847 753 contra
2871 701 3219 755 voluntatem
3249 703 3393 756 facta
3416 703 3667 772 fuerant,

1959 785 2270 856 quaestione
2302 787 2515 854 habita,
2552 804 2743 842 rerum
2776 806 2917 860 quas
2944 797 3276 861 acceperant
3304 792 3442 845 alias
3471 792 3662 859 falsas,

1958 873 2097 926 alias
2137 890 2316 938 veras,
2366 875 2461 929 sed
2507 892 2704 929 omnes
2745 878 3008 931 molestas
3058 896 3177 933 esse
3223 885 3657 950 compererunt.

1957 961 2172 1025 Quibus
2199 968 2391 1017 tamen
2423 965 2660 1030 mederi,
2692 967 2878 1036 quoad
2921 972 3181 1038 potuere,
3215 968 3427 1038 partim
3468 969 3664 1039 objur-

1958 1051 2167 1119 gando,
2194 1052 2406 1122 partim
2436 1054 2746 1121 monendo,
2779 1055 2990 1124 partim
3022 1058 3237 1110 orando
3267 1057 3452 1111 conati
3485 1062 3617 1110 sunt
3651 1073 3664 1110 :

1959 1139 2318 1210 objurgando
2354 1141 2591 1211 quidem
2622 1158 2715 1196 eos
2745 1143 2843 1213 qui
2881 1145 2940 1196 in
2973 1144 3080 1198 hoc
3120 1149 3236 1198 toto
3268 1145 3497 1214 negotio
3524 1145 3665 1199 deli—

1959 1233 2234 1297 querant;
2261 1232 2385 1281 tum
2417 1245 2547 1283 vero
2577 1231 2699 1296 hos,
2733 1231 2989 1302 aliosque
3021 1234 3326 1298 monendo,
3359 1233 3498 1303 quid
3527 1233 3665 1303 ipsis

1958 1315 2019 1368 in
2049 1320 2342 1384 posterum
2381 1319 2770 1386 praestandum
2810 1324 2977 1387 esset,
3019 1337 3132 1390 quo
3167 1337 3296 1391 quae
3340 1322 3488 1374 male
3520 1321 3666 1375 facta

1958 1404 2184 1458 fuerant
2221 1405 2663 1475 corrigerentur.
2716 1408 2932 1462 Orando
2973 1413 3171 1474 autem,
3218 1413 3279 1462 ut
3317 1409 3504 1462 verbis
3550 1413 3666 1463 uta-

1960 1506 2091 1544 mur
2115 1491 2438 1562 Augustini,
2476 1495 2814 1548 corremimus
2846 1510 2939 1548 nos
2968 1497 3134 1564 ipsos,
3159 1501 3219 1548 ut
3246 1501 3294 1548 et
3323 1496 3666 1564 gubernatio-

1958 1594 2050 1633 nes
2091 1584 2142 1633 et
2189 1585 2368 1635 escit-us
2408 1587 2715 1636 nostrorum
2751 1585 3096 1638 consiliorum
3143 1585 3526 1639 misericordia:
3571 1587 3667 1639 Dei

1960 1671 2445 1724 commendaremus
2471 1691 2486 1737 ;
2517 1677 2566 1724 et
2595 1673 2645 1724 si
2668 1672 2804 1740 quid
2831 1672 3225 1739 indignationis
3255 1689 3350 1727 nos
3381 1673 3668 1727 momorde-

1959 1761 2070 1824 rat,
2096 1759 2193 1812 sub
2220 1760 2368 1813 illius
2398 1760 2770 1814 medicinalem
2801 1761 3080 1814 derteram
3111 1763 3469 1828 confugiendo
3499 1777 3664 1816 sana-

1958 1861 2141 1899 remur
2171 1846 2368 1915 (Epist.
2404 1850 2492 1913 63,
2527 1863 2582 1901 n.
2623 1849 2695 1917 2).
2729 1847 3061 1902 Timotheus
3091 1865 3245 1914 vero,
3279 1865 3408 1917 cum
3446 1849 3499 1903 ei
3529 1865 3664 1920 per-

1959 1935 2195 1988 suadere
2222 1934 2562 2001 niterentur,
2586 1940 2651 1989 ut
2679 1953 2750 1989 ne
2775 1953 2805 1989 a
2837 1936 3180 1990 Subsanensi
3209 1937 3450 1990 Ecclesia
3479 1937 3661 1991 disce-

1959 2023 2136 2090 deret,
2168 2025 2358 2094 palam
2404 2029 2640 2078 testatus
2672 2029 2775 2091 est,
2809 2041 2868 2078 se
2891 2026 3268 2096 jurejurando
3305 2025 3662 2096 promisisse,

1961 2111 2030 2164 ab
2062 2111 2250 2166 Severi
2272 2112 2645 2166 contubernio
2673 2129 2731 2166 se
2759 2129 3059 2184 nunquam
3091 2114 3484 2169 abducendum
3511 2131 3524 2180 ;
3549 2131 3663 2186 quo

1960 2216 2113 2254 nexu
2141 2201 2251 2254 nisi
2282 2206 2593 2268 teneretur,
2626 2218 2847 2256 morem
2877 2203 2957 2256 eis
2989 2219 3188 2273 gerere
3226 2219 3342 2258 non
3373 2209 3664 2258 recusatu-

1959 2304 2107 2342 rum.
2143 2289 2246 2344 Cui
2275 2290 2451 2344 sancti
2489 2293 2763 2361 praesules
2802 2292 3289 2353 demonstrarunt,
3321 2292 3367 2345 si
3405 2293 3664 2358 Severus,

1959 2378 2117 2432 nullo
2143 2377 2264 2448 ipse
2293 2379 2550 2433 astrictus
2574 2379 2956 2450 jurisjurandi
2994 2380 3240 2443 vinculo,
3274 2397 3405 2434 eum
3446 2397 3547 2433 suo
3576 2396 3666 2433 so-

1961 2466 2144 2520 lutum
2183 2467 2374 2534 vellet,
2404 2468 2866 2539 consentiretque
2906 2473 2968 2522 ut
2999 2469 3216 2524 vitandi
3245 2469 3493 2523 scandali
3533 2483 3668 2538 ergo

1960 2555 2022 2608 in
2059 2555 2313 2609 Subsana
2350 2561 2627 2622 maneret,
2665 2556 2722 2610 id
2773 2557 2880 2627 ipsi
2929 2557 3048 2610 sine
3095 2558 3210 2611 ulla
3254 2557 3497 2628 perjurii
3537 2563 3670 2610 nota

1960 2643 2180 2696 licitum
2211 2644 2347 2697 fore.
2375 2645 2589 2708 Quibus
2619 2644 2831 2698 auditis
2861 2645 2919 2699 id
2948 2646 3233 2716 praestitit,
3261 2646 3411 2716 quod
3441 2662 3667 2699 servum

1966 2731 2084 2796 Dei,
2118 2736 2287 2802 atque
2320 2733 2578 2786 Ecclesiae
2612 2734 2791 2786 tilium
2826 2733 3004 2787 facere
3035 2735 3369 2803 oportebat:
3393 2733 3666 2788 nimirum

1962 2819 2250 2890 pollicitus
2280 2825 2365 2874 est
2402 2837 2481 2886 se,
2517 2821 2799 2891 quidquid
2839 2839 2970 2876 cum
3013 2823 3217 2876 Severo
3261 2823 3670 2892 transegissent

1965 2909 2416 2962 observaturum.
2452 2910 2745 2978 Extemplo
2776 2915 2890 2966 tres
2911 2910 2995 2963 illi
3024 2910 3274 2980 episcopi
3303 2911 3507 2965 Severo
3530 2911 3666 2964 scri-

1962 3013 2126 3068 psere
2145 3017 2159 3063 ;
2181 3013 2309 3067 quze
2341 2997 2511 3051 simul
2539 3003 2795 3070 egerant,
2830 2999 3220 3071 signiﬁcavere
3242 3017 3256 3054 :
3282 3017 3345 3054 ac
3369 3016 3473 3070 per
3492 2999 3670 3054 chari-

1964 3090 2139 3140 tatem
2157 3086 2364 3140 Christi
2379 3087 2736 3158 adjuravere,
2760 3093 2822 3142 ut
2842 3105 2970 3160 quae
2992 3089 3141 3142 inter
3158 3106 3216 3143 se
3237 3089 3409 3143 locuti
3431 3093 3593 3143 erant
3609 3088 3667 3144 in

1965 3174 2304 3229 memoriam
2333 3181 2640 3241 revocaret,
2674 3193 2737 3231 ac
2768 3177 3055 3246 rescriptis
3085 3177 3200 3230 suis
3231 3194 3326 3231 eos
3365 3183 3667 3231 recrearet.

1965 3263 2296 3318 Timotheus
2314 3264 2546 3335 quidem
2567 3265 2689 3335 ipse
2711 3283 2827 3320 non
2848 3266 3073 3336 scripsit
3091 3267 3163 3320 ad
3180 3266 3479 3321 Severum:
3499 3267 3670 3337 hujus

1965 3351 2119 3405 enim
2139 3367 2444 3422 germanus
2465 3354 2657 3420 frater,
2678 3354 2841 3424 cujus
2869 3370 3084 3408 nomen
3109 3355 3202 3408 hic
3224 3355 3514 3421 reticetur,
3537 3372 3669 3409 eum

1964 3456 2160 3495 rerum
2187 3441 2446 3495 omnium
2477 3442 2780 3496 certiorem
2812 3443 3052 3496 faciebat
3082 3443 3275 3513 (Epist.
3311 3447 3398 3510 62,
3430 3460 3489 3496 η.
3517 3444 3594 3512 2).

2035 3532 2087 3583 2.
2134 3530 2415 3584 Atfectum
2459 3545 2516 3582 se
2565 3529 2778 3600 injuria
2814 3531 3052 3585 Severus
3091 3530 3448 3595 existimavit,
3492 3531 3666 3601 quod,

1967 3635 2081 3690 quo
2113 3622 2363 3688 tempore
2395 3617 2758 3671 Timotheum
2780 3619 3039 3672 Ecclesia:
3071 3635 3187 3673 suae
3219 3619 3451 3673 concedi
3478 3624 3670 3689 postu-

1965 3704 2136 3772 labat,
2170 3721 2236 3759 eo
2274 3706 2398 3775 ipso
2428 3705 2807 3760 Subsanensis
2847 3707 3232 3762 subdiaconus
3269 3713 3416 3762 esset
3457 3707 3668 3762 consti-

1964 3797 2143 3849 tutus.
2177 3795 2228 3848 Is
2255 3794 2431 3865 igitur
2456 3794 2516 3848 in
2544 3811 2648 3849 sua
2679 3796 3050 3866 responsione
3091 3796 3430 3868 signiﬁcavit
3471 3796 3670 3851 mirari

1966 3899 2046 3948 se,
2079 3883 2498 3938 ordinationem
2537 3884 2717 3951 illam,
2752 3901 2926 3956 quam
2957 3884 3067 3939 sibi
3097 3885 3394 3956 displicere
3436 3885 3668 3957 proﬁte-

1963 3972 2192 4038 bantur,
2225 3974 2464 4027 tolerare
2501 3990 2596 4027 eos
2639 3975 2819 4039 velle;
2855 3990 2985 4027 cum
3031 3979 3228 4028 tamen
3266 3975 3548 4029 admissus
3579 3991 3668 4028 cr-

1965 4076 2062 4114 ror
2107 4066 2298 4131 posset
2336 4062 2556 4116 reddito
2595 4063 2831 4117 demum
2870 4063 3166 4117 Timotheo
3209 4063 3518 4118 emendari.
3557 4065 3670 4117 Hac

1965 4147 2155 4202 Severi
2185 4155 2398 4218 mente,
2427 4149 2542 4204 sive
2573 4167 2640 4203 ex
2673 4151 2826 4205 illius
2852 4168 3151 4222 responso,
3181 4151 3296 4206 sive
3326 4167 3391 4205 eo
3423 4151 3668 4205 necdum

1966 4241 2194 4306 accepto
2238 4243 2556 4307 perspecta,
2603 4243 2761 4293 ratus
2803 4244 2888 4293 est
2931 4239 3307 4310 Augustinus,
3353 4239 3512 4292 nulla
3557 4239 3669 4293 alia

1964 4325 2181 4380 ratione
2208 4342 2338 4380 cum
2372 4343 2438 4380 eo
2469 4327 2684 4380 servari
2715 4344 2880 4398 posse
2909 4329 3267 4393 charitatem,
3299 4343 3472 4398 quam
3503 4327 3549 4382 si
3573 4328 3664 4382 Ti-

1964 4415 2232 4470 motheus
2279 4415 2348 4469 ad
2394 4431 2525 4470 eum
2570 4417 2977 4471 remitteretur.
3023 4418 3167 4470 Tum
3207 4431 3342 4486 ergo
3394 4417 3548 4471 dedit
3598 4418 3666 4472 ad

1965 4519 2097 4558 eum
2129 4503 2452 4574 epistolam,
2492 4505 2654 4576 cujus
2693 4505 2843 4559 istud
2883 4510 2966 4558 est
2999 4504 3298 4558 exordium
3343 4521 3356 4558 :
3389 4505 3451 4560 Si
3491 4505 3670 4559 dicam

1966 4610 2083 4661 qua
2107 4609 2188 4647 me
2210 4596 2334 4661 ipsa
2358 4609 2523 4648 causa
2553 4596 2694 4660 cogit
2724 4593 2918 4661 dicere,
2949 4593 3044 4646 ubi
3071 4595 3174 4646 erit
3201 4593 3505 4648 sollicitudo
3534 4596 3669 4648 cha-

1963 4685 2148 4736 ritatis
2166 4687 2193 4737 ?
2217 4683 2283 4735 Si
2310 4687 2487 4736 autem
2518 4699 2623 4736 non
2645 4683 2837 4745 dicam,
2869 4681 2963 4735 ubi
2991 4684 3095 4735 erit
3124 4682 3348 4736 libertas
3369 4685 3666 4736 amicitia?

1972 4773 2347 4826 Verumtamen
2374 4774 2642 4839 ﬂuctuans
2672 4772 2890 4824 interim
2922 4771 3056 4839 elegi
3083 4787 3166 4824 me
3201 4786 3443 4840 purgare
3464 4774 3668 4841 potius,

1967 4874 2128 4926 quam
2159 4863 2206 4912 te
2235 4873 2462 4926 arguere
2507 4857 2705 4926 (Epist.
2751 4859 2840 4923 63,
2885 4873 2940 4910 n.
2989 4859 3065 4927 1).
3098 4858 3300 4912 Postea
3338 4858 3463 4923 viae,
3495 4872 3670 4928 quam

1965 4945 2024 4999 in
2056 4947 2158 4999 hac
2204 4962 2373 5000 causa
2415 4945 2644 5010 inierat,
2676 4944 2961 4999 rationem
3007 4945 3194 5000 reddit
3239 4962 3252 4999 :
3302 4946 3667 5016 subjicitque,

1964 5035 2190 5090 tametsi
2220 5035 2433 5106 ipsum,
2482 5033 2635 5105 quod
2682 5033 2735 5088 ei
2783 5033 3151 5089 Timotheum
3197 5033 3499 5095 remiserit,
3549 5048 3665 5086 non

1965 5124 2264 5194 poeniteat;
2289 5139 2516 5194 sperare
2546 5127 2739 5176 tamen
2770 5138 2848 5190 se,
2873 5123 3132 5178 futurum
3160 5127 3223 5177 ut
3250 5123 3298 5176 is
3331 5138 3521 5176 coram
3550 5121 3666 5174 Deo

1965 5213 2300 5282 consideret,
2351 5229 2466 5266 non
2498 5228 2664 5283 posse
2714 5231 2748 5267 a
2795 5227 3087 5285 quoquam
3136 5211 3370 5266 alterius
3410 5209 3669 5264 Ecclesia:

1965 5300 2231 5354 clericum
2261 5301 2366 5354 hac
2396 5300 2628 5355 obtenta
2657 5301 2844 5372 specie
2874 5302 3131 5366 retineri,
3166 5300 3318 5371 quod
3349 5298 3440 5352 hic
3467 5297 3537 5352 ab
3564 5297 3663 5351 illo

1965 5406 2260 5459 nunquam
2304 5406 2361 5442 se
2407 5406 2764 5444 recessurum
2798 5391 3098 5460 juraverit,
3138 5389 3277 5459 quin
3313 5403 3554 5457 magnus
3598 5387 3668 5441 ad

1967 5478 2412 5534 labefactandam
2445 5479 2703 5534 Ecclesia:
2732 5479 3090 5550 disciplinam
3120 5475 3412 5547 aperiatur
3439 5476 3626 5530 aditus
3653 5492 3668 5530 :
