4008 6184
373 229 472 278 315

369 353 426 403 at
465 364 599 403 eum
645 351 841 402 contra
868 362 1054 420 neque
1095 347 1412 403 concordiae
1450 347 1674 418 legibus
1715 348 2066 414 defuturum,

370 452 475 491 nec
515 436 575 490 in
627 436 964 507 cujusquam
1020 436 1527 508 reprehensionem
1579 437 1964 502 incursurum,
2021 435 2069 488 si

366 525 758 596 jurejurando,
791 542 904 596 quo
932 525 1116 581 teneri
1153 543 1267 580 non
1304 529 1549 598 poterat,
1593 527 1873 596 neglecto,
1906 525 2070 579 illum

371 612 715 669 Subsanensi
773 613 1032 668 Ecclesiae
1086 614 1369 668 redderet.
1423 614 1664 668 Causam
1715 615 1861 667 lianc
1908 629 2071 667 suam

374 703 495 772 ejus
525 700 804 772 permittit
825 701 1069 771 judicio,
1102 701 1160 756 id
1209 718 1389 756 unum
1432 707 1654 772 petens,
1699 705 1761 755 ut
1789 701 2072 756 Christum

374 791 642 851 consulat,
675 807 846 861 quem
876 790 936 844 in
965 791 1086 860 ejus
1116 792 1286 846 corde
1311 792 1588 854 habitare,
1611 791 1906 863 mentique
1930 792 2073 862 ejus-

376 881 508 933 dem
531 878 638 932 sibi
667 878 902 933 subditai
929 879 1260 949 praesidere,
1292 879 1372 934 ait
1409 879 1520 933 sibi
1549 895 1669 933 esse
1707 880 2073 949 persuasissi-

374 985 553 1023 mum.
587 967 947 1022 Timotheum
980 967 1238 1022 Ecclesia:
1269 984 1387 1022 suae
1416 968 1684 1022 clericum
1714 984 1836 1023 esse
1862 985 1977 1022 non
2005 969 2074 1022 ob

376 1056 848 1112 subdiaconatum
878 1055 1096 1124 asserit,
1132 1056 1285 1128 quod
1323 1057 1555 1111 nonnisi
1584 1061 1888 1127 postquam
1918 1073 1976 1110 se
2008 1057 2076 1111 ad

379 1146 790 1200 adhaerendum
820 1146 1025 1200 Severo
1052 1145 1374 1216 obligasset,
1401 1149 1570 1216 atque
1593 1145 1763 1198 etiam
1793 1144 1956 1198 illum
1980 1144 2076 1198 Se-

379 1250 543 1288 verus
587 1233 708 1305 ipse
757 1235 827 1288 ab
867 1234 1187 1304 Augustino
1231 1233 1506 1304 petiisset,
1538 1234 1607 1288 ad
1659 1249 1790 1286 eum
1838 1233 2076 1302 gradum

379 1327 524 1377 esset
565 1326 823 1388 evectus;
864 1323 963 1376 sed
1001 1325 1222 1376 tantum
1266 1321 1338 1376 ob
1385 1321 1611 1376 lectoris
1654 1321 1922 1375 ofﬁcium.
1971 1321 2081 1374 Ro-

379 1415 587 1483 gatque
617 1412 888 1466 Severum
919 1414 1144 1464 sanctus
1169 1411 1405 1475 Praesul,
1439 1426 1581 1464 num
1611 1410 1712 1481 qui
1739 1410 1798 1464 id
1827 1408 2080 1463 muneris

381 1502 440 1555 in
468 1517 569 1554 sua
609 1499 835 1554 dioecesi
869 1499 1027 1554 obire
1062 1499 1344 1570 caepisset,
1393 1515 1457 1554 ac
1492 1499 1686 1553 multis
1729 1499 1789 1552 in
1829 1498 1965 1552 locis
2003 1501 2081 1550 at-

380 1605 490 1660 que
526 1589 666 1642 adeo
699 1589 850 1659 apud
889 1588 1203 1642 Subsanam
1247 1591 1526 1658 prasente
1575 1585 1948 1642 Subsanensis
1991 1587 2082 1640 Ec-

381 1677 568 1731 clesia:
595 1677 926 1747 presbytero
959 1676 1207 1746 legisset,
1245 1675 1292 1728 is
1322 1692 1438 1730 non
1462 1675 1592 1746 jure
1632 1676 1806 1730 lector
1842 1674 2079 1728 habere-

382 1769 493 1820 tur.
520 1767 631 1819 Nec
658 1771 846 1819 tamen
872 1769 1172 1831 asseverat,
1197 1780 1329 1819 eum
1350 1781 1416 1818 ex
1439 1780 1725 1819 canonum
1750 1763 2082 1818 deﬁnitione

383 1855 491 1909 hoc
515 1855 574 1908 in
603 1871 845 1908 numero
874 1854 1202 1908 habendum
1236 1869 1248 1908 :
1283 1854 1434 1908 unde
1465 1853 1825 1919 adducimur,
1861 1855 1925 1906 ut
1961 1852 2085 1906 haec

383 1948 513 1998 ante
536 1943 920 1998 Milevitanum
939 1943 1240 1998 concilium
1266 1947 1424 1997 sexto
1448 1942 1724 1997 kalendas
1743 1939 2084 2012 septembris

384 2031 521 2085 anni
541 2031 1091 2102 quadringentesimi
1111 2030 1348 2085 secundi
1368 2031 1716 2085 celebratum
1735 2030 2080 2093 referamus;

384 2137 499 2191 quo
532 2120 823 2174 decretum
853 2122 981 2186 fuit,
1004 2125 1070 2174 ut
1095 2120 1354 2192 quisquis
1374 2120 1460 2173 vel
1489 2120 1665 2174 semel
1695 2118 1906 2172 alicubi
1934 2119 2086 2188 lege-

384 2208 478 2274 rit,
531 2208 653 2277 jam
711 2225 826 2261 non
885 2209 1065 2278 possit
1120 2209 1181 2263 in
1242 2209 1457 2263 clerum
1526 2207 1761 2262 alterius
1829 2205 2086 2261 Ecclesia),

385 2295 656 2366 cooptari.
693 2296 801 2360 Qui
831 2313 1012 2350 canon
1041 2300 1105 2351 ut
1131 2298 1488 2364 conderetur,
1511 2296 1579 2364 si,
1600 2295 2086 2368 quemadmodum

386 2384 520 2438 satis
561 2384 869 2438 verisimile
908 2389 1012 2448 est,
1055 2385 1115 2439 in
1157 2401 1326 2439 causa
1365 2385 1476 2440 fuit
1516 2386 1640 2439 huic
1668 2383 2081 2449 controversia;

386 2476 538 2528 certe
585 2473 789 2528 Severo
836 2490 952 2527 non
998 2473 1158 2527 licuit
1205 2490 1486 2542 recusare,
1535 2473 1677 2544 quin
1724 2473 2087 2527 Timotheum

387 2561 706 2632 Augustino
735 2561 1014 2616 redderet.
1055 2563 1175 2616 lmo
1209 2578 1242 2615 a
1281 2561 1395 2616 ﬁde
1426 2561 1662 2615 minime
1698 2561 1950 2615 alienum
1980 2565 2084 2625 est,

388 2650 552 2705 illum
577 2651 696 2720 jam
723 2654 889 2705 antea
918 2651 988 2706 ab
1019 2667 1087 2706 eo
1116 2650 1421 2707 remissum
1452 2651 1642 2706 fuisse.

462 2745 513 2798 3.
549 2743 828 2796 Caeterum
851 2741 1052 2796 intima
1079 2741 1176 2796 illa
1198 2741 1468 2810 amicitia,
1492 2758 1618 2812 quin
1643 2741 1914 2796 Severum
1942 2740 2090 2794 inter

389 2835 445 2885 ct
475 2831 856 2902 Augustinum
887 2830 1294 2896 intercedebat,
1327 2831 1432 2885 hac
1471 2829 1838 2885 contentione
1879 2846 2088 2899 nequa-

389 2935 563 2990 quam
591 2918 701 2973 fuit
731 2917 1053 2973 imminuta.
1081 2918 1232 2973 Nihil
1261 2919 1415 2972 enim
1436 2918 1637 2972 litteris
1665 2921 1858 2988 (Epist.
1899 2922 2018 2983 109,
2040 2924 2090 2972 et

387 3011 567 3077 Epist.
606 3008 747 3077 110),
781 3007 1001 3079 aliquot
1029 3011 1156 3078 post
1183 3024 1364 3062 annos
1395 3009 1542 3061 ultro
1579 3006 1838 3078 citroque
1867 3005 2090 3076 scriptis

388 3095 658 3160 tenerius,
703 3099 800 3149 aut
838 3095 1069 3150 sincera;
1108 3095 1415 3150 voluntatis
1447 3095 1676 3166 plenius
1719 3111 1840 3149 esse
1878 3099 2083 3166 potest.

392 3184 530 3238 Suas
572 3183 810 3236 Severus
848 3182 967 3236 ruri
1004 3183 1271 3249 exaravit,
1302 3182 1401 3236 ubi
1429 3182 1788 3252 aliquantum
1819 3182 2092 3252 temporis

392 3287 523 3326 cum
553 3270 894 3340 Augustino,
925 3270 1032 3344 hoc
1062 3275 1146 3324 est
1174 3271 1235 3324 in
1264 3271 1386 3340 ejus
1413 3286 1653 3339 operum
1682 3271 1945 3339 lectione,
1985 3271 2092 3324 col-

395 3361 624 3413 locarat.
657 3359 864 3413 Earum
890 3358 982 3413 hic
1011 3363 1235 3429 partem
1263 3357 1650 3429 subjiciemus,
1681 3375 1749 3412 ex
1779 3375 1890 3429 qua
1917 3359 2095 3412 intel-

397 3448 561 3519 ligas,
593 3453 714 3502 tum
741 3447 867 3519 quis
895 3447 1068 3501 fuerit
1096 3447 1346 3518 episcopi
1375 3447 1527 3501 illius
1557 3446 1802 3510 animus,
1826 3451 1901 3513 et,
1924 3452 1988 3502 ut
2015 3447 2097 3502 ita

398 3538 722 3608 loquamur,
754 3536 975 3607 ingenii
1013 3537 1324 3603 character,
1352 3539 1476 3590 tum
1505 3536 1591 3590 vel
1631 3536 1876 3590 maxime
1906 3552 2019 3606 quo
2048 3537 2095 3590 is

397 3627 518 3681 loco
561 3625 739 3680 sancti
791 3625 1046 3681 Doctoris
1092 3626 1266 3681 libros
1313 3625 1567 3680 haberet.
1617 3625 1878 3696 Erumpit
1923 3625 2099 3695 igitur

400 3716 638 3769 Severus
672 3715 733 3769 in
761 3715 882 3769 hinc
913 3715 1082 3769 verba
1116 3731 1127 3768 :
1161 3718 1262 3769 Deo
1299 3717 1532 3781 gratias,
1563 3717 1740 3781 frater
1771 3715 2095 3783 Augustine,

401 3805 556 3871 cujus
587 3804 785 3857 donum
815 3808 912 3870 est,
935 3804 1208 3872 quidquid
1231 3807 1290 3857 in
1317 3805 1470 3859 nobis
1499 3805 1753 3858 bonorum
1776 3805 2101 3872 gaudiorum

400 3896 498 3945 est.
527 3894 739 3956 Fateor,
773 3891 898 3945 bene
924 3892 1060 3944 mihi
1095 3897 1266 3946 tecum
1301 3897 1415 3959 est;
1445 3894 1676 3946 multum
1706 3897 1754 3946 te
1798 3894 1910 3961 lego
1944 3911 1960 3946 :
1992 3895 2101 3946 mi—

404 3996 525 4034 rum
568 3980 767 4047 dicam,
809 3979 903 4034 sed
937 3995 1122 4034 verum
1159 3981 1344 4050 plane,
1377 3996 1542 4050 quam
1585 3981 1722 4032 mihi
1749 3981 1937 4035 absens
1974 3983 2105 4035 solet

407 4083 517 4123 esse
539 4069 850 4138 praesentia,
875 4071 985 4122 tam
1003 4083 1236 4138 praesens
1255 4070 1411 4135 facta
1438 4073 1518 4123 est
1536 4068 1781 4123 absentia
1806 4071 1904 4123 tui.
1930 4070 2106 4124 Nullae

403 4173 459 4212 se
500 4157 651 4212 nobis
694 4159 1046 4226 interponunt
1094 4157 1410 4211 turbulentae
1456 4159 1688 4211 actiones
1732 4158 2106 4226 temporalium

405 4262 603 4301 rerum.
638 4247 758 4314 Ago
798 4250 1063 4316 quantum
1089 4260 1326 4315 possum,
1360 4248 1461 4300 etsi
1496 4261 1603 4300 non
1646 4249 1856 4300 tantum
1887 4261 2108 4315 possum

407 4341 670 4406 quantum
713 4335 850 4390 volo.
901 4335 1045 4401 Quid
1084 4350 1178 4404 ego
1224 4336 1421 4401 dicam,
1461 4338 1724 4403 quantum
1769 4335 1926 4390 volo?
1955 4335 2112 4391 Nosti

407 4427 604 4494 optime
634 4440 797 4493 quam
829 4439 1030 4479 avarus
1053 4427 1157 4479 sim
1189 4426 1270 4478 tui
1295 4441 1307 4478 :
1332 4439 1425 4478 nec
1455 4429 1632 4478 tamen
1656 4438 1960 4491 murmuro,
1979 4426 2112 4493 quia

411 4529 518 4566 non
559 4517 770 4568 tantum
817 4528 938 4580 ago,
973 4517 1240 4583 quantum
1276 4513 1417 4581 volo,
1464 4515 1723 4581 quoniam
1769 4527 1959 4566 rursus
2007 4527 2111 4566 non

409 4601 588 4653 minus
631 4615 731 4666 ago
774 4605 1038 4667 quantum
1073 4616 1312 4670 possum.
1355 4603 1458 4655 Deo
1505 4615 1630 4667 ergo
1663 4603 1896 4666 gratias,
1936 4602 2113 4666 frater

411 4687 738 4754 dulcissime,
777 4687 903 4741 bene
933 4690 1071 4742 mihi
1113 4693 1282 4743 tecum
1311 4692 1410 4755 est,
1450 4688 1657 4755 gaudeo
1698 4693 1866 4742 tecum
1909 4691 2113 4745 arctius

414 4775 760 4843 conjunctus;
791 4780 862 4841 et,
893 4783 952 4830 ut
977 4779 1056 4831 ita
1086 4777 1286 4844 dicam,
1313 4779 1590 4843 unissime,
1623 4782 1884 4846 quantum
1918 4782 2112 4847 potest,

413 4863 695 4918 adhaerens
727 4863 851 4931 tibi,
879 4865 1300 4922 redundantiam
1321 4867 1544 4921 uberum
1565 4870 1776 4920 tuorum
1795 4869 2112 4936 suscipiens,

414 4955 555 5008 vires
599 4967 868 5022 comparo,
917 4955 968 5007 si
1006 4958 1212 5024 possim
1257 4956 1478 5011 idoneus
1515 4958 1661 5024 efﬁci
1701 4955 1774 5009 ad
1819 4972 1882 5010 ea
1928 4972 2116 5011 concu-

417 5041 604 5098 tienda
633 5046 683 5096 et
713 5042 1098 5111 exprimenda;
1131 5050 1192 5098 ut
1231 5044 1502 5113 quidquid
1533 5047 1785 5100 secretius
1813 5051 1860 5099 et
1890 5047 2116 5100 interius

416 5133 659 5186 clausum
681 5130 1011 5200 custodiunt,
1035 5135 1248 5186 remotis
1274 5135 1523 5201 pellibus,
1549 5148 1684 5203 quas
1705 5134 1881 5188 adhuc
1903 5135 2121 5188 lactenti

417 5220 688 5289 sugendas
727 5222 994 5287 inserunt,
1039 5222 1163 5288 ipsa
1200 5223 1339 5274 mihi
1374 5225 1604 5290 viscera,
1648 5225 1697 5277 si
1727 5222 1982 5292 possibile
2020 5227 2117 5288 est,

420 5311 713 5378 dignentur
755 5308 1048 5378 effundere.
1104 5311 1344 5376 Viscera,
1376 5312 1621 5380 inquam,
1667 5312 1806 5366 mihi
1843 5316 1902 5365 ut
1929 5312 2118 5377 refun-

423 5397 626 5452 dantur
655 5401 844 5468 cupio;
875 5400 1084 5452 viscera
1127 5401 1242 5460 tua,
1283 5400 1490 5452 viscera
1519 5401 1752 5468 pinguia
1796 5402 1990 5467 sagina
2019 5415 2118 5452 cce-

425 5483 566 5545 lesti,
593 5490 642 5539 et
671 5488 886 5541 condita
929 5488 1074 5542 omni
1111 5485 1390 5539 dulcedine
1418 5487 1732 5554 spirituali;
1763 5489 1974 5541 viscera
2003 5491 2118 5552 tua,

1618 225 1775 279 VITA
1812 227 1868 279 S.
1910 226 2282 282 AUGUSTINI
2326 223 2653 279 EPISCOPI.
3726 237 3808 288 316

2179 349 2388 402 viscera
2413 362 2579 418 pura,
2609 349 2818 401 viscera
2856 348 3163 416 simplicia;
3204 345 3314 402 nisi
3341 349 3478 418 quod
3503 349 3684 420 duplici
3708 361 3813 408 sunt

2178 438 2390 491 vinculo
2418 437 2676 490 redimita
2699 438 2920 503 gemina
2949 437 3266 501 charitatis;
3289 439 3488 491 viscera
3515 442 3618 505 tua,
3643 443 3813 496 viscera

2178 527 2406 595 perfusa
2444 526 2643 578 lumine
2673 526 2945 591 veritatis,
2988 528 3039 578 et
3077 526 3402 592 refulgentia
3437 529 3704 583 veritatem.
3729 532 3816 585 Ho-

2182 629 2302 667 rum
2330 629 2412 666 me
2434 615 2736 667 manationi
2753 614 2837 667 vel
2862 615 3206 668 resultationi
3229 613 3472 683 subjicio,
3488 631 3583 684 quo
3602 633 3695 670 non:
3720 635 3817 674 mea

2182 705 2240 756 in
2270 703 2466 756 lumine
2488 706 2577 756 tuo
2610 701 2846 770 deﬁciat,
2879 707 2940 756 ut
2981 704 3040 756 in
3084 702 3194 756 diei
3221 704 3466 757 claritate
3501 705 3644 758 simul
3668 707 3819 761 ambu-

2184 793 2298 846 lare
2338 793 2622 860 possimus.
2675 792 2718 846 0
2761 806 2881 845 vere
2926 793 3223 859 artiﬁciosa
3268 793 3389 860 apis
3433 794 3521 846 Dei
3559 799 3817 850 construens

2183 884 2339 948 favos
2365 880 2543 933 divini
2567 881 2804 934 nectaris
2827 880 3032 948 plenos,
3068 884 3344 932 manantes
3377 879 3754 934 misericordiam
3777 885 3817 933 et

2184 970 2488 1034 veritatem,
2512 983 2613 1037 per
2645 983 2780 1036 quos
2807 968 3117 1022 discurrens
3147 968 3430 1022 deliciatur
3457 970 3627 1021 anima
3646 985 3758 1035 mea,
3780 972 3818 1022 et

2186 1059 2345 1111 vitali
2367 1061 2534 1126 pastu
2565 1057 2842 1124 quidquid
2870 1059 2928 1110 in
2953 1072 3009 1110 se
3045 1058 3224 1110 minus
3255 1059 3474 1122 invenit,
3514 1060 3602 1109 aut
3626 1057 3819 1110 imbecil-

2188 1146 2298 1199 lum
2336 1148 2515 1210 sentit,
2558 1149 2821 1200 resarcire
2850 1150 2900 1200 et
2937 1147 3218 1214 suffulcire
3259 1146 3506 1199 molitur!
3537 1145 3824 1200 Benedicitur

2189 1235 2445 1288 Dominus
2469 1249 2570 1302 per
2595 1236 2924 1303 praconium
2955 1236 3064 1288 oris
3104 1236 3202 1301 tui,
3236 1238 3286 1288 et
3311 1233 3461 1303 fidele
3486 1235 3821 1298 ministerium;

2189 1322 2334 1392 quod
2362 1324 2440 1377 sic
2469 1325 2742 1377 concinere
2769 1327 2820 1376 et
2864 1324 3185 1392 respondere
3217 1324 3358 1390 facis
3397 1323 3598 1376 canenti
3623 1321 3710 1376 tibi
3739 1324 3823 1375 Do-

2189 1413 2353 1474 mino,
2396 1416 2457 1466 ut
2500 1412 2774 1480 quidquid
2811 1412 2876 1466 de
2913 1412 3030 1481 ejus
3078 1411 3421 1481 plenitudine
3462 1410 3530 1464 ad
3575 1425 3659 1464 nos
3694 1424 3825 1478 usque

2190 1500 2483 1568 redundat,
2503 1500 2803 1569 jucundius
2843 1502 3118 1569 efficiatur
3147 1505 3196 1554 et
3236 1503 3446 1568 gratius
3482 1514 3574 1569 per
3609 1503 3738 1553 tuum
3757 1500 3826 1552 ele-

2191 1594 2405 1658 gantem
2439 1590 2787 1656 famulatum,
2829 1594 2880 1644 et
2916 1592 3242 1645 succinctam
3284 1588 3616 1650 munditiam,
3643 1593 3686 1642 et
3709 1587 3826 1656 ﬁdele

2193 1695 2255 1733 ac
2283 1682 2490 1733 castum
2531 1681 2868 1748 simplexque
2894 1681 3260 1733 ministerium
3301 1698 3312 1734 :
3351 1678 3491 1747 quod
3526 1680 3598 1731 ita
3636 1677 3824 1745 re5pltn-

2193 1766 2317 1820 dere
2343 1769 2486 1834 facis
2511 1783 2612 1836 per
2633 1770 2882 1834 argutias
2904 1772 3025 1822 tuas
3055 1772 3106 1821 et
3127 1769 3471 1836 vigilantiam
3499 1770 3651 1832 tuam,
3666 1769 3717 1819 ut
3739 1781 3824 1832 per-

2192 1858 2432 1923 stringat
2455 1857 2650 1924 oculos,
2684 1862 2734 1910 et
2762 1859 2820 1912 in
2843 1872 2899 1911 se
2925 1859 3143 1926 rapiat;
3166 1859 3283 1911 nisi
3313 1861 3370 1909 tu
3397 1856 3531 1909 idem
3557 1857 3730 1909 innuas
3751 1855 3826 1906 Do-

2193 1947 2418 2011 minum,
2443 1949 2502 1998 ut
2522 1945 2796 2013 quidquid
2818 1947 2877 1999 in
2895 1949 2943 2000 te
2967 1945 3278 1999 delectabile
3308 1945 3462 2010 lucet,
3487 1944 3740 2009 referentes
3757 1955 3827 1994 nos

2194 2033 2269 2086 ad
2298 2034 2473 2101 illum,
2506 2035 2680 2102 ipsius
2705 2048 2815 2088 esse
2843 2048 3216 2101 agnoscamus,
3249 2033 3316 2088 de
3340 2034 3490 2101 cujus
3519 2032 3727 2085 bonitate
3747 2035 3827 2082 tam

2197 2123 2361 2177 bonus
2390 2137 2465 2189 es,
2495 2128 2545 2177 et
2574 2123 2639 2176 de
2663 2123 2818 2193 cujus
2847 2125 3088 2192 puritate
3115 2126 3166 2177 et
3185 2123 3534 2192 simplicitate
3560 2135 3617 2174 ac
3638 2118 3828 2189 pulchri-

2198 2211 2384 2265 tudine
2398 2225 2593 2280 purus,
2615 2212 2846 2280 simplew
2867 2214 2917 2264 et
2931 2212 3158 2280 pulcher
3178 2227 3232 2266 es
3257 2211 3449 2281 (Epist.
3483 2212 3594 2274 109,
3613 2224 3694 2262 nn.
3721 2209 3827 2273 ιβ).

2197 2300 2581 2370 Augustinum
2611 2301 2714 2354 sub
2743 2299 3000 2369 epistolae
3028 2299 3204 2353 ﬁnem
3233 2303 3417 2370 rogat,
3447 2303 3508 2352 ut
3529 2296 3627 2351 sibi
3652 2309 3830 2365 respon-

2199 2387 2328 2442 deat
2351 2388 2589 2459 prolixis
2613 2388 2848 2454 litteris;
2886 2404 3026 2459 quas
3064 2393 3262 2442 tamen
3292 2387 3399 2442 sibi
3436 2387 3611 2441 visum
3639 2384 3702 2439 iri
3734 2383 3829 2435 bre-

2199 2477 2380 2531 viores
2411 2481 2691 2531 asseverat
2721 2478 2910 2546 (Ibid.,
2942 2493 2999 2532 η.
3043 2477 3114 2546 3).
3144 2478 3254 2532 Res
3291 2475 3570 2547 quaepiam
3595 2473 3832 2528 videbatur

2199 2566 2445 2637 exigere,
2480 2569 2540 2620 ut
2566 2566 2614 2620 is
2649 2566 2721 2620 ad
2754 2570 3014 2620 sanctum
3045 2565 3243 2619 Virum
3280 2582 3338 2620 se
3375 2564 3641 2618 conferret
3669 2578 3681 2614 :
3706 2560 3761 2613 ab
3783 2575 3830 2610 eo

2199 2654 2576 2709 nihilominus
2601 2655 2767 2725 petit,
2794 2659 2879 2722 ut,
2911 2654 3196 2725 siquidem
3229 2653 3286 2708 id
3318 2653 3440 2708 ﬁeri
3469 2651 3650 2722 possit,
3676 2649 3734 2702 ab
3756 2647 3831 2700 hoc

2203 2742 2402 2798 itinere
2434 2748 2751 2810 excusetur,
2791 2759 2934 2798 neve
2974 2742 3298 2797 retrahatur
3327 2759 3360 2796 a
3391 2757 3492 2796 suo
3528 2753 3710 2800 cursu;
3736 2733 3831 2804 qni-

2197 2832 2305 2887 bus
2331 2832 2518 2886 verbis
2569 2837 2763 2886 utrum
2806 2847 3088 2886 secessum
3135 2846 3308 2885 suum
3356 2830 3622 2900 designet,
3647 2841 3709 2879 an
3748 2837 3832 2876 sua?

2200 2915 2508 2970 dioeceseos
2533 2914 2933 2980 visitationem,
2967 2912 3134 2968 nobis
3165 2929 3288 2968 non
3317 2913 3511 2985 liquet.

2271 3007 2324 3059 4.
2361 3004 2598 3059 Litteras
2637 3005 2764 3059 illas
2791 3003 3219 3069 Quodvultdeus
3251 3000 3696 3070 Gaudentiusque
3721 2999 3836 3050 attu-

2202 3094 2394 3148 lerunt
2423 3092 2495 3148 ad
2523 3092 2930 3164 Augustinum,
2955 3092 3054 3164 qui
3085 3092 3294 3147 Severo
3311 3092 3480 3162 paulo
3510 3093 3632 3144 ante
3657 3101 3740 3159 per
3755 3083 3838 3138 dia-

2203 3198 2413 3237 conum
2461 3181 2822 3236 Timotheum
2867 3181 2981 3235 alia
3021 3181 3296 3252 quapiam
3347 3181 3415 3235 de
3466 3196 3525 3232 re
3577 3175 3834 3246 scripserat.

2207 3270 2474 3326 Nondum
2510 3270 2796 3342 profectus
2826 3274 2948 3324 erat
2983 3269 3079 3323 ille
3110 3269 3389 3323 diaconus
3418 3285 3430 3322 :
3460 3272 3517 3321 at
3542 3281 3660 3320 cum
3678 3263 3774 3333 jam
3797 3257 3838 3310 in

2205 3359 2502 3431 procinctu
2533 3363 2698 3426 esset,
2722 3376 2786 3414 ac
2813 3358 3173 3430 profecturus
3197 3357 3259 3412 in
3285 3357 3534 3428 singulas
3558 3356 3709 3410 horas
3732 3347 3840 3401 vide-

2208 3453 2385 3515 retur,
2418 3465 2531 3501 non
2561 3447 2747 3519 potuit
2782 3447 3138 3518 Augustinus
3166 3463 3274 3517 per
3315 3446 3574 3501 eumdem
3600 3441 3733 3497 hisce
3755 3434 3840 3490 ofﬁ-

2208 3535 2534 3591 ciosissimis
2577 3535 2782 3590 litteris
2816 3537 3186 3607 respondere.
3229 3535 3341 3590 Sed
3387 3537 3487 3589 etsi
3513 3548 3606 3603 per
3639 3544 3755 3592 eum,
3779 3524 3840 3578 in-

2209 3626 2335 3696 quit
2365 3626 2481 3691 ille,
2521 3625 2936 3695 respondissem,
2979 3625 3158 3679 adhuc
3203 3624 3418 3678 debitor
3463 3625 3624 3689 forem
3663 3612 3841 3686 epistola

2212 3720 2334 3770 tuae.
2387 3715 2612 3781 Quando
2659 3716 2802 3768 enim
2849 3715 3122 3782 sufﬁciam
3171 3717 3276 3767 tuae
3321 3710 3595 3775 suavitati,
3638 3708 3842 3769 tantan

2212 3803 2474 3858 aviditati
2517 3804 2688 3856 animi
2729 3802 2813 3856 tui
2842 3801 3042 3871 (Epist.
3090 3802 3209 3864 110,
3261 3816 3320 3854 n.
3375 3801 3474 3871 l)?
3516 3784 3842 3866 Respondendi

2215 3892 2610 3946 difﬁcultatem
2652 3889 2915 3956 faciebat,
2944 3889 3095 3960 quod
3137 3889 3368 3954 Severo,
3401 3887 3499 3954 qui
3535 3891 3640 3940 tam
3668 3874 3842 3949 magni-

2215 3983 2318 4036 ﬁce
2347 3979 2536 4051 ipsum
2567 3979 2842 4045 laudaret,
2867 3977 2999 4032 hinc
3028 3977 3205 4031 vicem
3227 3977 3489 4042 reddere,
3510 3974 3654 4028 illinc
3671 3969 3845 4040 propter

2215 4067 2614 4124 verecundiam
2645 4083 2879 4137 parcere
2904 4083 2962 4121 se
2983 4066 3187 4121 debere
3209 4064 3592 4130 existimabat;
3611 4060 3688 4114 sin
3705 4058 3846 4110 autem

2218 4161 2490 4230 parceret,
2538 4154 2728 4210 minus
2790 4155 3169 4218 redditurum,
3219 4155 3478 4225 adeoque
3518 4152 3845 4206 remanseram

2219 4229 2339 4301 esse
2366 4245 2699 4300 debitorem.
2735 4243 3075 4299 Immodicas
3108 4243 3233 4298 illas
3260 4243 3349 4298 sui
3379 4241 3567 4297 laudes
3589 4253 3641 4292 se
3668 4229 3847 4324 miniﬂle

2219 4339 2553 4390 curaturum
2581 4333 2680 4399 ait,
2704 4333 2751 4387 si
2775 4333 3274 4403 proﬁciscerentur
3290 4333 3362 4387 ab
3389 4331 3850 4389 assentatoremma

2219 4429 2353 4477 tunc
2393 4421 2532 4476 talia
2575 4421 2891 4492 rependere
2935 4421 3261 4475 nullatenus
3307 4421 3610 4475 teneretur.
3651 4414 3712 4466 At
3757 4416 3851 4459 cum

2221 4515 2373 4567 certo
2401 4510 2567 4565 sciret
2611 4514 2774 4564 natas
2822 4509 2950 4563 illas
2989 4526 3053 4563 ex
3102 4525 3298 4563 amore
3347 4509 3582 4572 sincero,
3627 4505 3769 4571 atque
3806 4505 3852 4542 θο

2225 4603 2467 4672 Pectore,
2512 4599 2668 4670 quod
2704 4614 2824 4653 non
2857 4598 3012 4653 aliud
3057 4597 3195 4652 foris
3241 4595 3508 4659 ostendit,
3550 4603 3705 4663 quam
3739 4574 3851 4677 quod

2224 4689 2376 4744 intus
2411 4689 2615 4754 sentit;
2657 4687 2952 4758 utrimque
2987 4686 3283 4758 judicabat
3324 4678 3744 4739 incommodum,
3769 4679 3852 4758 διγθ

2224 4779 2461 4833 referret
2507 4775 2668 4848 paria
2717 4754 3004 4847 paribus;
3026 4774 3141 4829 sive
3192 4791 3313 4828 non
3369 4773 3618 4827 referret.
3661 4754 3853 4848 Subinde

2225 4872 2419 4922 tamen
2470 4846 2588 4919 non
2642 4846 2762 4919 sine
2814 4879 3024 4935 magno
3079 4861 3423 4918 humilitatis
3481 4876 3544 4914 ac
3600 4846 3855 4935 dilectionis

2228 4969 2416 5020 sensu,
2448 4968 2552 5006 nec
2579 4950 2772 5005 minus
2800 4967 2920 5021 prin
2947 4967 3006 5004 se
3036 4949 3224 5004 ferens
3253 4947 3316 5002 in
3329 4945 3550 5019 justitia
3575 4926 3855 5021 consulendi}

2229 5014 2580 5112 colendaque
2611 5014 2884 5104 studiuin,
2917 5036 3216 5108 respondit
3245 5053 3259 5090 :
3303 5014 3556 5106 quamvis
3582 5041 3683 5082 non
3713 5014 3857 5115 Ροξδθί

2229 5129 2444 5183 inﬁcias
2475 5129 2577 5195 ire,
2612 5127 2753 5199 quin
2788 5143 2847 5180 se
2882 5142 2998 5180 non
3033 5124 3224 5179 minus
3261 5139 3434 5195 quam
3463 5116 3678 5192 prepria
3711 5115 3856 5195 animi

2229 5223 2593 5288 perspectum
2622 5216 2861 5271 haberet
2889 5214 3157 5280 Severus;
3184 5213 3420 5267 alteram
3440 5203 3588 5263 enim
3617 5213 3755 5257 suam
3772 5204 3857 5284 anl'

2230 5323 2384 5362 mam
2412 5306 2472 5360 in
2500 5322 2567 5360 eo
2595 5303 2898 5369 contineri,
2930 5303 3018 5357 vel
3050 5302 3241 5374 potius
3269 5300 3464 5355 ambas
3488 5293 3755 5359 utriusque
3774 5294 3858 5374 θῐξι·

2231 5412 2353 5450 mas
2383 5394 2444 5449 in
2477 5410 2652 5449 unam
2693 5393 3000 5458 coaluisse;
3034 5407 3198 5464 posse
3233 5395 3426 5445 tamen
3463 5400 3589 5440 eum
3624 5380 3680 5434 in
3702 5388 3784 5429 sua
3808 5365 3857 5464 (ξε

2232 5485 2356 5555 ipso
2389 5483 2657 5553 opinione
2688 5482 2822 5548 labi,
2851 5496 2981 5536 cum
3010 5496 3180 5535 nemo
3202 5495 3260 5534 se
3289 5476 3421 5532 satis
3447 5475 3564 5546 ipse
3583 5458 3855 5537 cognosc“:
