4008 6184
148 260 240 309 317
1611 260 1822 315 LIBER
1895 262 2224 327 QUINTUS.

145 378 240 431 hoc
277 392 421 430 vero
461 391 519 431 se
550 376 699 431 ferre
742 378 1129 448 impatienter,
1163 394 1285 434 non
1316 384 1540 435 tantqu
1571 381 1708 452 quia
1738 398 1852 436 non

144 466 252 519 vult
283 470 353 519 ut
382 466 445 519 in
474 482 728 521 errorem
755 466 970 520 amicus
998 467 1319 534 inducatur,
1346 484 1546 523 verum
1578 469 1750 523 etiam
1780 486 1851 523 ne

150 556 230 608 ille
256 554 375 608 hoc
405 559 573 625 pacto
602 571 705 625 pro
745 572 803 610 se
835 556 1025 610 minus
1060 557 1241 610 Deum
1286 562 1429 623 oret,
1480 562 1543 612 ut
1585 559 1656 613 sit
1696 560 1851 629 quod

150 645 250 714 jam
296 660 363 697 se
395 660 521 698 esse
551 646 745 699 credit.
779 645 897 699 Sibi
927 662 1157 717 quoque
1186 646 1245 701 in
1287 646 1521 717 proclivi
1559 665 1700 715 esse,
1733 666 1850 703 non

157 732 475 787 absimilem
522 734 726 804 agendi
763 750 891 787 cum
921 751 988 787 eo
1030 734 1253 789 ratione
1286 735 1456 803 inire,
1486 754 1550 791 ac
1581 738 1702 792 sine
1731 739 1848 792 ullo

154 822 263 875 fuco
311 821 627 890 explicare,
676 822 904 892 quantis
947 838 1081 877 eum
1132 824 1295 878 bonis
1335 840 1399 878 ac
1430 824 1657 879 dotibus
1714 826 1852 880 sciat

151 909 331 963 divina
382 909 777 963 muniﬁcentia
824 916 1161 965 exornatum
1204 928 1217 965 :
1266 913 1364 966 sed
1396 914 1565 966 malle
1609 930 1666 967 se
1699 914 1850 968 illius

145 998 353 1069 pudori
382 1014 637 1069 parcere,
671 1015 789 1052 non
815 1000 967 1069 quod
996 999 1200 1054 timeat
1229 1017 1299 1053 ne
1329 1000 1389 1054 in
1414 1001 1721 1071 judicando
1752 1003 1852 1057 fal-

143 1089 313 1153 latur;
352 1089 453 1142 sed
484 1104 555 1142 ne
586 1088 821 1142 Severus
851 1088 922 1141 ab
953 1089 1128 1142 altero
1150 1090 1360 1143 Severo
1391 1091 1847 1157 commendatus,

141 1176 403 1230 videatur
450 1176 539 1230 sui
584 1176 763 1247 ipsius
804 1177 1260 1243 commendator;
1325 1194 1466 1232 neve
1522 1195 1750 1232 causam
1798 1180 1847 1233 ei

140 1265 399 1336 prmbeat
429 1265 832 1336 expostulandi
863 1266 1067 1320 eadem
1095 1266 1216 1333 illa,
1249 1283 1377 1337 quae
1401 1268 1469 1321 de
1500 1284 1566 1321 eo
1596 1268 1717 1338 ipse
1747 1284 1849 1322 ex-

140 1354 497 1424 postulabat.
528 1354 689 1418 Quod
709 1359 924 1424 spectat
951 1356 1020 1409 ad
1053 1355 1332 1425 prolixam
1352 1356 1851 1429 epistolam,quam

141 1444 206 1497 ab
237 1460 309 1497 eo
358 1444 599 1496 Severus
630 1443 992 1514 efﬂagitarat,
1034 1448 1206 1515 negat
1247 1445 1306 1500 id
1337 1445 1445 1500 sibi
1476 1463 1578 1517 per
1605 1464 1849 1518 occupa-

142 1531 327 1585 tiones
362 1531 564 1597 licere;
607 1533 864 1603 exigente
895 1533 1182 1604 mquitatis
1226 1534 1453 1601 ordine,
1478 1539 1539 1589 ut
1570 1537 1722 1607 quod
1752 1537 1851 1591 uni

141 1620 353 1675 Severo
385 1620 652 1687 debebat,
685 1621 755 1674 iis
776 1620 975 1675 ofﬁciis
996 1622 1242 1689 cederet,
1274 1639 1405 1694 quae
1426 1622 1613 1678 eidem
1638 1624 1853 1695 pariter

140 1714 312 1778 atque
347 1707 499 1774 aliis,
532 1709 640 1762 hoc
670 1712 752 1762 est
780 1709 1061 1763 universa:
1093 1710 1373 1777 Ecclesiae,
1396 1717 1667 1781 praestare
1698 1716 1854 1766 tene-

139 1797 331 1851 batur.
368 1796 734 1868 Quapropter
757 1813 885 1852 eum
907 1804 1283 1870 casterosque,
1306 1800 1514 1871 quibus
1533 1805 1651 1855 erat
1672 1801 1853 1870 magis

139 1892 289 1940 arcto
348 1885 605 1956 quodam
653 1886 919 1941 amicitiae
968 1904 1113 1941 nexu
1162 1889 1521 1959 coniunctus,
1574 1895 1735 1960 rogat
1782 1906 1853 1943 ne

139 1975 276 2045 quid
310 1974 426 2028 sibi
461 1974 595 2028 novi
634 1974 825 2029 oneris
855 1975 1183 2045 imponant;
1217 1978 1314 2032 sed
1344 1982 1541 2032 contra
1570 1978 1711 2032 alios
1746 1978 1853 2049 ipsi

136 2065 201 2118 ab
249 2081 325 2118 ea
355 2081 443 2130 re,
486 2068 701 2135 quanta
755 2070 995 2135 possunt
1032 2067 1366 2120 auctoritate
1414 2071 1470 2121 et
1508 2073 1699 2122 sancta
1750 2068 1852 2121 be-

136 2153 423 2223 nignitate
473 2152 840 2223 prohibeant.
893 2155 1035 2208 Eum
1076 2171 1109 2208 a
1139 2170 1196 2208 se
1241 2155 1550 2226 exspectari
1575 2155 1857 2226 signiﬁcat

136 2244 342 2313 (Epist.
383 2244 510 2308 110,
542 2257 599 2295 n.
629 2243 701 2306 4).

201 2335 255 2383 5.
310 2330 377 2382 In
414 2328 670 2400 quadam
719 2329 958 2400 epistola
1001 2330 1281 2385 Novatum
1327 2331 1660 2399 antistitem,
1694 2336 1759 2387 ut
1786 2334 1856 2388 ad

138 2436 190 2472 se
221 2420 474 2473 fratrem
506 2417 743 2472 utilitati
774 2418 1032 2473 Ecclesia:
1063 2419 1447 2475 necessarium
1476 2421 1731 2475 mitteret
1761 2422 1857 2475 ob-

141 2511 405 2573 testatus,
445 2506 658 2560 in‘haac
690 2507 861 2560 verba
904 2524 1037 2561 eum
1068 2510 1372 2578 compellat
1406 2526 1417 2563 :
1451 2513 1519 2565 Ut
1547 2512 1700 2579 longe
1727 2514 1856 2565 mit-

140 2602 245 2650 tam
277 2598 673 2663 cogitationem
704 2600 874 2658 tuam,
898 2598 1295 2666 quantumlibet
1319 2599 1496 2652 valeat
1524 2601 1857 2666 germanitas

142 2687 217 2737 tui
245 2686 573 2750 sanguinis,
614 2700 722 2737 non
760 2686 929 2738 vincit
958 2684 1214 2739 amicitia:
1250 2686 1545 2751 vinculum,
1579 2702 1682 2755 quo
1706 2685 1859 2741 nobis

141 2776 367 2827 invicem
390 2789 491 2840 ego
517 2778 567 2827 et
595 2774 774 2838 frater
795 2774 1019 2828 Severus
1048 2774 1367 2827 inhaeremus
1392 2790 1403 2827 :
1432 2780 1481 2828 et
1514 2780 1689 2828 tamen
1718 2776 1861 2829 nosti

144 2878 305 2930 quam
335 2877 474 2914 raro
504 2877 626 2914 eum
655 2862 791 2914 mihi
827 2862 1010 2915 videre
1038 2864 1331 2930 contingat.
1367 2863 1546 2931 Atque
1584 2866 1677 2917 hoc
1705 2866 1856 2930 fecit,

141 2966 241 3004 non
276 2954 477 3019 utique
494 2950 747 3003 voluntas
774 2951 858 3003 vel
882 2965 1018 3017 mea,
1056 2952 1138 3010 vet
1166 2951 1342 3015 illius;
1386 2952 1480 3005 sed
1509 2952 1637 3005 dum
1668 2954 1859 3006 matris

142 3041 399 3094 Ecclesiae
428 3040 769 3093 necessitates
796 3043 1019 3108 propter
1042 3040 1302 3105 futurum
1331 3041 1587 3107 secutum,
1621 3056 1724 3109 quo
1764 3056 1859 3094 no-

146 3130 354 3184 biscum
406 3128 849 3196 inseparabiliter
897 3130 1250 3195 convivemus,
1285 3131 1458 3183 nostri
1489 3132 1739 3198 temporis
1767 3145 1859 3182 ne-

144 3216 500 3272 cessitatibus
527 3218 917 3284 anteponimus.
951 3216 1160 3281 Quanto
1186 3231 1309 3283 ergo
1329 3219 1535 3283 aequius
1567 3221 1615 3270 te
1637 3218 1862 3271 tolerare

144 3310 377 3374 oportet,
406 3320 514 3374 pro
552 3300 789 3358 utilitate
817 3306 991 3374 ipsius
1022 3307 1215 3359 mat-ris
1242 3306 1490 3359 Ecclesiae
1519 3307 1635 3375 ejus
1662 3307 1861 3372 fratris

143 3396 483 3462 absentiam,
527 3409 646 3447 cum
687 3410 790 3461 quo
815 3409 920 3448 non
952 3394 1163 3448 tamdiu
1205 3394 1381 3448 cibum
1412 3394 1738 3448 dominicum
1768 3410 1861 3448 ru-

144 3488 345 3549 minas,
382 3483 653 3552 quamdiu
672 3498 765 3549 ego
790 3498 909 3537 cum
938 3483 1249 3537 dulcissimo
1280 3485 1490 3537 concive
1514 3499 1625 3536 meo
1650 3485 1859 3549 Severo,

142 3574 237 3640 qui
283 3586 495 3625 mecum
545 3574 720 3624 tamen
749 3586 890 3624 nunc
934 3572 1050 3636 vim,
1103 3574 1153 3623 et
1192 3570 1466 3623 interdum
1509 3586 1606 3637 per
1634 3572 1862 3637 exiguas

144 3662 435 3713 chartulas
478 3660 743 3728 loquitur,
773 3662 823 3712 et
852 3674 940 3713 eas
980 3658 1199 3726 quidem
1227 3660 1408 3727 plures
1437 3659 1674 3711 aliarum
1703 3674 1862 3711 cura-

144 3766 269 3803 rum
301 3755 351 3802 et
383 3750 721 3816 negotiorum
746 3750 997 3814 refertas,
1032 3763 1195 3815 quam
1220 3752 1498 3815 portantes
1528 3746 1745 3814 aliquid
1769 3763 1863 3801 no-

144 3845 391 3893 strorum
429 3840 489 3890 in
523 3837 727 3892 Christi
753 3838 1021 3890 suavitate
1039 3840 1323 3905 pratorum
1346 3835 1541 3904 (Epist.
1575 3838 1663 3901 84,
1695 3852 1750 3889 n.
1789 3836 1861 3905 1).

150 3930 247 3982 Illa
301 3925 619 3997 Augustini
661 3942 792 3979 cum
839 3925 1042 3979 Severo
1089 3924 1327 3979 societas
1371 3930 1507 3978 nota
1545 3928 1667 3979 erat
1694 3929 1865 3996 atque

148 4017 302 4087 apud
333 4030 542 4070 omnes
570 4015 903 4085 pervulgata
934 4030 946 4067 :
982 4013 1447 4085 quandoquidem
1478 4013 1704 4084 ignotus
1738 4013 1867 4067 scri-

148 4105 363 4175 ptorin
387 4103 639 4175 quadam
652 4102 725 4156 ad
745 4102 1126 4173 Augustinum
1148 4102 1406 4173 epistola,
1431 4118 1559 4173 quae
1585 4102 1646 4156 in
1668 4102 1865 4157 Hiero-

147 4194 313 4264 nymi
343 4208 525 4263 opera
553 4192 880 4262 irrepserat,
930 4191 1017 4245 his
1046 4192 1280 4245 beatum
1312 4191 1646 4262 episcopum
1678 4191 1865 4245 verbis

148 4282 475 4353 alloquitur
507 4297 520 4334 :
553 4282 683 4337 Cum
703 4282 759 4334 in
784 4280 967 4334 urbem
992 4282 1156 4349 Leges
1185 4282 1448 4334 anteriori
1470 4285 1701 4351 tempore
1725 4296 1865 4335 com-

148 4386 449 4433 meassem;
474 4372 706 4423 nimium
734 4385 854 4423 sum
896 4372 1268 4436 contristatus,
1310 4369 1456 4438 quod
1484 4373 1531 4423 te
1557 4373 1723 4423 totum
1761 4369 1867 4422 ibi-

148 4462 272 4514 dem
298 4461 528 4514 minime
571 4461 728 4528 potui
769 4462 1040 4529 reperire;
1065 4461 1249 4513 inveni
1274 4460 1417 4512 enim
1443 4463 1490 4512 te
1513 4458 1767 4523 medium,
1794 4462 1865 4524 et,

150 4555 211 4601 ut
242 4552 325 4601 ita
356 4547 564 4612 dicam,
593 4553 806 4616 partem
834 4550 1030 4602 animae
1059 4554 1163 4602 tua:
1183 4549 1436 4603 Severum
1468 4548 1863 4611 charissimum,

151 4637 217 4689 de
246 4652 357 4707 quo
379 4652 449 4690 ea:
473 4640 631 4705 parte
658 4638 879 4703 gavisus
909 4651 1046 4690 sum.
1076 4638 1314 4702 Perfecte
1344 4638 1484 4690 enim
1504 4636 1869 4703 gauderem,si

154 4730 201 4779 te
232 4731 411 4779 totum
458 4728 753 4779 invenirem
797 4753 807 4779 ε
850 4726 992 4779 unde
1022 4740 1087 4779 ex
1111 4728 1289 4793 parte,
1322 4742 1432 4794 qua
1464 4730 1513 4778 te
1540 4740 1864 4790 repereram,

151 4814 512 4880 gratulabar,
561 4817 611 4867 et
635 4819 856 4882 propter
889 4818 1102 4884 partem
1132 4818 1302 4881 tuam,
1333 4829 1496 4881 quam
1524 4829 1868 4882 nequaquam

153 4903 712 4968 cemebampmnibus
729 4903 903 4958 modis
924 4903 1313 4957 contristabar.
1347 4902 1581 4957 Proinde
1610 4903 1735 4955 dimi
1752 4904 1869 4956 ani-

152 5008 286 5046 meae
304 4991 641 5058 mez,Quare
662 4994 832 5045 tristis
853 4996 981 5057 es,et
1002 5007 1170 5061 quare
1186 4991 1473 5045 conturbas
1489 5006 1569 5045 me
1585 4994 1612 5046 ?
1625 4992 1794 5061 Spera
1809 4994 1869 5046 in

155 5083 259 5135 Deo
314 5081 483 5149 (Psal.
514 5096 632 5145 xu,
670 5081 725 5149 6)
774 5098 789 5133 :
822 5084 871 5133 et
894 5081 1060 5145 faciet
1082 5085 1399 5148 praesentem
1428 5082 1678 5145 amicum,
1713 5096 1867 5148 quem

150 5169 375 5237 diligis.
421 5168 573 5224 Unde
613 5167 821 5239 conﬁdo
850 5170 909 5221 in
945 5171 1191 5237 Domino,
1218 5173 1269 5221 et
1296 5183 1467 5237 spero,
1501 5169 1644 5237 quod
1674 5184 1753 5222 me
1780 5170 1871 5234 fa-

149 5262 257 5311 ciet
290 5258 363 5311 de
381 5262 475 5310 tua
503 5258 707 5311 visione
724 5259 999 5325 gratulari
1029 5258 1219 5327 (Apud
1234 5258 1493 5325 August.,
1517 5260 1693 5326 Epist.
1718 5258 1865 5327 2'70).

150 5352 351 5420 Atque
381 5352 447 5401 ut
476 5363 856 5419 quaecumque
888 5352 1166 5419 praeterea
1207 5346 1277 5401 de
1307 5346 1510 5401 Severo
1542 5346 1673 5400 licet
1711 5346 1871 5400 inve-

151 5437 313 5501 nire,
358 5436 514 5490 hunc
540 5435 603 5489 in
630 5436 817 5490 locum
858 5451 1267 5508 congeramus;
1310 5436 1575 5491 observat
1603 5434 1872 5505 Augusti-

156 5541 275 5579 nus
322 5524 536 5579 mirum
568 5525 854 5595 quoddam
894 5526 1173 5596 magnetis
1204 5524 1687 5596 experimentum,
1719 5523 1871 5595 quod

3559 269 3661 319 3l8

1966 386 2222 448 Severus,
2275 400 2405 439 cum
2452 384 2757 455 aliquando
2801 387 2952 455 apud
3000 386 3410 440 Bathanarium
3465 388 3666 443 Africa:

1964 457 2230 526 comitem
2258 472 2585 543 pranderet,
2620 476 2993 542 spectaverat;
3038 473 3128 527 cui
3156 473 3390 543 quidem
3413 490 3529 527 non
3560 476 3666 529 mi-

1962 578 2069 615 nus
2100 561 2232 615 ﬁdei
2262 578 2329 615 ex
2358 561 2480 631 ejus
2508 560 2833 615 testimonio
2866 562 3072 615 habere
3105 578 3162 615 se
3193 565 3454 626 testatur,
3484 577 3660 631 quam
3718 618 3722 622 ,

1962 648 2009 702 si
2039 665 2288 719 praesens
2318 649 2438 719 ipse
2460 649 2808 702 interfuisset
2840 650 2929 717 (De
2959 650 3119 705 Civit.
3146 650 3261 713 Dei,
3296 648 3387 701 lib.
3415 651 3504 714 2t,
3538 664 3663 718 cap.

1961 741 2014 805 4,
2054 754 2109 791 n.
2146 742 2213 805 4).
2249 740 2312 791 In
2343 738 2753 809 componendis
2787 738 2987 802 turbis,
3021 754 3169 808 quos,
3205 741 3266 790 ut
3294 736 3444 790 infra
3481 736 3603 789 visu
3623 736 3669 789 ri

1962 840 2178 891 smnus,
2212 831 2404 880 contra
2438 826 2737 879 Ecclesium
2766 843 2916 879 anno
2958 824 3528 897 quadringentesimo
3577 840 3663 879 oc-

1960 916 2086 967 tavo
2119 913 2178 966 in
2209 915 2393 968 Africa
2423 914 2718 968 concitata:
2766 920 2916 981 sunt,
2966 919 3190 967 tantum
3236 914 3535 967 desudavit
3565 914 3662 968 Se-

1960 1017 2145 1070 verus,
2172 1008 2452 1073 quantum
2484 1005 2605 1074 ejus
2634 1004 2876 1058 Charitas
2907 1004 3229 1075 postulabat
3263 1020 3275 1057 :
3308 1002 3447 1073 quin
3483 1001 3660 1056 etiam

1961 1106 2091 1144 cum
2140 1092 2460 1162 Augustino
2505 1092 2563 1145 in
2605 1093 2955 1164 colloquium
2996 1091 3165 1153 venit,
3200 1096 3263 1145 ut
3291 1092 3463 1145 tantis
3495 1091 3661 1145 malis

1960 1178 2234 1233 idoneum
2255 1180 2572 1233 remedium
2587 1181 2799 1250 junctis
2817 1180 3067 1235 consiliis
3088 1180 3660 1251 investigarent.Cum

1960 1272 2159 1338 postea
2189 1268 2423 1335 quidam
2452 1269 2748 1339 presbyter
2777 1285 2846 1323 ex
2877 1269 3199 1323 Milevitana
3220 1268 3446 1322 dioecesi
3464 1268 3532 1321 ad
3555 1270 3665 1321 Im-

1961 1356 2238 1428 peratoris
2267 1358 2600 1412 comitatum
2644 1374 2700 1411 se
2740 1358 3041 1425 conferret,
3084 1357 3217 1411 huic
3246 1356 3537 1411 mandavit
3567 1358 3659 1411 Se-

1961 1463 2147 1512 verus,
2185 1452 2243 1500 ut
2272 1463 2376 1517 per
2398 1447 2716 1518 Ilippouem
2746 1447 2853 1499 iter
2882 1447 3091 1500 faceret
3116 1463 3127 1500 :
3154 1462 3266 1515 qua
3291 1461 3423 1498 usus
3452 1461 3660 1515 oppor-

1962 1535 2203 1589 tunitate
2241 1535 2610 1606 Augustinus,
2644 1536 2711 1589 ad
2743 1535 3075 1605 Olympium
3122 1534 3181 1587 in
3226 1534 3487 1587 eamdem
3539 1549 3662 1585 rem

1962 1623 2205 1695 scripsit,
2247 1640 2472 1679 necnon
2520 1625 2830 1695 plurimam
2880 1624 2964 1678 illi
2994 1623 3183 1678 Severi
3204 1623 3393 1687 verbis
3423 1622 3663 1676 salutem

1964 1712 2106 1767 dixit
2139 1716 2342 1782 (Epist.
2377 1716 2463 1778 97,
2500 1730 2551 1767 η.
2604 1715 2677 1782 3).
2720 1714 2875 1766 Inter
2918 1730 3036 1779 eos,
3087 1712 3185 1783 qui
3234 1709 3663 1780 Carthaginensi

1965 1801 2257 1855 collationi
2288 1801 2621 1869 interfuere,
2655 1817 2865 1855 nomen
2902 1801 3056 1855 illius
3104 1817 3217 1853 non
3260 1800 3560 1871 reperitur.
3594 1800 3664 1852 At

1965 1906 2117 1944 anno
2146 1890 2710 1961 quadringentesimo
2741 1889 2961 1943 decimo
3008 1894 3168 1942 sexto
3199 1889 3501 1957 epistolam
3533 1903 3663 1940 cum

1965 1978 2201 2049 reliquis
2232 1978 2512 2049 episcopis
2552 1978 2831 2032 Numidiae
2862 1976 3047 2032 Milevi
3088 1977 3443 2047 congregatis
3472 1976 3544 2028 ad
3573 1976 3662 2028 In-

1966 2068 2296 2121 nocentium
2326 2067 2654 2137 pontiﬁcem
2705 2067 2861 2120 misit
2891 2067 3086 2136 (Epist.
3136 2069 3273 2133 176).
3310 2065 3471 2119 Diem
3503 2064 3661 2117 deni-

1966 2173 2079 2227 que
2103 2172 2254 2209 anno
2280 2155 2845 2226 quadringentesimo
2878 2154 3150 2225 vigesimo
3179 2157 3336 2206 sexto
3366 2152 3663 2218 obiit,cum

1965 2245 2124 2316 prius
2136 2246 2286 2300 clero
2316 2263 2419 2300 suo
2433 2249 2712 2317 praesente
2749 2244 3102 2315 designasset
3122 2243 3228 2297 sibi
3248 2258 3627 2297 successorem
3648 2263 3662 2308 ;

1968 2334 2067 2405 qui
2112 2338 2170 2388 et
2212 2334 2282 2388 de
2322 2334 2469 2387 facto
2502 2349 2677 2404 opera
2704 2322 3011 2403 Augustini
3045 2332 3168 2402 ejus
3199 2332 3387 2385 locum
3418 2330 3668 2384 obtinuit

1968 2424 2171 2492 (Epist.
2205 2425 2330 2488 213,
2358 2438 2414 2475 η.
2456 2423 2519 2492 1).
2558 2424 2731 2476 Erant
2761 2422 2819 2474 in
2850 2421 3051 2475 eadem
3078 2420 3220 2475 urbe
3251 2418 3399 2473 servi
3432 2419 3550 2481 Dei,
3585 2418 3667 2471 vi-

1968 2512 2171 2565 delicet
2200 2510 2486 2577 monachi,
2520 2527 2663 2581 quos
2693 2510 2810 2564 illic
2840 2510 3078 2564 Severus
3105 2508 3667 2577 instituerat(lbid.);

1970 2601 2460 2670 quemadmodum
2485 2617 2582 2653 eos
2612 2616 2831 2665 omnes,
2864 2599 2967 2670 qui
3006 2616 3073 2652 ex
3104 2596 3449 2652 monasterio
3479 2598 3670 2666 Augu-

1970 2689 2103 2742 stini
2150 2689 2219 2742 ad
2267 2689 2658 2759 episcopatum
2703 2687 2981 2759 assumpti
3028 2688 3206 2749 fuere,
3254 2684 3448 2739 fecisse
3478 2686 3671 2737 narrat

1970 2777 2259 2832 Possidius
2300 2778 2386 2847 (In
2443 2780 2571 2834 Vita
2626 2779 2884 2846 August.,
2930 2793 2976 2831 c.
3033 2780 3119 2842 11,
3166 2780 3213 2829 et
3250 2789 3439 2843 supra,
3475 2771 3569 2826 lib.
3615 2775 3666 2832 3,

1972 2882 2087 2936 cap.
2117 2870 2169 2934 5,
2200 2882 2293 2919 nn.
2327 2868 2380 2932 2,
2416 2866 2492 2935 3).

2624 2955 2848 3009 CAPUT
2890 2954 3029 3010 VIII.

1977 3048 1996 3098 1
2035 3045 2294 3101 Conditus
2340 3048 2418 3099 est
2464 3059 2604 3099 anno
2650 3045 2855 3100 Christi
2884 3042 3413 3112 quadringentesimo
3443 3037 3671 3094 secundo

2045 3134 2179 3187 liber
2216 3138 2403 3187 contra
2432 3134 2757 3187 Petilianum
2784 3131 3068 3186 secundus.
3107 3132 3141 3183 2
3169 3133 3272 3183 [Ioc
3306 3128 3441 3182 libro
3472 3128 3670 3195 episto-

2046 3224 2154 3276 lam
2178 3223 2325 3276 illius
2350 3224 2618 3290 integram
2647 3223 2893 3286 con/’utat
2918 3220 3281 3288 Augustinus.
3309 3221 3338 3271 3
3370 3216 3570 3272 Scribit
3600 3214 3675 3268 ad

1970 3340 1973 3343 -
2045 3313 2344 3368 Catholicos
2396 3312 2693 3380 epistolam,
2738 3312 2835 3379 qui
2874 3310 3008 3363 liber
3051 3308 3117 3362 de
3164 3309 3383 3362 Unitate
3426 3305 3674 3360 Ecclesiae

2044 3415 2151 3453 non
2195 3401 2267 3453 ah
2317 3398 2473 3453 initio
2503 3400 2723 3453 dicitur.
2772 3400 2805 3451 4
2842 3398 3146 3451 Petilianus
3191 3410 3293 3464 pro
3336 3395 3677 3463 responsione

2040 3489 2245 3558 probra
2274 3494 2323 3541 et
2352 3489 2640 3543 maledicta
2676 3488 2874 3553 ingerit
2912 3488 2971 3539 in
3012 3486 3401 3549 Augustinum.
3435 3486 3465 3535 5
3495 3481 3674 3549 Hujus

2047 3577 2121 3631 ad
2150 3578 2404 3630 Petitiani
2446 3577 2682 3629 convicia
2736 3579 2785 3628 et
2830 3573 3174 3627 contumelias
3204 3573 3347 3624 mira
3376 3570 3671 3638 responsio.

2048 3668 2078 3719 6
2122 3666 2395 3719 Psalmum
2434 3665 2770 3729 trigesimum
2806 3666 3019 3715 sextum
3069 3658 3486 3724 Carthaginensi
3530 3656 3677 3725 plebi

2046 3766 2312 3821 eccponens
2342 3751 2684 3816 Augustinus
2715 3750 2963 3817 disputat
2993 3751 3182 3802 contra
3210 3747 3543 3801 Donatistas.

2052 3844 2100 3893 1.
2148 3839 2355 3903 Quinto
2398 3838 2673 3892 kalendas
2700 3837 2879 3892 maias
2909 3835 3207 3907 praesentis
3236 3833 3375 3888 anni
3400 3832 3674 3905 quadrin-

1978 3926 2280 3997 gentesimi
2318 3926 2551 3980 secundi
2572 3925 2902 3979 Anastasius
2932 3940 3081 3996 papa
3102 3924 3171 3979 de
3197 3923 3311 3977 vita
3339 3922 3508 3978 exivit
3539 3938 3551 3976 :
3585 3938 3681 3976 cu-

1972 4017 2065 4086 jus
2109 4014 2344 4085 quidem
2387 4014 2565 4068 exitus
2595 4014 2854 4068 nondum
2896 4019 3018 4067 erat
3054 4014 3115 4067 in
3144 4013 3333 4067 Africa
3361 4011 3677 4079 nuntiatus,

1978 4122 2092 4175 quo
2120 4109 2378 4173 tempore
2404 4104 2756 4174 Augustinus
2786 4104 2999 4157 librum
3025 4108 3223 4157 contra
3254 4101 3494 4156 Litteras
3526 4100 3679 4154 Peti-

1976 4192 2116 4247 liani
2145 4192 2458 4247 secundum
2505 4192 2912 4263 componebat;
2964 4193 3022 4247 in
3070 4193 3179 4246 hoc
3217 4190 3370 4245 enim
3400 4188 3679 4242 Anastasii

1976 4286 2272 4351 tamquam
2301 4281 2486 4335 adhuc
2520 4281 2669 4335 Petri
2699 4282 3028 4335 cathedram
3057 4279 3383 4349 occupantis
3412 4276 3672 4330 recorda-

1977 4371 2257 4441 tur(Cont.
2287 4372 2414 4424 Litt.
2439 4371 2594 4424 Petit.
2623 4370 2716 4424 lib.
2735 4373 2791 4439 2,
2817 4385 2862 4425 c.
2889 4373 2978 4437 51,
3001 4385 3055 4423 n.
3089 4368 3235 4437 118).
3267 4368 3338 4421 At
3358 4370 3507 4419 certe
3527 4365 3681 4419 hunc

1977 4460 2189 4514 librum
2211 4462 2417 4513 caetera
2437 4457 2586 4512 inter
2611 4459 2886 4528 opuscula
2916 4474 3018 4512 sua
3049 4474 3116 4511 eo
3147 4454 3434 4510 recensuit
3454 4453 3677 4521 ordine,

1980 4553 2039 4603 ut
2069 4548 2179 4603 dici
2208 4564 2323 4601 non
2353 4547 2529 4618 possit
2561 4552 2690 4602 ante
2728 4552 3069 4617 prmsentem
3094 4561 3309 4600 annum
3332 4544 3676 4598 elaboratus.

1981 4637 2280 4691 Enimvero
2302 4653 2433 4692 cum
2452 4636 2764 4691 Petilianus
2786 4636 2853 4689 ad
2868 4636 3120 4705 primum
3141 4632 3444 4703 Augustini
3465 4631 3677 4687 librum

1980 4727 2224 4780 secundo
2245 4726 2351 4779 isto
2370 4726 2627 4780 nondum
2656 4724 2918 4778 absoluto
2948 4723 3339 4791 responderet,
3365 4722 3681 4785 Quodvult-

1981 4814 2151 4869 deum
2172 4815 2440 4870 clericum
2458 4813 2803 4869 Donatistam
2828 4811 2888 4864 in
2909 4811 3146 4882 proprio
3170 4811 3350 4883 gradu
3370 4810 3682 4864 admissum

1981 4904 2324 4974 querebatur
2346 4904 2537 4972 (Ibid.,
2562 4902 2661 4955 lib.
2695 4904 2746 4966 3,
2776 4917 2818 4955 c.
2852 4902 2941 4968 32,
2962 4916 3025 4953 n.
3057 4900 3143 4969 37)
3180 4915 3193 4953 :
3228 4916 3342 4953 non
3373 4897 3549 4969 igitur
3568 4896 3679 4949 nisi

1979 4997 2109 5062 post
2136 4991 2443 5046 concilium
2470 4989 2659 5044 idibus
2688 4986 3027 5057 septembris
3056 5003 3208 5041 anno
3241 4985 3683 5057 quadringente-

1980 5080 2125 5134 simo
2170 5081 2356 5151 primo
2406 5078 2669 5133 habitum
2715 5076 3077 5146 Carthagine,
3126 5076 3226 5130 ubi
3254 5073 3583 5129 constitutio
3611 5071 3682 5124 de

1984 5168 2405 5222 Donatistarum
2441 5165 2657 5219 clericis
2688 5164 2747 5219 in
2794 5180 2895 5218 suo
2922 5164 3139 5217 honore
3164 5159 3503 5231 recipiendis
3530 5157 3695 5215 edita,

1982 5262 2083 5310 est.
2132 5258 2413 5310 Praeterea
2447 5254 2699 5325 quodam
2730 5252 2789 5307 in
2821 5253 2943 5305 loco
2974 5250 3209 5305 secundi
3238 5249 3410 5317 hujus
3440 5245 3569 5299 libri
3599 5249 3676 5298 te-

1982 5348 2165 5399 statur
2192 5343 2559 5414 Augustinus,
2604 5344 2905 5396 toleratam
2936 5340 3107 5394 fuisse
3139 5336 3329 5408 Optati
3361 5333 3679 5389 Gildoniam

1964 5433 2341 5511 tyrannidem
2370 5433 2667 5487 recentibus
2692 5430 3019 5501 temporibus
3043 5428 3233 5497 (lbid.,
3256 5426 3349 5478 lib.
3381 5428 3433 5488 2,
3460 5426 3677 5489 c.23,n.

1987 5522 2078 5592 53)
2132 5538 2146 5576 :
2194 5538 2324 5593 qua:
2366 5523 2535 5577 verba
2579 5538 2689 5576 non
2724 5536 2905 5576 unum
2936 5522 2992 5573 et
3016 5518 3259 5570 alterum
3286 5513 3684 5569 tantummodo
