4008 6184
325 271 427 323 319

326 407 609 460 mensem,
631 392 725 446 sed
740 390 989 463 spatium
1000 391 1275 462 temporis
1293 389 1515 462 insigne
1526 390 1812 462 quoddam
1835 390 1905 445 ab
1924 390 2024 455 illa

327 480 650 553 tyrannide,
697 496 828 551 qua:
860 481 964 535 sub
993 480 1168 534 ﬁnem
1208 479 1344 534 anni
1372 478 1755 533 trecentesimi
1778 494 2023 549 nonage-

323 569 454 623 simi
484 569 666 623 octavi
697 568 884 635 desiit,
919 567 1202 622 efﬂuxisse
1242 567 1584 639 signiﬁcant.
1617 568 1739 631 Qua
1766 568 2023 621 observa-

325 658 481 713 tione
496 657 1165 728 Baroniiopinio,librum
1180 656 1343 711 illum
1356 656 1657 727 Augustini
1673 673 1821 710 anno
1834 655 2021 710 eidem

329 764 505 818 supra
533 748 994 801 trecentesimum
1021 747 1392 816 nonagesimo
1422 750 1616 800 octavo
1654 744 2018 816 assignantis,

328 834 585 889 funditus
606 835 891 889 evertitur.
915 835 1152 890 Silentio
1164 833 1528 905 praeterimus
1547 838 2022 888 commemoratas

326 923 385 976 in
414 924 611 978 eodem
644 924 790 977 libro
832 924 987 993 leges
1037 922 1273 977 Honorii
1310 923 1380 977 de
1424 923 1818 977 subvertendis
1859 921 2022 976 idolis

320 1012 513 1080 (Ibid.,
540 1027 581 1066 c.
608 1014 694 1074 92,
717 1028 755 1065 η
807 1014 927 1077 202‘;
944 1009 2015 1082 annitrecentesiminonagesiminoni.

396 1100 652 1172 Denique
707 1100 1073 1164 Felicianum,
1131 1101 1339 1154 omisso
1397 1102 1755 1167 Praetextato,
1813 1100 2022 1171 sae-pius

327 1189 589 1243 nominat
634 1205 646 1243 :
681 1189 833 1259 quod
879 1189 1193 1244 certissime
1231 1189 1458 1258 evincit,
1500 1189 1653 1243 hunc
1675 1190 1795 1260 jam
1825 1204 1856 1242 e
1885 1187 2023 1242 vivis

328 1278 533 1332 abiisse
580 1294 594 1331 :
645 1294 773 1333 cum
826 1281 1017 1332 tamen
1045 1294 1196 1345 eum,
1233 1294 1347 1349 quo
1386 1281 1645 1349 tempore
1674 1276 2022 1349 Augustinus

322 1366 391 1420 ad
421 1367 772 1421 Generosum
801 1366 904 1420 sub
936 1366 1221 1420 Anastasii
1249 1365 1586 1435 pontiﬁcatu
1615 1365 2022 1435 scribebat,ad—

321 1456 433 1509 huc
462 1454 827 1525 superstitem
853 1453 1027 1508 fuisse
1054 1454 1365 1508 viderimus
1395 1454 1592 1526 (Epist.
1626 1458 1713 1519 53,
1746 1471 1804 1508 n.
1838 1457 1914 1522 6).

399 1546 452 1598 2.
495 1543 658 1607 Quod
690 1547 881 1597 autem
910 1543 979 1596 ad
1012 1559 1239 1596 causam
1268 1542 1471 1596 attinet
1500 1542 1732 1596 secundi
1762 1542 1893 1596 libri
1922 1542 2025 1596 ad-

324 1647 519 1685 versus
550 1631 918 1697 Petilianum,
942 1648 1006 1685 ex
1031 1631 1100 1685 iis
1130 1646 1257 1701 qua:
1284 1646 1456 1700 supra
1484 1629 1731 1684 diximus
1760 1629 1917 1684 licuit
1940 1629 2023 1682 in-

328 1720 605 1791 telligere,
641 1720 939 1791 epistolam
962 1719 1031 1773 ab
1060 1719 1167 1773 hoc
1196 1718 1437 1774 Cirtensi
1459 1717 1883 1772 Donatistarum
1908 1716 2024 1787 epi-

324 1825 494 1879 scopo
526 1807 904 1879 conscriptam
934 1807 1200 1862 adversus
1248 1807 1571 1874 Ecclesiam,
1611 1808 1800 1877 primo
1843 1805 2023 1861 sancti

330 1896 586 1950 Doctoris
613 1896 759 1950 libro
791 1896 1093 1951 refutatam
1120 1894 1315 1964 fuisse,
1342 1911 1457 1950 non
1483 1900 1677 1951 tamen
1705 1896 2018 1967 integram;

324 1984 539 2056 quippe
586 1984 749 2055 cujus
795 1983 1046 2056 aliquam
1094 1989 1321 2039 tantum
1356 1990 1601 2056 partem,
1631 1984 2022 2057 prementibus

326 2092 453 2130 eam
486 2066 682 2128 sedulo
716 2074 1042 2143 Donatistis,
1072 2074 1183 2144 ipsi
1211 2075 1399 2144 legere
1427 2074 1771 2143 contigisset.
1814 2075 2022 2128 Verum

319 2163 482 2217 irrita
512 2163 744 2217 illorum
780 2162 1082 2229 industria,
1122 2163 1352 2217 tandem
1384 2163 1691 2233 aliquando
1727 2162 1788 2217 in
1826 2164 2021 2232 Augu-

327 2250 459 2306 stini
489 2266 698 2305 manus
716 2255 834 2304 tota
860 2250 1143 2321 pervenit.
1185 2251 1327 2304 Nam
1357 2250 1634 2305 Cirtenses
1662 2249 1895 2321 quidam
1925 2266 2020 2303 ca-

327 2338 529 2394 tholici
558 2337 851 2392 inventam
880 2338 1057 2403 illam,
1082 2337 1537 2409 exscriptamque
1556 2338 1741 2393 eidem
1756 2337 2023 2393 transmi-

331 2430 531 2481 serunt
553 2427 773 2497 (Contra
794 2427 926 2480 Litt.
948 2426 1127 2491 Petil.,
1159 2425 1251 2479 lib.
1271 2428 1328 2493 2,
1349 2441 1396 2479 c.
1424 2428 1473 2492 l,
1494 2441 1552 2479 n.
1574 2429 1595 2479 1
1619 2442 1632 2492 ;
1659 2428 1733 2480 De
1757 2427 1901 2481 Unit.
1918 2428 2021 2480 Ec-

324 2516 472 2581 cles.,
496 2530 552 2569 η.
585 2512 646 2584 tl;
674 2514 872 2570 Contra
897 2513 1236 2569 Cresconium
1258 2512 1352 2565 lib.
1386 2516 1429 2573 1,
1451 2527 1497 2567 c.
1534 2515 1585 2580 1,
1606 2527 1668 2567 n.
1700 2514 1780 2583 l):
1800 2512 1899 2583 qui
1917 2516 2024 2567 sta-

327 2602 431 2656 tim
480 2606 544 2656 ut
570 2600 657 2655 illi
685 2602 969 2655 cumulate
999 2600 1385 2670 responderet,
1419 2616 1551 2655 suos
1586 2604 1710 2655 tum
1740 2601 1809 2655 de
1837 2600 2022 2655 Trini-

324 2695 462 2757 tate,
497 2694 617 2745 tum
658 2689 720 2743 in
760 2688 1021 2744 Genesim
1051 2688 1225 2743 libros
1254 2687 1563 2758 interrupit
1590 2687 1871 2759 (Retract.,
1924 2689 2019 2743 lib.

326 2781 381 2842 2,
414 2794 533 2848 cap.
566 2778 679 2846 25).
713 2780 832 2835 Non
875 2779 1026 2847 quia,
1072 2776 1260 2847 inquit
1287 2777 1658 2847 Augustinus,
1707 2778 1798 2832 ille
1827 2793 2023 2832 novum

328 2867 545 2935 aliquid
583 2867 737 2929 dicit,
770 2868 861 2920 cui
886 2881 992 2920 non
1013 2866 1135 2935 jam
1161 2866 1347 2919 multis
1370 2865 1544 2919 modis
1573 2870 1624 2919 et
1646 2881 1785 2935 saepe
1810 2881 2025 2935 respon-

317 2970 437 3009 sum
466 2959 577 3025 est;
618 2954 713 3009 sed
732 2958 958 3024 propter
987 2952 1255 3008 tardiores
1284 2956 1511 3022 fratres,
1538 2956 1636 3025 qui
1661 2970 1744 3020 ea,
1776 2970 1894 3023 quae
1918 2956 2021 3009 ali-

319 3044 442 3098 cubi
485 3045 728 3109 legerint,
778 3042 853 3096 ad
897 3044 1079 3097 omnia
1101 3045 1271 3111 paria
1296 3045 1502 3109 referre
1527 3059 1634 3098 non
1660 3049 1909 3113 possunt,
1943 3047 2024 3098 ita

319 3145 516 3183 morem
545 3145 731 3196 geram
756 3128 853 3195 eis,
879 3131 976 3197 qui
1001 3144 1084 3183 me
1111 3131 1325 3184 omnino
1353 3130 1428 3183 ad
1460 3132 1677 3198 singula
1703 3132 2025 3201 respondere

320 3217 675 3285 compellunt;
710 3221 770 3270 ut
818 3219 980 3285 quasi
1025 3219 1248 3272 alternis
1276 3219 1615 3273 sermonibus
1650 3221 1708 3272 in
1733 3223 2023 3288 praesentia

320 3304 666 3358 disseramus.
700 3304 877 3359 Verba
905 3319 973 3359 ecc
1002 3305 1256 3374 Epistola
1284 3306 1401 3375 ejus
1427 3322 1626 3375 ponam
1653 3307 1751 3361 sub
1780 3308 1898 3376 ejus
1925 3324 2021 3363 no-

319 3393 479 3459 mine,
529 3396 580 3446 et
620 3395 1015 3461 responsionem
1061 3392 1288 3447 reddam
1331 3393 1432 3447 sub
1472 3409 1585 3448 meo
1623 3396 1862 3461 nomine;
1908 3399 2024 3449 tan-

319 3495 506 3550 quam,
540 3495 660 3535 cum
690 3496 986 3550 ageremus,
1019 3497 1053 3535 α
1078 3483 1308 3535 notariis
1335 3485 1559 3551 excepta
1597 3482 1726 3536 sint.
1759 3483 1844 3538 Ita
1872 3499 2022 3539 nemo

317 3570 441 3637 erit,
474 3572 572 3640 qui
599 3585 681 3624 me
700 3570 915 3639 aliquid
936 3572 1369 3641 pratermisisse,
1400 3574 1497 3625 aut
1511 3575 1734 3640 propter
1763 3571 2025 3627 indiscre-

317 3665 402 3714 tas
423 3675 685 3728 personas
713 3675 769 3714 se
795 3674 902 3714 non
919 3662 1162 3730 potuisse
1192 3661 1490 3728 intelligere
1507 3666 1866 3731 conqueratur
1902 3678 1914 3716 :
1946 3664 2027 3717 si-

317 3749 431 3802 mul
459 3751 620 3802 etiam
649 3751 711 3802 ut
747 3749 915 3802 iidem
942 3750 1056 3818 ipsi
1078 3751 1392 3815 Donatistae,
1425 3751 1522 3818 qui
1542 3765 1723 3805 coram
1749 3751 2025 3806 nobiscum

317 3837 586 3889 disserere
612 3836 824 3901 nolunt,
864 3851 968 3904 per
1012 3837 1245 3900 litteras,
1294 3853 1432 3907 quas
1461 3841 1574 3893 suis
1604 3838 1910 3905 ediderunt,
1944 3843 2025 3894 ita

318 3938 428 3976 non
458 3922 729 3991 effugiant
755 3922 1165 3991 respondentem
1205 3925 1314 3978 sibi
1360 3926 1435 3978 ad
1471 3927 1692 3993 singula
1718 3930 2019 3983 veritatem.

318 4016 584 4081 tanquam
601 4011 879 4066 nobiscum
904 4013 1048 4078 facie
1083 4012 1159 4067 ad
1181 4015 1379 4080 faciem
1413 4014 1790 4093 colloquaptur
1808 4016 2025 4081 (Contra

322 4101 513 4161 Petil.,
566 4099 662 4154 lib.
698 4102 751 4168 2,
799 4116 843 4154 c.
900 4103 951 4165 1,
999 4117 1054 4154 n.
1092 4101 1162 4171 1).
1200 4102 1409 4156 Eadem
1446 4102 1667 4157 ratione
1698 4103 2023 4160 refellendis

325 4188 513 4245 Fausti
540 4187 702 4244 libris
725 4188 1070 4243 ususfuerat.
1094 4190 1249 4243 Infra
1274 4190 1507 4261 quidem
1533 4190 1726 4246 dolere
1754 4208 1812 4247 se
1841 4197 2022 4248 testa-

320 4286 430 4345 tur,
465 4277 619 4350 quod
651 4277 759 4332 sibi
787 4293 1016 4332 necesse
1047 4275 1120 4331 sit
1147 4277 1517 4334 dissolvendis
1556 4280 1726 4351 nugis
1755 4281 2025 4337 immora-

322 4366 391 4436 ri,
422 4382 494 4420 ne
523 4366 671 4421 forte
701 4365 949 4421 inﬁrmis
968 4366 1264 4436 negotium
1288 4367 1583 4435 facessunt,
1613 4368 1809 4441 eisque
1831 4371 2024 4442 lapsus

321 4454 677 4509 occasionem
722 4455 1018 4525 praebeant
1047 4455 1236 4525 (Ibid.,
1275 4471 1318 4510 c.
1372 4458 1461 4523 92,
1494 4472 1549 4512 n.
1583 4459 1709 4526 209)
1759 4476 1771 4513 :
1805 4463 1864 4514 at
1891 4459 2022 4514 dili-

320 4542 515 4611 gentia
535 4542 633 4596 illa
657 4544 839 4598 multo
856 4543 1046 4599 minus
1063 4542 1194 4614 ipsi,
1214 4560 1385 4614 quam
1407 4545 1732 4615 Donatistis,
1747 4548 2023 4603 molestias

260 4692 268 4704 _
321 4628 613 4684 afferebat.
648 4632 957 4687 Petiliauus
977 4632 1133 4687 enim
1157 4648 1272 4703 quo
1294 4648 1352 4687 se
1375 4638 1621 4688 verteret
1637 4652 1757 4690 non
1783 4636 2020 4704 habens,

320 4716 391 4770 ad
423 4718 768 4773 calumniam
799 4721 1074 4793 confugit,
1105 4721 1517 4794 contenditque
1546 4739 1679 4777 eum
1704 4723 2024 4795 responsio-

323 4820 454 4860 nem
485 4821 646 4860 suam
685 4807 745 4862 in
774 4808 1016 4864 formam
1055 4810 1329 4882 colloquii
1378 4827 1494 4866 non
1542 4811 1665 4865 sine
1722 4812 2021 4867 mendacio

320 4893 708 4960 concinnasse,
759 4898 913 4966 quod
961 4914 1259 4969 nunquam
1291 4915 1580 4954 sermones
1621 4899 1771 4954 inter
1800 4916 1858 4954 se
1908 4900 2021 4955 mi-

321 4982 612 5037 scuissent.
658 4983 808 5049 Quid
834 4986 1127 5054 faciamus,
1158 4987 1349 5059 inquit
1375 4987 1751 5061 Augustinus,
1785 4990 2022 5043 homini-

320 5074 436 5141 bus,
472 5073 569 5141 qui
589 5073 696 5128 tale
721 5088 812 5127 cor
841 5074 1060 5140 habent,
1090 5081 1187 5131 aut
1207 5092 1315 5143 eos,
1348 5078 1544 5146 quibus
1574 5080 1784 5147 scripta
1812 5093 1913 5132 sua
1934 5080 2021 5132 in-

312 5167 581 5217 notescere
619 5163 865 5230 cupiunt,
920 5162 1027 5216 tale
1063 5177 1154 5217 cor
1182 5165 1377 5219 habere
1407 5168 1705 5236 opinantur
1735 5168 1826 5235 (De
1872 5169 2018 5222 Unit.

318 5252 540 5318 .Eccles.,
583 5267 641 5305 n.
695 5249 786 5321 l)?
828 5249 958 5304 Haec
985 5248 1164 5321 igitur
1192 5252 1299 5307 fuit
1326 5268 1515 5315 causa,
1561 5270 1663 5309 cur
1701 5255 1762 5309 in
1793 5254 2019 5309 Petilia-

322 5354 456 5392 uum
488 5340 701 5394 librum
731 5338 1043 5393 secundum
1064 5339 1351 5403 scriberet,
1387 5346 1442 5396 et
1469 5358 1602 5397 eum
1627 5343 1858 5414 quidem
1888 5342 2022 5396 satis

320 5424 626 5492 prolixum.
652 5427 718 5481 In
740 5443 809 5481 eo
838 5425 995 5480 enim
1017 5423 1207 5496 ipsum
1229 5442 1460 5497 quoque
1481 5429 1739 5499 epistolae
1760 5429 2023 5484 Petiliani

320 5509 570 5579 initium,
604 5515 758 5585 quod
786 5515 907 5585 jam
936 5512 1124 5587 primo
1164 5529 1267 5568 suo
1297 5513 1453 5570 libro
1483 5516 1782 5585 refutaret,
1811 5517 2021 5572 iterum

1532 268 1701 324 VITA
1755 268 1814 323 S.
1858 265 2247 325 AUGUSTINI
2286 264 2625 321 EPISCOPI.
3726 264 3825 317 320

2133 388 2319 443 diluit.
2352 388 2527 443 Batus
2549 400 2724 457 porro
2754 388 2858 451 est,
2891 399 3019 456 quae
3050 383 3111 437 in
3141 382 3396 439 medium
3416 382 3709 449 afferebat,
3731 383 3828 438 ad-

2133 493 2200 531 eo
2232 477 2650 547 Scripturarum
2683 473 3017 528 auctoritate
3046 472 3272 526 ﬁrmata
3300 488 3421 526 esse
3453 471 3668 537 omnia,
3700 476 3763 526 ut
3800 489 3833 526 a

2131 564 2386 635 nemine,
2429 563 2538 618 nisi
2568 562 2668 635 qui
2698 562 2889 618 divino
2936 561 3108 616 verbo
3138 577 3258 614 sese
3282 560 3580 614 inimicum
3610 560 3831 615 denun-

2132 655 2326 723 tiaret,
2358 651 2553 725 negari
2574 655 2824 723 possent.
2860 651 3055 720 Neque
3085 650 3255 703 etiam
3276 648 3555 703 dubitavit
3581 665 3833 702 asserere

2133 760 2247 809 eos,
2282 742 2381 815 qui
2411 736 2568 813 prius
2598 739 2899 811 epistolam
2942 738 3206 793 Petiliani
3249 737 3487 808 plurimi
3530 737 3830 805 faciebant,

2132 832 2376 902 perlecta
2426 829 2681 900 ejusdem
2730 827 3139 893 confutatione,
3187 825 3255 879 ab
3305 830 3432 879 utra
3469 830 3629 895 parte
3660 831 3834 880 staret

2132 918 2359 981 veritas,
2391 917 2620 971 tandem
2652 914 2967 986 agniturcs.
3002 914 3216 977 Quibus
3245 917 3441 967 tamen
3470 912 3755 981 Petiliani,
3783 913 3830 968 si

2133 1007 2366 1079 quidem
2392 1005 2526 1060 velit
2552 1005 2847 1076 epistolam
2883 1018 3046 1058 suam
3066 1002 3392 1070 defendere,
3423 1002 3698 1057 audiendi
3729 1018 3831 1072 po-

2131 1101 2397 1152 testatem
2427 1104 2545 1149 nOn
2582 1094 2801 1149 adimit.
3232 1150 3239 1161 ι

2205 1188 2255 1240 3.
2290 1187 2514 1240 Interea
2554 1182 2823 1238 ﬁdelibus
2870 1182 2941 1236 ad
2988 1197 3106 1236 sum
3145 1180 3587 1252 dispensationis
3634 1196 3831 1234 curam

2131 1272 2552 1346 pertinentibus
2581 1272 2782 1326 eodem
2802 1271 2978 1325 ferme
3000 1276 3279 1342 tempore,
3302 1286 3417 1341 quo
3439 1269 3618 1324 edidit
3637 1285 3837 1324 secun-

2133 1363 2271 1418 dum
2292 1362 2505 1417 librum
2521 1361 2582 1415 in
2604 1359 2970 1428 Petilianum,
2994 1364 3052 1413 et
3071 1363 3379 1430 antequam
3400 1359 3568 1413 tertio
3591 1374 3833 1412 manum

2133 1452 2481 1517 admoveret,
2513 1450 2813 1521 epistolam
2853 1448 3078 1519 scripsit
3106 1448 3251 1502 bene
3279 1450 3533 1518 longam,
3558 1447 3649 1501 cui
3679 1462 3835 1501 nunc

2133 1540 2278 1594 libro
2333 1543 2407 1595 De
2452 1540 2668 1593 Unitate
2714 1537 2963 1592 Ecclesiae
3017 1537 3218 1591 titulus
3273 1541 3377 1591 est.
3440 1536 3525 1590 Ibi
3574 1535 3835 1590 Ecclesia:

2132 1628 2426 1683 catholicae
2455 1627 2753 1682 veritatem
2784 1625 3116 1681 auctoritate
3149 1617 3599 1696 Scripturarum'
3626 1625 3834 1678 conﬁr-

2133 1723 2273 1778 mat,
2305 1716 2592 1787 simulque
2629 1715 2983 1769 demonstrat
3021 1712 3166 1768 nihil
3196 1729 3262 1767 ex
3290 1713 3424 1778 illis,
3454 1712 3609 1784 quod
3641 1728 3834 1766 secum

2132 1804 2318 1869 faciat,
2375 1803 2692 1859 Donatistas
2738 1803 2995 1872 proferre
3052 1817 3218 1873 posse
3264 1818 3277 1856 :
3329 1817 3459 1855 cum
3504 1818 3569 1856 ex
3621 1800 3839 1871 apertis

2133 1893 2495 1962 testimoniis,
2537 1892 2697 1947 nulla
2740 1895 2938 1946 contra
2982 1906 3078 1944 eos
3120 1906 3238 1944 non
3268 1894 3558 1961 pugnent;
3592 1889 3665 1945 ad
3693 1905 3834 1960 pro—

2132 1983 2381 2039 bandam
2417 1986 2609 2036 autem
2654 1996 2797 2046 rem,
2844 1979 2914 2034 de
2964 1996 3080 2051 qua
3124 1979 3512 2034 controversia
3558 1982 3665 2046 est,
3723 1993 3835 2032 non

2130 2072 2360 2127 valeant
2388 2069 2681 2140 ambigua,
2712 2069 2801 2123 vel
2830 2068 3094 2136 obscura,
3126 2066 3271 2122 sicut
3296 2082 3401 2121 nec
3420 2066 3729 2137 allegorice
3750 2065 3836 2120 di-

2132 2163 2239 2214 cta.
2281 2158 2499 2224 Quibus
2538 2164 2730 2212 tamen
2772 2155 3063 2211 Donatista
3093 2154 3330 2226 quidam
3362 2154 3662 2225 episcopus
3694 2154 3835 2224 Hip-

2131 2264 2281 2319 pone
2323 2247 2473 2301 inter
2513 2244 2971 2300 concionandum
3003 2260 3158 2310 usus,
3190 2243 3366 2297 miras
3395 2242 3502 2297 sibi
3529 2246 3837 2314 pepererat

2134 2336 2567 2391 acclamationes
2616 2350 2838 2400 eorum,
2890 2332 2991 2404 qui
3036 2332 3283 2404 speciem
3315 2349 3347 2386 a
3374 2332 3559 2386 solido
3589 2347 3714 2386 non
3752 2348 3835 2385 se-

2134 2429 2447 2491 cernentes,
2496 2422 2715 2495 aliquid
2754 2421 2884 2477 novi
2924 2421 2987 2476 in
3012 2438 3135 2476 suae
3166 2426 3332 2476 sectm
3363 2420 3614 2492 gratiam
3642 2420 3838 2475 afferri

2133 2515 2495 2569 laetabantur.
2528 2514 2691 2568 Patet
2732 2526 2961 2584 quoque
2992 2510 3316 2565 Donatistas
3342 2509 3599 2582 proferre
3640 2510 3838 2564 solitos

2133 2605 2356 2674 patrata
2400 2618 2503 2674 per
2546 2618 2678 2656 suos
2722 2600 3017 2667 miracula,
3048 2599 3329 2654 beneﬁcia
3356 2599 3426 2654 ad
3469 2602 3837 2653 mortuorum

2134 2707 2367 2746 suorum
2416 2690 2720 2745 memorias
2765 2688 3134 2760 precantibus
3170 2688 3415 2755 indulta,
3447 2686 3568 2741 visa
3600 2688 3835 2741 tandem

2134 2780 2251 2835 suis
2272 2780 2616 2851 quibusdam
2637 2779 2860 2834 coalitus
2878 2778 3160 2833 immissa.
3190 2779 3584 2832 Removeantur
3595 2779 3729 2842 ista,
3751 2777 3835 2830 in-

2135 2869 2260 2940 quit
2293 2867 2667 2939 Augustinus,
2723 2868 2809 2922 vel
2846 2871 3103 2936 ﬁgmenta
3146 2866 3486 2920 mendacium
3538 2866 3836 2931 hominum,

2132 2958 2218 3011 vel
2236 2961 2491 3026 portenta
2501 2956 2793 3025 fallaciam
2812 2958 3128 3025 spirituum.
3152 2955 3267 3010 Aut
3285 2956 3426 3009 enim
3442 2969 3552 3009 non
3570 2960 3703 3009 sunt
3715 2969 3841 3009 vera

2136 3062 2254 3114 qua:
2266 3046 2537 3111 dicuntur,
2563 3049 2660 3099 aut
2683 3046 2735 3099 si
2750 3045 3119 3099 haereticorum
3139 3043 3329 3112 aliqua
3350 3044 3496 3096 mira
3517 3044 3677 3110 facta
3696 3047 3838 3109 sunt,

2134 3137 2309 3202 magis
2356 3150 2542 3189 cavere
2586 3133 2834 3188 debemus
2884 3149 2897 3186 :
2949 3132 3095 3202 quod
3147 3147 3287 3204 cuni
3312 3131 3546 3186 diluisset
3582 3134 3841 3187 Dominus

2133 3222 2397 3291 quosdam
2441 3224 2658 3289 futuros
2694 3236 2807 3278 esse
2851 3221 3099 3289 fallaces,
3134 3221 3233 3289 qui
3266 3220 3529 3274 nonnulla
3557 3221 3724 3286 signa
3747 3222 3843 3286 fa-

2134 3312 2340 3377 ciendo,
2385 3314 2548 3365 etiam
2586 3312 2793 3376 electos,
2836 3312 2887 3364 si
2916 3311 3038 3379 ﬁeri
3078 3313 3275 3378 posset.
3318 3308 3608 3375 fallerent;
3638 3308 3841 3377 adjecit

2133 3402 2464 3455 vehementer
2492 3399 2888 3461 commendans,
2919 3403 2969 3453 et
2990 3401 3071 3452 ait
3103 3414 3117 3452 :
3142 3416 3171 3448 α
3202 3400 3335 3453 Ecce
3361 3396 3605 3467 prmdixi
3627 3397 3780 3452 vobis
3813 3417 3840 3447 ι

2137 3488 2357 3557 (Matth.
2390 3504 2537 3553 xxxv,
2565 3489 2679 3550 25).
2717 3489 2883 3542 Porro
2924 3489 2975 3542 si
3011 3486 3214 3556 aliquis
3242 3487 3301 3539 in
3331 3486 3705 3540 hareticorum
3735 3500 3842 3539 me-

2132 3578 2320 3631 moriis
2371 3591 2533 3631 orans
2579 3576 2898 3644 exauditur,
2943 3590 3050 3629 non
3091 3589 3194 3643 pro
3222 3574 3410 3628 merito
3453 3573 3574 3639 loci,
3617 3572 3718 3627 sed
3740 3588 3841 3642 pro

2136 3668 2322 3720 merito
2352 3664 2627 3720 desiderii
2647 3666 2737 3719 sui
2758 3666 2954 3734 recipit
2990 3664 3102 3718 sive
3132 3663 3344 3728 bonum,
3375 3662 3486 3715 sive
3514 3661 3745 3715 malum.
3773 3663 3842 3716 Et

2133 3755 2295 3808 multi
2338 3755 2482 3808 irato
2511 3756 2614 3807 Deo
2652 3752 3053 3818 emaudiuntur;
3084 3756 3136 3805 et
3163 3751 3347 3805 multis
3384 3751 3663 3819 propitius
3705 3752 3840 3804 Deus

2132 3857 2239 3897 non
2269 3842 2463 3896 tribuit
2491 3841 2636 3910 quod
2662 3842 2865 3908 volunt,
2897 3845 2959 3894 ut
2987 3840 3133 3911 quod
3160 3840 3293 3894 utile
3318 3843 3396 3893 est
3425 3838 3842 3894 tribuatJVonne

2136 3932 2359 3998 legimus
2394 3931 2466 3985 ab
2509 3935 2625 4000 ipso
2674 3932 2899 3985 Domino
2951 3932 3055 3984 Deo
3108 3929 3395 3983 nonnullos
3440 3927 3732 3984 exauditos
3786 3929 3844 3981 in

2134 4019 2357 4073 excelsis
2382 4020 2645 4073 montium
2665 4018 2914 4082 Judaeae;
2946 4032 3063 4085 qua
3084 4021 3269 4071 tamen
3300 4017 3510 4070 excelsa
3533 4017 3615 4069 ita
3645 4015 3841 4083 displi-

2133 4108 2320 4161 cebant
2347 4110 2471 4172 Deo,
2498 4110 2560 4160 ut
2585 4110 2636 4160 et
2665 4120 2817 4173 reges
2847 4106 2945 4174 qui
2981 4120 3045 4158 ea
3071 4119 3178 4158 non
3204 4107 3519 4170 everterent,
3552 4104 3839 4172 culparen-

2136 4198 2244 4259 tur,
2294 4198 2344 4247 et
2390 4194 2488 4264 qui
2533 4198 2849 4261 everterent,
2884 4192 3280 4247 laudarentur?
3320 4192 3469 4247 Unde
3493 4191 3838 4258 intelligitur,

2133 4284 2309 4349 magis
2337 4282 2515 4336 valere
2550 4283 2780 4351 petentis
2821 4281 3094 4350 affectum,
3127 4296 3292 4350 quam
3320 4281 3602 4350 petitionis
3650 4280 3839 4333 locum.

2132 4372 2206 4425 De
2234 4372 2369 4425 visis
2416 4375 2597 4425 autem
2636 4371 2933 4438 fallacibus
2980 4372 3163 4438 legant
3205 4385 3324 4438 quae
3358 4371 3569 4439 scripta
3608 4373 3759 4428 sunt,
3793 4370 3843 4421 et

2135 4460 2269 4527 quia
2298 4461 2415 4526 ipse
2453 4463 2678 4513 satanas
2710 4461 3071 4528 transfigurat
3098 4473 3153 4512 se
3185 4463 3447 4527 tanquam
3475 4457 3731 4526 angelum
3759 4456 3839 4510 lu-

2134 4554 2211 4602 cis
2262 4548 2329 4612 (Il
2378 4548 2497 4603 Cor.
2540 4562 2615 4612 x1,
2675 4546 2783 4618 14),
2816 4552 2866 4601 et
2917 4549 3050 4616 quia
3078 4548 3272 4601 multos
3319 4545 3655 4600 seduxerunt
3702 4559 3843 4598 som-

2134 4639 2233 4691 nia
2280 4651 2381 4690 sua
2431 4636 2616 4703 (Eccli.
2665 4651 2848 4701 xxxw,
2887 4636 2966 4707 7).
2998 4635 3248 4691 Audiant
3275 4637 3441 4689 etiam
3470 4649 3589 4703 quae
3616 4637 3842 4688 narrent

2135 4727 2346 4791 Pagani
2374 4723 2440 4778 de
2479 4725 2694 4792 templis
2720 4729 2768 4778 et
2795 4724 2903 4779 diis
2943 4726 3057 4779 suis
3079 4724 3410 4779 mirabiliter
3444 4723 3529 4778 vel
3554 4724 3734 4790 facta,
3762 4721 3842 4775 vel

2132 4816 2278 4868 visa.
2315 4812 2707 4868 Exaudiantur
2725 4828 2849 4882 ergo
2871 4815 3033 4867 multi
3060 4817 3111 4867 et
3128 4813 3315 4867 multis
3344 4811 3653 4871 modis.non
3669 4812 3842 4865 solum

2136 4902 2444 4959 Christiani
2472 4902 2749 4969 catholici,
2772 4901 2867 4955 sed
2889 4906 2940 4955 et
2962 4902 3194 4970 Pagani,
3215 4905 3266 4955 et
3287 4900 3490 4965 Judzi,
3513 4904 3565 4954 et
3584 4899 3839 4962 haeretici,

2133 4992 2309 5045 variis
2339 4989 2614 5044 erroribus
2644 4994 2695 5044 et
2726 4989 3197 5059 superstitionibus
3224 4988 3417 5043 dediti.
3450 4987 3844 5043 Exaudiuntur

2135 5083 2313 5132 autem
2340 5079 2425 5132 vel
2444 5078 2511 5132 ab
2541 5078 2831 5148 spiritibus
2853 5078 3254 5142 seductoribus;
3279 5079 3377 5146 qui
3401 5081 3582 5130 tamen
3600 5077 3747 5129 nihil
3768 5077 3845 5142 fa-

2138 5166 2310 5229 ciunt,
2339 5166 2449 5218 nisi
2474 5167 2887 5233 permittuntur,
2917 5167 3021 5218 Deo
3041 5164 3346 5218 sublimiter
3374 5167 3539 5230 atque
3557 5161 3843 5231 ineffabili-

2135 5257 2220 5307 ter
2236 5252 2524 5321 judicante
2564 5252 2701 5321 quid
2748 5253 2943 5321 cuique
2971 5251 3319 5306 tribuendum
3344 5253 3450 5316 sit;
3487 5252 3600 5305 sive
3629 5251 3700 5304 ab
3730 5252 3845 5319 ipso

2138 5343 2265 5407 Deo,
2297 5342 2380 5395 vel
2408 5341 2484 5395 ad
2521 5356 2737 5410 paruam
2768 5342 3017 5409 malitia,
3061 5341 3143 5395 vel
3180 5340 3255 5394 ad
3301 5340 3557 5393 solatium
3594 5341 3845 5406 miseriae,

2136 5429 2218 5483 vel
2232 5430 2307 5483 ad
2325 5429 2742 5485 admonitionem
2765 5430 3064 5498 quaerenda
3081 5430 3276 5484 salutis
3296 5433 3527 5483 aeternae.
3552 5427 3649 5482 Ad
3672 5431 3845 5497 ipsam

2130 5532 2257 5573 vero
2315 5520 2542 5574 salutem
2571 5535 2633 5573 ac
2659 5521 2829 5574 vitam
2856 5524 3112 5574 aeternam
3136 5534 3286 5574 nemo
3307 5519 3574 5589 pervenit,
3615 5519 3729 5572 nisi
3762 5516 3863 5584 qui
