4008 6184
200 309 287 358 321
1650 307 1860 363 LIBER
1915 306 2249 373 QUINTUS.

189 429 341 482 habet
372 434 535 497 caput
564 430 861 485 Christum.
911 428 1119 482 Habere
1174 433 1352 482 autem
1409 435 1570 498 caput
1618 431 1891 486 Christum

188 532 328 570 nemo
358 519 579 585 poterit,
609 519 721 570 nisi
744 518 839 586 qui
884 518 940 569 in
967 518 1085 585 ejus
1136 533 1355 587 corpore
1396 520 1588 587 fuerit,
1626 520 1770 588 quod
1816 524 1892 573 est

194 606 442 670 Ecclesia,
475 622 641 675 quam
665 608 805 659 sicut
834 608 1010 675 ipsum
1048 611 1210 674 caput
1259 609 1316 660 in
1348 608 1648 676 Scripturis
1690 611 1892 663 sanctis

194 697 459 747 canonicis
517 695 767 749 debemus
839 710 1144 762 agnoscere,
1212 711 1318 749 non
1374 699 1549 750 variis
1619 698 1891 751 hominum

190 785 491 837 rumoribus
513 790 563 838 et
592 785 939 853 opinionibus
961 792 1011 838 ct
1034 786 1201 850 factis
1220 789 1268 838 et
1298 785 1460 839 dictis
1474 790 1524 839 et
1545 787 1678 839 visis
1707 787 1888 852 inqui-

186 890 289 926 rere
313 873 413 943 (De
440 875 656 927 Unitate
676 874 845 939 Eccl.,
874 889 920 927 ο.
947 876 1032 937 18,
1056 875 1237 939 η.46).
1263 874 1374 927 Hac
1400 874 1459 926 in
1491 873 1729 943 epistola
1752 876 1891 927 Prae-

184 964 461 1014 textatum
490 962 892 1015 Assuritanum
926 962 986 1014 in
1020 963 1446 1016 Donatistarum
1477 963 1887 1016 communione

176 1050 290 1119 jam
321 1050 477 1104 diem
512 1051 741 1117 obiisse,
784 1050 1131 1105 Felicianum
1161 1057 1357 1105 autem
1405 1051 1771 1106 Mustitanum
1829 1051 1888 1105 in

180 1139 386 1192 eadem
415 1140 602 1193 adhuc
632 1140 838 1210 degere
868 1138 1149 1209 signiﬁcat
1168 1139 1361 1210 (Ibid,
1396 1156 1450 1194 η.
1484 1141 1734 1207 46).Οιιο
1766 1141 1887 1194 loco

177 1226 241 1280 de
272 1228 776 1297 persecutionibus
805 1228 923 1297 agit
953 1228 1142 1296 (lbid.,
1174 1245 1230 1282 n.
1278 1228 1385 1297 55),
1426 1229 1699 1299 leguntur
1738 1245 1887 1283 non-

178 1316 360 1374 nulla.
395 1332 526 1385 quae
556 1316 785 1369 tametsi
814 1316 885 1369 ad
914 1316 1145 1369 Honorii
1173 1317 1329 1387 leges
1351 1317 1485 1370 anni
1510 1317 1890 1388 quadringen-

176 1403 434 1456 tesimini
463 1404 651 1474 quinti
680 1404 881 1458 referri
912 1410 1146 1475 queant,
1186 1405 1477 1475 pertinere
1516 1411 1789 1475 putamus
1820 1405 1888 1458 ad

174 1493 506 1561 superiores
538 1493 697 1561 alias,
729 1510 858 1564 qua:
910 1494 995 1547 vel
1046 1494 1106 1546 in
1155 1493 1476 1547 Donatistas
1522 1493 1883 1557 nominatim,

174 1582 250 1633 vel
288 1580 615 1650 generatim
646 1581 705 1635 in
738 1582 969 1652 quosvis
1000 1581 1295 1635 haereticos
1326 1583 1704 1653 promulgata:
1735 1586 1883 1635 sunt.

174 1668 452 1723 Petiliani
492 1686 626 1723 sane
684 1670 1127 1739 responsionem,
1180 1686 1308 1740 quae
1362 1669 1533 1723 tertio
1582 1669 1887 1739 Augustini

171 1763 375 1811 contra
416 1774 553 1811 eum
578 1758 723 1812 libro
753 1759 1099 1827 confutatur,
1124 1758 1385 1812 nondum
1417 1758 1639 1812 viderat
1666 1764 1887 1812 sanctus

173 1846 407 1913 Doctor,
442 1862 572 1899 cum
600 1846 748 1901 istud
770 1864 913 1917 opus
935 1847 1293 1918 composuit:
1326 1847 1793 1918 quandoquidem
1824 1848 1883 1900 in

171 1936 293 2005 ejus
328 1935 621 1989 exordioa
651 1936 925 1989 Petiliano
964 1938 1236 2007 postulat,
1281 1940 1344 1990 ut
1388 1937 1475 1990 vel
1521 1937 1706 1991 eidem
1754 1937 1886 1991 huic

170 2024 359 2093 operi,
391 2024 483 2077 vel
514 2023 715 2092 primis
740 2024 964 2078 duobus
987 2030 1183 2078 contra
1208 2024 1391 2094 ipsius
1421 2025 1641 2079 litteras
1670 2025 1831 2079 libris
1854 2042 1887 2079 a

170 2129 221 2165 se
263 2112 445 2166 editis
474 2111 832 2182 respondeat.
876 2113 1019 2177 Quia
1047 2130 1219 2184 porro
1248 2113 1306 2167 id
1336 2118 1464 2167 ante
1497 2114 1763 2184 prmstitit
1788 2116 1886 2168 Pe-

168 2201 434 2268 tilianus,
467 2218 642 2272 quam
675 2203 984 2257 secundum
1014 2219 1180 2256 suum
1200 2203 1411 2257 librum
1431 2203 1701 2257 adversus
1724 2203 1885 2257 illum

167 2291 508 2345 absolvisset
553 2291 903 2361 Augustinus
964 2292 1446 2361 (Retractationum
1493 2293 1592 2347 lib.
1650 2295 1705 2361 2,
1762 2309 1879 2362 cap.

167 2380 250 2449 ‘25)
281 2396 298 2445 ;
334 2378 569 2433 nonnisi
593 2380 851 2450 ejusdem
888 2380 1290 2451 primo,potuit
1333 2380 1683 2450 respondere
1724 2381 1882 2450 (Con-

169 2473 253 2521 tra
282 2469 532 2522 Litteras
562 2469 841 2531 Petitiani,
875 2468 969 2521 tib.
1002 2471 1054 2533 3,
1086 2485 1139 2521 n.
1175 2468 1252 2538 1).
1302 2468 1444 2539 Ergo
1476 2470 1713 2538 hujusce
1754 2469 1885 2522 libri

166 2556 325 2610 locos
366 2558 697 2625 nonnullos,
723 2556 1204 2627 aggrediebatur;
1250 2556 1459 2627 quibus
1490 2562 1683 2610 tamen
1727 2558 1883 2611 nullo

166 2649 335 2715 pacto
364 2644 793 2699 satisfaciebat:
843 2646 1165 2716 complures
1203 2662 1337 2699 vero
1376 2645 1619 2699 intactos
1649 2662 1886 2716 prorsus

166 2735 476 2788 omittebat
507 2735 703 2803 (Ibid.,
734 2750 828 2788 nn.
880 2737 967 2799 22,
1001 2737 1092 2803 23,
1117 2736 1205 2799 60,
1252 2736 1361 2803 62).
1412 2737 1490 2787 Ac
1546 2734 1885 2787 nominatim

163 2824 258 2877 ubi
293 2825 369 2877 ad
398 2824 572 2877 illam
600 2823 755 2877 venit
777 2823 1174 2893 quaestionem,
1200 2824 1311 2878 Cur
1341 2822 1885 2885 Maximianistarum

161 2913 528 2983 baptismum
587 2930 732 2984 quos
788 2913 1201 2966 damnaverant
1257 2916 1657 2983 susceperunt,
1698 2912 1885 2966 omnis

163 3018 295 3056 eum
330 3002 514 3056 etiam
546 3002 810 3056 simulata
838 3017 1035 3072 pugna
1063 3000 1301 3068 defecit;
1332 3017 1435 3055 nec
1465 3000 1596 3054 inde
1626 3017 1680 3053 se
1715 3001 1884 3054 extri-

162 3107 292 3144 care
323 3092 535 3156 valuit,
565 3090 677 3144 nisi
708 3091 780 3144 ad
824 3090 1137 3144 secundum
1187 3106 1357 3161 quem
1402 3089 1779 3159 pollicebatur
1816 3089 1884 3143 li-

160 3178 336 3233 brum
362 3178 720 3233 remittendo
754 3179 901 3248 (Ibid
942 3219 956 3245 ,
989 3194 1053 3233 n.
1083 3178 1198 3248 42).

224 3271 286 3324 4.
320 3268 589 3321 Tandem
622 3283 752 3321 cum
792 3272 1060 3337 expertus
1092 3270 1259 3333 esset,
1310 3269 1529 3320 tantam
1569 3282 1687 3319 esse
1737 3265 1886 3320 circa

158 3373 349 3410 causae
378 3361 559 3426 caput
595 3354 950 3410 debilitatem
982 3370 1169 3417 suam,
1200 3354 1340 3407 illud
1371 3354 1629 3408 deserere
1661 3354 1879 3408 maluit.

158 3445 469 3516 Simulque
506 3444 682 3514 elegit
713 3444 1030 3508 materiam,
1065 3442 1165 3498 ubi
1196 3443 1374 3513 ipsius
1405 3443 1731 3513 eloquentia
1759 3459 1886 3513 par-

160 3535 307 3588 tium
333 3549 583 3587 suarum
614 3532 841 3586 asseclis
871 3532 1055 3603 magis
1084 3532 1439 3602 probaretur.
1469 3532 1534 3585 lli
1564 3548 1735 3603 porro
1766 3536 1883 3584 tam

157 3621 616 3694 implacabiliter
648 3626 841 3676 sancto
879 3621 1115 3675 Prassuli
1160 3620 1371 3674 infensi
1413 3626 1594 3685 erant,
1632 3626 1697 3674 ut
1728 3620 1882 3690 quis-

160 3713 290 3781 quis
322 3713 388 3766 in
411 3712 538 3782 ejus
559 3711 804 3782 gratiam
827 3711 1179 3781 loqueretur,
1204 3710 1312 3763 hoc
1328 3710 1449 3779 ipso
1481 3709 1646 3763 illum
1665 3708 1884 3762 inimici

160 3801 282 3855 loco
315 3800 627 3855 haberent.
662 3800 1022 3870 Quapropter
1050 3798 1319 3854 eumdem
1364 3814 1469 3869 pro
1515 3798 1778 3864 Ecclesia,
1822 3797 1883 3850 in

160 3905 340 3960 quam
375 3889 522 3960 quid
558 3889 773 3943 diceret
804 3905 922 3942 non
950 3888 1299 3955 inveniebat,
1351 3887 1681 3954 substituit;
1710 3891 1882 3957 atque

159 3996 225 4033 eo
263 3985 443 4050 pacto
467 3980 555 4045 ﬁt,
581 3984 647 4032 ut
676 3993 807 4031 cum
835 3978 1158 4049 Augustino
1190 3978 1515 4047 loquamur,
1532 3992 1743 4031 summa
1772 3979 1885 4029 ino-

158 4072 253 4138 pia
285 4070 544 4138 copiosus
577 4068 763 4137 (Ibid,
791 4083 853 4120 η.
888 4070 995 4135 24).
1032 4068 1179 4120 Iram
1203 4083 1365 4120 suam
1397 4081 1626 4120 omnem
1658 4065 1719 4119 in
1750 4081 1880 4119 eum

158 4152 331 4205 vertit
382 4152 864 4217 (Retractationum
894 4150 993 4203 tib.
1022 4152 1073 4215 2,
1108 4165 1227 4217 cap.
1258 4151 1374 4217 25).
1420 4150 1561 4203 Eum
1611 4148 1880 4202 innume-

155 4241 235 4293 ris
262 4239 545 4294 conviciis
574 4238 847 4309 proscidit
878 4238 1102 4306 (Contra
1126 4239 1360 4291 Litteras
1398 4238 1672 4303 Petiliani,
1707 4237 1801 4289 lib.
1828 4239 1880 4301 3,

155 4344 211 4381 η.
250 4334 377 4399 1⁸7).
420 4328 532 4382 Sed
565 4344 695 4381 cum
718 4328 898 4381 multa
914 4327 983 4381 de
1018 4327 1141 4397 ipso
1163 4326 1479 4393 eﬁ'utiisset,
1511 4326 1652 4379 nihil
1685 4331 1878 4380 tamen

155 4418 327 4483 dixit,
364 4417 478 4470 nisi
505 4418 657 4487 quod
696 4418 781 4471 vel
824 4421 972 4470 esset
1001 4415 1236 4470 omnino
1271 4416 1499 4484 falsum,
1540 4415 1624 4468 vel
1682 4430 1878 4485 repre-

153 4506 445 4561 hensione
477 4506 637 4558 nulla
662 4505 921 4575 dignum,
948 4511 1048 4559 aut
1073 4506 1275 4558 saltem
1318 4503 1390 4557 ad
1437 4519 1570 4558 eum
1609 4508 1737 4574 post
1781 4519 1875 4557 ac-

153 4602 392 4666 ceptam
416 4594 692 4664 Baptismi
716 4594 960 4664 gratiam
981 4594 1138 4647 nullo
1161 4593 1328 4647 modo
1357 4592 1691 4663 pertineret.
1761 4592 1883 4656 Qua

153 4685 212 4737 in
247 4702 313 4739 re
340 4684 660 4737 Petilianus
684 4682 970 4753 judicium
1000 4682 1253 4752 neglexit
1282 4681 1646 4735 cordatorum
1692 4679 1879 4733 homi-

152 4789 325 4839 num,
362 4772 465 4843 qui
500 4771 666 4825 illum
697 4787 816 4825 non
864 4771 937 4825 ob
982 4770 1151 4831 aliud,
1200 4786 1373 4840 quam
1420 4769 1490 4823 ob
1531 4767 1882 4823 inﬁrmitatis

152 4862 418 4933 proprias
450 4860 879 4927 conscientiam,
906 4859 1199 4929 negotium
1221 4858 1465 4928 quodam
1496 4858 1665 4912 modo
1697 4856 1883 4928 publi-

150 4969 291 5007 cum
328 4951 555 5023 privato
575 4951 769 5022 jurgio
802 4955 1021 5004 mutare
1054 4953 1217 5002 erant
1243 4948 1675 5017 deprehensuri.
1711 4949 1773 5001 In
1799 4948 1883 5001 vi-

150 5047 302 5107 tam,
338 5057 519 5114 quam
564 5039 918 5110 Augustinus
967 5042 1096 5091 ante
1138 5036 1568 5091 conversionem
1617 5037 1878 5104 duxerat,

148 5129 410 5202 copiosis
440 5129 630 5183 verbis
651 5127 1022 5192 declamabat,
1047 5126 1249 5180 afﬁctis
1274 5125 1447 5179 etiam
1480 5126 1723 5194 delictis,
1748 5142 1877 5197 qum

150 5237 471 5291 nunquam
519 5219 614 5272 ille
659 5222 1105 5287 perpetraverat,
1138 5215 1208 5269 iis
1252 5231 1384 5268 vero
1411 5214 1472 5268 in
1518 5232 1647 5287 quae
1692 5216 1881 5286 reipsa

148 5309 446 5363 inciderat
512 5306 863 5378 quandoque
934 5304 1334 5376 praetermissis
1397 5304 1584 5374 (Ibid.,
1652 5321 1707 5359 n.
1778 5306 1877 5373 11).

145 5398 451 5462 Quasdam
503 5412 570 5450 ex
626 5396 749 5465 ejus
805 5394 1268 5449 Confessionibus
1314 5409 1479 5447 voces
1528 5393 1586 5447 in
1627 5393 1880 5447 alienum

149 5504 399 5541 sensum
456 5483 840 5557 detorquebat
888 5482 1082 5552 (Ibid.,
1125 5500 1179 5538 n.
1231 5484 1347 5552 20).
1402 5482 1702 5538 Asserebat
1748 5499 1881 5537 eum

148 5575 516 5647 presbyterii
548 5574 740 5630 ofﬁcio
765 5572 1209 5644 functum,apud
1235 5570 1596 5640 Manichaeos,
1628 5587 1878 5644 quorum

3600 326 3702 375 3‘22

2002 433 2053 485 ei
2082 433 2275 487 omnia
2318 431 2536 503 flagitia
2578 433 2927 489 attribuebat
2957 436 3138 502 (1bid.,
3168 453 3269 491 nn.
3312 441 3401 505 20,
3452 442 3558 511 19.)
3592 444 3701 496 Hoc

2000 521 2171 574 etiam
2203 521 2590 592 ampliﬁcabat
2638 522 2890 589 uberius,
2937 541 3147 595 nempe
3200 528 3603 596 Augustinum,
3639 538 3701 581 ut

1999 624 2102 677 pro
2140 615 2293 663 certo
2340 611 2610 679 ponebat,
2653 626 2718 665 ex
2768 612 2955 665 Africa
2993 618 3284 684 tamquam
3334 616 3699 671 Manichazum

2000 713 2147 750 anno
2191 698 2587 752 trecentesimo
2632 701 2983 770 octogesimo
3034 708 3190 756 sexto
3234 708 3487 757 coactum
3535 722 3701 760 exsu-

1998 786 2149 851 lare;
2176 803 2303 839 cum
2331 795 2523 840 tamen
2555 792 2684 841 ante
2709 788 2861 842 hunc
2893 806 3104 844 annum
3132 792 3377 861 amplius
3405 792 3522 862 jam
3550 810 3699 848 anno

1999 874 2303 928 Mediolani
2332 881 2584 929 versatus
2625 881 2772 929 esset
2803 879 2986 947 (Ibid,
3019 896 3073 932 n.
3122 882 3228 947 30).
3270 882 3388 934 Imo
3434 898 3565 935 eum
3615 888 3703 936 te-

1998 962 2257 1016 meritate
2288 979 2404 1015 non
2433 964 2665 1018 ferenda
2694 965 2895 1019 eodem
2926 983 3117 1020 errore
3142 969 3324 1023 adhuc
3351 970 3534 1023 teneri
3564 988 3699 1025 con-

1996 1051 2267 1105 tendebat
2297 1052 2477 1119 (Ibid.,
2510 1068 2567 1106 n.
2604 1054 2709 1124 11).
2740 1054 2976 1108 Tertulli
3025 1058 3287 1123 oratoris,
3322 1075 3353 1111 a
3384 1075 3497 1129 quo
3540 1077 3700 1114 accu-

1996 1144 2151 1192 satus
2196 1140 2381 1193 fuerat
2424 1141 2633 1194 Paulus
2678 1141 2819 1209 (Act.
2862 1158 3011 1207 xxw,
3049 1146 3118 1213 1),
3155 1145 3227 1205 ei,
3260 1145 3331 1198 ob
3362 1146 3699 1200 rhetoricam

1997 1243 2170 1297 quam
2204 1228 2490 1293 docuerat,
2526 1244 2736 1281 nomen
2767 1229 3096 1300 imponebat
3129 1248 3140 1284 :
3175 1232 3458 1303 simulque
3498 1239 3561 1287 ut
3586 1235 3699 1288 vim

1996 1315 2155 1369 illam
2207 1318 2667 1387 argumentandi,
2700 1335 2814 1388 qua
2863 1319 3180 1373 Donatistas
3226 1323 3610 1391 oppugnabat,
3642 1323 3701 1377 in

1994 1404 2272 1458 invidiam
2312 1411 2560 1473 vocaret,
2594 1422 2722 1460 eum
2769 1422 2874 1475 pro
2928 1406 3219 1461 dialectico
3259 1410 3618 1475 traducebat;
3648 1418 3704 1465 et

1996 1508 2061 1547 eo
2100 1495 2426 1548 conferebat
2478 1511 2708 1548 omnem
2765 1496 3107 1566 eloquentiae
3152 1513 3267 1550 sum
3314 1502 3600 1554 tumorem
3640 1516 3700 1552 ac

1995 1582 2318 1652 strepitum,
2351 1588 2414 1637 ut
2444 1583 2797 1637 dialecticam
2829 1585 3230 1639 tantummodo
3261 1586 3329 1639 ad
3354 1590 3698 1642 conﬁrman-

1950 1700 1963 1707 ι
1995 1670 2132 1725 dum
2176 1671 2538 1726 mendacium
2584 1674 2771 1725 valere
2804 1674 3177 1743 persuaderet
3209 1674 3430 1742 (Contra
3466 1678 3700 1731 Litteras

1992 1760 2267 1825 Petiliani,
2305 1760 2397 1812 lib.
2446 1763 2498 1826 3,
2539 1776 2595 1815 n.
2643 1764 2748 1822 19).
2780 1761 3086 1815 Sententiis
3127 1766 3391 1817 utebatur
3434 1768 3701 1822 adversus

1994 1847 2271 1918 quosdam
2311 1848 2457 1914 latis,
2507 1865 2749 1919 quorum
2801 1851 3063 1904 nonnulli
3105 1857 3298 1906 sancto
3348 1855 3478 1908 Viro
3519 1856 3700 1926 ignoti

1994 1942 2175 2003 erant,
2205 1941 2378 2006 atque
2408 1936 2597 2006 ipsum
2646 1937 2836 1991 delicti
2877 1939 3198 1992 convictum
3241 1942 3420 1995 teneri
3469 1945 3555 1997 vel
3592 1945 3701 1998 hoc

1993 2025 2111 2079 solo
2139 2025 2382 2091 volebat,
2416 2026 2571 2096 quod
2596 2042 2726 2079 eum
2756 2026 3071 2093 absentem,
3104 2028 3489 2100 interrogatus
3518 2032 3577 2085 in
3602 2034 3697 2102 ju-

1994 2113 2140 2167 dicio
2185 2113 2392 2184 aliquis
2440 2130 2469 2168 e
2514 2130 2752 2168 numero
2798 2116 3090 2185 quondam
3136 2118 3450 2173 amicorum
3494 2120 3694 2190 ipsius,

1994 2202 2337 2257 defendendi
2368 2203 2455 2257 sui
2506 2220 2675 2257 causa
2721 2204 3137 2259 nominaverat.
3171 2208 3543 2277 Epistolarum
3576 2211 3700 2280 ejus

1991 2290 2206 2358 titulos,
2234 2308 2345 2362 quo
2376 2290 2531 2344 illius
2562 2292 3017 2362 reprehendendi
3049 2310 3245 2347 ansam
3279 2295 3529 2366 aliquam
3560 2298 3698 2351 arri-

1991 2385 2171 2448 peret,
2208 2397 2239 2433 a
2270 2397 2328 2433 se
2356 2380 2443 2433 vel
2468 2396 2501 2432 a
2527 2380 2640 2432 suis
2668 2397 2770 2450 pro
2802 2380 3037 2435 libidine
3068 2382 3370 2452 inscriptos
3397 2384 3697 2439 referebat.

1993 2468 2248 2539 Cumque
2288 2474 2516 2522 sanctus
2558 2468 2653 2522 Vir
2697 2469 2881 2522 amico
2930 2471 3157 2524 cuidam
3205 2488 3306 2524 suo
3338 2477 3507 2542 atque
3537 2474 3696 2527 uxori

1993 2557 2115 2627 ejus
2167 2557 2560 2628 signiﬁcasset,
2619 2558 2699 2611 eis
2754 2575 2811 2611 se
2853 2575 3063 2628 panem
3103 2559 3514 2613 benedictionis
3564 2578 3697 2632 ergo

1991 2645 2240 2707 mittere,
2271 2645 2375 2699 sub
2422 2646 2512 2698 his
2555 2645 2799 2715 eulogiis
2842 2646 3226 2700 abominanda
3270 2649 3478 2702 scelera
3518 2650 3697 2703 conti-

1993 2734 2116 2787 neri
2154 2734 2510 2795 afﬁrmabat;
2539 2750 2642 2787 nec
2682 2734 2891 2804 puduit
2940 2752 3072 2788 eum
3112 2736 3401 2789 communi
3440 2737 3695 2793 omnium

1992 2839 2158 2877 sensu
2196 2827 2555 2892 repugnante
2602 2823 2811 2889 dicere,
2844 2824 3121 2877 amatoria
3164 2824 3440 2878 maleﬁcia
3471 2826 3698 2880 mulieri

1994 2911 2123 2965 data
2152 2910 2385 2964 nomine
2417 2910 2559 2963 sacri
2590 2910 2741 2964 illius
2784 2911 3060 2977 muneris,
3094 2912 3253 2981 cujus
3297 2913 3536 2968 maritus
3580 2931 3696 2969 non

1992 3000 2179 3053 solum
2223 2998 2499 3060 conscius,
2548 3014 2749 3052 verum
2796 2999 2969 3053 etiam
3018 3015 3252 3053 consors
3300 3016 3364 3054 ac
3416 3000 3699 3071 particeps

1990 3088 2098 3143 fuit
2138 3088 2339 3157 (Ibid)
2382 3086 2603 3158 Quippe
2656 3088 2825 3142 citato
2877 3089 2997 3141 loco
3045 3089 3174 3142 libri
3221 3094 3418 3143 contra
3473 3090 3695 3144 Petilia-

1990 3193 2130 3231 num
2176 3181 2305 3247 post
2350 3177 2542 3245 verba,
2584 3178 2781 3230 marito
2826 3192 2934 3230 non
2976 3178 3148 3230 solum
3196 3180 3425 3240 conscio,
3468 3177 3696 3232 lectioni

1992 3282 2121 3338 qua:
2153 3282 2217 3320 ex
2250 3265 2467 3319 Erasmi
2498 3265 2823 3335 conjectura
2868 3264 3136 3333 obtinuit,
3174 3281 3360 3319 verum
3402 3268 3564 3320 etiam
3600 3269 3691 3332 fa-

1988 3360 2160 3423 vente,
2198 3354 2618 3426 praeferendum
2664 3357 2955 3424 putamus,
2996 3370 3181 3407 verum
3227 3356 3391 3408 etiam
3438 3361 3695 3419 consorte,

1992 3448 2107 3509 aut,
2140 3445 2438 3512 participe.
2478 3442 2607 3495 Veri
2637 3442 2793 3494 enim
2831 3441 3015 3494 simile
3063 3446 3147 3494 est
3180 3441 3296 3495 illic
3342 3459 3374 3495 a
3420 3443 3696 3497 Petiliano

1990 3531 2197 3599 notari,
2224 3534 2394 3600 atque
2419 3530 2490 3583 ad
2522 3530 2778 3599 putidam
2807 3530 2949 3583 adeo
2978 3529 3322 3583 calumniam
3345 3530 3691 3601 detorqueri,

1991 3618 2143 3689 quod
2168 3617 2521 3688 Augustinus
2552 3617 2790 3670 Paulino
2815 3622 2871 3670 et
2900 3617 3021 3686 ejus
3050 3618 3216 3671 uxori
3245 3618 3525 3672 Therasiae
3557 3621 3694 3673 scri-

1989 3709 2129 3762 bens
2185 3705 2516 3777 simpliciter
2568 3705 2690 3760 ait:
2738 3708 2902 3760 Panis
2960 3722 3116 3775 quem
3170 3709 3439 3777 misimus,
3480 3710 3697 3763 uberior

1992 3795 2285 3850 benedictio
2309 3797 2420 3864 ﬁet,
2450 3795 2730 3848 dilectione
2767 3797 3081 3864 accipientis
3110 3801 3299 3850 vestra:
3336 3799 3697 3864 Benignitatis

1993 3888 2190 3955 (Epist.
2224 3888 2311 3951 3t,
2342 3901 2398 3939 n.
2433 3884 2506 3957 9).
2552 3886 2833 3939 Praeterea
2882 3885 3191 3940 Petilianus
3239 3903 3439 3941 eorum
3478 3888 3697 3941 baben—

1990 3975 2121 4029 dam
2200 3991 2321 4028 esse
2388 3974 2671 4028 rationem
2746 3975 3148 4045 contendebat,
3224 3992 3351 4046 quae
3427 3977 3695 4031 adversus

1992 4064 2376 4134 Augustinum
2432 4063 2833 4134 presbyterum
2883 4063 3203 4134 episcopale
3256 4080 3465 4118 munus
3517 4065 3699 4119 adhuc

1988 4150 2285 4204 ineuntem
2332 4149 2512 4204 iratus
2559 4149 2865 4220 scripserat
2910 4150 3224 4221 Megalius:
3268 4151 3423 4220 quod
3470 4168 3600 4205 vero
3645 4152 3693 4204 is

1988 4238 2203 4309 peccati
2231 4238 2403 4309 hujus
2432 4255 2465 4291 a
2508 4244 2699 4293 sancto
2730 4239 2970 4293 concilio
3001 4256 3131 4293 mox
3170 4239 3391 4293 veniam
3421 4256 3693 4308 poposce—

1988 4331 2096 4392 rat,
2130 4344 2235 4397 pro
2266 4326 2447 4380 nihilo
2480 4318 2804 4381 ducendum
2832 4328 3081 4382 volebat.
3129 4328 3249 4380 Imo
3283 4331 3338 4380 et
3368 4332 3521 4397 quod
3552 4327 3605 4380 ei
3634 4334 3696 4381 ut

1990 4417 2098 4471 sibi
2126 4417 2517 4486 ignosceretur
2545 4416 2843 4470 humiliter
2863 4416 3172 4487 postulanti
3198 4416 3509 4469 clementer
3538 4416 3697 4485 igno-

1988 4510 2112 4560 tum
2170 4511 2337 4571 esset,
2406 4503 2815 4559 criminabatur
2860 4506 3075 4570 (Contra
3120 4506 3359 4558 Litteras
3414 4506 3694 4572 Petiliani,

1989 4595 2085 4649 lib.
2121 4597 2171 4654 3.
2206 4611 2260 4649 n.
2300 4594 2404 4662 19).
2437 4594 2774 4648 Accersebat
2823 4593 2961 4646 furti
3008 4592 3247 4646 crimine
3288 4593 3693 4663 Augustinum,

1988 4683 2144 4755 quod
2174 4683 2222 4737 is
2252 4688 2469 4738 textum
2494 4683 2647 4736 illius
2676 4683 2949 4748 referens,
2980 4681 3119 4734 duas
3152 4681 3427 4735 dictiones
3459 4700 3588 4753 quae
3624 4683 3695 4736 ab

1990 4772 2249 4841 exemplo
2276 4771 2347 4825 ad
2377 4788 2434 4824 se
2466 4770 2799 4825 transmisso
2834 4769 3088 4837 aberant,
3119 4786 3224 4824 nec
3254 4771 3371 4824 ullo
3404 4771 3575 4825 modo
3605 4771 3694 4825 fa-

1989 4860 2214 4915 ciebant
2242 4860 2314 4914 ad
2358 4860 2733 4930 quaestionem
2780 4864 3145 4929 praesentem,
3189 4860 3471 4914 omisisset
3511 4860 3694 4930 (Ibid,

1988 4944 2081 5003 nn.
2119 4951 2204 5016 18,
2255 4952 2344 5014 21,
2380 4952 2466 5014 19,
2514 4949 2622 5017 20).
2668 4947 2780 5018 Ipsi
2819 4947 3072 5015 demum,
3105 4949 3258 5020 quod
3298 4949 3599 5003 monastici
3636 4949 3695 5001 in

1989 5037 2177 5092 Africa
2202 5036 2448 5090 instituti
2478 5041 2675 5090 auctor
2696 5036 3021 5103 exstitisset,
3054 5038 3296 5092 crimina
3322 5038 3491 5092 dabat
3512 5036 3694 5106 (Ibid,

1989 5142 2047 5180 η.
2077 5126 2188 5197 48).

2061 5218 2118 5269 5.
2151 5216 2340 5286 Longe
2371 5214 2646 5286 opinione
2676 5215 2981 5270 fallebatur
3010 5216 3338 5282 Petilianus,
3364 5216 3410 5269 si
3433 5214 3695 5286 sperabat

1988 5306 2128 5371 fore,
2165 5310 2231 5358 ut
2271 5305 2657 5376 Augustinum
2696 5308 2802 5361 hoc
2849 5306 3056 5377 agendi
3103 5308 3273 5361 modo
3320 5307 3393 5359 ab
3439 5306 3693 5359 Ecclesia:

1990 5393 2319 5448 defensione
2340 5395 2410 5447 ad
2440 5395 2735 5465 propriam
2758 5400 3033 5449 avocaret.
3071 5396 3180 5464 Ipsi
3209 5411 3296 5448 res
3327 5398 3446 5448 erat
3475 5410 3606 5448 cum
3626 5411 3693 5450 eo

1987 5482 2132 5551 viro,
2165 5484 2263 5553 qui
2304 5500 2422 5538 non
2452 5484 2767 5539 alliciendis
2814 5485 2885 5539 ad
2916 5501 2974 5538 se
3006 5482 3356 5547 hominibus,
3391 5482 3489 5537 sed
3526 5483 3595 5538 iis
3624 5484 3697 5538 ad
3776 5546 3782 5553 ι

1991 5572 2173 5626 Deum
2228 5588 2421 5627 secum
2477 5573 2872 5629 convertendis
2930 5571 3264 5640 desudaret;
3314 5572 3414 5643 qui
3462 5577 3696 5644 paratus
