4008 6184
337 283 438 335 :3‘23
938 354 942 358 Α
1577 274 1732 327 VI'l‘A
1771 272 1825 327 S.
1867 271 2240 326 AUGUSTINI
2285 272 2614 326 EPISCOPI.
3732 278 3830 329 325

335 408 484 460 esset
513 417 674 457 suam
702 400 879 472 ipsius
917 414 1147 454 causam
1175 398 1357 466 citius,
1391 413 1565 468 quam
1594 395 1884 451 catholicae
1928 396 2030 449 Ec-

335 493 520 547 clesia
561 493 856 557 deserere;
901 489 999 561 qui
1044 489 1292 560 denique
1345 486 1667 558 deprimere
1711 501 1828 539 sese
1859 488 2028 555 atque

335 583 598 653 abjicere,
631 580 932 636 Ecclesiam
982 583 1173 632 autem
1218 578 1454 632 domum
1497 575 1596 630 Dei
1625 573 1938 644 praedicare
1966 589 2031 627 ac

337 673 601 727 extollere
650 671 1017 724 vehementer
1061 671 1309 738 cuperet.
1350 669 1571 720 Domum
1619 666 1713 717 Dei
1756 665 1880 728 mei,
1929 661 2027 729 ait,

334 762 488 830 cujus
519 760 754 814 decorem
797 759 990 825 dilemi,
1021 758 1284 825 prwconio
1313 757 1456 808 vocis
1485 753 1758 819 extollam,
1796 767 1876 805 me
1905 766 2031 806 vero

334 849 631 903 humiliabo
676 852 725 901 et
768 846 1024 915 abjiciam
1059 844 1248 913 (Ibid.,
1277 859 1338 896 η.
1376 842 1452 912 2).
1481 841 1639 894 Falsa
1692 839 2032 894 adversario-

333 953 463 992 rum
493 934 818 1007 opprobria,
851 949 978 1004 qua:
1007 931 1369 1003 praedicando
1417 927 1642 998 eloquia
1671 928 1943 996 veritatis,
1977 933 2032 982 et

332 1024 537 1080 erroris
577 1022 906 1093 vaniloquia
933 1020 1340 1085 convincendo,
1376 1018 1434 1072 in
1465 1035 1522 1071 se
1553 1017 1882 1084 concitarat,
1913 1032 2029 1070 non

332 1113 498 1167 modo
516 1111 807 1166 tristitiam
819 1109 928 1180 ipsi
942 1110 1155 1163 nullam
1166 1108 1282 1178 ,sed
1297 1106 1468 1161 etiam
1482 1104 2030 1160 abundantissimam

330 1201 774 1255 consolationem
803 1199 1136 1264 efferebant,
1154 1214 1272 1251 non
1301 1194 1551 1250 intuenti
1571 1192 1833 1248 videlicet
1857 1207 2030 1263 quam

332 1294 478 1344 esset
518 1305 800 1358 amarum,
849 1289 942 1342 sed
987 1303 1162 1358 quam
1209 1285 1415 1339 falsum
1455 1283 1609 1354 quod
1649 1281 1932 1347 audiebat,
1977 1285 2033 1336 et

332 1395 505 1450 quam
534 1394 704 1433 verax
733 1393 838 1448 pro
870 1377 1032 1447 cujus
1054 1375 1286 1430 nomine
1314 1374 1423 1427 hoc
1453 1371 1735 1439 audiebat,
1753 1369 1854 1441 qui
1879 1385 2028 1424 mer-

332 1469 526 1523 cedem
573 1467 814 1521 multam
855 1465 1111 1520 toleratis
1155 1465 1274 1534 ejus
1314 1478 1482 1517 causa
1519 1459 1840 1530 opprobriis
1870 1457 2034 1528 polli-

332 1557 490 1606 cetur
519 1551 706 1622 (lbicl.,
751 1567 806 1604 n.
838 1549 912 1620 7).
949 1551 1011 1602 In
1051 1548 1410 1602 contumeliis
1440 1545 1703 1601 Petiliani
1748 1543 2033 1614 cogitabat

333 1640 549 1695 diaboli
581 1640 859 1704 fraudem,
892 1654 1005 1709 qua
1053 1653 1185 1692 eum
1214 1637 1272 1691 in
1311 1636 1505 1691 odium
1553 1633 1826 1700 hominis,
1857 1649 1890 1686 a
1919 1649 2030 1701 quo

329 1735 448 1784 tam
477 1729 712 1799 indigne
739 1727 1109 1789 tractabatur,
1143 1726 1394 1780 studeret
1431 1723 1747 1794 impellere.
1781 1722 2030 1792 Quapro-

329 1822 455 1889 pter
481 1817 541 1870 in
569 1816 625 1870 id
655 1815 1021 1870 incumbebat
1052 1814 1145 1868 Vir
1173 1818 1396 1868 sanctus
1424 1810 1680 1883 vigilanti
1707 1826 2029 1881 magnoque

330 1907 544 1971 animo,
579 1909 639 1958 ut
668 1903 965 1958 inimicum
997 1902 1175 1957 alium
1203 1902 1489 1956 occultum
1521 1900 1818 1971 affligeret,
1852 1898 2030 1954 alium

329 1993 594 2063 diligeret
625 1992 1010 2056 manifestum,
1053 1994 1110 2044 et
1148 1988 1280 2044 huic
1320 1988 1586 2058 precibus
1618 1987 1734 2041 suis
1778 1986 2030 2041 divinam

329 2081 777 2137 misericordiam
807 2079 1137 2134 conciliaret
1165 2079 1352 2148 (Ibid.,
1383 2093 1438 2131 η.
1475 2079 1580 2146 14).
1605 2078 1804 2146 Itaque
1834 2092 2027 2130 neces.-

331 2171 538 2225 sariam
569 2170 627 2223 in
646 2186 778 2224 eum
800 2167 1230 2239 responsionem
1263 2166 1540 2234 editurus,
1567 2165 1726 2220 nullo
1757 2168 1918 2236 pacto
1938 2179 2028 2218 re-

329 2261 523 2332 gulam
552 2259 711 2314 illam
741 2259 988 2327 violavit,
1021 2273 1195 2328 quam
1236 2257 1296 2310 in
1343 2255 1699 2311 sermonibus
1739 2255 2028 2325 scriptisve

327 2349 390 2403 in
405 2365 473 2416 ,se
504 2346 930 2402 contumeliosis
959 2347 1160 2400 solitus
1193 2350 1312 2400 erat
1342 2360 1594 2410 servare;
1626 2359 1738 2415 qua
1767 2343 2030 2397 videlicet

329 2438 484 2492 haud
513 2453 802 2508 quaquam
837 2436 992 2506 justo
1041 2451 1141 2489 suo
1184 2434 1391 2504 dolori,
1421 2433 1520 2488 sed
1560 2433 1884 2487 auditorum
1929 2448 2026 2486 seu

327 2527 604 2581 lectorum
635 2525 932 2580 commodo
962 2524 1262 2584 serviebat,
1295 2523 1432 2578 dum
1471 2537 1691 2576 errores
1722 2520 2029 2576 adversarii

327 2615 550 2670 invictis
579 2614 930 2686 argumentis
959 2613 1170 2684 potius,
1203 2628 1376 2684 quam
1413 2611 1622 2682 probra
1645 2609 1872 2681 probris
1899 2607 2027 2662 vin-

329 2721 452 2758 cere
482 2704 793 2758 nitebatur.
827 2703 889 2757 Id
917 2702 1095 2771 igitur
1122 2718 1304 2756 unum
1343 2700 1402 2754 in
1439 2700 1609 2755 tertio
1653 2705 1848 2753 contra
1875 2696 2025 2752 Peti-

325 2793 543 2847 lianum
573 2792 718 2847 libro
758 2792 895 2862 egit,
939 2795 1001 2846 ut
1036 2789 1266 2862 planum
1294 2790 1522 2856 faceret,
1549 2788 1889 2843 Petilianum
1930 2803 2026 2842 eo-

325 2883 589 2937 rumdem
638 2882 916 2936 librorum
959 2880 1172 2951 primo,
1200 2895 1372 2950 quem
1401 2879 1447 2932 is
1490 2878 1865 2932 refellendum
1905 2893 2024 2932 sus-

325 2975 572 3042 ceperat,
607 2971 768 3024 nullo
799 2969 971 3023 modo
1003 2968 1364 3038 respondisse
1397 2985 1410 3022 :
1444 2971 1613 3038 atque
1640 2983 1766 3020 eam
1797 2982 1918 3020 rem
1949 2966 2027 3020 ita

325 3059 570 3113 dilucide
619 3060 1198 3111 commonstraturum
1229 3072 1286 3108 se
1315 3055 1632 3125 pollicetur,
1665 3059 1728 3109 ut
1766 3072 1799 3109 a
1846 3055 2024 3109 Dona-

327 3146 475 3200 tistis
497 3145 656 3214 ipsis,
680 3143 1044 3214 quantumvis
1061 3143 1319 3212 partibus
1344 3142 1461 3196 suis
1485 3141 1693 3197 addicti
1714 3146 1920 3207 essent,
1937 3143 2024 3197 vel

325 3233 646 3303 Augustino
677 3232 908 3299 infensi,
930 3232 977 3284 si
1006 3232 1176 3285 modo
1204 3231 1330 3284 illos
1353 3231 1651 3301 utriusque
1673 3230 1880 3300 scripta
1899 3247 2026 3301 per-

325 3323 548 3376 volvere
572 3336 688 3374 non
708 3319 954 3390 pigeret,
977 3323 1131 3374 certo
1153 3318 1382 3390 agnosci
1411 3323 1603 3389 posset
1626 3319 1809 3389 (Ibid.,
1833 3335 1884 3373 η.
1910 3321 2019 3390 15).

329 3409 482 3465 Nihil
513 3425 646 3463 sane
680 3408 836 3462 aliud
864 3408 935 3463 ad
954 3407 1106 3462 hunc
1134 3408 1308 3462 ﬁnem
1329 3407 1745 3478 requirebatur,
1766 3423 1938 3479 quam
1959 3413 2025 3462 ut

321 3499 576 3570 primum
607 3498 729 3569 ejus
755 3497 967 3552 librum
993 3512 1124 3551 cum
1150 3496 1447 3551 Petialiani
1476 3496 1843 3568 responsione
1874 3513 2024 3552 com-

321 3591 604 3657 ponerent
639 3602 652 3640 :
680 3589 738 3640 at
766 3588 887 3657 ejus
917 3585 977 3639 in
1006 3585 1268 3639 homines
1295 3585 1562 3640 tardioris
1594 3586 1812 3657 ingenii
1840 3586 2023 3641 chari-

321 3675 460 3730 ritas
491 3675 678 3744 evicit,
700 3679 766 3729 ut
790 3674 979 3729 addito
997 3674 1162 3728 tertio
1182 3674 1327 3729 libro
1349 3674 1625 3745 majorem
1654 3675 1838 3729 adhuc
1864 3691 2022 3746 quai-

325 3764 495 3818 stioni
532 3765 720 3818 lucem
766 3763 1092 3817 admoveret
1123 3764 1380 3834 (Retract.
1433 3765 1526 3818 lib.
1559 3768 1611 3832 2,
1653 3780 1774 3834 cap.
1805 3765 1912 3832 25).
1958 3765 2020 3818 In

323 3868 389 3906 eo
418 3851 674 3922 primum
702 3851 970 3906 Petiliani
999 3851 1250 3906 convicia
1279 3868 1409 3906 cum
1438 3851 1649 3922 insigni
1678 3851 1856 3906 animi
1883 3851 2020 3906 sim-

319 3940 574 4012 plicitate
593 3956 658 3994 ac
685 3940 1124 3995 mansuetudine
1140 3942 1457 4011 propulsat.
1481 3941 1738 3994 Declarat
1759 3957 1817 3995 se
1845 3940 2020 3995 vitam

322 4045 556 4085 omnem
602 4045 764 4084 suam
810 4028 1152 4100 Baptismate
1204 4034 1429 4100 accepto
1473 4029 1825 4100 superiorem
1868 4030 2020 4084 dete-

324 4118 484 4188 stari,
512 4134 698 4189 neque
727 4117 848 4188 ejus
872 4118 1016 4172 velle
1040 4117 1345 4182 recordari,
1373 4116 1485 4172 nisi
1513 4122 1578 4171 ut
1600 4117 1751 4171 illius
1777 4117 2019 4187 gloriam

320 4207 615 4278 praedicet,
637 4210 736 4278 qui
763 4223 864 4273 me,
884 4206 1091 4278 inquit,
1113 4223 1214 4276 per
1227 4209 1466 4276 gratiam
1488 4222 1643 4262 suam
1660 4211 1710 4261 et
1739 4224 1773 4261 a
1792 4223 1873 4261 me
1901 4209 2019 4277 ipso

317 4296 589 4351 liberavit.
615 4296 765 4351 Unde
792 4296 944 4350 illam
974 4297 1144 4349 vitam
1171 4311 1342 4350 meam
1367 4311 1486 4350 cum
1508 4298 1813 4366 vituperari
1831 4297 2015 4364 audio,

317 4385 552 4454 quolibet
581 4387 760 4439 animo
790 4385 850 4438 id
876 4385 1052 4451 faciat
1082 4386 1178 4453 qui
1224 4385 1318 4439 hoc
1357 4386 1517 4452 facit,
1549 4401 1655 4440 non
1691 4400 1859 4454 usque
1887 4386 2018 4440 adeo

315 4488 437 4526 sum
461 4474 737 4539 ingratus,
777 4476 838 4526 ut
863 4472 1070 4526 doleam
1099 4490 1115 4525 :
1149 4476 1413 4540 quantum
1442 4475 1642 4543 quippe
1669 4474 1760 4527 ille
1802 4477 2021 4528 accusat

316 4564 512 4616 vitium
532 4579 726 4629 meum,
755 4565 966 4616 tantum
994 4576 1088 4630 ego
1118 4562 1280 4617 laudo
1309 4561 1573 4617 medicum
1601 4579 1774 4617 meum
1805 4565 2020 4632 (Contra

314 4652 452 4706 Litt.
493 4652 770 4718 Petiliani,
803 4651 899 4705 lib.
933 4654 986 4717 3,
1015 4667 1072 4706 η.
1110 4650 1217 4722 tt).
1251 4651 1413 4716 Quod
1454 4656 1645 4706 autem
1693 4657 1907 4723 spectat
1947 4652 2016 4706 ad

314 4740 473 4794 illam
506 4739 630 4793 vitae
661 4739 840 4810 ipsius
859 4744 1107 4809 partem,
1139 4756 1310 4811 quam
1341 4746 1471 4812 post
1491 4740 1846 4811 Baptismum
1876 4741 2012 4812 egit,

313 4828 475 4882 nulla
504 4827 737 4898 quidem
767 4828 1011 4898 egebant
1054 4829 1381 4883 defensione
1412 4829 1693 4884 exteriora
1721 4829 1842 4899 ejus
1871 4830 2016 4884 facta

315 4916 469 4987 apud
511 4916 772 4970 Ecclesiae
811 4916 979 4983 ﬁlios,
1023 4917 1230 4988 quibus
1275 4919 1397 4989 ejus
1439 4918 1664 4973 vivendi
1701 4917 1845 4972 ratio
1884 4935 2014 4989 per-

313 5009 506 5076 specta
537 5009 689 5071 erat;
725 5005 825 5076 qui
851 5021 984 5059 vero
1015 5005 1174 5060 illam
1214 5008 1460 5062 necdum
1499 5007 1634 5061 satis
1673 5011 1870 5061 notam
1911 5008 2014 5062 ha-

313 5093 544 5159 bebant,
576 5109 673 5148 eos
715 5109 944 5164 sperare
978 5097 1200 5164 poterat
1227 5111 1344 5149 non
1369 5099 1486 5148 tam
1510 5094 1737 5165 iniquos
1766 5095 2008 5164 futuros,

312 5187 376 5236 ut
402 5183 644 5254 professi
691 5181 930 5250 inimici,
963 5184 1147 5254 qualis
1184 5189 1307 5240 erat
1348 5183 1679 5251 Petilianus,
1712 5201 1884 5255 quam
1916 5203 2016 5240 no-

311 5275 504 5326 torum
522 5287 776 5338 suorum,
801 5271 1127 5329 testimonio
1151 5275 1280 5346 plus
1301 5273 1614 5328 tribuerent
1639 5274 2010 5331 auctoritatis.

311 5357 369 5412 Si
419 5375 551 5415 vero
607 5360 917 5417 Petilianus
945 5362 1205 5434 Lintimos
1251 5378 1481 5434 quoque
1531 5362 1709 5417 animi
1760 5379 2012 5418 recessus

311 5447 508 5502 rimari
554 5452 749 5518 vellet;
783 5456 904 5506 erat
947 5467 1171 5522 eorum,
1204 5467 1333 5523 qua:
1376 5450 1469 5505 hic
1515 5453 1854 5524 agebantur,
1895 5454 2013 5508 sola

307 5536 615 5606 Augustini
644 5539 988 5596 conscientia
1014 5539 1196 5609 testis,
1217 5543 1273 5595 et
1299 5538 1368 5595 de
1395 5537 1466 5595 iis
1490 5539 1664 5598 ﬁdem
1687 5541 1867 5612 ipsius
1889 5557 2010 5598 ver-

2137 394 2225 450 bis
2253 395 2488 450 omnino
2517 394 2715 451 haberi
2735 394 3050 466 oportebat.
3078 396 3252 466 Atqui
3265 398 3501 450 testatur
3520 410 3601 462 se,
3634 411 3836 467 quam-

2137 484 2218 538 vis
2267 485 2409 540 illud
2439 484 2710 554 Apostoli,
2746 485 2900 542 Nihil
2928 485 3066 539 mihi
3122 487 3365 539 conscius
3397 501 3515 539 sum
3540 486 3583 555 (l
3612 486 3729 541 Cor.
3762 501 3836 551 1v,

2137 576 2214 642 4),
2247 574 2354 629 sibi
2381 590 2659 645 usurpare
2687 590 2802 628 non
2833 573 3036 643 liceat;
3071 573 3358 628 afﬁrmare
3388 578 3583 628 tamen
3621 590 3752 628 vere
3786 578 3844 628 et

2137 679 2329 717 coram
2358 664 2472 717 Deo
2499 678 2683 734 posse,
2716 661 3122 716 conscientiam
3153 678 3314 716 suam
3355 662 3499 717 nihil
3533 679 3843 733 agnoscere

2139 767 2362 814 eorum,
2393 750 2603 822 quibus
2627 750 2802 804 vitam
2830 767 2861 804 a
2882 767 2939 804 se
2969 755 3096 821 post
3123 751 3475 822 Baptismum
3507 756 3692 805 actam
3728 753 3843 806 Pe-

2137 837 2369 893 tilianus
2399 837 2628 892 inﬁcere
2643 838 2991 892 moliebatur
3013 838 3230 907 (Contra
3250 840 3382 892 Litt.
3414 839 3711 901 Petiliani.,
3739 839 3838 893 lib.

2140 930 2190 993 3,
2223 944 2284 984 η.
2325 929 2395 997 9).
2418 927 2527 982 Sed
2551 932 2776 981 tantum
2805 927 2984 993 abest,
3030 931 3092 980 ut
3126 927 3196 981 ad
3226 927 3632 997 capessendam
3673 943 3839 982 suam

2138 1016 2526 1072 defensionem
2551 1016 2821 1071 inducere
2845 1015 3151 1070 Ecclesiam
3175 1016 3329 1083 velit,
3359 1019 3659 1080 utcontra,
3693 1017 3842 1071 illud

2139 1106 2407 1160 adversus
2453 1105 2748 1160 haereticos
2802 1104 3163 1176 probandum
3213 1103 3505 1175 suscipiat,
3559 1104 3840 1160 nimirum

2139 1193 2516 1248 abdicandam
2545 1210 2666 1249 esse
2686 1195 2999 1249 humanam
3027 1193 3321 1262 fiduciam,
3353 1210 3469 1265 quo
3499 1194 3748 1264 gloriam
3778 1211 3846 1250 ac

2140 1298 2300 1354 spem
2328 1287 2582 1337 nostram
2611 1299 2844 1337 omnem
2864 1282 2927 1338 in
2957 1283 3137 1338 Deum
3161 1298 3343 1337 unum
3389 1283 3841 1349 transferamus;

2140 1371 2498 1442 proindeque
2527 1388 2633 1426 nec
2657 1372 2896 1426 domum
2929 1370 3049 1439 Dei,
3080 1375 3320 1444 propter
3341 1371 3523 1426 malos
3553 1371 3653 1442 qui
3682 1373 3746 1426 in
3777 1388 3845 1425 ea

2139 1476 2292 1514 nunc
2318 1461 2650 1528 tolerantur,
2684 1461 3058 1515 deserendam
3086 1476 3228 1515 esse.
3265 1462 3467 1531 Itaque
3495 1461 3841 1527 Catholicos,

2138 1550 2237 1621 qui
2256 1549 2554 1605 veritatem
2576 1550 2636 1604 in
2659 1550 2781 1620 ipso
2803 1549 3136 1620 diligebant,
3160 1549 3435 1621 illamque
3459 1565 3524 1604 ex
3542 1566 3638 1604 ore
3659 1550 3846 1622 ipsius

2137 1654 2268 1693 cum
2296 1639 2584 1710 voluptate
2615 1638 2943 1708 audiebant,
2986 1653 3213 1693 securos
3254 1654 3395 1706 esse,
3446 1653 3561 1693 non
3606 1639 3843 1710 quidem

2138 1729 2210 1782 ob
2282 1728 2678 1795 honoriﬁcam,
2761 1744 2875 1798 qua
2941 1727 3094 1798 apud
3159 1728 3284 1782 illos
3354 1728 3596 1796 valebat,
3651 1729 3847 1783 existi-

2139 1816 2472 1883 mationem,
2538 1831 2736 1871 verum
2799 1817 2873 1870 ob
2931 1832 3059 1871 eam
3134 1833 3315 1888 spem,
3374 1833 3549 1888 quam
3604 1818 3664 1871 in
3726 1820 3844 1873 Deo

2138 1905 2262 1976 ipso
2323 1905 2498 1960 iidem
2562 1907 2906 1960 collocarant
2981 1905 3164 1977 (Ibid.,
3233 1921 3296 1959 η.
3375 1907 3452 1974 3).
3520 1906 3846 1962 Donatistas

2137 2011 2295 2063 vero,
2349 2011 2468 2048 non
2525 1995 2710 2065 qualis
2765 1997 2913 2048 esset
2979 1993 3125 2064 ipse,
3188 1995 3487 2065 qualemve
3543 2011 3674 2050 eum
3735 1997 3845 2050 Pe-

2136 2083 2369 2137 tilianus
2413 2098 2534 2137 esse
2565 2083 2794 2150 diceret,
2828 2084 3147 2154 expendere
3188 2083 3424 2150 debere;
3474 2084 3572 2138 sed
3625 2089 3847 2155 quanta

2138 2176 2607 2242 argumentorum
2638 2172 2694 2226 vi
2735 2177 2790 2226 et
2827 2171 3080 2226 efficacia
3109 2171 3178 2225 ab
3220 2188 3287 2226 eo
3317 2173 3846 2244 demonstrabatur,

2138 2260 2440 2315 Ecclesiam
2482 2261 2838 2328 catholicam,
2897 2261 3059 2331 cujus
3120 2277 3372 2331 causam,
3421 2261 3604 2332 qualis
3653 2263 3845 2332 qualis

2137 2349 2258 2420 ipse
2289 2353 2456 2416 esset,
2485 2350 2906 2420 propugnabat,
2951 2348 3246 2403 victoriam
3289 2349 3358 2403 de
3389 2365 3589 2404 eorum
3629 2351 3843 2405 errori-

2137 2438 2246 2493 bus
2272 2443 2558 2510 reportare
2591 2439 2772 2509 (Ibid.,
2804 2454 2897 2493 nn.
2938 2442 3020 2504 lt,
3049 2442 3130 2503 12,
3175 2439 3274 2509 l7).
3311 2438 3451 2492 Dein
3479 2455 3687 2510 urgere
3738 2442 3845 2494 Pe-

2134 2527 2418 2594 tilianum,
2450 2531 2515 2581 ut
2533 2527 2756 2582 omissis
2783 2527 3081 2581 inutilibus
3101 2526 3389 2594 conviciis,
3411 2527 3483 2582 ad
3513 2543 3579 2582 ea
3602 2543 3844 2599 respon-

2138 2616 2300 2672 deret
2331 2616 2519 2686 (Ibid.,
2553 2633 2607 2671 η.
2642 2618 2745 2685 l8).
2781 2617 2976 2688 Neque
3004 2615 3177 2670 etiam
3207 2616 3498 2688 operosius
3521 2618 3659 2671 alios
3690 2634 3839 2672 non-

2137 2706 2322 2760 nullos
2363 2710 2590 2777 purgat,
2633 2721 2777 2777 quos
2806 2705 2866 2759 in
2914 2705 3124 2775 scripto
3167 2721 3269 2759 suo
3319 2705 3636 2760 incessebat
3682 2707 3840 2761 idem

2136 2795 2478 2850 Petilianus.
2514 2794 2740 2849 Etenim
2762 2795 2914 2865 quod
2944 2795 3297 2864 Augustinus
3335 2795 3732 2865 contenderet,
3768 2797 3840 2850 ab

2136 2884 2393 2938 Ecclesia
2421 2883 2823 2937 communione
2853 2899 2971 2937 non
2999 2883 3167 2937 licere
3207 2883 3477 2954 cuiquam
3499 2899 3566 2937 eo
3595 2884 3839 2939 obtentu

2133 2973 2440 3041 discedere,
2463 2978 2528 3028 ut
2557 2989 2614 3027 se
2644 2989 2678 3027 a
2707 2972 2892 3040 malis,
2926 2971 3299 3043 quiconvinci
3325 2971 3559 3027 minime
3589 2974 3837 3043 possint,

2135 3066 2424 3130 secernat;
2457 3062 2517 3116 id
2549 3062 2646 3116 ille
2674 3061 2736 3115 in
2765 3061 3017 3116 alienum
3055 3077 3285 3115 sensum
3327 3063 3576 3132 rapiens,
3621 3065 3838 3134 quaevis

2134 3152 2346 3205 scelera
2375 3151 2528 3220 apud
2551 3149 2869 3205 Catholicos
2899 3149 3163 3220 inpunita
3205 3166 3502 3204 remanere
3549 3167 3838 3207 assevera-

2132 3239 2442 3309 bat(lbid.,
2468 3254 2562 3292 nn.
2586 3240 2676 3304 43,
2708 3239 2821 3308 44).
2865 3237 2968 3292 Cui
3004 3237 3087 3292 rei
3119 3243 3179 3292 ut
3220 3238 3391 3293 ﬁdem
3432 3239 3667 3306 faceret,
3720 3242 3837 3311 epi-

2132 3344 2367 3397 scopum
2390 3327 2698 3398 quemdam
2728 3327 2801 3380 ob
2831 3326 3256 3381 Sodomitarum
3286 3327 3500 3382 crimen
3550 3329 3837 3400 dignitate

2133 3417 2480 3484 abdicatum,
2512 3415 2592 3470 ita
2613 3420 2677 3470 ut
2706 3415 2766 3469 in
2787 3415 2908 3486 ejus
2937 3417 3124 3470 locum
3157 3416 3300 3470 alius
3314 3417 3436 3486 jam
3457 3417 3738 3472 suffectus
3763 3435 3840 3473 es-

2131 3510 2235 3572 set,
2268 3505 2558 3560 dictitabat
2585 3504 2645 3558 in
2669 3504 2976 3574 pristinum
2998 3504 3240 3576 gradum
3278 3509 3476 3575 postea
3504 3506 3835 3561 restitutum

2128 3593 2320 3648 fuisse.
2364 3593 2466 3649 Cui
2511 3593 2862 3664 Augustinus
2893 3593 2950 3647 id
2988 3609 3169 3648 unum
3198 3594 3445 3664 reponit,
3486 3594 3836 3651 Petilianum

2129 3682 2347 3737 nescire
2388 3682 2525 3753 quid
2563 3682 2729 3736 dicat.
2774 3682 2872 3736 Hic
2916 3681 3147 3737 alterius
3196 3683 3368 3737 etiam
3415 3683 3649 3753 publice
3684 3687 3834 3756 apud

2132 3771 2452 3826 Donatistas
2481 3770 2759 3841 poenitere
2803 3771 2947 3842 jussi
2982 3771 3333 3826 mentionem
3371 3771 3644 3828 faciebat:
3685 3776 3833 3845 quod

2128 3876 2231 3931 per
2272 3859 2619 3914 calumniam
2658 3859 2874 3914 dictum
2916 3860 3155 3915 innuere
3196 3860 3423 3914 videtur
3457 3861 3830 3932 Augustinus.

2127 3949 2425 4018 lnjiciebat
2452 3949 2745 4016 similiter,
2799 3949 3108 4020 quemdam
3146 3949 3626 4018 Quodvultdeum,
3662 3968 3831 4023 quem

2127 4037 2369 4107 duplicis
2404 4037 2672 4092 adulterii
2703 4037 2865 4108 quasi
2899 4037 3217 4092 convictum
3249 4055 3282 4093 a
3308 4039 3727 4094 communione
3757 4057 3834 4095 re-

2126 4126 2406 4180 sciderant
2439 4127 2764 4191 Donatista},
2800 4131 2995 4182 tamen
3033 4128 3104 4182 ad
3129 4128 3375 4182 honores
3423 4128 3833 4185 ecclesiasticos

2128 4215 2286 4284 (nam
2317 4231 2448 4269 eum
2478 4231 2598 4269 esse
2629 4215 2894 4270 Petiliani
2923 4232 3154 4271 sensum
3193 4215 3436 4287 constat)
3467 4217 3644 4272 fuisse
3677 4236 3710 4273 a
3741 4219 3835 4274 Ca-

2123 4302 2348 4357 tholicis
2376 4303 2688 4358 admissum
2727 4303 2913 4373 (Ibid.,
2962 4319 3018 4358 η.
3053 4304 3161 4375 37).
3211 4305 3319 4358 Sed
3365 4303 3505 4359 illud
3548 4322 3668 4360 non
3709 4313 3831 4361 ante

2125 4390 2336 4447 factum
2352 4392 2553 4459 fuerat,
2585 4408 2760 4464 quam
2790 4409 2849 4446 se
2874 4393 2969 4447 ille
3001 4409 3120 4447 esse
3151 4397 3306 4448 extra
3347 4409 3576 4459 noxam,
3611 4395 3706 4449 vel
3738 4395 3831 4448 de-

2125 4486 2516 4547 monstrasset,
2547 4483 2636 4535 vel
2674 4481 2872 4534 saltem
2921 4481 3294 4552 persuasisset
3324 4481 3628 4537 universis.
3692 4485 3830 4539 Con-

2124 4569 2308 4624 tendit
2337 4574 2530 4624 antem
2559 4573 2785 4624 sanctus
2827 4571 3069 4640 Praesul,
3101 4587 3233 4625 eum
3261 4571 3474 4642 injuria
3511 4570 3829 4642 disciplinae

2124 4659 2450 4728 neglectum
2491 4658 2751 4712 Ecclesiae
2797 4659 3091 4730 efﬁngere.
3120 4664 3359 4715 Exstant
3403 4662 3830 4714 innumerabilia

2124 4747 2457 4814 documenta,
2490 4747 2697 4818 inquit,
2729 4750 2788 4802 in
2831 4749 2915 4803 his
2946 4750 3043 4818 qui
3080 4750 3163 4802 vel
3208 4751 3446 4818 episcopi
3475 4750 3556 4802 vel
3602 4751 3830 4805 alterius

2125 4835 2494 4906 hujuscemodi
2515 4835 2721 4904 gradus
2751 4836 2934 4890 clerici
2959 4838 3202 4905 fuerunt,
3249 4841 3300 4891 et
3327 4852 3468 4891 nunc
3509 4836 3825 4904 degradati,

2121 4925 2204 4978 vel
2229 4924 2437 4994 pudore
2459 4925 2518 4978 in
2546 4925 2685 4978 alias
2718 4929 2890 4980 terras
2921 4926 3192 4992 abierunt,
3224 4927 3307 4980 vel
3327 4925 3403 4979 ad
3424 4940 3511 4980 vos
3552 4928 3706 4995 ipsos
3735 4933 3827 4980 aut

2123 5013 2196 5067 ad
2233 5014 2373 5067 alias
2404 5014 2625 5068 haereses
2653 5016 3004 5080 transierunt,
3033 5015 3118 5068 vel
3148 5016 3204 5067 in
3234 5016 3346 5068 suis
3367 5015 3684 5081 regionibus
3713 5018 3826 5070 noti

2121 5107 2247 5156 sunt
2271 5101 2468 5172 (Ibid.,
2488 5118 2546 5156 η.
2569 5103 2686 5170 43).
2719 5102 3104 5157 Milevitanum
3135 5103 3443 5174 quemdam
3483 5104 3823 5169 Honorium,

2123 5189 2224 5260 qui
2253 5190 2397 5243 forte
2423 5189 2615 5244 Severi
2648 5189 2710 5244 in
2738 5190 3070 5262 episcopatu
3097 5207 3409 5262 praecessor
3446 5192 3686 5259 exstitit,
3720 5208 3820 5246 no-

2119 5277 2386 5333 minatim
2430 5278 2690 5349 designat
2731 5279 2920 5347 (Ibid.,
2961 5296 3019 5335 η.
3069 5282 3181 5351 44).
3226 5279 3368 5334 Huic
3411 5279 3824 5351 Splendonium

2121 5365 2275 5420 addit
2292 5366 2354 5420 in
2377 5366 2569 5422 Galliis
2621 5367 2926 5424 diaconatu
2954 5372 3213 5438 exutum,
3269 5368 3369 5439 qui
3422 5384 3555 5424 cum
3613 5369 3825 5424 Cirtam

2121 5453 2384 5523 venisset,
2412 5471 2445 5509 a
2469 5456 2748 5511 Petiliano
2780 5457 2970 5512 denuo
3001 5457 3338 5528 baptizatus,
3388 5461 3565 5528 atque
3595 5458 3668 5512 ad
3695 5474 3823 5528 pre-

2121 5541 2354 5612 sbyterii
2383 5542 2627 5614 gradum
2652 5548 2880 5601 evectus
2903 5544 3032 5602 fuit.
3058 5545 3180 5610 Qua
3234 5562 3295 5601 re
3350 5544 3634 5617 impulsus
3689 5546 3821 5599 For-
