4008 6184
154 334 246 382 325
1653 331 1737 384 LI]

2082 333 2234 387 TUS.
3562 346 3662 397 3'26

146 455 381 504 tunatus
403 450 828 504 Catholicorum
848 448 1193 505 Cirtensium
1215 450 1537 520 episcopus,
1556 452 1851 507 transmis-

147 556 225 593 sos
246 539 323 593 ad
350 555 409 592 se
431 538 587 593 illius
609 539 1085 593 exauctorationis
1106 538 1391 593 codicillos
1411 540 1599 610 palam
1627 542 1853 596 recitari

148 628 326 697 jussit.
372 631 452 681 Ac
506 628 819 681 Petilianus
855 629 978 698 ipse
1014 628 1313 698 perfidiam
1359 630 1736 684 execrandam
1780 631 1851 685 ab

156 716 350 769 eodem
379 716 730 787 Splendonio
761 733 1088 787 perpessus,
1126 733 1259 770 eum
1288 721 1417 788 post
1443 718 1686 788 abjicere
1718 736 1851 773 coa-

155 810 262 858 ctus
275 807 385 857 est.
400 804 613 858 Verum
627 821 755 858 cum
779 805 1055 859 Petiliano
1075 806 1306 875 probari
1322 812 1631 876 oporteret,
1647 823 1852 877 pravos

153 909 379 964 quoque
412 894 710 947 ministros
736 894 889 963 apud
916 895 1238 948 Donatistas
1274 895 1692 966 aliquantisper
1723 896 1852 949 lati-

149 988 296 1049 tare;
342 998 647 1036 necessum
688 982 887 1037 habuit
928 982 981 1036 ei
1015 983 1363 1053 Cyprianum
1408 984 1661 1039 indicare
1702 985 1853 1039 Thu-

144 1070 689 1126 bursicuburensem
716 1071 1067 1142 episcopum,
1096 1089 1270 1142 quem
1300 1089 1430 1127 cum
1464 1073 1760 1128 meretrice
1794 1072 1853 1126 in

141 1160 409 1230 lupanari
430 1161 860 1231 deprehensum
882 1160 1173 1214 Primiano
1197 1160 1462 1232 episcopo
1491 1178 1593 1216 suo
1621 1163 1853 1216 Cartha-

140 1248 369 1319 ginensi
412 1249 769 1315 obtulerant;
806 1264 839 1302 a
880 1265 994 1318 quo
1035 1265 1102 1303 ea
1144 1249 1213 1303 de
1253 1266 1422 1303 causa
1461 1250 1761 1304 damnatus
1801 1254 1853 1304 et

142 1337 402 1407 abjectus
423 1338 638 1403 fuerat;
661 1353 766 1391 nec
789 1342 980 1392 tamen
1002 1354 1221 1404 eorum,
1252 1354 1393 1409 quos
1415 1338 1511 1393 ille
1539 1339 1856 1408 baptizave-

140 1430 246 1492 rat,
268 1426 584 1497 quisquam
607 1425 958 1496 baptismum
983 1426 1188 1480 iterare
1218 1427 1548 1496 compulsus
1574 1431 1659 1480 est
1681 1426 1851 1496 (Cont.

140 1517 274 1569 Litt.
293 1517 460 1569 Petit.
474 1555 487 1580 ,
505 1515 605 1568 lib.
631 1518 684 1579 3,
700 1531 757 1569 n.
773 1517 882 1579 40).
900 1515 1131 1569 Librum
1146 1530 1313 1568 suum
1336 1515 1550 1569 claudit
1568 1516 1723 1569 hisce
1734 1532 1858 1570 ver-

139 1603 223 1656 bis
244 1604 550 1673 appellans
586 1602 904 1657 Donatistas
928 1620 940 1656 :
960 1604 1070 1657 Sed
1096 1606 1299 1657 interea
1326 1619 1433 1671 vos,
1456 1620 1586 1673 quos
1614 1607 1757 1659 inter
1776 1622 1857 1659 me

138 1698 189 1745 et
218 1693 380 1745 illum
401 1692 621 1760 judices
648 1694 825 1761 posui,
860 1692 1124 1762 sapitisne
1144 1693 1358 1761 aliquid
1377 1694 1519 1747 inter
1545 1709 1728 1747 verum
1756 1694 1857 1760 fal-

137 1797 326 1835 sumne
336 1781 662 1843 discernere,
677 1784 819 1835 inter
830 1784 1077 1849 inﬂatum
1090 1786 1140 1835 et
1155 1782 1407 1844 solidum,
1421 1784 1561 1835 inter
1579 1782 1855 1836 turbidum

137 1875 186 1923 et
202 1871 597 1938 tranquillum,
613 1872 756 1924 inter
769 1871 1035 1924 tumidum
1057 1874 1106 1925 et
1130 1885 1342 1935 sanum,
1357 1872 1496 1923 inter
1513 1869 1703 1923 divina
1718 1885 1858 1939 pra?-

138 1958 291 2012 dicta
322 1964 372 2012 et
392 1950 649 2013 humana
670 1963 1023 2028 praesumpta,
1057 1960 1198 2011 inter
1222 1957 1565 2027 probationes
1595 1962 1645 2011 et
1673 1959 1859 2011 crimi-

135 2051 412 2113 nationes,
448 2052 592 2102 inter
618 2049 931 2103 documenta
955 2053 1004 2102 et
1023 2051 1297 2116 ﬁgmenta,
1321 2049 1462 2101 inter
1486 2062 1660 2100 causa:
1688 2048 1855 2099 actio-

136 2154 257 2191 nem
290 2142 343 2190 et
372 2152 553 2191 causae
595 2139 961 2192 aversionem?
990 2137 1051 2193 Si
1088 2138 1303 2205 sapitis,
1349 2136 1472 2189 bene
1506 2140 1556 2189 et
1591 2140 1729 2189 recte
1763 2151 1775 2188 :
1809 2137 1859 2188 si

137 2232 323 2280 autem
352 2242 463 2280 non
492 2229 709 2295 sapitis,
732 2242 827 2280 nos
848 2228 1015 2280 vestri
1038 2242 1223 2279 curam
1251 2227 1476 2291 gessisse
1499 2239 1605 2278 non
1629 2226 1856 2293 pumile-

140 2317 246 2381 bit;
285 2319 423 2384 quia
443 2317 547 2368 etsi
574 2330 667 2369 cor
693 2320 928 2369 vestrum
949 2315 1023 2368 ad
1046 2330 1231 2383 pacem
1250 2329 1356 2367 non
1372 2315 1720 2378 convertitur,
1741 2328 1857 2380 pax

140 2408 335 2457 nostra
368 2408 552 2457 tamen
582 2402 656 2456 ad
684 2418 779 2457 nos
805 2407 1101 2457 revertetur
1140 2402 1321 2473 (1bid.,
1358 2418 1412 2456 η.
1445 2403 1554 2468 71).
1593 2402 1753 2464 Quod
1785 2400 1858 2453 ad

144 2492 473 2546 secundum
508 2491 773 2545 Petiliani
808 2491 1041 2560 librum,
1081 2490 1143 2543 in
1175 2506 1288 2560 quo
1320 2489 1365 2542 is
1403 2490 1471 2543 de
1506 2488 1857 2543 Maximiani-

144 2582 245 2634 stis
281 2586 553 2634 acturum
584 2596 642 2633 se
668 2580 1069 2651 promittebat;
1094 2580 1163 2633 de
1184 2595 1250 2633 eo
1277 2595 1392 2632 non
1416 2594 1575 2631 secus
1605 2577 1860 2649 loquitur

144 2669 531 2741 Augustinus,
582 2686 649 2723 ac
691 2670 761 2724 de
794 2684 1093 2739 nunquam
1128 2668 1236 2721 sibi
1271 2668 1388 2721 viso
1424 2684 1437 2721 :
1490 2667 1714 2721 etiamsi
1754 2667 1859 2720 hoc

140 2763 513 2829 compertum
542 2758 752 2811 habere
785 2774 843 2811 se
877 2761 1137 2823 testetur,
1167 2756 1444 2811 nimirum
1472 2756 1530 2809 in
1561 2755 1660 2809 illo
1692 2755 1856 2822 nihil,

138 2847 294 2917 quod
328 2847 408 2899 sit
440 2845 654 2899 rationi
688 2850 1155 2910 consentaneum,
1190 2860 1353 2914 posse
1383 2843 1641 2914 reperiri.

202 2939 258 2989 6.
293 2935 441 2998 Quae
473 2934 535 2987 in
564 2934 677 2987 ﬁne
701 2933 1071 3004 expositionis
1093 2933 1152 2986 in
1181 2933 1471 2986 Psalmum
1502 2930 1859 3002 trigesimum

137 3028 365 3076 sextum
398 3020 598 3087 refert,
619 3036 685 3074 ea
709 3036 841 3075 cum
861 3020 1007 3074 libro
1033 3020 1302 3074 adversus
1322 3019 1665 3072 Petilianum
1686 3019 1856 3072 tertio

137 3115 367 3165 tantum
408 3110 627 3163 habent
665 3109 984 3175 afﬁnitatis,
1024 3113 1089 3163 ut
1129 3108 1333 3163 eodem
1374 3108 1554 3162 ferme
1598 3111 1859 3177 tempore

137 3200 349 3254 factam
383 3199 457 3253 ab
493 3200 590 3252 illo
621 3199 794 3252 fuisse
826 3198 977 3253 haud
1010 3197 1315 3252 difﬁculter
1346 3196 1673 3251 credideris.
1708 3197 1771 3250 In
1795 3214 1860 3250 ea

136 3293 388 3343 testatur
421 3288 769 3357 Donatistas,
800 3304 866 3341 eo
894 3287 1047 3357 quod
1076 3286 1490 3341 successionem
1520 3301 1683 3339 suam
1712 3285 1859 3338 tueri

137 3395 251 3433 non
300 3378 556 3443 valeant,
595 3376 857 3447 linguam
895 3375 955 3429 in
1003 3375 1194 3446 ipsum
1238 3378 1589 3435 convertere,
1630 3378 1686 3428 et
1725 3379 1860 3429 nota

136 3468 466 3538 ignotaque
494 3466 657 3535 juxta
692 3464 937 3519 effutire.
978 3465 1107 3529 Quae
1134 3466 1335 3527 sciunt,
1369 3464 1448 3517 ait
1483 3463 1579 3517 Vir
1612 3467 1856 3523 sanctus,

134 3558 429 3625 praeterita
458 3558 648 3608 nostra
673 3559 836 3607 sunt:
862 3555 1069 3620 fuimus
1097 3555 1239 3607 enim
1268 3552 1586 3621 aliquando,
1615 3554 1755 3605 sicut
1783 3551 1860 3605 di-

137 3650 207 3699 cit
238 3645 567 3714 Apostolus,
598 3644 775 3708 stulti,
806 3648 857 3696 et
885 3642 1169 3705 increduli,
1210 3646 1261 3695 et
1301 3642 1375 3695 ad
1413 3657 1563 3695 omne
1602 3656 1738 3710 opus
1769 3641 1858 3694 bo-

138 3752 273 3790 num
298 3735 522 3804 reprobi
554 3735 681 3802 (Tit.
714 3749 798 3799 III,
832 3734 908 3800 3).
943 3734 1006 3787 In
1041 3747 1221 3786 errore
1258 3747 1506 3800 perverso
1535 3731 1861 3800 decipientes

138 3830 187 3878 et
214 3825 558 3877 insanientes
591 3823 799 3888 fuimus
837 3838 850 3875 :
879 3837 987 3876 non
1016 3836 1302 3889 negamus;
1336 3825 1386 3874 et
1417 3824 1681 3888 quantum
1721 3835 1861 3888 pra:-

142 3916 374 3967 teritum
403 3916 649 3966 nostrum
686 3926 792 3964 non
832 3925 1110 3978 negamus,
1158 3914 1308 3963 tanto
1347 3912 1523 3975 magis
1567 3912 1729 3962 Deum
1767 3909 1865 3977 qui

140 4004 301 4057 nobis
334 4002 551 4068 ignovit
602 3999 907 4053 laudamus.
941 3998 1084 4064 Quid
1122 4012 1266 4063 ergo,
1318 3997 1583 4063 haeretice,
1629 3996 1863 4050 dimittis

138 4104 394 4152 causam,
426 4093 479 4142 et
504 4090 550 4140 is
581 4087 654 4141 ad
684 4088 986 4141 hominem?
1014 4088 1304 4155 Vituperas
1334 4086 1479 4140 mala
1502 4101 1619 4139 mea
1635 4089 1861 4154 praeter-

139 4182 239 4246 ita,
274 4176 423 4247 quid
444 4192 702 4245 magnum
726 4178 869 4242 facis
886 4178 915 4229 ?
938 4176 1185 4231 Severior
1204 4190 1322 4228 sum
1338 4190 1432 4243 ego
1462 4177 1520 4227 in
1549 4176 1698 4228 mala
1722 4189 1862 4241 mea,

138 4284 308 4336 quam
332 4272 397 4321 tu
422 4283 435 4319 :
466 4266 610 4335 quod
643 4270 701 4319 tu
727 4266 1069 4333 vituperasti,
1096 4280 1190 4331 ego
1207 4263 1493 4318 damnavi.
1524 4264 1744 4317 Utinam
1765 4265 1867 4317 vet-

137 4358 210 4411 les
238 4358 489 4420 imitari,
522 4360 582 4408 ut
609 4359 659 4407 et
689 4370 837 4408 error
868 4359 991 4407 tuus
1022 4356 1169 4418 ﬁeret
1199 4351 1500 4421 aliquando
1529 4353 1859 4419 praeteritus.

135 4446 303 4511 Quod
335 4449 521 4497 autem
550 4443 702 4497 modo
730 4442 1146 4512 reprehendunt,
1176 4440 1332 4495 addit
1359 4438 1733 4509 Augustinus,
1759 4455 1864 4493 non

137 4537 370 4587 norunt.
406 4533 547 4588 Sunt
584 4547 701 4600 qua:
730 4531 909 4586 adhuc
947 4533 1007 4585 in
1050 4546 1129 4584 me
1176 4528 1573 4598 reprehendant
1604 4544 1617 4581 :
1650 4528 1744 4583 sed
1772 4533 1862 4583 ta-

137 4637 273 4675 mun
305 4622 544 4675 multum
575 4626 652 4675 est
682 4620 757 4673 ad
795 4621 937 4683 illos,
969 4624 1029 4674 ut
1072 4620 1180 4673 haec
1206 4620 1471 4673 noverint.
1511 4618 1685 4671 Multa
1723 4619 1863 4671 enim

137 4726 244 4777 ago
280 4713 347 4764 in
372 4709 786 4776 cogitationibus
811 4711 964 4775 meis,
981 4723 1237 4777 pugnans
1259 4708 1521 4762 adversus
1541 4707 1714 4761 malas
1734 4722 1861 4775 sug-

136 4802 419 4867 gestiones
446 4814 610 4865 meas,
648 4803 697 4851 et
736 4798 934 4851 habens
963 4797 1407 4865 conﬂictationem
1443 4796 1781 4863 diuturnam,
1814 4801 1863 4849 et

134 4905 316 4958 prope
336 4890 651 4941 continuam
672 4902 788 4941 cum
812 4886 1199 4942 tentationibus
1222 4886 1433 4939 inimici
1460 4885 1764 4939 subvertere
1784 4900 1865 4937 me

136 4980 403 5033 volentis.
440 4978 598 5033 Gemo
625 4976 699 5031 ad
720 4979 884 5031 Deum
902 4978 960 5030 in
982 4977 1300 5044 inﬁrmitate
1320 4990 1466 5040 mea;
1491 4978 1541 5027 et
1560 4975 1709 5027 novit
1729 4973 1864 5041 quid

132 5068 399 5135 parturit
428 5081 520 5119 cor
547 5082 740 5125 meum,
770 5066 864 5119 ille
892 5067 988 5133 qui
1014 5066 1164 5118 novit
1184 5068 1413 5132 partum
1443 5078 1615 5116 meum
1641 5064 1859 5131 (Enarr.

136 5160 195 5209 in
228 5156 388 5211 Psal.
418 5172 601 5221 xxxvx,
643 5170 799 5210 serm.
840 5157 890 5220 3,
921 5170 975 5209 η.
1014 5155 1117 5221 19).
1150 5153 1291 5219 Quid
1333 5158 1512 5207 autem
1548 5155 1741 5220 simus,
1772 5152 1863 5205 ille

132 5248 294 5300 novit
328 5244 405 5297 ad
444 5260 599 5312 quem
637 5246 897 5311 gemimus
938 5243 1128 5315 (Ibid.,
1161 5258 1217 5297 n.
1252 5243 1368 5311 20).
1406 5243 1479 5295 At
1518 5257 1634 5295 non
1672 5240 1771 5294 diu
1802 5240 1863 5293 in

134 5335 227 5389 sui
262 5332 607 5389 defensione
647 5333 1006 5399 immoratus,
1037 5331 1277 5385 liberam
1308 5330 1444 5393 illis,
1480 5328 1763 5401 quidquid
1792 5328 1861 5382 li-

132 5424 366 5491 buerit,
398 5422 472 5477 de
501 5438 561 5477 se
582 5421 878 5493 judicandi
908 5419 1040 5475 facit
1066 5423 1416 5491 potestatem
1440 5416 1631 5488 (Ibid.,
1656 5434 1714 5472 η.
1753 5420 1858 5487 19).

133 5512 636 5583 Carthaginenses
661 5516 855 5565 autem
884 5510 1207 5575 cathOlicos,
1240 5508 1393 5580 apud
1421 5523 1565 5579 quos
1591 5505 1863 5577 loqueba-

133 5608 263 5665 tur,
301 5606 357 5656 et
381 5616 634 5671 quorum
664 5600 723 5655 in
761 5616 820 5654 se
864 5597 1319 5654 benevolentiam
1355 5613 1423 5651 ex
1462 5613 1551 5667 ea,
1582 5611 1696 5668 qua
1726 5594 1857 5651 illos

1965 453 2087 524 ipse
2116 453 2617 524 complectebatur,
2668 454 2941 509 charitate
2989 461 3346 528 perspectam
3390 459 3497 514 sibi
3544 478 3663 516 esse

1965 543 2305 608 afﬁrmabat,
2334 543 2591 598 obsecrat
2618 560 2846 598 causam
2877 546 2999 616 ejus
3029 546 3311 613 deserant,
3334 552 3388 601 et
3418 565 3483 601 ea
3513 550 3581 603 de
3604 568 3664 603 re

1965 647 2094 684 cum
2129 631 2433 685 Donatistis
2465 633 2886 687 contentionem
2918 636 3136 689 nullam
3168 636 3389 702 ineant;
3423 644 3667 708 urgeant

1963 736 2097 774 vero
2126 720 2272 774 circa
2304 721 2560 775 Ecclesiae
2587 723 3053 790 controversiam,
3090 741 3262 795 quam
3302 742 3333 778 a
3364 743 3463 779 sua
3488 726 3666 796 ipsius

1966 810 2213 879 negabat
2241 810 2357 863 ullo
2388 812 2557 865 modo
2594 812 2841 882 pendere
2876 814 3061 882 (Ibid.,
3092 830 3147 868 η.
3182 815 3293 886 20).
3339 815 3484 880 Quid
3525 819 3667 870 enim

1965 914 2058 965 ego
2104 914 2242 965 sum,
2272 902 2369 967 qui
2393 904 2557 954 sum?
2592 900 2906 969 inquiebat.
2941 903 3221 970 Numquid
3252 904 3528 959 Catholica
3573 922 3666 973 ego

1964 986 2120 1041 sum?
2152 988 2419 1056 numquid
2449 988 2735 1042 hazreditas
2766 991 2971 1045 Christi
2997 990 3203 1058 diffusa
3229 1006 3329 1060 per
3358 997 3540 1058 gentes
3571 1009 3664 1060 ego

1964 1076 2124 1130 sum?
2151 1076 2368 1144 Sufﬁcit
2393 1078 2531 1129 mihi
2550 1082 2611 1131 ut
2640 1080 2697 1130 in
2717 1093 2780 1130 ea
2808 1081 2911 1131 sim
2933 1078 3117 1147 (Ibid,
3148 1095 3206 1134 n.
3240 1079 3344 1149 19).
3372 1081 3436 1133 Et
3455 1080 3665 1134 iterum

1966 1177 2078 1230 qua
2108 1162 2328 1216 ratione
2356 1162 2425 1215 ad
2454 1163 2537 1217 rei
2568 1167 2736 1232 caput
2762 1164 3064 1217 revocandi
3088 1164 3203 1218 sint
3228 1166 3659 1234 Donatistm,de-

1966 1250 2144 1303 clarat
2182 1250 2239 1303 in
2270 1251 2421 1304 hunc
2448 1252 2681 1305 modum
2715 1268 2727 1305 :
2764 1254 3003 1313 Prorsus,
3037 1252 3138 1321 qui
3158 1268 3240 1307 me
3270 1254 3409 1307 dicis
3439 1257 3662 1320 malum,

1968 1337 2087 1392 dico
2118 1342 2167 1391 et
2187 1354 2279 1404 ego
2300 1340 2415 1392 alia
2443 1340 2867 1393 innumerabilia
2900 1357 2911 1394 :
2945 1343 3048 1394 cito
3074 1344 3233 1407 aufer
3264 1342 3328 1395 de
3351 1343 3544 1410 medio,
3566 1346 3668 1411 ﬁni

1966 1441 2185 1480 causam
2214 1442 2414 1491 meam;
2457 1427 2521 1481 de
2550 1444 2606 1480 re
2635 1444 2752 1496 age,
2781 1430 3030 1481 Ecclesiae
3057 1444 3275 1482 causam
3305 1430 3538 1494 attende,
3573 1431 3670 1484 ubi

1966 1517 2041 1569 sis
2062 1516 2211 1570 vide.
2238 1518 2458 1570 Veritas
2476 1516 2578 1569 tibi
2600 1516 2873 1569 undelibet
2895 1518 3170 1584 loquatur,
3194 1520 3430 1571 esuriens
3447 1521 3628 1586 accipe
3652 1536 3665 1585 ;

1966 1621 2032 1659 ne
2060 1620 2337 1673 nunquam
2366 1606 2439 1659 ad
2470 1609 2517 1658 te
2540 1608 2825 1674 perveniat
2840 1608 3027 1674 panis,
3050 1607 3178 1660 dum
3204 1621 3411 1675 semper
3431 1608 3567 1677 quid
3588 1624 3668 1661 re-

1966 1694 2269 1762 prehendas
2299 1696 2358 1747 in
2380 1694 2596 1747 vasculo
2619 1694 2942 1760 fastidiosus
2973 1700 3023 1747 et
3041 1696 3402 1750 calumniosus
3430 1698 3666 1764 inquiris

1970 1782 2154 1851 (Ibid.,
2185 1798 2242 1835 n.
2266 1782 2375 1852 20).
2410 1784 2563 1836 Hanc
2592 1782 2908 1836 orationem
2941 1783 3282 1853 Carthagine
3313 1784 3380 1837 ab
3413 1800 3479 1837 eo
3502 1785 3666 1839 habi-

1967 1874 2085 1924 tam
2118 1870 2387 1937 diximus,
2414 1870 2693 1941 siquidem
2727 1872 3029 1925 manifesto
3059 1871 3420 1941 intelligitur,
3450 1888 3576 1926 eam
3610 1878 3666 1927 et

1970 1963 2128 2013 extra
2164 1959 2459 2030 propriam
2497 1960 2805 2030 Augustini
2860 1960 3183 2028 Ecclesiam,
3237 1965 3293 2013 et
3347 1960 3407 2013 in
3466 1961 3665 2030 eadem

1968 2048 2129 2116 urbe,
2178 2048 2278 2102 ubi
2320 2048 2497 2117 ipsius
2545 2048 2936 2102 adolescentiae
2969 2053 3153 2103 errata
3196 2064 3369 2120 quam
3417 2050 3665 2102 maxime

1970 2137 2197 2207 vulgata
2224 2136 2469 2203 fuerant,
2502 2137 2935 2207 pronuntiatam
2962 2153 3081 2191 esse
3098 2137 3282 2206 (lbid.,
3311 2153 3366 2191 η.
3410 2139 3519 2205 19).
3554 2139 3665 2191 Ita-

1970 2242 2081 2296 que
2130 2241 2245 2279 non
2286 2229 2370 2279 est
2417 2241 2518 2279 cur
2563 2224 2863 2295 miremur,
2910 2226 2956 2279 si
3001 2225 3266 2296 Cypriani
3313 2225 3667 2280 mentionem

1969 2313 2183 2368 ibidem
2214 2313 2382 2367 faciat
2434 2314 2615 2383 (Ibid,
2645 2330 2699 2367 n.
2736 2316 2843 2383 13).
2876 2316 2954 2367 Ac
2982 2314 3171 2383 primo
3216 2313 3449 2384 quidem
3503 2318 3667 2369 ante-

1970 2418 2143 2473 quam
2172 2402 2464 2455 Psalmum
2494 2401 2886 2473 aggrediatur,
2922 2402 3294 2473 Evangelium
3326 2402 3395 2457 de
3420 2403 3665 2473 judicio,

1968 2491 2249 2559 videlicet,
2282 2494 2394 2546 Duo
2424 2494 2483 2545 in
2512 2507 2644 2559 agro
2676 2492 2887 2559 (Matth.
2912 2507 3058 2557 XXIV,
3090 2491 3198 2557 40),
3231 2495 3360 2557 etc.,
3388 2491 3670 2562 interpre-

1968 2584 2122 2634 tatur
2152 2582 2376 2649 (Enarr.
2403 2583 2461 2634 in
2486 2582 2572 2634 Ps.
2602 2596 2785 2646 xxxvx,
2817 2595 2975 2633 serm.
3012 2583 3059 2645 1,
3081 2596 3134 2633 n.
3161 2579 3233 2650 2).
3262 2580 3459 2633 Habita
3482 2581 3669 2650 prima

1969 2667 2067 2721 illa
2120 2667 2392 2721 concione
2441 2667 2791 2737 cogitantem
2836 2668 2905 2721 de
2952 2667 3137 2720 reditu
3182 2666 3420 2721 assidua;
3460 2668 3669 2737 pluvim

1969 2756 2354 2824 retinuerunt,
2385 2761 2442 2809 et
2460 2756 2693 2809 interim
2722 2772 2793 2809 ne
2814 2755 2935 2808 sine
2956 2755 3142 2809 fructu
3162 2755 3341 2809 abiret
3358 2755 3459 2809 ista
3482 2772 3665 2821 mora,

1972 2861 2104 2899 eum
2134 2844 2406 2899 Catholici
2431 2848 2728 2913 rogarunt,
2760 2849 3003 2912 cceptam
3053 2843 3308 2912 ejusdem
3335 2844 3540 2911 spalmi
3572 2860 3665 2898 ex-

1971 2932 2313 3004 positionem
2342 2935 2787 3002 prosequeretur
2817 2932 2998 3000 (Ibid.,
3032 2946 3189 2985 serm.
3225 2934 3278 2997 2,
3310 2948 3365 2986 η.
3406 2931 3481 2999 1).
3520 2932 3669 2994 Quo-

1970 3041 2096 3079 rum
2130 3024 2390 3095 precibus
2417 3039 2547 3077 cum
2571 3023 2880 3089 annuisset,
2902 3022 3177 3077 orationis
3198 3024 3341 3077 serie
3356 3023 3664 3093 perductus

1971 3112 2029 3166 in
2064 3113 2481 3167 Donatistarum
2507 3111 2878 3178 mentionem,
2912 3111 3198 3182 synodalia
3229 3111 3669 3166 Maximianista-

1972 3217 2101 3255 rum
2137 3200 2406 3254 adversus
2451 3200 2805 3253 Primianum
2848 3200 3101 3270 epistolte
3131 3215 3401 3271 magnam
3447 3206 3667 3271 partem

1971 3290 2226 3344 recitavit
2242 3289 2450 3360 ((Ibid.,
2474 3305 2532 3345 n.
2556 3291 2643 3357 20)
2667 3305 2681 3343 :
2707 3289 2767 3342 in
2789 3305 2903 3360 quo
2924 3294 3264 3359 argumento
3290 3294 3406 3343 tam
3434 3289 3535 3343 diu
3554 3306 3672 3344 mo-

1970 3383 2128 3432 ratus
2158 3381 2262 3442 est,
2294 3382 2360 3431 ut
2403 3394 2507 3431 nec
2534 3382 2658 3432 tum
2689 3377 2921 3448 quidem
2956 3377 3244 3431 Psalmum
3276 3378 3526 3447 potuerit
3568 3379 3667 3432 ab-

1971 3469 2207 3523 solvere.
2252 3468 2420 3521 Illum
2450 3483 2585 3537 ergo
2615 3466 2787 3520 tertio
2819 3465 3064 3537 repetiit,
3098 3482 3131 3519 a
3163 3468 3277 3520 Deo
3313 3467 3436 3536 ipso
3471 3469 3674 3521 nolens

1969 3557 2165 3610 volens
2193 3560 2509 3624 revocatus,
2541 3555 2598 3608 id
2628 3558 2717 3607 est
2740 3571 2855 3608 non
2886 3554 3199 3607 secundum
3234 3554 3672 3623 dispositionem

1971 3660 2132 3698 suam
2158 3644 2497 3712 retardatus,
2519 3648 2583 3697 ut
2596 3643 2850 3697 debitum
2873 3642 3108 3695 omnino
3129 3642 3462 3696 dissolveret
3486 3643 3671 3713 (lbid.,

1972 3749 2129 3788 serm.
2181 3735 2232 3797 3,
2278 3750 2333 3788 η.
2392 3732 2459 3800 1).
2495 3732 2732 3785 Curasse
2772 3731 3015 3797 videtur,
3049 3736 3113 3784 ut
3142 3730 3253 3785 alia
3294 3747 3525 3802 quoque
3554 3748 3671 3785 non

1972 3836 2173 3891 pauca,
2221 3823 2434 3890 praeter
2499 3818 3047 3874 Maximianistarum
3097 3820 3404 3889 synodum,
3463 3819 3673 3873 instru-

1973 3914 2169 3963 menta
2218 3908 2287 3963 ad
2329 3908 2655 3962 Donatistas
2704 3909 3015 3980 spectantia
3057 3909 3283 3979 publice
3338 3909 3399 3962 in
3445 3910 3678 3964 ecclesia

1974 4000 2304 4069 legerentur
2335 4014 2347 4051 :
2384 3997 2671 4068 siquidem
2716 4002 2942 4052 excusat
2986 3999 3197 4053 multas
3227 3998 3468 4067 chartas,
3497 3999 3678 4054 multa

1974 4102 2104 4157 quae
2134 4086 2195 4140 in
2224 4102 2439 4140 canone
2468 4086 2889 4156 Scripturarum
2911 4103 3027 4141 non
3059 4087 3508 4150 continerentur,
3541 4087 3677 4141 reci-

1975 4180 2092 4229 tata
2120 4191 2269 4243 esse;
2302 4191 2501 4229 verum
2526 4192 2627 4229 cur
2650 4175 2709 4229 id
2731 4176 2943 4230 factum
2980 4176 3073 4242 sit,
3100 4191 3329 4229 causam
3360 4175 3673 4245 praebuisse

1976 4266 2314 4319 Donatistas.
2358 4266 2501 4321 Nam
2547 4267 2647 4318 etsi
2693 4264 3081 4334 reprehendent
3126 4266 3254 4332 haec,
3302 4262 3511 4333 inquit,
3544 4265 3675 4331 quia

1973 4354 2123 4407 vobis
2168 4355 2304 4407 talia
2352 4354 2611 4420 legimus;
2656 4369 2751 4407 nos
2797 4353 3276 4423 reprehendamur,
3309 4351 3439 4405 dum
3465 4366 3556 4404 vos
3586 4353 3673 4404 in-

1974 4444 2270 4497 struamini
2296 4442 2485 4511 (Ibid.,
2508 4459 2570 4497 η.
2600 4445 2707 4513 18).
2733 4443 3077 4497 Felicianum
3100 4440 3472 4495 Mustitanum
3500 4440 3672 4495 etiam

1973 4534 2121 4584 tunc
2140 4529 2507 4600 superstitem
2537 4529 2786 4585 extitisse
2807 4530 3091 4600 signiﬁcat
3112 4528 3291 4598 (lbid.,
3318 4543 3477 4581 serm.
3502 4531 3556 4593 2,
3578 4543 3673 4581 nn.

1973 4620 2062 4679 20,
2095 4619 2209 4688 22);
2246 4634 2419 4689 quem
2447 4622 2646 4689 postea
2674 4620 2852 4673 ferme
2894 4633 3191 4688 nunquam
3228 4620 3530 4683 memorat,
3564 4616 3675 4669 nisi

1974 4708 2188 4771 solum;
2212 4708 2366 4778 quod
2395 4708 2725 4778 planissime
2746 4706 2953 4777 arguit,
2976 4708 3380 4760 Przetextatum
3398 4706 3521 4775 jam
3550 4710 3675 4760 tum

1972 4796 2033 4850 in
2061 4796 2199 4850 vivis
2230 4813 2397 4868 agere
2427 4797 2680 4851 desiisse.
2717 4796 2920 4865 Tangit
2947 4795 3157 4849 ibidem
3201 4800 3428 4849 sanctus
3461 4795 3677 4848 Preesul

1973 4886 2253 4940 nonnulla
2280 4885 2699 4940 Donatistarum
2722 4889 2865 4949 acta,
2894 4883 2954 4937 in
2981 4884 3190 4955 quibus
3207 4883 3527 4938 Catholicos
3558 4888 3675 4936 tra-

1972 4972 2220 5028 ditorum
2250 4972 2583 5044 progeniem
2609 4972 2950 5040 vocitabant,
2982 4971 3429 5043 dictitabantque
3450 4970 3677 5042 gladios

1974 5077 2103 5115 suos
2133 5078 2367 5129 acuere;
2400 5077 2531 5115 eum
2559 5060 2670 5131 ipsi
2697 5076 2884 5131 neque
2914 5060 3101 5115 ablata
3132 5065 3672 5131 repeterent,uequc

1973 5150 2146 5205 armis
2173 5167 2293 5205 sese
2333 5150 2458 5204 aliis
2506 5165 2680 5221 quam
2720 5150 3023 5220 Evangelio
3054 5154 3357 5204 tuerentur
3396 5147 3582 5215 (lbid.,
3614 5162 3673 5199 η.

1977 5244 2089 5309 18).
2135 5241 2199 5293 Et
2245 5255 2379 5293 sane
2425 5239 2666 5293 dubium
2704 5254 2822 5293 non
2854 5242 2955 5305 est,
2989 5238 3129 5309 quin
3148 5237 3257 5292 hoc
3287 5236 3425 5290 illud
3458 5234 3678 5287 instru-

1974 5336 2235 5385 mentum
2265 5328 2355 5395 sit,
2390 5329 2542 5399 quod
2574 5328 2726 5398 apud
2746 5328 3144 5399 magistratum
3165 5324 3674 5395 Carthaginensem

1973 5417 2211 5473 confecit
2239 5416 2581 5484 Primianus,
2626 5420 2845 5471 scatens
2883 5416 3070 5470 verbis
3101 5414 3163 5467 in
3201 5412 3525 5468 Catholicos
3569 5413 3677 5467 ad-

1974 5507 2213 5562 modum
2241 5506 2591 5573 conviciosis,
2626 5506 2688 5561 in
2711 5507 2917 5577 quibus
2947 5509 3002 5558 et
3029 5503 3148 5557 hmc
3180 5501 3518 5571 legebantur
3548 5516 3562 5555 :
3587 5502 3682 5557 Illi

1976 5598 2233 5663 auferunt
2252 5597 2453 5663 aliena,
2478 5611 2572 5652 nos
2587 5597 2992 5651 intermittimus
3011 5592 3200 5647 ablata
3218 5591 3443 5661 (Contra
3460 5592 3675 5648 Cresco-
