  <div class='ocr_page' id='page_1' title='image "/cluster/home/n/w/nwhite01/storage/ocr_20150623/32/hvd.32044096580550/173.png"; bbox 0 0 4008 6184; ppageno 0'>
   <div class='ocr_carea' id='block_1_1' title="bbox 365 274 462 326">
    <p class='ocr_par' dir='ltr' id='par_1_1' title="bbox 365 274 462 326">
     <span class='ocr_line' id='line_1_1' title="bbox 365 274 462 326; baseline -0.021 0"><span class='ocrx_word' id='word_1_1' title='bbox 365 274 462 326; x_wconf 71' lang='lat'>327</span> 
     </span>
    </p>
   </div>
   <div class='ocr_carea' id='block_1_2' title="bbox 359 387 2055 464">
    <p class='ocr_par' dir='ltr' id='par_1_2' title="bbox 359 387 2055 464">
     <span class='ocr_line' id='line_1_2' title="bbox 359 387 2055 464; baseline -0.005 -14"><span class='ocrx_word' id='word_1_2' title='bbox 359 398 529 458; x_wconf 88' lang='lat' dir='ltr'>nium,</span> <span class='ocrx_word' id='word_1_3' title='bbox 565 394 659 449; x_wconf 89' lang='lat' dir='ltr'>lib.</span> <span class='ocrx_word' id='word_1_4' title='bbox 703 396 758 462; x_wconf 77' lang='grc'>4,</span> <span class='ocrx_word' id='word_1_5' title='bbox 803 408 860 447; x_wconf 91' lang='lat' dir='ltr'>n.</span> <span class='ocrx_word' id='word_1_6' title='bbox 907 392 1015 464; x_wconf 80' lang='lat'>57).</span> <span class='ocrx_word' id='word_1_7' title='bbox 1049 390 1207 456; x_wconf 83' lang='lat' dir='ltr'>Quod</span> <span class='ocrx_word' id='word_1_8' title='bbox 1262 389 1537 460; x_wconf 87' lang='lat' dir='ltr'>scriptum</span> <span class='ocrx_word' id='word_1_9' title='bbox 1584 387 1853 443; x_wconf 89' lang='lat' dir='ltr'>omnibus</span> <span class='ocrx_word' id='word_1_10' title='bbox 1897 404 2055 442; x_wconf 91' lang='lat' dir='ltr'>com-</span> 
     </span>
    </p>
   </div>
   <div class='ocr_carea' id='block_1_3' title="bbox 362 478 2053 552">
    <p class='ocr_par' dir='ltr' id='par_1_3' title="bbox 362 478 2053 552">
     <span class='ocr_line' id='line_1_3' title="bbox 362 478 2053 552; baseline -0.005 -12"><span class='ocrx_word' id='word_1_11' title='bbox 362 483 653 539; x_wconf 90' lang='lat' dir='ltr'>munionis</span> <span class='ocrx_word' id='word_1_12' title='bbox 669 498 784 536; x_wconf 63' lang='lat' dir='ltr'>suae</span> <span class='ocrx_word' id='word_1_13' title='bbox 802 480 1082 552; x_wconf 82' lang='lat' dir='ltr'>episcopis</span> <span class='ocrx_word' id='word_1_14' title='bbox 1095 478 1251 533; x_wconf 81' lang='lat' dir='ltr'>misit</span> <span class='ocrx_word' id='word_1_15' title='bbox 1264 479 1486 547; x_wconf 86' lang='lat' dir='ltr'>(Enarr.</span> <span class='ocrx_word' id='word_1_16' title='bbox 1510 481 1566 531; x_wconf 87' lang='lat' dir='ltr'>in</span> <span class='ocrx_word' id='word_1_17' title='bbox 1580 481 1666 533; x_wconf 88' lang='lat' dir='ltr'>Ps.</span> <span class='ocrx_word' id='word_1_18' title='bbox 1684 495 1712 531; x_wconf 65' lang='grc' dir='ltr'><strong>κ</strong></span> <span class='ocrx_word' id='word_1_19' title='bbox 1725 493 1873 542; x_wconf 75' lang='lat' dir='ltr'>xxvx,</span> <span class='ocrx_word' id='word_1_20' title='bbox 1894 492 2053 531; x_wconf 88' lang='lat' dir='ltr'>serm.</span> 
     </span>
    </p>
   </div>
   <div class='ocr_carea' id='block_1_4' title="bbox 359 566 2058 639">
    <p class='ocr_par' dir='ltr' id='par_1_4' title="bbox 359 566 2058 639">
     <span class='ocr_line' id='line_1_4' title="bbox 359 566 2058 639; baseline -0.006 -11"><span class='ocrx_word' id='word_1_21' title='bbox 359 577 413 638; x_wconf 85' lang='lat'>2,</span> <span class='ocrx_word' id='word_1_22' title='bbox 440 589 496 626; x_wconf 82' lang='grc' dir='ltr'>η.</span> <span class='ocrx_word' id='word_1_23' title='bbox 530 574 612 639; x_wconf 85' lang='lat' dir='ltr'>l8)</span> <span class='ocrx_word' id='word_1_24' title='bbox 646 588 659 626; x_wconf 91' lang='lat'><strong>:</strong></span> <span class='ocrx_word' id='word_1_25' title='bbox 692 586 796 624; x_wconf 91' lang='lat' dir='ltr'>nec</span> <span class='ocrx_word' id='word_1_26' title='bbox 823 568 1000 635; x_wconf 85' lang='lat' dir='ltr'>aliud,</span> <span class='ocrx_word' id='word_1_27' title='bbox 1022 572 1088 623; x_wconf 91' lang='lat' dir='ltr'>ut</span> <span class='ocrx_word' id='word_1_28' title='bbox 1108 567 1335 633; x_wconf 80' lang='lat' dir='ltr'>credere</span> <span class='ocrx_word' id='word_1_29' title='bbox 1358 566 1508 632; x_wconf 90' lang='lat' dir='ltr'>licet,</span> <span class='ocrx_word' id='word_1_30' title='bbox 1530 566 2058 636; x_wconf 87' lang='lat' dir='ltr'>continebat,quam</span> 
     </span>
    </p>
   </div>
   <div class='ocr_carea' id='block_1_5' title="bbox 362 654 2058 732">
    <p class='ocr_par' dir='ltr' id='par_1_5' title="bbox 362 654 2058 732">
     <span class='ocr_line' id='line_1_5' title="bbox 362 654 2058 732; baseline -0.005 -16"><span class='ocrx_word' id='word_1_31' title='bbox 362 660 793 732; x_wconf 81' lang='lat' dir='ltr'>responsionem</span> <span class='ocrx_word' id='word_1_32' title='bbox 818 658 886 712; x_wconf 88' lang='lat' dir='ltr'>ab</span> <span class='ocrx_word' id='word_1_33' title='bbox 908 674 973 712; x_wconf 92' lang='lat' dir='ltr'>eo</span> <span class='ocrx_word' id='word_1_34' title='bbox 1001 657 1288 732; x_wconf 76' lang='lat' dir='ltr'>vulgatam</span> <span class='ocrx_word' id='word_1_35' title='bbox 1316 672 1467 710; x_wconf 91' lang='lat' dir='ltr'>anno</span> <span class='ocrx_word' id='word_1_36' title='bbox 1493 654 2058 726; x_wconf 79' lang='lat' dir='ltr'>quadringentesimo</span> 
     </span>
    </p>
   </div>
   <div class='ocr_carea' id='block_1_6' title="bbox 362 730 2060 820">
    <p class='ocr_par' dir='ltr' id='par_1_6' title="bbox 362 730 2060 820">
     <span class='ocr_line' id='line_1_6' title="bbox 362 730 2060 820; baseline -0.006 -15"><span class='ocrx_word' id='word_1_37' title='bbox 362 730 530 805; x_wconf 76' lang='lat' dir='ltr'>tertio</span> <span class='ocrx_word' id='word_1_38' title='bbox 547 749 667 820; x_wconf 89' lang='lat' dir='ltr'>jam</span> <span class='ocrx_word' id='word_1_39' title='bbox 693 751 931 802; x_wconf 85' lang='lat' dir='ltr'>exeunte</span> <span class='ocrx_word' id='word_1_40' title='bbox 964 762 1158 800; x_wconf 88' lang='lat' dir='ltr'>mense</span> <span class='ocrx_word' id='word_1_41' title='bbox 1186 730 1496 814; x_wconf 73' lang='lat' dir='ltr'>septembri</span> <span class='ocrx_word' id='word_1_42' title='bbox 1526 760 1538 797; x_wconf 93' lang='lat'>:</span> <span class='ocrx_word' id='word_1_43' title='bbox 1572 759 1690 813; x_wconf 91' lang='lat' dir='ltr'>quo</span> <span class='ocrx_word' id='word_1_44' title='bbox 1713 748 1969 813; x_wconf 87' lang='lat' dir='ltr'>tempore</span> <span class='ocrx_word' id='word_1_45' title='bbox 1990 743 2060 797; x_wconf 91' lang='lat' dir='ltr'>de</span> 
     </span>
    </p>
   </div>
   <div class='ocr_carea' id='block_1_7' title="bbox 361 830 2055 908">
    <p class='ocr_par' dir='ltr' id='par_1_7' title="bbox 361 830 2055 908">
     <span class='ocr_line' id='line_1_7' title="bbox 361 830 2055 908; baseline -0.005 -16"><span class='ocrx_word' id='word_1_46' title='bbox 361 837 642 908; x_wconf 88' lang='lat' dir='ltr'>colloquio</span> <span class='ocrx_word' id='word_1_47' title='bbox 686 852 816 890; x_wconf 91' lang='lat' dir='ltr'>cum</span> <span class='ocrx_word' id='word_1_48' title='bbox 865 832 1167 889; x_wconf 91' lang='lat' dir='ltr'>Catholicis</span> <span class='ocrx_word' id='word_1_49' title='bbox 1205 831 1459 886; x_wconf 90' lang='lat' dir='ltr'>ineundo</span> <span class='ocrx_word' id='word_1_50' title='bbox 1502 830 1899 900; x_wconf 76' lang='lat' dir='ltr'>interpellatus</span> <span class='ocrx_word' id='word_1_51' title='bbox 1954 833 2055 884; x_wconf 88' lang='lat' dir='ltr'>est.</span> 
     </span>
    </p>
   </div>
   <div class='ocr_carea' id='block_1_8' title="bbox 365 918 2057 990">
    <p class='ocr_par' dir='ltr' id='par_1_8' title="bbox 365 918 2057 990">
     <span class='ocr_line' id='line_1_8' title="bbox 365 918 2057 990; baseline -0.005 -10"><span class='ocrx_word' id='word_1_52' title='bbox 365 927 596 981; x_wconf 82' lang='lat' dir='ltr'>Constat</span> <span class='ocrx_word' id='word_1_53' title='bbox 618 924 770 977; x_wconf 78' lang='lat' dir='ltr'>enim</span> <span class='ocrx_word' id='word_1_54' title='bbox 801 938 933 976; x_wconf 91' lang='lat' dir='ltr'>eum</span> <span class='ocrx_word' id='word_1_55' title='bbox 956 926 1092 976; x_wconf 91' lang='lat' dir='ltr'>tunc</span> <span class='ocrx_word' id='word_1_56' title='bbox 1119 920 1178 974; x_wconf 92' lang='lat' dir='ltr'>in</span> <span class='ocrx_word' id='word_1_57' title='bbox 1204 921 1360 974; x_wconf 90' lang='lat' dir='ltr'>hunc</span> <span class='ocrx_word' id='word_1_58' title='bbox 1383 919 1622 974; x_wconf 91' lang='lat' dir='ltr'>modum</span> <span class='ocrx_word' id='word_1_59' title='bbox 1652 918 2015 990; x_wconf 85' lang='lat' dir='ltr'>respondisse</span> <span class='ocrx_word' id='word_1_60' title='bbox 2043 935 2057 972; x_wconf 91' lang='lat'><strong>:</strong></span> 
     </span>
    </p>
   </div>
   <div class='ocr_carea' id='block_1_9' title="bbox 359 1010 2062 1079">
    <p class='ocr_par' dir='ltr' id='par_1_9' title="bbox 359 1010 2062 1079">
     <span class='ocr_line' id='line_1_9' title="bbox 359 1010 2062 1079; baseline -0.004 -12"><span class='ocrx_word' id='word_1_61' title='bbox 359 1014 649 1079; x_wconf 87' lang='lat' dir='ltr'>Indignum</span> <span class='ocrx_word' id='word_1_62' title='bbox 676 1017 773 1077; x_wconf 86' lang='lat' dir='ltr'>est,</span> <span class='ocrx_word' id='word_1_63' title='bbox 805 1016 866 1065; x_wconf 89' lang='lat' dir='ltr'>ut</span> <span class='ocrx_word' id='word_1_64' title='bbox 894 1013 951 1065; x_wconf 89' lang='lat' dir='ltr'>in</span> <span class='ocrx_word' id='word_1_65' title='bbox 982 1026 1149 1064; x_wconf 88' lang='lat' dir='ltr'>unum</span> <span class='ocrx_word' id='word_1_66' title='bbox 1173 1011 1492 1064; x_wconf 83' lang='lat' dir='ltr'>conveniant</span> <span class='ocrx_word' id='word_1_67' title='bbox 1518 1010 1626 1077; x_wconf 82' lang='lat' dir='ltr'>ﬁlii</span> <span class='ocrx_word' id='word_1_68' title='bbox 1653 1012 1978 1076; x_wconf 80' lang='lat' dir='ltr'>martyrum,</span> <span class='ocrx_word' id='word_1_69' title='bbox 2011 1011 2062 1062; x_wconf 91' lang='lat' dir='ltr'>et</span> 
     </span>
    </p>
   </div>
   <div class='ocr_carea' id='block_1_10' title="bbox 356 1098 2058 1171">
    <p class='ocr_par' dir='ltr' id='par_1_10' title="bbox 356 1098 2058 1171">
     <span class='ocr_line' id='line_1_10' title="bbox 356 1098 2058 1171; baseline -0.003 -16"><span class='ocrx_word' id='word_1_70' title='bbox 356 1102 636 1171; x_wconf 81' lang='lat' dir='ltr'>progenies</span> <span class='ocrx_word' id='word_1_71' title='bbox 659 1100 986 1155; x_wconf 86' lang='lat' dir='ltr'>traditarum</span> <span class='ocrx_word' id='word_1_72' title='bbox 1006 1099 1219 1167; x_wconf 80' lang='lat' dir='ltr'>(Codice</span> <span class='ocrx_word' id='word_1_73' title='bbox 1248 1099 1523 1155; x_wconf 87' lang='lat' dir='ltr'>Canonum</span> <span class='ocrx_word' id='word_1_74' title='bbox 1542 1098 1751 1164; x_wconf 81' lang='lat' dir='ltr'>Afric.,</span> <span class='ocrx_word' id='word_1_75' title='bbox 1785 1113 1941 1152; x_wconf 89' lang='lat' dir='ltr'>cann.</span> <span class='ocrx_word' id='word_1_76' title='bbox 1969 1099 2058 1163; x_wconf 81' lang='grc'><strong>91,</strong></span> 
     </span>
    </p>
   </div>
   <div class='ocr_carea' id='block_1_11' title="bbox 362 1185 2062 1260">
    <p class='ocr_par' dir='ltr' id='par_1_11' title="bbox 362 1185 2062 1260">
     <span class='ocr_line' id='line_1_11' title="bbox 362 1185 2062 1260; baseline -0.004 -14"><span class='ocrx_word' id='word_1_77' title='bbox 362 1193 450 1256; x_wconf 81' lang='lat'>92,</span> <span class='ocrx_word' id='word_1_78' title='bbox 483 1188 623 1260; x_wconf 88' lang='lat' dir='ltr'>etc.).</span> <span class='ocrx_word' id='word_1_79' title='bbox 655 1192 720 1245; x_wconf 93' lang='lat' dir='ltr'>In</span> <span class='ocrx_word' id='word_1_80' title='bbox 748 1189 855 1243; x_wconf 89' lang='lat' dir='ltr'>hoc</span> <span class='ocrx_word' id='word_1_81' title='bbox 891 1188 1067 1258; x_wconf 83' lang='lat' dir='ltr'>igitur</span> <span class='ocrx_word' id='word_1_82' title='bbox 1109 1204 1304 1242; x_wconf 89' lang='lat' dir='ltr'>rerum</span> <span class='ocrx_word' id='word_1_83' title='bbox 1346 1191 1497 1242; x_wconf 90' lang='lat' dir='ltr'>statu</span> <span class='ocrx_word' id='word_1_84' title='bbox 1534 1185 1909 1258; x_wconf 79' lang='lat' dir='ltr'>Augustinus,</span> <span class='ocrx_word' id='word_1_85' title='bbox 1961 1185 2062 1256; x_wconf 90' lang='lat' dir='ltr'>qui</span> 
     </span>
    </p>
   </div>
   <div class='ocr_carea' id='block_1_12' title="bbox 361 1274 2060 1349">
    <p class='ocr_par' dir='ltr' id='par_1_12' title="bbox 361 1274 2060 1349">
     <span class='ocr_line' id='line_1_12' title="bbox 361 1274 2060 1349; baseline -0.002 -18"><span class='ocrx_word' id='word_1_86' title='bbox 361 1279 577 1349; x_wconf 82' lang='lat' dir='ltr'>synodo</span> <span class='ocrx_word' id='word_1_87' title='bbox 633 1276 1070 1348; x_wconf 87' lang='lat' dir='ltr'>Carthaginensi</span> <span class='ocrx_word' id='word_1_88' title='bbox 1119 1276 1363 1347; x_wconf 90' lang='lat' dir='ltr'>septimo</span> <span class='ocrx_word' id='word_1_89' title='bbox 1404 1275 1664 1329; x_wconf 91' lang='lat' dir='ltr'>calendas</span> <span class='ocrx_word' id='word_1_90' title='bbox 1721 1274 2060 1347; x_wconf 89' lang='lat' dir='ltr'>septembris</span> 
     </span>
    </p>
   </div>
   <div class='ocr_carea' id='block_1_13' title="bbox 355 1364 2060 1436">
    <p class='ocr_par' dir='ltr' id='par_1_13' title="bbox 355 1364 2060 1436">
     <span class='ocr_line' id='line_1_13' title="bbox 355 1364 2060 1436; baseline -0.003 -15"><span class='ocrx_word' id='word_1_91' title='bbox 355 1368 713 1432; x_wconf 86' lang='lat' dir='ltr'>interfuerat,</span> <span class='ocrx_word' id='word_1_92' title='bbox 758 1368 1048 1421; x_wconf 89' lang='lat' dir='ltr'>Psalmum</span> <span class='ocrx_word' id='word_1_93' title='bbox 1076 1364 1441 1436; x_wconf 85' lang='lat' dir='ltr'>trigesimum</span> <span class='ocrx_word' id='word_1_94' title='bbox 1472 1368 1715 1430; x_wconf 84' lang='lat' dir='ltr'>sextum,</span> <span class='ocrx_word' id='word_1_95' title='bbox 1749 1368 2060 1434; x_wconf 87' lang='lat' dir='ltr'>antequam</span> 
     </span>
    </p>
   </div>
   <div class='ocr_carea' id='block_1_14' title="bbox 363 1453 2059 1528">
    <p class='ocr_par' dir='ltr' id='par_1_14' title="bbox 363 1453 2059 1528">
     <span class='ocr_line' id='line_1_14' title="bbox 363 1453 2059 1528; baseline -0.004 -15"><span class='ocrx_word' id='word_1_96' title='bbox 363 1458 683 1528; x_wconf 83' lang='lat' dir='ltr'>Hipponem</span> <span class='ocrx_word' id='word_1_97' title='bbox 706 1456 936 1519; x_wconf 85' lang='lat' dir='ltr'>rediret,</span> <span class='ocrx_word' id='word_1_98' title='bbox 960 1455 1253 1526; x_wconf 83' lang='lat' dir='ltr'>exposuit:</span> <span class='ocrx_word' id='word_1_99' title='bbox 1270 1471 1399 1509; x_wconf 92' lang='lat' dir='ltr'>cum</span> <span class='ocrx_word' id='word_1_100' title='bbox 1418 1455 1538 1525; x_wconf 92' lang='lat' dir='ltr'>jam</span> <span class='ocrx_word' id='word_1_101' title='bbox 1561 1454 1728 1509; x_wconf 88' lang='lat' dir='ltr'>tertio</span> <span class='ocrx_word' id='word_1_102' title='bbox 1764 1453 1909 1507; x_wconf 90' lang='lat' dir='ltr'>libro</span> <span class='ocrx_word' id='word_1_103' title='bbox 1928 1469 2059 1507; x_wconf 86' lang='lat' dir='ltr'>con-</span> 
     </span>
    </p>
   </div>
   <div class='ocr_carea' id='block_1_15' title="bbox 354 1544 2058 1615">
    <p class='ocr_par' dir='ltr' id='par_1_15' title="bbox 354 1544 2058 1615">
     <span class='ocr_line' id='line_1_15' title="bbox 354 1544 2058 1615; baseline -0.004 -14"><span class='ocrx_word' id='word_1_104' title='bbox 354 1552 444 1601; x_wconf 87' lang='lat' dir='ltr'>tra</span> <span class='ocrx_word' id='word_1_105' title='bbox 485 1544 851 1610; x_wconf 87' lang='lat' dir='ltr'>Petilianum,</span> <span class='ocrx_word' id='word_1_106' title='bbox 885 1560 1005 1597; x_wconf 91' lang='lat' dir='ltr'>non</span> <span class='ocrx_word' id='word_1_107' title='bbox 1046 1544 1220 1615; x_wconf 89' lang='lat' dir='ltr'>longo</span> <span class='ocrx_word' id='word_1_108' title='bbox 1251 1548 1384 1597; x_wconf 90' lang='lat' dir='ltr'>ante</span> <span class='ocrx_word' id='word_1_109' title='bbox 1418 1548 1701 1613; x_wconf 74' lang='lat' dir='ltr'>tempore,</span> <span class='ocrx_word' id='word_1_110' title='bbox 1730 1558 2058 1612; x_wconf 87' lang='lat' dir='ltr'>supremam</span> 
     </span>
    </p>
   </div>
   <div class='ocr_carea' id='block_1_16' title="bbox 350 1631 2056 1704">
    <p class='ocr_par' dir='ltr' id='par_1_16' title="bbox 350 1631 2056 1704">
     <span class='ocr_line' id='line_1_16' title="bbox 350 1631 2056 1704; baseline -0.002 -15"><span class='ocrx_word' id='word_1_111' title='bbox 350 1650 593 1689; x_wconf 85' lang='lat' dir='ltr'>manum</span> <span class='ocrx_word' id='word_1_112' title='bbox 622 1632 1000 1704; x_wconf 87' lang='lat' dir='ltr'>imposuisset.</span> <span class='ocrx_word' id='word_1_113' title='bbox 1043 1633 1126 1686; x_wconf 90' lang='lat' dir='ltr'>Ad</span> <span class='ocrx_word' id='word_1_114' title='bbox 1161 1632 1281 1686; x_wconf 70' lang='lat' dir='ltr'>hmo</span> <span class='ocrx_word' id='word_1_115' title='bbox 1322 1631 1458 1685; x_wconf 87' lang='lat' dir='ltr'>citat</span> <span class='ocrx_word' id='word_1_116' title='bbox 1486 1631 1838 1701; x_wconf 83' lang='lat' dir='ltr'>Augustinus</span> <span class='ocrx_word' id='word_1_117' title='bbox 1867 1648 1933 1685; x_wconf 87' lang='lat' dir='ltr'>ex</span> <span class='ocrx_word' id='word_1_118' title='bbox 1983 1631 2056 1685; x_wconf 92' lang='lat' dir='ltr'>li-</span> 
     </span>
    </p>
   </div>
   <div class='ocr_carea' id='block_1_17' title="bbox 355 1719 2057 1793">
    <p class='ocr_par' dir='ltr' id='par_1_17' title="bbox 355 1719 2057 1793">
     <span class='ocr_line' id='line_1_17' title="bbox 355 1719 2057 1793; baseline -0.003 -15"><span class='ocrx_word' id='word_1_119' title='bbox 355 1723 527 1790; x_wconf 89' lang='lat' dir='ltr'>bello,</span> <span class='ocrx_word' id='word_1_120' title='bbox 555 1738 724 1793; x_wconf 90' lang='lat' dir='ltr'>quem</span> <span class='ocrx_word' id='word_1_121' title='bbox 760 1721 1083 1775; x_wconf 87' lang='lat' dir='ltr'>Primianus</span> <span class='ocrx_word' id='word_1_122' title='bbox 1112 1720 1182 1774; x_wconf 89' lang='lat' dir='ltr'>ad</span> <span class='ocrx_word' id='word_1_123' title='bbox 1212 1719 1610 1791; x_wconf 87' lang='lat' dir='ltr'>magistratum</span> <span class='ocrx_word' id='word_1_124' title='bbox 1644 1720 2057 1791; x_wconf 89' lang='lat' dir='ltr'>Carthaginen-</span> 
     </span>
    </p>
   </div>
   <div class='ocr_carea' id='block_1_18' title="bbox 360 1809 2059 1876">
    <p class='ocr_par' dir='ltr' id='par_1_18' title="bbox 360 1809 2059 1876">
     <span class='ocr_line' id='line_1_18' title="bbox 360 1809 2059 1876; baseline -0.002 -10"><span class='ocrx_word' id='word_1_125' title='bbox 360 1828 480 1866; x_wconf 92' lang='lat' dir='ltr'>sem</span> <span class='ocrx_word' id='word_1_126' title='bbox 531 1811 831 1876; x_wconf 87' lang='lat' dir='ltr'>detulerat,</span> <span class='ocrx_word' id='word_1_127' title='bbox 885 1810 985 1863; x_wconf 89' lang='lat' dir='ltr'>illa</span> <span class='ocrx_word' id='word_1_128' title='bbox 1032 1809 1202 1863; x_wconf 90' lang='lat' dir='ltr'>verba</span> <span class='ocrx_word' id='word_1_129' title='bbox 1260 1825 1275 1863; x_wconf 87' lang='lat'><strong>:</strong></span> <span class='ocrx_word' id='word_1_130' title='bbox 1330 1811 1585 1864; x_wconf 87' lang='lat' dir='ltr'>Parentes</span> <span class='ocrx_word' id='word_1_131' title='bbox 1638 1814 1849 1863; x_wconf 89' lang='lat' dir='ltr'>nostros</span> <span class='ocrx_word' id='word_1_132' title='bbox 1890 1811 2059 1863; x_wconf 81' lang='lat' dir='ltr'>vestri</span> 
     </span>
    </p>
   </div>
   <div class='ocr_carea' id='block_1_19' title="bbox 359 1896 2059 1971">
    <p class='ocr_par' dir='ltr' id='par_1_19' title="bbox 359 1896 2059 1971">
     <span class='ocr_line' id='line_1_19' title="bbox 359 1896 2059 1971; baseline -0.002 -16"><span class='ocrx_word' id='word_1_133' title='bbox 359 1902 593 1968; x_wconf 77' lang='lat' dir='ltr'>majores</span> <span class='ocrx_word' id='word_1_134' title='bbox 618 1902 791 1953; x_wconf 82' lang='lat' dir='ltr'>variis</span> <span class='ocrx_word' id='word_1_135' title='bbox 822 1900 1034 1952; x_wconf 60' lang='lat' dir='ltr'>exsiliis</span> <span class='ocrx_word' id='word_1_136' title='bbox 1064 1902 1400 1952; x_wconf 68' lang='lat' dir='ltr'>vexaverant</span> <span class='ocrx_word' id='word_1_137' title='bbox 1440 1896 1553 1968; x_wconf 85' lang='lat' dir='ltr'>(Ad</span> <span class='ocrx_word' id='word_1_138' title='bbox 1580 1900 1893 1952; x_wconf 88' lang='lat' dir='ltr'>Donatistas</span> <span class='ocrx_word' id='word_1_139' title='bbox 1934 1902 2059 1971; x_wconf 85' lang='lat' dir='ltr'>post</span> 
     </span>
    </p>
   </div>
   <div class='ocr_carea' id='block_1_20' title="bbox 356 1986 2053 2057">
    <p class='ocr_par' dir='ltr' id='par_1_20' title="bbox 356 1986 2053 2057">
     <span class='ocr_line' id='line_1_20' title="bbox 356 1986 2053 2057; baseline -0.003 -11"><span class='ocrx_word' id='word_1_140' title='bbox 356 1990 572 2057; x_wconf 88' lang='lat' dir='ltr'>Collat.,</span> <span class='ocrx_word' id='word_1_141' title='bbox 610 2004 665 2042; x_wconf 86' lang='grc' dir='ltr'>η.</span> <span class='ocrx_word' id='word_1_142' title='bbox 717 1988 835 2055; x_wconf 78' lang='lat'>20);</span> <span class='ocrx_word' id='word_1_143' title='bbox 894 2002 1118 2042; x_wconf 89' lang='lat' dir='ltr'>necnon</span> <span class='ocrx_word' id='word_1_144' title='bbox 1164 1991 1221 2041; x_wconf 91' lang='lat' dir='ltr'>et</span> <span class='ocrx_word' id='word_1_145' title='bbox 1270 1986 1466 2040; x_wconf 69' lang='lat' dir='ltr'>isthazc</span> <span class='ocrx_word' id='word_1_146' title='bbox 1510 1986 1620 2040; x_wconf 89' lang='lat' dir='ltr'>alia</span> <span class='ocrx_word' id='word_1_147' title='bbox 1653 2002 1665 2040; x_wconf 91' lang='lat'><strong>:</strong></span> <span class='ocrx_word' id='word_1_148' title='bbox 1695 1988 1789 2041; x_wconf 77' lang='lat' dir='ltr'>Illi</span> <span class='ocrx_word' id='word_1_149' title='bbox 1808 1990 2053 2056; x_wconf 86' lang='lat' dir='ltr'>portant,</span> 
     </span>
    </p>
   </div>
   <div class='ocr_carea' id='block_1_21' title="bbox 353 2074 2057 2149">
    <p class='ocr_par' dir='ltr' id='par_1_21' title="bbox 353 2074 2057 2149">
     <span class='ocr_line' id='line_1_21' title="bbox 353 2074 2057 2149; baseline -0.002 -17"><span class='ocrx_word' id='word_1_150' title='bbox 353 2077 668 2149; x_wconf 88' lang='lat' dir='ltr'>inquiebat,</span> <span class='ocrx_word' id='word_1_151' title='bbox 698 2077 991 2131; x_wconf 86' lang='lat' dir='ltr'>multorum</span> <span class='ocrx_word' id='word_1_152' title='bbox 1018 2078 1407 2146; x_wconf 85' lang='lat' dir='ltr'>imperatorum</span> <span class='ocrx_word' id='word_1_153' title='bbox 1427 2089 1633 2143; x_wconf 87' lang='lat' dir='ltr'>sacras,</span> <span class='ocrx_word' id='word_1_154' title='bbox 1665 2090 1761 2129; x_wconf 87' lang='lat' dir='ltr'>nos</span> <span class='ocrx_word' id='word_1_155' title='bbox 1789 2076 1905 2129; x_wconf 89' lang='lat' dir='ltr'>sola</span> <span class='ocrx_word' id='word_1_156' title='bbox 1934 2074 2057 2143; x_wconf 81' lang='lat' dir='ltr'>offe-</span> 
     </span>
    </p>
   </div>
   <div class='ocr_carea' id='block_1_22' title="bbox 352 2162 2056 2234">
    <p class='ocr_par' dir='ltr' id='par_1_22' title="bbox 352 2162 2056 2234">
     <span class='ocr_line' id='line_1_22' title="bbox 352 2162 2056 2234; baseline -0.003 -13"><span class='ocrx_word' id='word_1_157' title='bbox 352 2170 526 2221; x_wconf 84' lang='lat' dir='ltr'>rimus</span> <span class='ocrx_word' id='word_1_158' title='bbox 550 2167 850 2233; x_wconf 83' lang='lat' dir='ltr'>Evangelia</span> <span class='ocrx_word' id='word_1_159' title='bbox 881 2164 1068 2234; x_wconf 85' lang='lat' dir='ltr'>(Ibid.,</span> <span class='ocrx_word' id='word_1_160' title='bbox 1100 2181 1155 2217; x_wconf 89' lang='lat' dir='ltr'>n.</span> <span class='ocrx_word' id='word_1_161' title='bbox 1190 2163 1299 2234; x_wconf 82' lang='lat'>53).</span> <span class='ocrx_word' id='word_1_162' title='bbox 1335 2162 1685 2234; x_wconf 83' lang='lat' dir='ltr'>Augustinus</span> <span class='ocrx_word' id='word_1_163' title='bbox 1720 2167 1852 2232; x_wconf 92' lang='lat' dir='ltr'>post</span> <span class='ocrx_word' id='word_1_164' title='bbox 1877 2163 2056 2217; x_wconf 87' lang='lat' dir='ltr'>libros</span> 
     </span>
    </p>
   </div>
   <div class='ocr_carea' id='block_1_23' title="bbox 354 2248 2055 2320">
    <p class='ocr_par' dir='ltr' id='par_1_23' title="bbox 354 2248 2055 2320">
     <span class='ocr_line' id='line_1_23' title="bbox 354 2248 2055 2320; baseline -0.004 -13"><span class='ocrx_word' id='word_1_165' title='bbox 354 2258 551 2307; x_wconf 88' lang='lat' dir='ltr'>contra</span> <span class='ocrx_word' id='word_1_166' title='bbox 578 2250 941 2317; x_wconf 88' lang='lat' dir='ltr'>Petilianum,</span> <span class='ocrx_word' id='word_1_167' title='bbox 974 2266 1073 2304; x_wconf 91' lang='lat' dir='ltr'>eos</span> <span class='ocrx_word' id='word_1_168' title='bbox 1101 2249 1359 2320; x_wconf 87' lang='lat' dir='ltr'>proxime</span> <span class='ocrx_word' id='word_1_169' title='bbox 1387 2252 1659 2315; x_wconf 87' lang='lat' dir='ltr'>recenset,</span> <span class='ocrx_word' id='word_1_170' title='bbox 1692 2248 1793 2319; x_wconf 88' lang='lat' dir='ltr'>qui</span> <span class='ocrx_word' id='word_1_171' title='bbox 1831 2248 1893 2302; x_wconf 89' lang='lat' dir='ltr'>in</span> <span class='ocrx_word' id='word_1_172' title='bbox 1924 2249 2055 2304; x_wconf 91' lang='lat' dir='ltr'>Cre-</span> 
     </span>
    </p>
   </div>
   <div class='ocr_carea' id='block_1_24' title="bbox 354 2336 2055 2408">
    <p class='ocr_par' dir='ltr' id='par_1_24' title="bbox 354 2336 2055 2408">
     <span class='ocr_line' id='line_1_24' title="bbox 354 2336 2055 2408; baseline -0.003 -12"><span class='ocrx_word' id='word_1_173' title='bbox 354 2341 611 2396; x_wconf 91' lang='lat' dir='ltr'>sconium</span> <span class='ocrx_word' id='word_1_174' title='bbox 643 2337 1032 2393; x_wconf 88' lang='lat' dir='ltr'>inscribuntur</span> <span class='ocrx_word' id='word_1_175' title='bbox 1064 2338 1318 2407; x_wconf 85' lang='lat' dir='ltr'>(Retract.</span> <span class='ocrx_word' id='word_1_176' title='bbox 1351 2337 1446 2392; x_wconf 87' lang='lat' dir='ltr'>lib.</span> <span class='ocrx_word' id='word_1_177' title='bbox 1478 2340 1532 2403; x_wconf 81' lang='lat'>2,</span> <span class='ocrx_word' id='word_1_178' title='bbox 1566 2352 1686 2406; x_wconf 87' lang='lat' dir='ltr'>cap.</span> <span class='ocrx_word' id='word_1_179' title='bbox 1719 2336 1828 2408; x_wconf 73' lang='lat'>26),</span> <span class='ocrx_word' id='word_1_180' title='bbox 1857 2353 2055 2408; x_wconf 85' lang='lat' dir='ltr'>quam-</span> 
     </span>
    </p>
   </div>
   <div class='ocr_carea' id='block_1_25' title="bbox 353 2424 2054 2498">
    <p class='ocr_par' dir='ltr' id='par_1_25' title="bbox 353 2424 2054 2498">
     <span class='ocr_line' id='line_1_25' title="bbox 353 2424 2054 2498; baseline -0.004 -13"><span class='ocrx_word' id='word_1_181' title='bbox 353 2430 435 2485; x_wconf 82' lang='lat' dir='ltr'>vis</span> <span class='ocrx_word' id='word_1_182' title='bbox 454 2431 557 2485; x_wconf 92' lang='lat' dir='ltr'>bos</span> <span class='ocrx_word' id='word_1_183' title='bbox 586 2427 818 2483; x_wconf 91' lang='lat' dir='ltr'>ultimos</span> <span class='ocrx_word' id='word_1_184' title='bbox 849 2442 968 2481; x_wconf 91' lang='lat' dir='ltr'>non</span> <span class='ocrx_word' id='word_1_185' title='bbox 997 2431 1130 2480; x_wconf 89' lang='lat' dir='ltr'>ante</span> <span class='ocrx_word' id='word_1_186' title='bbox 1159 2442 1377 2480; x_wconf 89' lang='lat' dir='ltr'>annum</span> <span class='ocrx_word' id='word_1_187' title='bbox 1420 2424 2054 2498; x_wconf 89' lang='lat' dir='ltr'>quadringentesimum</span> 
     </span>
    </p>
   </div>
   <div class='ocr_carea' id='block_1_26' title="bbox 354 2514 2049 2592">
    <p class='ocr_par' dir='ltr' id='par_1_26' title="bbox 354 2514 2049 2592">
     <span class='ocr_line' id='line_1_26' title="bbox 354 2514 2049 2592; baseline -0.004 -18"><span class='ocrx_word' id='word_1_188' title='bbox 354 2518 622 2592; x_wconf 90' lang='lat' dir='ltr'>quintum</span> <span class='ocrx_word' id='word_1_189' title='bbox 652 2515 1085 2571; x_wconf 88' lang='lat' dir='ltr'>elucubraverit.</span> <span class='ocrx_word' id='word_1_190' title='bbox 1117 2514 1277 2579; x_wconf 89' lang='lat' dir='ltr'>Quod</span> <span class='ocrx_word' id='word_1_191' title='bbox 1306 2514 1505 2586; x_wconf 89' lang='lat' dir='ltr'>utique</span> <span class='ocrx_word' id='word_1_192' title='bbox 1525 2514 1739 2569; x_wconf 90' lang='lat' dir='ltr'>factum</span> <span class='ocrx_word' id='word_1_193' title='bbox 1758 2519 2049 2586; x_wconf 87' lang='lat' dir='ltr'>putamus,</span> 
     </span>
    </p>
   </div>
   <div class='ocr_carea' id='block_1_27' title="bbox 355 2603 2053 2679">
    <p class='ocr_par' dir='ltr' id='par_1_27' title="bbox 355 2603 2053 2679">
     <span class='ocr_line' id='line_1_27' title="bbox 355 2603 2053 2679; baseline -0.004 -16"><span class='ocrx_word' id='word_1_194' title='bbox 355 2608 428 2663; x_wconf 92' lang='lat' dir='ltr'>ob</span> <span class='ocrx_word' id='word_1_195' title='bbox 467 2605 792 2679; x_wconf 88' lang='lat' dir='ltr'>argumenti</span> <span class='ocrx_word' id='word_1_196' title='bbox 829 2604 1231 2677; x_wconf 89' lang='lat' dir='ltr'>cognationem</span> <span class='ocrx_word' id='word_1_197' title='bbox 1264 2620 1279 2659; x_wconf 91' lang='lat'><strong>:</strong></span> <span class='ocrx_word' id='word_1_198' title='bbox 1309 2620 1440 2660; x_wconf 89' lang='lat' dir='ltr'>cum</span> <span class='ocrx_word' id='word_1_199' title='bbox 1493 2603 1747 2675; x_wconf 90' lang='lat' dir='ltr'>utrisque</span> <span class='ocrx_word' id='word_1_200' title='bbox 1793 2603 2053 2658; x_wconf 82' lang='lat' dir='ltr'>Petiliani</span> 
     </span>
    </p>
   </div>
   <div class='ocr_carea' id='block_1_28' title="bbox 352 2692 2051 2767">
    <p class='ocr_par' dir='ltr' id='par_1_28' title="bbox 352 2692 2051 2767">
     <span class='ocr_line' id='line_1_28' title="bbox 352 2692 2051 2767; baseline -0.003 -16"><span class='ocrx_word' id='word_1_201' title='bbox 352 2696 589 2767; x_wconf 89' lang='lat' dir='ltr'>epistola</span> <span class='ocrx_word' id='word_1_202' title='bbox 617 2694 965 2749; x_wconf 81' lang='lat' dir='ltr'>occasionem</span> <span class='ocrx_word' id='word_1_203' title='bbox 996 2693 1234 2748; x_wconf 89' lang='lat' dir='ltr'>dederit.</span> <span class='ocrx_word' id='word_1_204' title='bbox 1268 2693 1381 2748; x_wconf 93' lang='lat' dir='ltr'>Nec</span> <span class='ocrx_word' id='word_1_205' title='bbox 1401 2692 1536 2747; x_wconf 91' lang='lat' dir='ltr'>hinc</span> <span class='ocrx_word' id='word_1_206' title='bbox 1557 2692 1861 2764; x_wconf 88' lang='lat' dir='ltr'>quisquam</span> <span class='ocrx_word' id='word_1_207' title='bbox 1890 2693 2051 2747; x_wconf 79' lang='lat' dir='ltr'>facile</span> 
     </span>
    </p>
   </div>
   <div class='ocr_carea' id='block_1_29' title="bbox 350 2780 2052 2855">
    <p class='ocr_par' dir='ltr' id='par_1_29' title="bbox 350 2780 2052 2855">
     <span class='ocr_line' id='line_1_29' title="bbox 350 2780 2052 2855; baseline -0.003 -15"><span class='ocrx_word' id='word_1_208' title='bbox 350 2784 517 2840; x_wconf 88' lang='lat' dir='ltr'>nobis</span> <span class='ocrx_word' id='word_1_209' title='bbox 544 2784 906 2855; x_wconf 86' lang='lat' dir='ltr'>persuadeat,</span> <span class='ocrx_word' id='word_1_210' title='bbox 937 2781 1089 2837; x_wconf 91' lang='lat' dir='ltr'>inter</span> <span class='ocrx_word' id='word_1_211' title='bbox 1122 2786 1431 2853; x_wconf 89' lang='lat' dir='ltr'>utrumque</span> <span class='ocrx_word' id='word_1_212' title='bbox 1462 2798 1605 2852; x_wconf 89' lang='lat' dir='ltr'>opus</span> <span class='ocrx_word' id='word_1_213' title='bbox 1643 2782 1867 2836; x_wconf 90' lang='lat' dir='ltr'>nullum</span> <span class='ocrx_word' id='word_1_214' title='bbox 1896 2780 2052 2835; x_wconf 85' lang='lat' dir='ltr'>aliud</span> 
     </span>
    </p>
   </div>
   <div class='ocr_carea' id='block_1_30' title="bbox 351 2860 2050 2945">
    <p class='ocr_par' dir='ltr' id='par_1_30' title="bbox 351 2860 2050 2945">
     <span class='ocr_line' id='line_1_30' title="bbox 351 2860 2050 2945; baseline -0.004 -15"><span class='ocrx_word' id='word_1_215' title='bbox 351 2873 605 2930; x_wconf 89' lang='lat' dir='ltr'>medium</span> <span class='ocrx_word' id='word_1_216' title='bbox 647 2873 946 2945; x_wconf 89' lang='lat' dir='ltr'>prodiisse.</span> <span class='ocrx_word' id='word_1_217' title='bbox 991 2873 1103 2927; x_wconf 91' lang='lat' dir='ltr'>Nec</span> <span class='ocrx_word' id='word_1_218' title='bbox 1141 2860 1243 2925; x_wconf 77' lang='lat' dir='ltr'>nos</span> <span class='ocrx_word' id='word_1_219' title='bbox 1289 2876 1482 2926; x_wconf 90' lang='lat' dir='ltr'>tamen</span> <span class='ocrx_word' id='word_1_220' title='bbox 1529 2871 1713 2925; x_wconf 90' lang='lat' dir='ltr'>ullum</span> <span class='ocrx_word' id='word_1_221' title='bbox 1743 2870 2050 2942; x_wconf 84' lang='lat' dir='ltr'>interjicie-</span> 
     </span>
    </p>
   </div>
   <div class='ocr_carea' id='block_1_31' title="bbox 350 2959 2053 3032">
    <p class='ocr_par' dir='ltr' id='par_1_31' title="bbox 350 2959 2053 3032">
     <span class='ocr_line' id='line_1_31' title="bbox 350 2959 2053 3032; baseline -0.003 -13"><span class='ocrx_word' id='word_1_222' title='bbox 350 2979 501 3031; x_wconf 90' lang='lat' dir='ltr'>mus,</span> <span class='ocrx_word' id='word_1_223' title='bbox 530 2963 592 3017; x_wconf 90' lang='lat' dir='ltr'>ni</span> <span class='ocrx_word' id='word_1_224' title='bbox 627 2963 771 3017; x_wconf 89' lang='lat' dir='ltr'>forte</span> <span class='ocrx_word' id='word_1_225' title='bbox 801 2965 1108 3032; x_wconf 85' lang='lat' dir='ltr'>suppetant</span> <span class='ocrx_word' id='word_1_226' title='bbox 1144 2959 1568 3015; x_wconf 87' lang='lat' dir='ltr'>evidentissima</span> <span class='ocrx_word' id='word_1_227' title='bbox 1597 2964 1960 3030; x_wconf 91' lang='lat' dir='ltr'>argumenta,</span> <span class='ocrx_word' id='word_1_228' title='bbox 1990 2963 2053 3014; x_wconf 91' lang='lat' dir='ltr'>ut</span> 
     </span>
    </p>
   </div>
   <div class='ocr_carea' id='block_1_32' title="bbox 349 3045 2049 3120">
    <p class='ocr_par' dir='ltr' id='par_1_32' title="bbox 349 3045 2049 3120">
     <span class='ocr_line' id='line_1_32' title="bbox 349 3045 2049 3120; baseline -0.003 -16"><span class='ocrx_word' id='word_1_229' title='bbox 349 3048 677 3120; x_wconf 78' lang='lat' dir='ltr'>Augustini,</span> <span class='ocrx_word' id='word_1_230' title='bbox 726 3052 1006 3119; x_wconf 89' lang='lat' dir='ltr'>quantum</span> <span class='ocrx_word' id='word_1_231' title='bbox 1035 3046 1097 3101; x_wconf 91' lang='lat' dir='ltr'>in</span> <span class='ocrx_word' id='word_1_232' title='bbox 1122 3046 1288 3101; x_wconf 92' lang='lat' dir='ltr'>nobis</span> <span class='ocrx_word' id='word_1_233' title='bbox 1319 3049 1425 3114; x_wconf 88' lang='lat' dir='ltr'>est,</span> <span class='ocrx_word' id='word_1_234' title='bbox 1460 3045 1651 3101; x_wconf 90' lang='lat' dir='ltr'>ordini</span> <span class='ocrx_word' id='word_1_235' title='bbox 1680 3045 1932 3101; x_wconf 90' lang='lat' dir='ltr'>studiose</span> <span class='ocrx_word' id='word_1_236' title='bbox 1960 3045 2049 3099; x_wconf 90' lang='lat' dir='ltr'>in-</span> 
     </span>
    </p>
   </div>
   <div class='ocr_carea' id='block_1_33' title="bbox 352 3138 640 3192">
    <p class='ocr_par' dir='ltr' id='par_1_33' title="bbox 352 3138 640 3192">
     <span class='ocr_line' id='line_1_33' title="bbox 352 3138 640 3192; baseline -0.007 -1"><span class='ocrx_word' id='word_1_237' title='bbox 352 3138 640 3192; x_wconf 87' lang='lat' dir='ltr'>sistamus.</span> 
     </span>
    </p>
   </div>
   <div class='ocr_carea' id='block_1_34' title="bbox 1024 3223 1373 3277">
    <p class='ocr_par' dir='ltr' id='par_1_34' title="bbox 1024 3223 1373 3277">
     <span class='ocr_line' id='line_1_34' title="bbox 1024 3223 1373 3277; baseline 0 0"><span class='ocrx_word' id='word_1_238' title='bbox 1024 3223 1247 3277; x_wconf 80' lang='lat' dir='ltr'>CAPUT</span> <span class='ocrx_word' id='word_1_239' title='bbox 1284 3224 1373 3277; x_wconf 80' lang='lat' dir='ltr'>IX.</span> 
     </span>
    </p>
   </div>
   <div class='ocr_carea' id='block_1_35' title="bbox 354 3311 2046 3379">
    <p class='ocr_par' dir='ltr' id='par_1_35' title="bbox 354 3311 2046 3379">
     <span class='ocr_line' id='line_1_35' title="bbox 354 3311 2046 3379; baseline -0.004 -8"><span class='ocrx_word' id='word_1_240' title='bbox 354 3320 375 3370; x_wconf 83' lang='lat' dir='ltr'>t</span> <span class='ocrx_word' id='word_1_241' title='bbox 406 3318 479 3371; x_wconf 90' lang='lat' dir='ltr'>De</span> <span class='ocrx_word' id='word_1_242' title='bbox 503 3314 726 3369; x_wconf 82' lang='lat' dir='ltr'>statutis</span> <span class='ocrx_word' id='word_1_243' title='bbox 756 3312 1029 3367; x_wconf 84' lang='lat' dir='ltr'>nonnullis</span> <span class='ocrx_word' id='word_1_244' title='bbox 1063 3312 1279 3365; x_wconf 86' lang='lat' dir='ltr'>concilii</span> <span class='ocrx_word' id='word_1_245' title='bbox 1310 3311 1618 3366; x_wconf 86' lang='lat' dir='ltr'>Milevitani</span> <span class='ocrx_word' id='word_1_246' title='bbox 1640 3313 1825 3379; x_wconf 80' lang='lat' dir='ltr'>primi.</span> <span class='ocrx_word' id='word_1_247' title='bbox 1854 3313 1889 3365; x_wconf 88' lang='lat'><strong>2</strong></span> <span class='ocrx_word' id='word_1_248' title='bbox 1915 3313 2046 3365; x_wconf 86' lang='lat' dir='ltr'>Pro-</span> 
     </span>
    </p>
   </div>
   <div class='ocr_carea' id='block_1_36' title="bbox 415 3400 2049 3474">
    <p class='ocr_par' dir='ltr' id='par_1_36' title="bbox 415 3400 2049 3474">
     <span class='ocr_line' id='line_1_36' title="bbox 415 3400 2049 3474; baseline -0.002 -16"><span class='ocrx_word' id='word_1_249' title='bbox 415 3405 541 3474; x_wconf 88' lang='lat' dir='ltr'>prio</span> <span class='ocrx_word' id='word_1_250' title='bbox 571 3403 945 3458; x_wconf 64' lang='lat' dir='ltr'>Maximianus</span> <span class='ocrx_word' id='word_1_251' title='bbox 978 3402 1300 3470; x_wconf 85' lang='lat' dir='ltr'>Bagaiensis</span> <span class='ocrx_word' id='word_1_252' title='bbox 1338 3404 1563 3469; x_wconf 84' lang='lat' dir='ltr'>propter</span> <span class='ocrx_word' id='word_1_253' title='bbox 1590 3400 1838 3454; x_wconf 60' lang='lat' dir='ltr'>Ecclesia</span> <span class='ocrx_word' id='word_1_254' title='bbox 1861 3415 2049 3469; x_wconf 86' lang='lat' dir='ltr'>pacem</span> 
     </span>
    </p>
   </div>
   <div class='ocr_carea' id='block_1_37' title="bbox 418 3489 2049 3560">
    <p class='ocr_par' dir='ltr' id='par_1_37' title="bbox 418 3489 2049 3560">
     <span class='ocr_line' id='line_1_37' title="bbox 418 3489 2049 3560; baseline -0.003 -12"><span class='ocrx_word' id='word_1_255' title='bbox 418 3497 469 3548; x_wconf 90' lang='lat' dir='ltr'>et</span> <span class='ocrx_word' id='word_1_256' title='bbox 489 3491 818 3547; x_wconf 87' lang='lat' dir='ltr'>commodum</span> <span class='ocrx_word' id='word_1_257' title='bbox 843 3494 1030 3560; x_wconf 88' lang='lat' dir='ltr'>sponte</span> <span class='ocrx_word' id='word_1_258' title='bbox 1055 3489 1195 3544; x_wconf 86' lang='lat' dir='ltr'>cedit</span> <span class='ocrx_word' id='word_1_259' title='bbox 1224 3491 1573 3558; x_wconf 85' lang='lat' dir='ltr'>episcopatu:</span> <span class='ocrx_word' id='word_1_260' title='bbox 1603 3490 1660 3542; x_wconf 87' lang='lat' dir='ltr'>in</span> <span class='ocrx_word' id='word_1_261' title='bbox 1690 3504 1794 3557; x_wconf 90' lang='lat' dir='ltr'>quo</span> <span class='ocrx_word' id='word_1_262' title='bbox 1830 3492 1890 3543; x_wconf 85' lang='lat' dir='ltr'>ut</span> <span class='ocrx_word' id='word_1_263' title='bbox 1917 3491 2049 3556; x_wconf 83' lang='lat' dir='ltr'>fra-</span> 
     </span>
    </p>
   </div>
   <div class='ocr_carea' id='block_1_38' title="bbox 419 3577 2047 3647">
    <p class='ocr_par' dir='ltr' id='par_1_38' title="bbox 419 3577 2047 3647">
     <span class='ocr_line' id='line_1_38' title="bbox 419 3577 2047 3647; baseline -0.002 -11"><span class='ocrx_word' id='word_1_264' title='bbox 419 3584 495 3636; x_wconf 86' lang='lat' dir='ltr'>tri</span> <span class='ocrx_word' id='word_1_265' title='bbox 520 3597 615 3637; x_wconf 89' lang='lat' dir='ltr'>suo</span> <span class='ocrx_word' id='word_1_266' title='bbox 652 3580 921 3643; x_wconf 85' lang='lat' dir='ltr'>succedat,</span> <span class='ocrx_word' id='word_1_267' title='bbox 970 3580 1249 3636; x_wconf 86' lang='lat' dir='ltr'>Castorius</span> <span class='ocrx_word' id='word_1_268' title='bbox 1280 3587 1524 3647; x_wconf 85' lang='lat' dir='ltr'>urgetur.</span> <span class='ocrx_word' id='word_1_269' title='bbox 1556 3580 1585 3630; x_wconf 89' lang='lat'>3</span> <span class='ocrx_word' id='word_1_270' title='bbox 1616 3577 1959 3645; x_wconf 85' lang='lat' dir='ltr'>Augustinus</span> <span class='ocrx_word' id='word_1_271' title='bbox 1985 3594 2047 3633; x_wconf 87' lang='lat' dir='ltr'>ac</span> 
     </span>
    </p>
   </div>
   <div class='ocr_carea' id='block_1_39' title="bbox 417 3666 2049 3739">
    <p class='ocr_par' dir='ltr' id='par_1_39' title="bbox 417 3666 2049 3739">
     <span class='ocr_line' id='line_1_39' title="bbox 417 3666 2049 3739; baseline -0.002 -14"><span class='ocrx_word' id='word_1_272' title='bbox 417 3673 775 3739; x_wconf 86' lang='lat' dir='ltr'>Hieronymus</span> <span class='ocrx_word' id='word_1_273' title='bbox 805 3669 903 3725; x_wconf 90' lang='lat' dir='ltr'>sub</span> <span class='ocrx_word' id='word_1_274' title='bbox 926 3669 1093 3739; x_wconf 81' lang='lat' dir='ltr'>hujus</span> <span class='ocrx_word' id='word_1_275' title='bbox 1118 3669 1253 3722; x_wconf 86' lang='lat' dir='ltr'>anni</span> <span class='ocrx_word' id='word_1_276' title='bbox 1268 3671 1427 3737; x_wconf 80' lang='lat' dir='ltr'>ﬁnem</span> <span class='ocrx_word' id='word_1_277' title='bbox 1456 3668 1666 3722; x_wconf 79' lang='lat' dir='ltr'>litteras</span> <span class='ocrx_word' id='word_1_278' title='bbox 1694 3666 1837 3721; x_wconf 89' lang='lat' dir='ltr'>ultro</span> <span class='ocrx_word' id='word_1_279' title='bbox 1879 3669 2049 3722; x_wconf 79' lang='lat' dir='ltr'>citro-</span> 
     </span>
    </p>
   </div>
   <div class='ocr_carea' id='block_1_40' title="bbox 418 3757 2047 3829">
    <p class='ocr_par' dir='ltr' id='par_1_40' title="bbox 418 3757 2047 3829">
     <span class='ocr_line' id='line_1_40' title="bbox 418 3757 2047 3829; baseline -0.002 -15"><span class='ocrx_word' id='word_1_280' title='bbox 418 3776 519 3829; x_wconf 85' lang='lat' dir='ltr'>que</span> <span class='ocrx_word' id='word_1_281' title='bbox 548 3760 795 3814; x_wconf 86' lang='lat' dir='ltr'>scribunt</span> <span class='ocrx_word' id='word_1_282' title='bbox 816 3758 890 3813; x_wconf 89' lang='lat' dir='ltr'>ad</span> <span class='ocrx_word' id='word_1_283' title='bbox 910 3759 1157 3813; x_wconf 85' lang='lat' dir='ltr'>invicem.</span> <span class='ocrx_word' id='word_1_284' title='bbox 1180 3757 1214 3812; x_wconf 85' lang='grc'><strong>4</strong></span> <span class='ocrx_word' id='word_1_285' title='bbox 1233 3757 1391 3812; x_wconf 83' lang='lat' dir='ltr'>Alias</span> <span class='ocrx_word' id='word_1_286' title='bbox 1411 3771 1621 3825; x_wconf 87' lang='lat' dir='ltr'>quoque</span> <span class='ocrx_word' id='word_1_287' title='bbox 1639 3771 1781 3810; x_wconf 89' lang='lat' dir='ltr'>anno</span> <span class='ocrx_word' id='word_1_288' title='bbox 1796 3759 2047 3825; x_wconf 63' lang='lat' dir='ltr'>proxime</span> 
     </span>
    </p>
   </div>
   <div class='ocr_carea' id='block_1_41' title="bbox 417 3848 784 3916">
    <p class='ocr_par' dir='ltr' id='par_1_41' title="bbox 417 3848 784 3916">
     <span class='ocr_line' id='line_1_41' title="bbox 417 3848 784 3916; baseline -0.003 -14"><span class='ocrx_word' id='word_1_289' title='bbox 417 3848 784 3916; x_wconf 84' lang='lat' dir='ltr'>subsequenti.</span> 
     </span>
    </p>
   </div>
   <div class='ocr_carea' id='block_1_42' title="bbox 421 3930 2046 4005">
    <p class='ocr_par' dir='ltr' id='par_1_42' title="bbox 421 3930 2046 4005">
     <span class='ocr_line' id='line_1_42' title="bbox 421 3930 2046 4005; baseline -0.002 -15"><span class='ocrx_word' id='word_1_290' title='bbox 421 3940 471 3990; x_wconf 86' lang='lat' dir='ltr'>t.</span> <span class='ocrx_word' id='word_1_291' title='bbox 517 3937 630 3990; x_wconf 84' lang='lat' dir='ltr'>Hoc</span> <span class='ocrx_word' id='word_1_292' title='bbox 676 3951 827 3989; x_wconf 90' lang='lat' dir='ltr'>anno</span> <span class='ocrx_word' id='word_1_293' title='bbox 870 3932 1175 3989; x_wconf 91' lang='lat' dir='ltr'>concilium</span> <span class='ocrx_word' id='word_1_294' title='bbox 1204 3933 1469 4005; x_wconf 87' lang='lat' dir='ltr'>generale</span> <span class='ocrx_word' id='word_1_295' title='bbox 1501 3930 1829 3987; x_wconf 88' lang='lat' dir='ltr'>Africanum</span> <span class='ocrx_word' id='word_1_296' title='bbox 1861 3933 2046 3988; x_wconf 81' lang='lat' dir='ltr'>Milevi</span> 
     </span>
    </p>
   </div>
   <div class='ocr_carea' id='block_1_43' title="bbox 345 4020 2044 4092">
    <p class='ocr_par' dir='ltr' id='par_1_43' title="bbox 345 4020 2044 4092">
     <span class='ocr_line' id='line_1_43' title="bbox 345 4020 2044 4092; baseline -0.002 -13"><span class='ocrx_word' id='word_1_297' title='bbox 345 4024 406 4079; x_wconf 89' lang='lat' dir='ltr'>in</span> <span class='ocrx_word' id='word_1_298' title='bbox 435 4023 705 4079; x_wconf 87' lang='lat' dir='ltr'>Numidia</span> <span class='ocrx_word' id='word_1_299' title='bbox 734 4027 893 4077; x_wconf 82' lang='lat' dir='ltr'>sexto</span> <span class='ocrx_word' id='word_1_300' title='bbox 925 4022 1199 4076; x_wconf 84' lang='lat' dir='ltr'>kalendas</span> <span class='ocrx_word' id='word_1_301' title='bbox 1228 4020 1565 4092; x_wconf 89' lang='lat' dir='ltr'>septembris</span> <span class='ocrx_word' id='word_1_302' title='bbox 1594 4026 1785 4075; x_wconf 89' lang='lat' dir='ltr'>actum</span> <span class='ocrx_word' id='word_1_303' title='bbox 1816 4025 1918 4075; x_wconf 88' lang='lat' dir='ltr'>est.</span> <span class='ocrx_word' id='word_1_304' title='bbox 1950 4020 2044 4075; x_wconf 82' lang='lat' dir='ltr'>Vi-</span> 
     </span>
    </p>
   </div>
   <div class='ocr_carea' id='block_1_44' title="bbox 346 4099 2047 4184">
    <p class='ocr_par' dir='ltr' id='par_1_44' title="bbox 346 4099 2047 4184">
     <span class='ocr_line' id='line_1_44' title="bbox 346 4099 2047 4184; baseline -0.002 -16"><span class='ocrx_word' id='word_1_305' title='bbox 346 4099 536 4168; x_wconf 78' lang='lat' dir='ltr'>dimus</span> <span class='ocrx_word' id='word_1_306' title='bbox 588 4113 810 4184; x_wconf 85' lang='lat' dir='ltr'>(Supra,</span> <span class='ocrx_word' id='word_1_307' title='bbox 846 4128 966 4182; x_wconf 91' lang='lat' dir='ltr'>cap.</span> <span class='ocrx_word' id='word_1_308' title='bbox 998 4111 1047 4181; x_wconf 86' lang='lat'>6)</span> <span class='ocrx_word' id='word_1_309' title='bbox 1080 4127 1232 4165; x_wconf 90' lang='lat' dir='ltr'>anno</span> <span class='ocrx_word' id='word_1_310' title='bbox 1260 4109 1561 4181; x_wconf 89' lang='lat' dir='ltr'>superiori,</span> <span class='ocrx_word' id='word_1_311' title='bbox 1593 4109 1938 4181; x_wconf 83' lang='lat' dir='ltr'>Xautippum</span> <span class='ocrx_word' id='word_1_312' title='bbox 1970 4111 2047 4165; x_wconf 85' lang='lat' dir='ltr'>in-</span> 
     </span>
    </p>
   </div>
   <div class='ocr_carea' id='block_1_45' title="bbox 346 4198 2045 4269">
    <p class='ocr_par' dir='ltr' id='par_1_45' title="bbox 346 4198 2045 4269">
     <span class='ocr_line' id='line_1_45' title="bbox 346 4198 2045 4269; baseline -0.002 -11"><span class='ocrx_word' id='word_1_313' title='bbox 346 4208 434 4258; x_wconf 92' lang='lat' dir='ltr'>ter</span> <span class='ocrx_word' id='word_1_314' title='bbox 459 4220 523 4257; x_wconf 90' lang='lat' dir='ltr'>ac</span> <span class='ocrx_word' id='word_1_315' title='bbox 550 4200 902 4257; x_wconf 84' lang='lat' dir='ltr'>Victorinum</span> <span class='ocrx_word' id='word_1_316' title='bbox 932 4198 1319 4255; x_wconf 87' lang='lat' dir='ltr'>intercessisse</span> <span class='ocrx_word' id='word_1_317' title='bbox 1337 4199 1674 4253; x_wconf 88' lang='lat' dir='ltr'>nonnullam</span> <span class='ocrx_word' id='word_1_318' title='bbox 1693 4198 1762 4253; x_wconf 94' lang='lat' dir='ltr'>de</span> <span class='ocrx_word' id='word_1_319' title='bbox 1791 4198 2045 4269; x_wconf 88' lang='lat' dir='ltr'>primatu</span> 
     </span>
    </p>
   </div>
   <div class='ocr_carea' id='block_1_46' title="bbox 346 4287 2046 4361">
    <p class='ocr_par' dir='ltr' id='par_1_46' title="bbox 346 4287 2046 4361">
     <span class='ocr_line' id='line_1_46' title="bbox 346 4287 2046 4361; baseline -0.003 -14"><span class='ocrx_word' id='word_1_320' title='bbox 346 4291 779 4347; x_wconf 86' lang='lat' dir='ltr'>contentionem</span> <span class='ocrx_word' id='word_1_321' title='bbox 814 4307 826 4344; x_wconf 92' lang='lat'><strong>:</strong></span> <span class='ocrx_word' id='word_1_322' title='bbox 858 4289 1208 4361; x_wconf 86' lang='lat' dir='ltr'>Xantippum</span> <span class='ocrx_word' id='word_1_323' title='bbox 1233 4292 1425 4342; x_wconf 90' lang='lat' dir='ltr'>autem</span> <span class='ocrx_word' id='word_1_324' title='bbox 1442 4287 1562 4359; x_wconf 89' lang='lat' dir='ltr'>jam</span> <span class='ocrx_word' id='word_1_325' title='bbox 1592 4291 1725 4341; x_wconf 92' lang='lat' dir='ltr'>ante</span> <span class='ocrx_word' id='word_1_326' title='bbox 1754 4287 2046 4358; x_wconf 84' lang='lat' dir='ltr'>paschalia</span> 
     </span>
    </p>
   </div>
   <div class='ocr_carea' id='block_1_47' title="bbox 343 4376 2045 4453">
    <p class='ocr_par' dir='ltr' id='par_1_47' title="bbox 343 4376 2045 4453">
     <span class='ocr_line' id='line_1_47' title="bbox 343 4376 2045 4453; baseline -0.003 -17"><span class='ocrx_word' id='word_1_327' title='bbox 343 4381 643 4453; x_wconf 65' lang='lat' dir='ltr'>praesentis</span> <span class='ocrx_word' id='word_1_328' title='bbox 673 4380 807 4435; x_wconf 90' lang='lat' dir='ltr'>anni</span> <span class='ocrx_word' id='word_1_329' title='bbox 829 4378 1066 4449; x_wconf 87' lang='lat' dir='ltr'>hujusce</span> <span class='ocrx_word' id='word_1_330' title='bbox 1088 4376 1383 4448; x_wconf 89' lang='lat' dir='ltr'>dignitatis</span> <span class='ocrx_word' id='word_1_331' title='bbox 1406 4376 1685 4448; x_wconf 86' lang='lat' dir='ltr'>potitum;</span> <span class='ocrx_word' id='word_1_332' title='bbox 1716 4376 1931 4447; x_wconf 86' lang='lat' dir='ltr'>quippe</span> <span class='ocrx_word' id='word_1_333' title='bbox 1952 4376 2045 4431; x_wconf 89' lang='lat' dir='ltr'>cui</span> 
     </span>
    </p>
   </div>
   <div class='ocr_carea' id='block_1_48' title="bbox 345 4464 2045 4539">
    <p class='ocr_par' dir='ltr' id='par_1_48' title="bbox 345 4464 2045 4539">
     <span class='ocr_line' id='line_1_48' title="bbox 345 4464 2045 4539; baseline -0.002 -15"><span class='ocrx_word' id='word_1_334' title='bbox 345 4486 474 4524; x_wconf 89' lang='lat' dir='ltr'>cum</span> <span class='ocrx_word' id='word_1_335' title='bbox 504 4469 738 4524; x_wconf 90' lang='lat' dir='ltr'>titulum</span> <span class='ocrx_word' id='word_1_336' title='bbox 777 4468 978 4523; x_wconf 92' lang='lat' dir='ltr'>litteris</span> <span class='ocrx_word' id='word_1_337' title='bbox 1011 4466 1113 4521; x_wconf 91' lang='lat' dir='ltr'>hoc</span> <span class='ocrx_word' id='word_1_338' title='bbox 1140 4468 1264 4539; x_wconf 91' lang='lat' dir='ltr'>ipso</span> <span class='ocrx_word' id='word_1_339' title='bbox 1307 4470 1565 4537; x_wconf 89' lang='lat' dir='ltr'>tempore</span> <span class='ocrx_word' id='word_1_340' title='bbox 1604 4464 1749 4520; x_wconf 89' lang='lat' dir='ltr'>datis</span> <span class='ocrx_word' id='word_1_341' title='bbox 1779 4466 2045 4520; x_wconf 87' lang='lat' dir='ltr'>detulerit</span> 
     </span>
    </p>
   </div>
   <div class='ocr_carea' id='block_1_49' title="bbox 343 4555 2044 4628">
    <p class='ocr_par' dir='ltr' id='par_1_49' title="bbox 343 4555 2044 4628">
     <span class='ocr_line' id='line_1_49' title="bbox 343 4555 2044 4628; baseline -0.002 -16"><span class='ocrx_word' id='word_1_342' title='bbox 343 4558 714 4628; x_wconf 90' lang='lat' dir='ltr'>Augustinus.</span> <span class='ocrx_word' id='word_1_343' title='bbox 767 4557 941 4628; x_wconf 89' lang='lat' dir='ltr'>Atqui</span> <span class='ocrx_word' id='word_1_344' title='bbox 980 4556 1207 4611; x_wconf 87' lang='lat' dir='ltr'>videtur</span> <span class='ocrx_word' id='word_1_345' title='bbox 1253 4555 1455 4610; x_wconf 91' lang='lat' dir='ltr'>eadem</span> <span class='ocrx_word' id='word_1_346' title='bbox 1499 4555 1884 4610; x_wconf 84' lang='lat' dir='ltr'>controversia</span> <span class='ocrx_word' id='word_1_347' title='bbox 1926 4570 2044 4609; x_wconf 92' lang='lat' dir='ltr'>non</span> 
     </span>
    </p>
   </div>
   <div class='ocr_carea' id='block_1_50' title="bbox 342 4642 2043 4717">
    <p class='ocr_par' dir='ltr' id='par_1_50' title="bbox 342 4642 2043 4717">
     <span class='ocr_line' id='line_1_50' title="bbox 342 4642 2043 4717; baseline -0.001 -18"><span class='ocrx_word' id='word_1_348' title='bbox 342 4645 541 4717; x_wconf 86' lang='lat' dir='ltr'>paucis</span> <span class='ocrx_word' id='word_1_349' title='bbox 569 4644 795 4699; x_wconf 89' lang='lat' dir='ltr'>concilii</span> <span class='ocrx_word' id='word_1_350' title='bbox 826 4644 1132 4699; x_wconf 85' lang='lat' dir='ltr'>Milevitani</span> <span class='ocrx_word' id='word_1_351' title='bbox 1160 4643 1493 4710; x_wconf 88' lang='lat' dir='ltr'>canouibus,</span> <span class='ocrx_word' id='word_1_352' title='bbox 1524 4642 1627 4714; x_wconf 91' lang='lat' dir='ltr'>qui</span> <span class='ocrx_word' id='word_1_353' title='bbox 1653 4659 1784 4697; x_wconf 91' lang='lat' dir='ltr'>cum</span> <span class='ocrx_word' id='word_1_354' title='bbox 1814 4642 1911 4697; x_wconf 90' lang='lat' dir='ltr'>illa</span> <span class='ocrx_word' id='word_1_355' title='bbox 1933 4643 2043 4698; x_wconf 83' lang='lat' dir='ltr'>ha-</span> 
     </span>
    </p>
   </div>
   <div class='ocr_carea' id='block_1_51' title="bbox 343 4730 2043 4805">
    <p class='ocr_par' dir='ltr' id='par_1_51' title="bbox 343 4730 2043 4805">
     <span class='ocr_line' id='line_1_51' title="bbox 343 4730 2043 4805; baseline -0.002 -15"><span class='ocrx_word' id='word_1_356' title='bbox 343 4735 484 4790; x_wconf 85' lang='lat' dir='ltr'>bent</span> <span class='ocrx_word' id='word_1_357' title='bbox 512 4733 730 4805; x_wconf 90' lang='lat' dir='ltr'>aliquid</span> <span class='ocrx_word' id='word_1_358' title='bbox 773 4732 1085 4794; x_wconf 85' lang='lat' dir='ltr'>afﬁnitatis.</span> <span class='ocrx_word' id='word_1_359' title='bbox 1128 4731 1485 4789; x_wconf 85' lang='lat' dir='ltr'>occasionem</span> <span class='ocrx_word' id='word_1_360' title='bbox 1518 4730 1850 4803; x_wconf 66' lang='lat' dir='ltr'>praebuisse.</span> <span class='ocrx_word' id='word_1_361' title='bbox 1900 4733 2043 4787; x_wconf 88' lang='lat' dir='ltr'>Nam</span> 
     </span>
    </p>
   </div>
   <div class='ocr_carea' id='block_1_52' title="bbox 342 4819 2040 4894">
    <p class='ocr_par' dir='ltr' id='par_1_52' title="bbox 342 4819 2040 4894">
     <span class='ocr_line' id='line_1_52' title="bbox 342 4819 2040 4894; baseline -0.001 -17"><span class='ocrx_word' id='word_1_362' title='bbox 342 4821 676 4877; x_wconf 89' lang='lat' dir='ltr'>Valentinus</span> <span class='ocrx_word' id='word_1_363' title='bbox 715 4822 1013 4893; x_wconf 91' lang='lat' dir='ltr'>episcopus</span> <span class='ocrx_word' id='word_1_364' title='bbox 1052 4823 1110 4877; x_wconf 88' lang='lat' dir='ltr'>id</span> <span class='ocrx_word' id='word_1_365' title='bbox 1148 4820 1461 4894; x_wconf 79' lang='lat' dir='ltr'>postulavit</span> <span class='ocrx_word' id='word_1_366' title='bbox 1501 4820 1729 4875; x_wconf 90' lang='lat' dir='ltr'>decreto</span> <span class='ocrx_word' id='word_1_367' title='bbox 1777 4819 2040 4889; x_wconf 86' lang='lat' dir='ltr'>stabiliri,</span> 
     </span>
    </p>
   </div>
   <div class='ocr_carea' id='block_1_53' title="bbox 343 4910 2041 4985">
    <p class='ocr_par' dir='ltr' id='par_1_53' title="bbox 343 4910 2041 4985">
     <span class='ocr_line' id='line_1_53' title="bbox 343 4910 2041 4985; baseline -0.001 -18"><span class='ocrx_word' id='word_1_368' title='bbox 343 4912 491 4985; x_wconf 90' lang='lat' dir='ltr'>quod</span> <span class='ocrx_word' id='word_1_369' title='bbox 526 4912 675 4966; x_wconf 88' lang='lat' dir='ltr'>inter</span> <span class='ocrx_word' id='word_1_370' title='bbox 699 4911 996 4983; x_wconf 88' lang='lat' dir='ltr'>episcopos</span> <span class='ocrx_word' id='word_1_371' title='bbox 1022 4928 1322 4984; x_wconf 87' lang='lat' dir='ltr'>nunquam</span> <span class='ocrx_word' id='word_1_372' title='bbox 1350 4927 1466 4966; x_wconf 91' lang='lat' dir='ltr'>non</span> <span class='ocrx_word' id='word_1_373' title='bbox 1495 4910 1839 4977; x_wconf 89' lang='lat' dir='ltr'>obtinuerat,</span> <span class='ocrx_word' id='word_1_374' title='bbox 1870 4910 2041 4965; x_wconf 89' lang='lat' dir='ltr'>nimi-</span> 
     </span>
    </p>
   </div>
   <div class='ocr_carea' id='block_1_54' title="bbox 341 4998 2040 5072">
    <p class='ocr_par' dir='ltr' id='par_1_54' title="bbox 341 4998 2040 5072">
     <span class='ocr_line' id='line_1_54' title="bbox 341 4998 2040 5072; baseline -0.002 -15"><span class='ocrx_word' id='word_1_375' title='bbox 341 5018 472 5058; x_wconf 91' lang='lat' dir='ltr'>rum</span> <span class='ocrx_word' id='word_1_376' title='bbox 503 5005 567 5056; x_wconf 90' lang='lat' dir='ltr'>ut</span> <span class='ocrx_word' id='word_1_377' title='bbox 587 5016 785 5056; x_wconf 91' lang='lat' dir='ltr'>eorum</span> <span class='ocrx_word' id='word_1_378' title='bbox 804 5001 942 5055; x_wconf 91' lang='lat' dir='ltr'>ordo</span> <span class='ocrx_word' id='word_1_379' title='bbox 971 5017 1041 5055; x_wconf 87' lang='lat' dir='ltr'>ex</span> <span class='ocrx_word' id='word_1_380' title='bbox 1064 5001 1404 5072; x_wconf 84' lang='lat' dir='ltr'>antiquitate</span> <span class='ocrx_word' id='word_1_381' title='bbox 1433 4998 1871 5054; x_wconf 86' lang='lat' dir='ltr'>consecrationis</span> <span class='ocrx_word' id='word_1_382' title='bbox 1885 5003 2040 5069; x_wconf 90' lang='lat' dir='ltr'>pete-</span> 
     </span>
    </p>
   </div>
   <div class='ocr_carea' id='block_1_55' title="bbox 343 5087 2041 5161">
    <p class='ocr_par' dir='ltr' id='par_1_55' title="bbox 343 5087 2041 5161">
     <span class='ocr_line' id='line_1_55' title="bbox 343 5087 2041 5161; baseline -0.003 -14"><span class='ocrx_word' id='word_1_383' title='bbox 343 5096 504 5147; x_wconf 88' lang='lat' dir='ltr'>retur</span> <span class='ocrx_word' id='word_1_384' title='bbox 534 5091 744 5161; x_wconf 88' lang='lat' dir='ltr'>(Codice</span> <span class='ocrx_word' id='word_1_385' title='bbox 773 5089 956 5146; x_wconf 84' lang='lat' dir='ltr'>Canon</span> <span class='ocrx_word' id='word_1_386' title='bbox 984 5091 1191 5156; x_wconf 83' lang='lat' dir='ltr'>Afric.,</span> <span class='ocrx_word' id='word_1_387' title='bbox 1242 5105 1363 5143; x_wconf 90' lang='lat' dir='ltr'>can.</span> <span class='ocrx_word' id='word_1_388' title='bbox 1416 5090 1528 5158; x_wconf 90' lang='lat'>86).</span> <span class='ocrx_word' id='word_1_389' title='bbox 1570 5089 1637 5143; x_wconf 87' lang='lat' dir='ltr'>Et</span> <span class='ocrx_word' id='word_1_390' title='bbox 1664 5088 1770 5142; x_wconf 92' lang='lat' dir='ltr'>hoc</span> <span class='ocrx_word' id='word_1_391' title='bbox 1806 5087 2041 5159; x_wconf 90' lang='lat' dir='ltr'>quidem</span> 
     </span>
    </p>
   </div>
   <div class='ocr_carea' id='block_1_56' title="bbox 339 5178 2040 5252">
    <p class='ocr_par' dir='ltr' id='par_1_56' title="bbox 339 5178 2040 5252">
     <span class='ocr_line' id='line_1_56' title="bbox 339 5178 2040 5252; baseline -0.004 -15"><span class='ocrx_word' id='word_1_392' title='bbox 339 5184 698 5252; x_wconf 90' lang='lat' dir='ltr'>postulatum</span> <span class='ocrx_word' id='word_1_393' title='bbox 738 5178 971 5233; x_wconf 90' lang='lat' dir='ltr'>Aurelio</span> <span class='ocrx_word' id='word_1_394' title='bbox 1009 5179 1319 5249; x_wconf 90' lang='lat' dir='ltr'>probatum</span> <span class='ocrx_word' id='word_1_395' title='bbox 1350 5183 1455 5243; x_wconf 90' lang='lat' dir='ltr'>est,</span> <span class='ocrx_word' id='word_1_396' title='bbox 1489 5181 1547 5231; x_wconf 90' lang='lat' dir='ltr'>et</span> <span class='ocrx_word' id='word_1_397' title='bbox 1575 5181 1775 5247; x_wconf 89' lang='lat' dir='ltr'>postea</span> <span class='ocrx_word' id='word_1_398' title='bbox 1803 5181 2040 5247; x_wconf 89' lang='lat' dir='ltr'>rogante</span> 
     </span>
    </p>
   </div>
   <div class='ocr_carea' id='block_1_57' title="bbox 341 5264 2040 5341">
    <p class='ocr_par' dir='ltr' id='par_1_57' title="bbox 341 5264 2040 5341">
     <span class='ocr_line' id='line_1_57' title="bbox 341 5264 2040 5341; baseline -0.004 -16"><span class='ocrx_word' id='word_1_399' title='bbox 341 5270 620 5341; x_wconf 86' lang='lat' dir='ltr'>Xantippo</span> <span class='ocrx_word' id='word_1_400' title='bbox 648 5266 896 5322; x_wconf 85' lang='lat' dir='ltr'>universi</span> <span class='ocrx_word' id='word_1_401' title='bbox 925 5264 1154 5320; x_wconf 90' lang='lat' dir='ltr'>concilii</span> <span class='ocrx_word' id='word_1_402' title='bbox 1182 5265 1411 5319; x_wconf 90' lang='lat' dir='ltr'>calculis</span> <span class='ocrx_word' id='word_1_403' title='bbox 1440 5266 1864 5326; x_wconf 78' lang='lat' dir='ltr'>conﬁrmatum,</span> <span class='ocrx_word' id='word_1_404' title='bbox 1888 5264 2040 5319; x_wconf 91' lang='lat' dir='ltr'>salvo</span> 
     </span>
    </p>
   </div>
   <div class='ocr_carea' id='block_1_58' title="bbox 339 5352 2039 5430">
    <p class='ocr_par' dir='ltr' id='par_1_58' title="bbox 339 5352 2039 5430">
     <span class='ocr_line' id='line_1_58' title="bbox 339 5352 2039 5430; baseline -0.002 -19"><span class='ocrx_word' id='word_1_405' title='bbox 339 5360 532 5413; x_wconf 88' lang='lat' dir='ltr'>tamen</span> <span class='ocrx_word' id='word_1_406' title='bbox 565 5359 695 5430; x_wconf 86' lang='lat' dir='ltr'>jure</span> <span class='ocrx_word' id='word_1_407' title='bbox 720 5354 1001 5412; x_wconf 85' lang='lat' dir='ltr'>Numidiae</span> <span class='ocrx_word' id='word_1_408' title='bbox 1016 5370 1081 5409; x_wconf 90' lang='lat' dir='ltr'>ac</span> <span class='ocrx_word' id='word_1_409' title='bbox 1101 5353 1454 5410; x_wconf 77' lang='lat' dir='ltr'>Mauritaniae</span> <span class='ocrx_word' id='word_1_410' title='bbox 1474 5353 1807 5425; x_wconf 88' lang='lat' dir='ltr'>primatum,</span> <span class='ocrx_word' id='word_1_411' title='bbox 1827 5352 1925 5425; x_wconf 89' lang='lat' dir='ltr'>qui</span> <span class='ocrx_word' id='word_1_412' title='bbox 1946 5369 2039 5408; x_wconf 90' lang='lat' dir='ltr'>re-</span> 
     </span>
    </p>
   </div>
   <div class='ocr_carea' id='block_1_59' title="bbox 339 5440 2038 5518">
    <p class='ocr_par' dir='ltr' id='par_1_59' title="bbox 339 5440 2038 5518">
     <span class='ocr_line' id='line_1_59' title="bbox 339 5440 2038 5518; baseline -0.002 -19"><span class='ocrx_word' id='word_1_413' title='bbox 339 5445 529 5518; x_wconf 88' lang='lat' dir='ltr'>liquos</span> <span class='ocrx_word' id='word_1_414' title='bbox 557 5447 776 5518; x_wconf 87' lang='lat' dir='ltr'>forsan,</span> <span class='ocrx_word' id='word_1_415' title='bbox 809 5445 981 5502; x_wconf 89' lang='lat' dir='ltr'>etiam</span> <span class='ocrx_word' id='word_1_416' title='bbox 1005 5442 1358 5516; x_wconf 89' lang='lat' dir='ltr'>antiquiores</span> <span class='ocrx_word' id='word_1_417' title='bbox 1381 5440 2038 5515; x_wconf 71' lang='lat' dir='ltr'>praecedebant.Reperi-</span> 
     </span>
    </p>
   </div>
   <div class='ocr_carea' id='block_1_60' title="bbox 338 5531 2041 5609">
    <p class='ocr_par' dir='ltr' id='par_1_60' title="bbox 338 5531 2041 5609">
     <span class='ocr_line' id='line_1_60' title="bbox 338 5531 2041 5609; baseline -0.001 -20"><span class='ocrx_word' id='word_1_418' title='bbox 338 5550 467 5590; x_wconf 89' lang='lat' dir='ltr'>mus</span> <span class='ocrx_word' id='word_1_419' title='bbox 496 5536 698 5592; x_wconf 86' lang='lat' dir='ltr'>saltem</span> <span class='ocrx_word' id='word_1_420' title='bbox 744 5535 1055 5609; x_wconf 90' lang='lat' dir='ltr'>primatem</span> <span class='ocrx_word' id='word_1_421' title='bbox 1094 5532 1379 5590; x_wconf 77' lang='lat' dir='ltr'>Numidiae</span> <span class='ocrx_word' id='word_1_422' title='bbox 1409 5532 1721 5589; x_wconf 90' lang='lat' dir='ltr'>secundum</span> <span class='ocrx_word' id='word_1_423' title='bbox 1748 5548 1783 5587; x_wconf 87' lang='lat' dir='ltr'>a</span> <span class='ocrx_word' id='word_1_424' title='bbox 1813 5531 2041 5588; x_wconf 87' lang='lat' dir='ltr'>Cartha-</span> 
     </span>
    </p>
   </div>
   <div class='ocr_carea' id='block_1_61' title="bbox 1463 230 2719 320">
    <p class='ocr_par' dir='ltr' id='par_1_61' title="bbox 1463 230 2719 320">
     <span class='ocr_line' id='line_1_61' title="bbox 1463 230 2719 320; baseline -0.001 -2"><span class='ocrx_word' id='word_1_425' title='bbox 1463 274 1475 289; x_wconf 74' lang='grc' dir='ltr'><em>ο</em></span> <span class='ocrx_word' id='word_1_426' title='bbox 1581 265 1742 320; x_wconf 88' lang='lat' dir='ltr'>VITA</span> <span class='ocrx_word' id='word_1_427' title='bbox 1780 263 1836 320; x_wconf 89' lang='lat' dir='ltr'>s.</span> <span class='ocrx_word' id='word_1_428' title='bbox 1878 262 2257 320; x_wconf 84' lang='lat' dir='ltr'>AUGUSTINI</span> <span class='ocrx_word' id='word_1_429' title='bbox 2300 263 2629 319; x_wconf 85' lang='lat' dir='ltr'>EPISCOPI.</span> <span class='ocrx_word' id='word_1_430' title='bbox 2718 230 2719 233; x_wconf 5' lang='grc' dir='ltr'>γ</span> 
     </span>
    </p>
   </div>
   <div class='ocr_carea' id='block_1_62' title="bbox 3770 272 3870 324">
    <p class='ocr_par' dir='ltr' id='par_1_62' title="bbox 3770 272 3870 324">
     <span class='ocr_line' id='line_1_62' title="bbox 3770 272 3870 324; baseline -0.01 0"><span class='ocrx_word' id='word_1_431' title='bbox 3770 272 3870 324; x_wconf 67' lang='lat'>328</span> 
     </span>
    </p>
   </div>
   <div class='ocr_carea' id='block_1_63' title="bbox 2165 385 3873 460">
    <p class='ocr_par' dir='ltr' id='par_1_63' title="bbox 2165 385 3873 460">
     <span class='ocr_line' id='line_1_63' title="bbox 2165 385 3873 460; baseline 0.003 -19"><span class='ocrx_word' id='word_1_432' title='bbox 2165 386 2391 458; x_wconf 89' lang='lat' dir='ltr'>ginensi</span> <span class='ocrx_word' id='word_1_433' title='bbox 2422 386 2686 458; x_wconf 90' lang='lat' dir='ltr'>episcopo</span> <span class='ocrx_word' id='word_1_434' title='bbox 2712 385 3066 442; x_wconf 85' lang='lat' dir='ltr'>subscribere</span> <span class='ocrx_word' id='word_1_435' title='bbox 3090 385 3245 443; x_wconf 88' lang='lat' dir='ltr'>haud</span> <span class='ocrx_word' id='word_1_436' title='bbox 3265 387 3678 460; x_wconf 88' lang='lat' dir='ltr'>infrequenter.</span> <span class='ocrx_word' id='word_1_437' title='bbox 3702 390 3873 446; x_wconf 68' lang='lat' dir='ltr'>Cirtae</span> 
     </span>
    </p>
   </div>
   <div class='ocr_carea' id='block_1_64' title="bbox 2163 474 3874 547">
    <p class='ocr_par' dir='ltr' id='par_1_64' title="bbox 2163 474 3874 547">
     <span class='ocr_line' id='line_1_64' title="bbox 2163 474 3874 547; baseline 0.002 -18"><span class='ocrx_word' id='word_1_438' title='bbox 2163 475 2377 546; x_wconf 90' lang='lat' dir='ltr'>pariter</span> <span class='ocrx_word' id='word_1_439' title='bbox 2428 491 2530 529; x_wconf 90' lang='lat' dir='ltr'>seu</span> <span class='ocrx_word' id='word_1_440' title='bbox 2578 474 2983 536; x_wconf 69' lang='lat' dir='ltr'>Constantium.</span> <span class='ocrx_word' id='word_1_441' title='bbox 3028 492 3158 547; x_wconf 73' lang='lat' dir='ltr'>quas</span> <span class='ocrx_word' id='word_1_442' title='bbox 3203 475 3384 530; x_wconf 89' lang='lat' dir='ltr'>civilis</span> <span class='ocrx_word' id='word_1_443' title='bbox 3426 482 3550 531; x_wconf 89' lang='lat' dir='ltr'>erat</span> <span class='ocrx_word' id='word_1_444' title='bbox 3590 478 3874 533; x_wconf 77' lang='lat' dir='ltr'>Numidia:</span> 
     </span>
    </p>
   </div>
   <div class='ocr_carea' id='block_1_65' title="bbox 2165 563 3873 637">
    <p class='ocr_par' dir='ltr' id='par_1_65' title="bbox 2165 563 3873 637">
     <span class='ocr_line' id='line_1_65' title="bbox 2165 563 3873 637; baseline 0.001 -18"><span class='ocrx_word' id='word_1_445' title='bbox 2165 565 2523 635; x_wconf 86' lang='lat' dir='ltr'>metropolis,</span> <span class='ocrx_word' id='word_1_446' title='bbox 2565 563 2878 618; x_wconf 88' lang='lat' dir='ltr'>antistitem</span> <span class='ocrx_word' id='word_1_447' title='bbox 2920 580 3034 618; x_wconf 90' lang='lat' dir='ltr'>non</span> <span class='ocrx_word' id='word_1_448' title='bbox 3066 568 3282 620; x_wconf 87' lang='lat' dir='ltr'>temere</span> <span class='ocrx_word' id='word_1_449' title='bbox 3319 564 3626 620; x_wconf 90' lang='lat' dir='ltr'>credideris</span> <span class='ocrx_word' id='word_1_450' title='bbox 3665 566 3873 637; x_wconf 68' lang='lat' dir='ltr'>praeci-</span> 
     </span>
    </p>
   </div>
   <div class='ocr_carea' id='block_1_66' title="bbox 2165 653 3877 726">
    <p class='ocr_par' dir='ltr' id='par_1_66' title="bbox 2165 653 3877 726">
     <span class='ocr_line' id='line_1_66' title="bbox 2165 653 3877 726; baseline 0.001 -18"><span class='ocrx_word' id='word_1_451' title='bbox 2165 670 2345 723; x_wconf 89' lang='lat' dir='ltr'>puum</span> <span class='ocrx_word' id='word_1_452' title='bbox 2373 653 2625 724; x_wconf 91' lang='lat' dir='ltr'>aliquem</span> <span class='ocrx_word' id='word_1_453' title='bbox 2659 653 2847 707; x_wconf 90' lang='lat' dir='ltr'>locum</span> <span class='ocrx_word' id='word_1_454' title='bbox 2882 653 2989 707; x_wconf 90' lang='lat' dir='ltr'>sibi</span> <span class='ocrx_word' id='word_1_455' title='bbox 3020 653 3367 721; x_wconf 88' lang='lat' dir='ltr'>vindicasse;</span> <span class='ocrx_word' id='word_1_456' title='bbox 3405 654 3877 726; x_wconf 89' lang='lat' dir='ltr'>quandoquidem</span> 
     </span>
    </p>
   </div>
   <div class='ocr_carea' id='block_1_67' title="bbox 2166 743 3879 817">
    <p class='ocr_par' dir='ltr' id='par_1_67' title="bbox 2166 743 3879 817">
     <span class='ocr_line' id='line_1_67' title="bbox 2166 743 3879 817; baseline 0.001 -19"><span class='ocrx_word' id='word_1_457' title='bbox 2166 743 2228 798; x_wconf 90' lang='lat' dir='ltr'>in</span> <span class='ocrx_word' id='word_1_458' title='bbox 2259 743 2513 814; x_wconf 60' lang='lat' dir='ltr'>epistolas</span> <span class='ocrx_word' id='word_1_459' title='bbox 2543 743 2837 814; x_wconf 86' lang='lat' dir='ltr'>cujusdam</span> <span class='ocrx_word' id='word_1_460' title='bbox 2866 743 3237 815; x_wconf 89' lang='lat' dir='ltr'>inscriptione</span> <span class='ocrx_word' id='word_1_461' title='bbox 3284 747 3483 814; x_wconf 84' lang='lat' dir='ltr'>(Epist.</span> <span class='ocrx_word' id='word_1_462' title='bbox 3528 746 3639 815; x_wconf 83' lang='lat'>53),</span> <span class='ocrx_word' id='word_1_463' title='bbox 3685 746 3879 817; x_wconf 83' lang='lat' dir='ltr'>Alypii</span> 
     </span>
    </p>
   </div>
   <div class='ocr_carea' id='block_1_68' title="bbox 2168 831 3881 904">
    <p class='ocr_par' dir='ltr' id='par_1_68' title="bbox 2168 831 3881 904">
     <span class='ocr_line' id='line_1_68' title="bbox 2168 831 3881 904; baseline 0.001 -17"><span class='ocrx_word' id='word_1_464' title='bbox 2168 835 2339 904; x_wconf 89' lang='lat' dir='ltr'>atque</span> <span class='ocrx_word' id='word_1_465' title='bbox 2367 831 2674 903; x_wconf 88' lang='lat' dir='ltr'>Augustini</span> <span class='ocrx_word' id='word_1_466' title='bbox 2711 832 2948 886; x_wconf 90' lang='lat' dir='ltr'>nomina</span> <span class='ocrx_word' id='word_1_467' title='bbox 2987 849 3104 887; x_wconf 92' lang='lat' dir='ltr'>non</span> <span class='ocrx_word' id='word_1_468' title='bbox 3144 832 3257 887; x_wconf 91' lang='lat' dir='ltr'>nisi</span> <span class='ocrx_word' id='word_1_469' title='bbox 3290 837 3417 903; x_wconf 86' lang='lat' dir='ltr'>post</span> <span class='ocrx_word' id='word_1_470' title='bbox 3460 833 3759 888; x_wconf 87' lang='lat' dir='ltr'>Fortunati</span> <span class='ocrx_word' id='word_1_471' title='bbox 3789 836 3881 888; x_wconf 78' lang='lat' dir='ltr'>le-</span> 
     </span>
    </p>
   </div>
   <div class='ocr_carea' id='block_1_69' title="bbox 2168 921 3877 993">
    <p class='ocr_par' dir='ltr' id='par_1_69' title="bbox 2168 921 3877 993">
     <span class='ocr_line' id='line_1_69' title="bbox 2168 921 3877 993; baseline 0.002 -19"><span class='ocrx_word' id='word_1_472' title='bbox 2168 926 2412 993; x_wconf 88' lang='lat' dir='ltr'>guntur;</span> <span class='ocrx_word' id='word_1_473' title='bbox 2448 921 2517 975; x_wconf 91' lang='lat' dir='ltr'>de</span> <span class='ocrx_word' id='word_1_474' title='bbox 2552 937 2667 993; x_wconf 88' lang='lat' dir='ltr'>quo</span> <span class='ocrx_word' id='word_1_475' title='bbox 2705 924 2901 975; x_wconf 90' lang='lat' dir='ltr'>tamen</span> <span class='ocrx_word' id='word_1_476' title='bbox 2931 921 3324 977; x_wconf 83' lang='lat' dir='ltr'>existimamus</span> <span class='ocrx_word' id='word_1_477' title='bbox 3350 921 3742 977; x_wconf 84' lang='lat' dir='ltr'>dubitaturum</span> <span class='ocrx_word' id='word_1_478' title='bbox 3775 939 3877 977; x_wconf 89' lang='lat' dir='ltr'>ne-</span> 
     </span>
    </p>
   </div>
   <div class='ocr_carea' id='block_1_70' title="bbox 2167 1010 3875 1083">
    <p class='ocr_par' dir='ltr' id='par_1_70' title="bbox 2167 1010 3875 1083">
     <span class='ocr_line' id='line_1_70' title="bbox 2167 1010 3875 1083; baseline 0.001 -18"><span class='ocrx_word' id='word_1_479' title='bbox 2167 1010 2406 1080; x_wconf 92' lang='lat' dir='ltr'>minem,</span> <span class='ocrx_word' id='word_1_480' title='bbox 2437 1010 2578 1082; x_wconf 90' lang='lat' dir='ltr'>quin</span> <span class='ocrx_word' id='word_1_481' title='bbox 2612 1010 2706 1065; x_wconf 88' lang='lat' dir='ltr'>hic</span> <span class='ocrx_word' id='word_1_482' title='bbox 2746 1011 3092 1066; x_wconf 86' lang='lat' dir='ltr'>Fortunatus</span> <span class='ocrx_word' id='word_1_483' title='bbox 3118 1011 3215 1065; x_wconf 91' lang='lat' dir='ltr'>ille</span> <span class='ocrx_word' id='word_1_484' title='bbox 3249 1010 3324 1065; x_wconf 92' lang='lat' dir='ltr'>sit</span> <span class='ocrx_word' id='word_1_485' title='bbox 3352 1011 3622 1066; x_wconf 88' lang='lat' dir='ltr'>Cirtensis</span> <span class='ocrx_word' id='word_1_486' title='bbox 3656 1011 3875 1083; x_wconf 59' lang='lat' dir='ltr'>episco-</span> 
     </span>
    </p>
   </div>
   <div class='ocr_carea' id='block_1_71' title="bbox 2167 1100 3876 1172">
    <p class='ocr_par' dir='ltr' id='par_1_71' title="bbox 2167 1100 3876 1172">
     <span class='ocr_line' id='line_1_71' title="bbox 2167 1100 3876 1172; baseline 0 -18"><span class='ocrx_word' id='word_1_487' title='bbox 2167 1116 2297 1172; x_wconf 89' lang='lat' dir='ltr'>pus,</span> <span class='ocrx_word' id='word_1_488' title='bbox 2358 1116 2534 1171; x_wconf 90' lang='lat' dir='ltr'>quem</span> <span class='ocrx_word' id='word_1_489' title='bbox 2580 1104 2803 1154; x_wconf 88' lang='lat' dir='ltr'>constat</span> <span class='ocrx_word' id='word_1_490' title='bbox 2856 1100 3178 1172; x_wconf 87' lang='lat' dir='ltr'>Augustino</span> <span class='ocrx_word' id='word_1_491' title='bbox 3223 1104 3480 1172; x_wconf 89' lang='lat' dir='ltr'>tempore</span> <span class='ocrx_word' id='word_1_492' title='bbox 3536 1100 3876 1155; x_wconf 90' lang='lat' dir='ltr'>inferiorem</span> 
     </span>
    </p>
   </div>
   <div class='ocr_carea' id='block_1_72' title="bbox 2167 1188 3876 1261">
    <p class='ocr_par' dir='ltr' id='par_1_72' title="bbox 2167 1188 3876 1261">
     <span class='ocr_line' id='line_1_72' title="bbox 2167 1188 3876 1261; baseline -0.001 -18"><span class='ocrx_word' id='word_1_493' title='bbox 2167 1188 2360 1243; x_wconf 86' lang='lat' dir='ltr'>fuisse.</span> <span class='ocrx_word' id='word_1_494' title='bbox 2393 1190 2456 1243; x_wconf 94' lang='lat' dir='ltr'>In</span> <span class='ocrx_word' id='word_1_495' title='bbox 2488 1188 2687 1243; x_wconf 89' lang='lat' dir='ltr'>eodem</span> <span class='ocrx_word' id='word_1_496' title='bbox 2717 1206 2950 1261; x_wconf 90' lang='lat' dir='ltr'>quoque</span> <span class='ocrx_word' id='word_1_497' title='bbox 2988 1189 3228 1244; x_wconf 89' lang='lat' dir='ltr'>concilio</span> <span class='ocrx_word' id='word_1_498' title='bbox 3262 1190 3637 1245; x_wconf 86' lang='lat' dir='ltr'>decreverunt</span> <span class='ocrx_word' id='word_1_499' title='bbox 3656 1191 3876 1257; x_wconf 88' lang='lat' dir='ltr'>Patres,</span> 
     </span>
    </p>
   </div>
   <div class='ocr_carea' id='block_1_73' title="bbox 2167 1276 3875 1349">
    <p class='ocr_par' dir='ltr' id='par_1_73' title="bbox 2167 1276 3875 1349">
     <span class='ocr_line' id='line_1_73' title="bbox 2167 1276 3875 1349; baseline 0.002 -19"><span class='ocrx_word' id='word_1_500' title='bbox 2167 1276 2215 1330; x_wconf 89' lang='lat' dir='ltr'>si</span> <span class='ocrx_word' id='word_1_501' title='bbox 2241 1276 2371 1349; x_wconf 90' lang='lat' dir='ltr'>quis</span> <span class='ocrx_word' id='word_1_502' title='bbox 2404 1277 2582 1331; x_wconf 89' lang='lat' dir='ltr'>semel</span> <span class='ocrx_word' id='word_1_503' title='bbox 2619 1276 2681 1331; x_wconf 86' lang='lat' dir='ltr'>in</span> <span class='ocrx_word' id='word_1_504' title='bbox 2712 1279 2946 1332; x_wconf 89' lang='lat' dir='ltr'>ecclesia</span> <span class='ocrx_word' id='word_1_505' title='bbox 2983 1278 3176 1349; x_wconf 89' lang='lat' dir='ltr'>aliqua</span> <span class='ocrx_word' id='word_1_506' title='bbox 3209 1278 3462 1349; x_wconf 88' lang='lat' dir='ltr'>legisset,</span> <span class='ocrx_word' id='word_1_507' title='bbox 3487 1278 3549 1333; x_wconf 91' lang='lat' dir='ltr'>id</span> <span class='ocrx_word' id='word_1_508' title='bbox 3583 1278 3875 1346; x_wconf 85' lang='lat' dir='ltr'>sufﬁcere,</span> 
     </span>
    </p>
   </div>
   <div class='ocr_carea' id='block_1_74' title="bbox 2166 1366 3873 1437">
    <p class='ocr_par' dir='ltr' id='par_1_74' title="bbox 2166 1366 3873 1437">
     <span class='ocr_line' id='line_1_74' title="bbox 2166 1366 3873 1437; baseline 0.001 -17"><span class='ocrx_word' id='word_1_509' title='bbox 2166 1371 2231 1420; x_wconf 93' lang='lat' dir='ltr'>ut</span> <span class='ocrx_word' id='word_1_510' title='bbox 2274 1366 2397 1437; x_wconf 89' lang='lat' dir='ltr'>ejus</span> <span class='ocrx_word' id='word_1_511' title='bbox 2441 1366 2618 1420; x_wconf 92' lang='lat' dir='ltr'>lector</span> <span class='ocrx_word' id='word_1_512' title='bbox 2661 1366 2959 1433; x_wconf 88' lang='lat' dir='ltr'>habeatur,</span> <span class='ocrx_word' id='word_1_513' title='bbox 3005 1383 3109 1421; x_wconf 91' lang='lat' dir='ltr'>nec</span> <span class='ocrx_word' id='word_1_514' title='bbox 3152 1367 3235 1421; x_wconf 90' lang='lat' dir='ltr'>illi</span> <span class='ocrx_word' id='word_1_515' title='bbox 3287 1368 3521 1437; x_wconf 85' lang='lat' dir='ltr'>posthac</span> <span class='ocrx_word' id='word_1_516' title='bbox 3566 1366 3631 1421; x_wconf 87' lang='lat' dir='ltr'>in</span> <span class='ocrx_word' id='word_1_517' title='bbox 3693 1367 3873 1429; x_wconf 85' lang='lat' dir='ltr'>aliam</span> 
     </span>
    </p>
   </div>
   <div class='ocr_carea' id='block_1_75' title="bbox 2165 1454 3879 1526">
    <p class='ocr_par' dir='ltr' id='par_1_75' title="bbox 2165 1454 3879 1526">
     <span class='ocr_line' id='line_1_75' title="bbox 2165 1454 3879 1526; baseline 0 -17"><span class='ocrx_word' id='word_1_518' title='bbox 2165 1454 2417 1509; x_wconf 83' lang='lat' dir='ltr'>transire</span> <span class='ocrx_word' id='word_1_519' title='bbox 2449 1455 2523 1509; x_wconf 91' lang='lat' dir='ltr'>sit</span> <span class='ocrx_word' id='word_1_520' title='bbox 2565 1454 2813 1510; x_wconf 86' lang='lat' dir='ltr'>liberum</span> <span class='ocrx_word' id='word_1_521' title='bbox 2845 1456 3061 1523; x_wconf 87' lang='lat' dir='ltr'>(Codice</span> <span class='ocrx_word' id='word_1_522' title='bbox 3091 1457 3293 1512; x_wconf 90' lang='lat' dir='ltr'>Canon.</span> <span class='ocrx_word' id='word_1_523' title='bbox 3337 1457 3545 1524; x_wconf 81' lang='lat' dir='ltr'>Afrw.,</span> <span class='ocrx_word' id='word_1_524' title='bbox 3594 1472 3721 1511; x_wconf 91' lang='lat' dir='ltr'>can.</span> <span class='ocrx_word' id='word_1_525' title='bbox 3776 1459 3879 1526; x_wconf 71' lang='grc' dir='ltr'>ΕΟ)</span> 
     </span>
    </p>
   </div>
   <div class='ocr_carea' id='block_1_76' title="bbox 2167 1544 3877 1616">
    <p class='ocr_par' dir='ltr' id='par_1_76' title="bbox 2167 1544 3877 1616">
     <span class='ocr_line' id='line_1_76' title="bbox 2167 1544 3877 1616; baseline -0.001 -16"><span class='ocrx_word' id='word_1_526' title='bbox 2167 1546 2270 1601; x_wconf 88' lang='lat' dir='ltr'>Cui</span> <span class='ocrx_word' id='word_1_527' title='bbox 2300 1544 2606 1599; x_wconf 89' lang='lat' dir='ltr'>sanciendo</span> <span class='ocrx_word' id='word_1_528' title='bbox 2642 1544 2877 1599; x_wconf 85' lang='lat' dir='ltr'>forsitan</span> <span class='ocrx_word' id='word_1_529' title='bbox 2915 1545 3138 1599; x_wconf 89' lang='lat' dir='ltr'>decreto</span> <span class='ocrx_word' id='word_1_530' title='bbox 3182 1561 3415 1599; x_wconf 87' lang='lat' dir='ltr'>causam</span> <span class='ocrx_word' id='word_1_531' title='bbox 3456 1545 3712 1616; x_wconf 68' lang='lat' dir='ltr'>praebuit</span> <span class='ocrx_word' id='word_1_532' title='bbox 3751 1551 3877 1599; x_wconf 61' lang='lat' dir='ltr'>orta</span> 
     </span>
    </p>
   </div>
   <div class='ocr_carea' id='block_1_77' title="bbox 2167 1631 3877 1704">
    <p class='ocr_par' dir='ltr' id='par_1_77' title="bbox 2167 1631 3877 1704">
     <span class='ocr_line' id='line_1_77' title="bbox 2167 1631 3877 1704; baseline 0 -17"><span class='ocrx_word' id='word_1_533' title='bbox 2167 1634 2317 1688; x_wconf 91' lang='lat' dir='ltr'>inter</span> <span class='ocrx_word' id='word_1_534' title='bbox 2352 1631 2735 1704; x_wconf 89' lang='lat' dir='ltr'>Augustinum</span> <span class='ocrx_word' id='word_1_535' title='bbox 2767 1636 2824 1686; x_wconf 91' lang='lat' dir='ltr'>et</span> <span class='ocrx_word' id='word_1_536' title='bbox 2851 1632 3120 1687; x_wconf 88' lang='lat' dir='ltr'>Severum</span> <span class='ocrx_word' id='word_1_537' title='bbox 3150 1632 3538 1687; x_wconf 85' lang='lat' dir='ltr'>controversia</span> <span class='ocrx_word' id='word_1_538' title='bbox 3572 1632 3877 1687; x_wconf 80' lang='lat' dir='ltr'>occasione</span> 
     </span>
    </p>
   </div>
   <div class='ocr_carea' id='block_1_78' title="bbox 2166 1719 3661 1793">
    <p class='ocr_par' dir='ltr' id='par_1_78' title="bbox 2166 1719 3661 1793">
     <span class='ocr_line' id='line_1_78' title="bbox 2166 1719 3661 1793; baseline 0.002 -20"><span class='ocrx_word' id='word_1_539' title='bbox 2166 1719 2451 1775; x_wconf 88' lang='lat' dir='ltr'>Timothei</span> <span class='ocrx_word' id='word_1_540' title='bbox 2476 1723 2671 1790; x_wconf 85' lang='lat' dir='ltr'>(Epist.</span> <span class='ocrx_word' id='word_1_541' title='bbox 2705 1721 2820 1790; x_wconf 88' lang='lat'>63);</span> <span class='ocrx_word' id='word_1_542' title='bbox 2852 1721 2921 1776; x_wconf 93' lang='lat' dir='ltr'>de</span> <span class='ocrx_word' id='word_1_543' title='bbox 2947 1738 3061 1793; x_wconf 88' lang='lat' dir='ltr'>qua</span> <span class='ocrx_word' id='word_1_544' title='bbox 3092 1721 3355 1792; x_wconf 90' lang='lat' dir='ltr'>superius</span> <span class='ocrx_word' id='word_1_545' title='bbox 3386 1720 3551 1792; x_wconf 85' lang='lat' dir='ltr'>(Cap.</span> <span class='ocrx_word' id='word_1_546' title='bbox 3583 1722 3661 1789; x_wconf 86' lang='lat'>7).</span> 
     </span>
    </p>
   </div>
   <div class='ocr_carea' id='block_1_79' title="bbox 2235 1808 3873 1882">
    <p class='ocr_par' dir='ltr' id='par_1_79' title="bbox 2235 1808 3873 1882">
     <span class='ocr_line' id='line_1_79' title="bbox 2235 1808 3873 1882; baseline 0.001 -19"><span class='ocrx_word' id='word_1_547' title='bbox 2235 1811 2290 1863; x_wconf 83' lang='lat'>2.</span> <span class='ocrx_word' id='word_1_548' title='bbox 2323 1808 2480 1863; x_wconf 90' lang='lat' dir='ltr'>Idem</span> <span class='ocrx_word' id='word_1_549' title='bbox 2519 1808 2824 1864; x_wconf 90' lang='lat' dir='ltr'>concilium</span> <span class='ocrx_word' id='word_1_550' title='bbox 2862 1810 3203 1864; x_wconf 79' lang='lat' dir='ltr'>Maximiano</span> <span class='ocrx_word' id='word_1_551' title='bbox 3248 1809 3544 1882; x_wconf 84' lang='lat' dir='ltr'>Bagaiensi</span> <span class='ocrx_word' id='word_1_552' title='bbox 3577 1809 3873 1882; x_wconf 72' lang='lat' dir='ltr'>episcopo,</span> 
     </span>
    </p>
   </div>
   <div class='ocr_carea' id='block_1_80' title="bbox 2166 1897 3875 1971">
    <p class='ocr_par' dir='ltr' id='par_1_80' title="bbox 2166 1897 3875 1971">
     <span class='ocr_line' id='line_1_80' title="bbox 2166 1897 3875 1971; baseline 0.001 -19"><span class='ocrx_word' id='word_1_553' title='bbox 2166 1897 2403 1969; x_wconf 85' lang='lat' dir='ltr'>ejusque</span> <span class='ocrx_word' id='word_1_554' title='bbox 2433 1898 2587 1968; x_wconf 86' lang='lat' dir='ltr'>plebi</span> <span class='ocrx_word' id='word_1_555' title='bbox 2608 1898 2850 1952; x_wconf 88' lang='lat' dir='ltr'>scribere</span> <span class='ocrx_word' id='word_1_556' title='bbox 2880 1898 3209 1953; x_wconf 91' lang='lat' dir='ltr'>constituit:</span> <span class='ocrx_word' id='word_1_557' title='bbox 3234 1898 3316 1952; x_wconf 91' lang='lat' dir='ltr'>illi</span> <span class='ocrx_word' id='word_1_558' title='bbox 3342 1903 3406 1951; x_wconf 90' lang='lat' dir='ltr'>ut</span> <span class='ocrx_word' id='word_1_559' title='bbox 3434 1898 3502 1953; x_wconf 88' lang='lat' dir='ltr'>ab</span> <span class='ocrx_word' id='word_1_560' title='bbox 3533 1899 3875 1971; x_wconf 83' lang='lat' dir='ltr'>episcopatu</span> 
     </span>
    </p>
   </div>
   <div class='ocr_carea' id='block_1_81' title="bbox 2165 1987 3876 2059">
    <p class='ocr_par' dir='ltr' id='par_1_81' title="bbox 2165 1987 3876 2059">
     <span class='ocr_line' id='line_1_81' title="bbox 2165 1987 3876 2059; baseline 0.001 -18"><span class='ocrx_word' id='word_1_561' title='bbox 2165 2004 2285 2043; x_wconf 91' lang='lat' dir='ltr'>sese</span> <span class='ocrx_word' id='word_1_562' title='bbox 2315 1987 2622 2054; x_wconf 86' lang='lat' dir='ltr'>abdicaret,</span> <span class='ocrx_word' id='word_1_563' title='bbox 2649 1987 2738 2041; x_wconf 90' lang='lat' dir='ltr'>his</span> <span class='ocrx_word' id='word_1_564' title='bbox 2768 1992 2833 2042; x_wconf 90' lang='lat' dir='ltr'>ut</span> <span class='ocrx_word' id='word_1_565' title='bbox 2864 1988 2933 2042; x_wconf 92' lang='lat' dir='ltr'>de</span> <span class='ocrx_word' id='word_1_566' title='bbox 2969 1988 3082 2042; x_wconf 86' lang='lat' dir='ltr'>alio</span> <span class='ocrx_word' id='word_1_567' title='bbox 3110 1987 3217 2042; x_wconf 90' lang='lat' dir='ltr'>sibi</span> <span class='ocrx_word' id='word_1_568' title='bbox 3252 1987 3311 2042; x_wconf 89' lang='lat' dir='ltr'>in</span> <span class='ocrx_word' id='word_1_569' title='bbox 3362 1987 3699 2059; x_wconf 89' lang='lat' dir='ltr'>episcopum</span> <span class='ocrx_word' id='word_1_570' title='bbox 3737 1988 3876 2043; x_wconf 88' lang='lat' dir='ltr'>deli-</span> 
     </span>
    </p>
   </div>
   <div class='ocr_carea' id='block_1_82' title="bbox 2165 2075 3872 2146">
    <p class='ocr_par' dir='ltr' id='par_1_82' title="bbox 2165 2075 3872 2146">
     <span class='ocr_line' id='line_1_82' title="bbox 2165 2075 3872 2146; baseline 0.002 -17"><span class='ocrx_word' id='word_1_571' title='bbox 2165 2075 2349 2146; x_wconf 90' lang='lat' dir='ltr'>gendo</span> <span class='ocrx_word' id='word_1_572' title='bbox 2396 2076 2718 2146; x_wconf 89' lang='lat' dir='ltr'>cogitarent</span> <span class='ocrx_word' id='word_1_573' title='bbox 2771 2077 2982 2146; x_wconf 86' lang='lat' dir='ltr'>(Codice</span> <span class='ocrx_word' id='word_1_574' title='bbox 3038 2078 3240 2134; x_wconf 88' lang='lat' dir='ltr'>Canon.</span> <span class='ocrx_word' id='word_1_575' title='bbox 3298 2078 3505 2145; x_wconf 79' lang='lat' dir='ltr'>Afric.,</span> <span class='ocrx_word' id='word_1_576' title='bbox 3566 2093 3694 2131; x_wconf 87' lang='lat' dir='ltr'>can.</span> <span class='ocrx_word' id='word_1_577' title='bbox 3754 2076 3872 2146; x_wconf 88' lang='lat'>88).</span> 
     </span>
    </p>
   </div>
   <div class='ocr_carea' id='block_1_83' title="bbox 2165 2163 3872 2236">
    <p class='ocr_par' dir='ltr' id='par_1_83' title="bbox 2165 2163 3872 2236">
     <span class='ocr_line' id='line_1_83' title="bbox 2165 2163 3872 2236; baseline 0.002 -18"><span class='ocrx_word' id='word_1_578' title='bbox 2165 2165 2357 2218; x_wconf 85' lang='lat' dir='ltr'>Exstat</span> <span class='ocrx_word' id='word_1_579' title='bbox 2375 2163 2682 2234; x_wconf 85' lang='lat' dir='ltr'>Augustini</span> <span class='ocrx_word' id='word_1_580' title='bbox 2712 2164 2953 2236; x_wconf 89' lang='lat' dir='ltr'>epistola</span> <span class='ocrx_word' id='word_1_581' title='bbox 2974 2165 3180 2235; x_wconf 85' lang='lat' dir='ltr'>(Epist.</span> <span class='ocrx_word' id='word_1_582' title='bbox 3207 2167 3325 2235; x_wconf 88' lang='lat'>69),</span> <span class='ocrx_word' id='word_1_583' title='bbox 3350 2182 3478 2236; x_wconf 76' lang='lat' dir='ltr'>quae</span> <span class='ocrx_word' id='word_1_584' title='bbox 3510 2165 3872 2235; x_wconf 87' lang='lat' dir='ltr'>planissime,</span> 
     </span>
    </p>
   </div>
   <div class='ocr_carea' id='block_1_84' title="bbox 2162 2252 3873 2322">
    <p class='ocr_par' dir='ltr' id='par_1_84' title="bbox 2162 2252 3873 2322">
     <span class='ocr_line' id='line_1_84' title="bbox 2162 2252 3873 2322; baseline 0.002 -16"><span class='ocrx_word' id='word_1_585' title='bbox 2162 2256 2228 2307; x_wconf 90' lang='lat' dir='ltr'>ut</span> <span class='ocrx_word' id='word_1_586' title='bbox 2250 2253 2371 2322; x_wconf 89' lang='lat' dir='ltr'>jam</span> <span class='ocrx_word' id='word_1_587' title='bbox 2406 2252 2475 2306; x_wconf 90' lang='lat' dir='ltr'>ab</span> <span class='ocrx_word' id='word_1_588' title='bbox 2507 2252 2633 2305; x_wconf 91' lang='lat' dir='ltr'>aliis</span> <span class='ocrx_word' id='word_1_589' title='bbox 2658 2260 2742 2307; x_wconf 90' lang='lat' dir='ltr'>est</span> <span class='ocrx_word' id='word_1_590' title='bbox 2770 2253 3156 2320; x_wconf 79' lang='lat' dir='ltr'>observatum,</span> <span class='ocrx_word' id='word_1_591' title='bbox 3192 2269 3320 2308; x_wconf 91' lang='lat' dir='ltr'>cum</span> <span class='ocrx_word' id='word_1_592' title='bbox 3350 2253 3457 2307; x_wconf 90' lang='lat' dir='ltr'>hoc</span> <span class='ocrx_word' id='word_1_593' title='bbox 3487 2269 3714 2308; x_wconf 90' lang='lat' dir='ltr'>canone</span> <span class='ocrx_word' id='word_1_594' title='bbox 3741 2270 3873 2309; x_wconf 90' lang='lat' dir='ltr'>con-</span> 
     </span>
    </p>
   </div>
   <div class='ocr_carea' id='block_1_85' title="bbox 2162 2340 3871 2413">
    <p class='ocr_par' dir='ltr' id='par_1_85' title="bbox 2162 2340 3871 2413">
     <span class='ocr_line' id='line_1_85' title="bbox 2162 2340 3871 2413; baseline 0.002 -19"><span class='ocrx_word' id='word_1_595' title='bbox 2162 2340 2335 2395; x_wconf 91' lang='lat' dir='ltr'>sentit</span> <span class='ocrx_word' id='word_1_596' title='bbox 2365 2357 2379 2395; x_wconf 90' lang='lat'><strong>:</strong></span> <span class='ocrx_word' id='word_1_597' title='bbox 2413 2340 2696 2411; x_wconf 90' lang='lat' dir='ltr'>siquidem</span> <span class='ocrx_word' id='word_1_598' title='bbox 2727 2340 2790 2395; x_wconf 89' lang='lat' dir='ltr'>in</span> <span class='ocrx_word' id='word_1_599' title='bbox 2821 2358 2888 2395; x_wconf 90' lang='lat' dir='ltr'>ea</span> <span class='ocrx_word' id='word_1_600' title='bbox 2912 2341 3171 2413; x_wconf 86' lang='lat' dir='ltr'>legimus,</span> <span class='ocrx_word' id='word_1_601' title='bbox 3210 2341 3615 2396; x_wconf 85' lang='lat' dir='ltr'>Maximianum</span> <span class='ocrx_word' id='word_1_602' title='bbox 3649 2342 3871 2413; x_wconf 87' lang='lat' dir='ltr'>episco-</span> 
     </span>
    </p>
   </div>
   <div class='ocr_carea' id='block_1_86' title="bbox 2161 2429 3873 2501">
    <p class='ocr_par' dir='ltr' id='par_1_86' title="bbox 2161 2429 3873 2501">
     <span class='ocr_line' id='line_1_86' title="bbox 2161 2429 3873 2501; baseline 0.002 -18"><span class='ocrx_word' id='word_1_603' title='bbox 2161 2446 2302 2499; x_wconf 90' lang='lat' dir='ltr'>pum</span> <span class='ocrx_word' id='word_1_604' title='bbox 2334 2429 2591 2484; x_wconf 67' lang='lat' dir='ltr'>Ecclesiaa</span> <span class='ocrx_word' id='word_1_605' title='bbox 2621 2430 2958 2501; x_wconf 89' lang='lat' dir='ltr'>Vaginensis</span> <span class='ocrx_word' id='word_1_606' title='bbox 2987 2430 3227 2501; x_wconf 87' lang='lat' dir='ltr'>ejusque</span> <span class='ocrx_word' id='word_1_607' title='bbox 3256 2431 3488 2484; x_wconf 82' lang='lat' dir='ltr'>fratrem</span> <span class='ocrx_word' id='word_1_608' title='bbox 3523 2431 3873 2499; x_wconf 87' lang='lat' dir='ltr'>Castorium,</span> 
     </span>
    </p>
   </div>
   <div class='ocr_carea' id='block_1_87' title="bbox 2163 2518 3867 2593">
    <p class='ocr_par' dir='ltr' id='par_1_87' title="bbox 2163 2518 3867 2593">
     <span class='ocr_line' id='line_1_87' title="bbox 2163 2518 3867 2593; baseline 0.001 -21"><span class='ocrx_word' id='word_1_609' title='bbox 2163 2519 2383 2588; x_wconf 90' lang='lat' dir='ltr'>ejurato</span> <span class='ocrx_word' id='word_1_610' title='bbox 2407 2518 2612 2573; x_wconf 89' lang='lat' dir='ltr'>Donati</span> <span class='ocrx_word' id='word_1_611' title='bbox 2638 2519 2895 2593; x_wconf 84' lang='lat' dir='ltr'>discidio,</span> <span class='ocrx_word' id='word_1_612' title='bbox 2919 2519 2977 2573; x_wconf 91' lang='lat' dir='ltr'>in</span> <span class='ocrx_word' id='word_1_613' title='bbox 3002 2519 3257 2575; x_wconf 65' lang='lat' dir='ltr'>Ecclesia:</span> <span class='ocrx_word' id='word_1_614' title='bbox 3282 2519 3565 2590; x_wconf 90' lang='lat' dir='ltr'>gremium</span> <span class='ocrx_word' id='word_1_615' title='bbox 3598 2519 3867 2581; x_wconf 86' lang='lat' dir='ltr'>rediisse;</span> 
     </span>
    </p>
   </div>
   <div class='ocr_carea' id='block_1_88' title="bbox 2163 2606 3869 2679">
    <p class='ocr_par' dir='ltr' id='par_1_88' title="bbox 2163 2606 3869 2679">
     <span class='ocr_line' id='line_1_88' title="bbox 2163 2606 3869 2679; baseline -0.001 -16"><span class='ocrx_word' id='word_1_616' title='bbox 2163 2606 2419 2663; x_wconf 73' lang='lat' dir='ltr'>laetitiam</span> <span class='ocrx_word' id='word_1_617' title='bbox 2452 2623 2607 2673; x_wconf 86' lang='lat' dir='ltr'>vero,</span> <span class='ocrx_word' id='word_1_618' title='bbox 2651 2623 2822 2679; x_wconf 89' lang='lat' dir='ltr'>quam</span> <span class='ocrx_word' id='word_1_619' title='bbox 2857 2624 2959 2661; x_wconf 92' lang='lat' dir='ltr'>suo</span> <span class='ocrx_word' id='word_1_620' title='bbox 2999 2608 3187 2662; x_wconf 90' lang='lat' dir='ltr'>reditu</span> <span class='ocrx_word' id='word_1_621' title='bbox 3223 2608 3549 2673; x_wconf 85' lang='lat' dir='ltr'>attulerant,</span> <span class='ocrx_word' id='word_1_622' title='bbox 3595 2608 3869 2663; x_wconf 87' lang='lat' dir='ltr'>seandalo</span> 
     </span>
    </p>
   </div>
   <div class='ocr_carea' id='block_1_89' title="bbox 2161 2694 3871 2751">
    <p class='ocr_par' dir='ltr' id='par_1_89' title="bbox 2161 2694 3871 2751">
     <span class='ocr_line' id='line_1_89' title="bbox 2161 2694 3871 2751; baseline 0.001 -1"><span class='ocrx_word' id='word_1_623' title='bbox 2161 2702 2358 2750; x_wconf 86' lang='lat' dir='ltr'>contra</span> <span class='ocrx_word' id='word_1_624' title='bbox 2393 2694 2799 2751; x_wconf 82' lang='lat' dir='ltr'>Maximianum</span> <span class='ocrx_word' id='word_1_625' title='bbox 2837 2696 3119 2751; x_wconf 86' lang='lat' dir='ltr'>diabolica</span> <span class='ocrx_word' id='word_1_626' title='bbox 3150 2696 3349 2751; x_wconf 82' lang='lat' dir='ltr'>fraude</span> <span class='ocrx_word' id='word_1_627' title='bbox 3385 2696 3654 2751; x_wconf 90' lang='lat' dir='ltr'>suscitato</span> <span class='ocrx_word' id='word_1_628' title='bbox 3693 2697 3871 2751; x_wconf 85' lang='lat' dir='ltr'>inter-</span> 
     </span>
    </p>
   </div>
   <div class='ocr_carea' id='block_1_90' title="bbox 2160 2784 3874 2841">
    <p class='ocr_par' dir='ltr' id='par_1_90' title="bbox 2160 2784 3874 2841">
     <span class='ocr_line' id='line_1_90' title="bbox 2160 2784 3874 2841; baseline 0.001 -2"><span class='ocrx_word' id='word_1_629' title='bbox 2160 2785 2468 2840; x_wconf 89' lang='lat' dir='ltr'>turbatam.</span> <span class='ocrx_word' id='word_1_630' title='bbox 2514 2785 2920 2839; x_wconf 80' lang='lat' dir='ltr'>Verumtamen</span> <span class='ocrx_word' id='word_1_631' title='bbox 2964 2785 3114 2839; x_wconf 88' lang='lat' dir='ltr'>Deus</span> <span class='ocrx_word' id='word_1_632' title='bbox 3165 2784 3537 2839; x_wconf 74' lang='lat' dir='ltr'>offensionem</span> <span class='ocrx_word' id='word_1_633' title='bbox 3582 2784 3750 2840; x_wconf 88' lang='lat' dir='ltr'>illam</span> <span class='ocrx_word' id='word_1_634' title='bbox 3796 2787 3874 2841; x_wconf 87' lang='lat' dir='ltr'>ita</span> 
     </span>
    </p>
   </div>
   <div class='ocr_carea' id='block_1_91' title="bbox 2161 2873 3870 2946">
    <p class='ocr_par' dir='ltr' id='par_1_91' title="bbox 2161 2873 3870 2946">
     <span class='ocr_line' id='line_1_91' title="bbox 2161 2873 3870 2946; baseline 0.001 -18"><span class='ocrx_word' id='word_1_635' title='bbox 2161 2874 2396 2941; x_wconf 83' lang='lat' dir='ltr'>sedavit,</span> <span class='ocrx_word' id='word_1_636' title='bbox 2426 2877 2490 2928; x_wconf 90' lang='lat' dir='ltr'>ut</span> <span class='ocrx_word' id='word_1_637' title='bbox 2519 2873 2652 2928; x_wconf 90' lang='lat' dir='ltr'>inde</span> <span class='ocrx_word' id='word_1_638' title='bbox 2674 2874 2804 2943; x_wconf 90' lang='lat' dir='ltr'>plus</span> <span class='ocrx_word' id='word_1_639' title='bbox 2832 2873 3138 2945; x_wconf 88' lang='lat' dir='ltr'>voluptatis</span> <span class='ocrx_word' id='word_1_640' title='bbox 3157 2879 3385 2945; x_wconf 89' lang='lat' dir='ltr'>caperet</span> <span class='ocrx_word' id='word_1_641' title='bbox 3405 2873 3672 2935; x_wconf 88' lang='lat' dir='ltr'>Ecclesia.</span> <span class='ocrx_word' id='word_1_642' title='bbox 3694 2892 3870 2946; x_wconf 86' lang='lat' dir='ltr'>quam</span> 
     </span>
    </p>
   </div>
   <div class='ocr_carea' id='block_1_92' title="bbox 2161 2962 3869 3034">
    <p class='ocr_par' dir='ltr' id='par_1_92' title="bbox 2161 2962 3869 3034">
     <span class='ocr_line' id='line_1_92' title="bbox 2161 2962 3869 3034; baseline 0.001 -17"><span class='ocrx_word' id='word_1_643' title='bbox 2161 2967 2291 3018; x_wconf 87' lang='lat' dir='ltr'>ante</span> <span class='ocrx_word' id='word_1_644' title='bbox 2338 2980 2406 3017; x_wconf 88' lang='lat' dir='ltr'>ex</span> <span class='ocrx_word' id='word_1_645' title='bbox 2465 2963 2729 3017; x_wconf 87' lang='lat' dir='ltr'>seandalo</span> <span class='ocrx_word' id='word_1_646' title='bbox 2790 2966 3017 3034; x_wconf 86' lang='lat' dir='ltr'>ceperat</span> <span class='ocrx_word' id='word_1_647' title='bbox 3068 2963 3442 3034; x_wconf 60' lang='lat' dir='ltr'>aegritudinis.</span> <span class='ocrx_word' id='word_1_648' title='bbox 3509 2962 3656 3018; x_wconf 90' lang='lat' dir='ltr'>Cum</span> <span class='ocrx_word' id='word_1_649' title='bbox 3717 2964 3869 3019; x_wconf 79' lang='lat' dir='ltr'>enim</span> 
     </span>
    </p>
   </div>
   <div class='ocr_carea' id='block_1_93' title="bbox 2158 3050 3870 3123">
    <p class='ocr_par' dir='ltr' id='par_1_93' title="bbox 2158 3050 3870 3123">
     <span class='ocr_line' id='line_1_93' title="bbox 2158 3050 3870 3123; baseline 0 -16"><span class='ocrx_word' id='word_1_650' title='bbox 2158 3051 2533 3107; x_wconf 82' lang='lat' dir='ltr'>Maximianus</span> <span class='ocrx_word' id='word_1_651' title='bbox 2570 3050 2936 3122; x_wconf 89' lang='lat' dir='ltr'>intelligeret,</span> <span class='ocrx_word' id='word_1_652' title='bbox 2981 3051 3262 3106; x_wconf 90' lang='lat' dir='ltr'>honorem</span> <span class='ocrx_word' id='word_1_653' title='bbox 3303 3051 3691 3123; x_wconf 89' lang='lat' dir='ltr'>episcopalem</span> <span class='ocrx_word' id='word_1_654' title='bbox 3735 3054 3870 3107; x_wconf 83' lang='lat' dir='ltr'>reti-</span> 
     </span>
    </p>
   </div>
   <div class='ocr_carea' id='block_1_94' title="bbox 2158 3139 3869 3213">
    <p class='ocr_par' dir='ltr' id='par_1_94' title="bbox 2158 3139 3869 3213">
     <span class='ocr_line' id='line_1_94' title="bbox 2158 3139 3869 3213; baseline 0 -18"><span class='ocrx_word' id='word_1_655' title='bbox 2158 3156 2296 3195; x_wconf 91' lang='lat' dir='ltr'>nere</span> <span class='ocrx_word' id='word_1_656' title='bbox 2334 3157 2392 3195; x_wconf 92' lang='lat' dir='ltr'>se</span> <span class='ocrx_word' id='word_1_657' title='bbox 2436 3157 2555 3195; x_wconf 90' lang='lat' dir='ltr'>non</span> <span class='ocrx_word' id='word_1_658' title='bbox 2592 3156 2780 3211; x_wconf 88' lang='lat' dir='ltr'>posse,</span> <span class='ocrx_word' id='word_1_659' title='bbox 2822 3140 2963 3211; x_wconf 90' lang='lat' dir='ltr'>quin</span> <span class='ocrx_word' id='word_1_660' title='bbox 2999 3140 3244 3195; x_wconf 87' lang='lat' dir='ltr'>Ecclesia</span> <span class='ocrx_word' id='word_1_661' title='bbox 3284 3139 3439 3211; x_wconf 90' lang='lat' dir='ltr'>turpi</span> <span class='ocrx_word' id='word_1_662' title='bbox 3488 3139 3869 3213; x_wconf 89' lang='lat' dir='ltr'>dissensione,</span> 
     </span>
    </p>
   </div>
   <div class='ocr_carea' id='block_1_95' title="bbox 2158 3229 3872 3301">
    <p class='ocr_par' dir='ltr' id='par_1_95' title="bbox 2158 3229 3872 3301">
     <span class='ocr_line' id='line_1_95' title="bbox 2158 3229 3872 3301; baseline 0.001 -18"><span class='ocrx_word' id='word_1_663' title='bbox 2158 3246 2288 3301; x_wconf 79' lang='lat' dir='ltr'>quae</span> <span class='ocrx_word' id='word_1_664' title='bbox 2313 3230 2457 3285; x_wconf 89' lang='lat' dir='ltr'>forte</span> <span class='ocrx_word' id='word_1_665' title='bbox 2483 3229 2689 3284; x_wconf 88' lang='lat' dir='ltr'>Christi</span> <span class='ocrx_word' id='word_1_666' title='bbox 2710 3229 2983 3283; x_wconf 89' lang='lat' dir='ltr'>membris</span> <span class='ocrx_word' id='word_1_667' title='bbox 3007 3245 3279 3300; x_wconf 86' lang='lat' dir='ltr'>magnam</span> <span class='ocrx_word' id='word_1_668' title='bbox 3298 3244 3526 3300; x_wconf 88' lang='lat' dir='ltr'>quoque</span> <span class='ocrx_word' id='word_1_669' title='bbox 3546 3229 3872 3299; x_wconf 86' lang='lat' dir='ltr'>perniciem</span> 
     </span>
    </p>
   </div>
   <div class='ocr_carea' id='block_1_96' title="bbox 2157 3316 3869 3389">
    <p class='ocr_par' dir='ltr' id='par_1_96' title="bbox 2157 3316 3869 3389">
     <span class='ocr_line' id='line_1_96' title="bbox 2157 3316 3869 3389; baseline 0 -18"><span class='ocrx_word' id='word_1_670' title='bbox 2157 3318 2398 3372; x_wconf 86' lang='lat' dir='ltr'>allatura</span> <span class='ocrx_word' id='word_1_671' title='bbox 2436 3322 2602 3384; x_wconf 89' lang='lat' dir='ltr'>esset,</span> <span class='ocrx_word' id='word_1_672' title='bbox 2633 3316 2970 3387; x_wconf 89' lang='lat' dir='ltr'>agitaretur,</span> <span class='ocrx_word' id='word_1_673' title='bbox 3002 3317 3188 3388; x_wconf 92' lang='lat' dir='ltr'>posita</span> <span class='ocrx_word' id='word_1_674' title='bbox 3224 3316 3502 3388; x_wconf 89' lang='lat' dir='ltr'>dignitate</span> <span class='ocrx_word' id='word_1_675' title='bbox 3532 3317 3869 3389; x_wconf 79' lang='lat' dir='ltr'>declaravit,</span> 
     </span>
    </p>
   </div>
   <div class='ocr_carea' id='block_1_97' title="bbox 2158 3404 3864 3477">
    <p class='ocr_par' dir='ltr' id='par_1_97' title="bbox 2158 3404 3864 3477">
     <span class='ocr_line' id='line_1_97' title="bbox 2158 3404 3864 3477; baseline 0 -16"><span class='ocrx_word' id='word_1_676' title='bbox 2158 3422 2216 3461; x_wconf 89' lang='lat' dir='ltr'>se</span> <span class='ocrx_word' id='word_1_677' title='bbox 2245 3422 2361 3461; x_wconf 92' lang='lat' dir='ltr'>non</span> <span class='ocrx_word' id='word_1_678' title='bbox 2380 3422 2510 3477; x_wconf 62' lang='lat' dir='ltr'>quas</span> <span class='ocrx_word' id='word_1_679' title='bbox 2534 3422 2636 3460; x_wconf 90' lang='lat' dir='ltr'>sua</span> <span class='ocrx_word' id='word_1_680' title='bbox 2664 3409 2872 3465; x_wconf 89' lang='lat' dir='ltr'>essent,</span> <span class='ocrx_word' id='word_1_681' title='bbox 2905 3411 3003 3459; x_wconf 87' lang='lat' dir='ltr'>sed</span> <span class='ocrx_word' id='word_1_682' title='bbox 3027 3421 3157 3476; x_wconf 72' lang='lat' dir='ltr'>quas</span> <span class='ocrx_word' id='word_1_683' title='bbox 3178 3407 3309 3461; x_wconf 85' lang='lat' dir='ltr'>Jesu</span> <span class='ocrx_word' id='word_1_684' title='bbox 3338 3404 3545 3461; x_wconf 87' lang='lat' dir='ltr'>Christi</span> <span class='ocrx_word' id='word_1_685' title='bbox 3564 3421 3864 3476; x_wconf 63' lang='lat' dir='ltr'>quaerere;</span> 
     </span>
    </p>
   </div>
   <div class='ocr_carea' id='block_1_98' title="bbox 2158 3493 3869 3565">
    <p class='ocr_par' dir='ltr' id='par_1_98' title="bbox 2158 3493 3869 3565">
     <span class='ocr_line' id='line_1_98' title="bbox 2158 3493 3869 3565; baseline -0.001 -14"><span class='ocrx_word' id='word_1_686' title='bbox 2158 3495 2227 3551; x_wconf 87' lang='lat' dir='ltr'>ab</span> <span class='ocrx_word' id='word_1_687' title='bbox 2257 3494 2744 3550; x_wconf 88' lang='lat' dir='ltr'>schismaticorum</span> <span class='ocrx_word' id='word_1_688' title='bbox 2776 3495 3035 3565; x_wconf 90' lang='lat' dir='ltr'>partibus</span> <span class='ocrx_word' id='word_1_689' title='bbox 3055 3493 3276 3549; x_wconf 88' lang='lat' dir='ltr'>sincero</span> <span class='ocrx_word' id='word_1_690' title='bbox 3298 3493 3590 3548; x_wconf 87' lang='lat' dir='ltr'>charitatis</span> <span class='ocrx_word' id='word_1_691' title='bbox 3615 3510 3682 3548; x_wconf 90' lang='lat' dir='ltr'>ac</span> <span class='ocrx_word' id='word_1_692' title='bbox 3709 3495 3869 3565; x_wconf 84' lang='lat' dir='ltr'>pacis</span> 
     </span>
    </p>
   </div>
   <div class='ocr_carea' id='block_1_99' title="bbox 2157 3582 3867 3655">
    <p class='ocr_par' dir='ltr' id='par_1_99' title="bbox 2157 3582 3867 3655">
     <span class='ocr_line' id='line_1_99' title="bbox 2157 3582 3867 3655; baseline 0 -17"><span class='ocrx_word' id='word_1_693' title='bbox 2157 3584 2346 3639; x_wconf 89' lang='lat' dir='ltr'>studio</span> <span class='ocrx_word' id='word_1_694' title='bbox 2394 3582 2800 3655; x_wconf 87' lang='lat' dir='ltr'>transfugisse;</span> <span class='ocrx_word' id='word_1_695' title='bbox 2844 3583 2953 3638; x_wconf 90' lang='lat' dir='ltr'>sibi</span> <span class='ocrx_word' id='word_1_696' title='bbox 2991 3598 3183 3637; x_wconf 85' lang='lat' dir='ltr'>veram</span> <span class='ocrx_word' id='word_1_697' title='bbox 3222 3583 3404 3638; x_wconf 89' lang='lat' dir='ltr'>inesse</span> <span class='ocrx_word' id='word_1_698' title='bbox 3449 3582 3867 3649; x_wconf 86' lang='lat' dir='ltr'>humilitatem,</span> 
     </span>
    </p>
   </div>
   <div class='ocr_carea' id='block_1_100' title="bbox 2156 3671 3869 3744">
    <p class='ocr_par' dir='ltr' id='par_1_100' title="bbox 2156 3671 3869 3744">
     <span class='ocr_line' id='line_1_100' title="bbox 2156 3671 3869 3744; baseline 0.001 -17"><span class='ocrx_word' id='word_1_699' title='bbox 2156 3688 2220 3726; x_wconf 91' lang='lat' dir='ltr'>ac</span> <span class='ocrx_word' id='word_1_700' title='bbox 2253 3672 2503 3744; x_wconf 90' lang='lat' dir='ltr'>denique</span> <span class='ocrx_word' id='word_1_701' title='bbox 2550 3671 2879 3740; x_wconf 65' lang='lat' dir='ltr'>aedificium,</span> <span class='ocrx_word' id='word_1_702' title='bbox 2913 3672 3067 3744; x_wconf 87' lang='lat' dir='ltr'>quod</span> <span class='ocrx_word' id='word_1_703' title='bbox 3117 3672 3241 3743; x_wconf 91' lang='lat' dir='ltr'>ejus</span> <span class='ocrx_word' id='word_1_704' title='bbox 3275 3672 3337 3725; x_wconf 93' lang='lat' dir='ltr'>in</span> <span class='ocrx_word' id='word_1_705' title='bbox 3378 3671 3571 3726; x_wconf 89' lang='lat' dir='ltr'>animo</span> <span class='ocrx_word' id='word_1_706' title='bbox 3604 3672 3869 3728; x_wconf 82' lang='lat' dir='ltr'>Christus</span> 
     </span>
    </p>
   </div>
   <div class='ocr_carea' id='block_1_101' title="bbox 2154 3760 3866 3828">
    <p class='ocr_par' dir='ltr' id='par_1_101' title="bbox 2154 3760 3866 3828">
     <span class='ocr_line' id='line_1_101' title="bbox 2154 3760 3866 3828; baseline 0 -12"><span class='ocrx_word' id='word_1_707' title='bbox 2154 3761 2444 3828; x_wconf 83' lang='lat' dir='ltr'>excitarat,</span> <span class='ocrx_word' id='word_1_708' title='bbox 2477 3761 2617 3816; x_wconf 86' lang='lat' dir='ltr'>adeo</span> <span class='ocrx_word' id='word_1_709' title='bbox 2644 3761 2877 3815; x_wconf 84' lang='lat' dir='ltr'>ﬁrmum</span> <span class='ocrx_word' id='word_1_710' title='bbox 2907 3776 3047 3828; x_wconf 91' lang='lat' dir='ltr'>esse,</span> <span class='ocrx_word' id='word_1_711' title='bbox 3072 3765 3137 3816; x_wconf 93' lang='lat' dir='ltr'>ut</span> <span class='ocrx_word' id='word_1_712' title='bbox 3155 3767 3273 3816; x_wconf 91' lang='lat' dir='ltr'>tam</span> <span class='ocrx_word' id='word_1_713' title='bbox 3303 3760 3557 3816; x_wconf 62' lang='lat' dir='ltr'>molestae</span> <span class='ocrx_word' id='word_1_714' title='bbox 3588 3762 3866 3816; x_wconf 80' lang='lat' dir='ltr'>tentatio-</span> 
     </span>
    </p>
   </div>
   <div class='ocr_carea' id='block_1_102' title="bbox 2153 3850 3866 3923">
    <p class='ocr_par' dir='ltr' id='par_1_102' title="bbox 2153 3850 3866 3923">
     <span class='ocr_line' id='line_1_102' title="bbox 2153 3850 3866 3923; baseline -0.001 -17"><span class='ocrx_word' id='word_1_715' title='bbox 2153 3851 2243 3906; x_wconf 91' lang='lat' dir='ltr'>nis</span> <span class='ocrx_word' id='word_1_716' title='bbox 2270 3852 2579 3923; x_wconf 87' lang='lat' dir='ltr'>procellam</span> <span class='ocrx_word' id='word_1_717' title='bbox 2608 3852 3009 3907; x_wconf 90' lang='lat' dir='ltr'>inconcussum</span> <span class='ocrx_word' id='word_1_718' title='bbox 3031 3850 3357 3906; x_wconf 86' lang='lat' dir='ltr'>sustineret.</span> <span class='ocrx_word' id='word_1_719' title='bbox 3391 3852 3521 3905; x_wconf 85' lang='lat' dir='ltr'>Post</span> <span class='ocrx_word' id='word_1_720' title='bbox 3550 3851 3678 3921; x_wconf 89' lang='lat' dir='ltr'>ejus</span> <span class='ocrx_word' id='word_1_721' title='bbox 3703 3850 3866 3905; x_wconf 86' lang='lat' dir='ltr'>abdi-</span> 
     </span>
    </p>
   </div>
   <div class='ocr_carea' id='block_1_103' title="bbox 2154 3938 3868 4011">
    <p class='ocr_par' dir='ltr' id='par_1_103' title="bbox 2154 3938 3868 4011">
     <span class='ocr_line' id='line_1_103' title="bbox 2154 3938 3868 4011; baseline 0 -16"><span class='ocrx_word' id='word_1_722' title='bbox 2154 3941 2438 3995; x_wconf 91' lang='lat' dir='ltr'>cationem</span> <span class='ocrx_word' id='word_1_723' title='bbox 2497 3940 2707 3994; x_wconf 80' lang='lat' dir='ltr'>electus</span> <span class='ocrx_word' id='word_1_724' title='bbox 2762 3945 2869 4010; x_wconf 89' lang='lat' dir='ltr'>est,</span> <span class='ocrx_word' id='word_1_725' title='bbox 2929 3939 3031 4011; x_wconf 92' lang='lat' dir='ltr'>qui</span> <span class='ocrx_word' id='word_1_726' title='bbox 3078 3939 3129 3994; x_wconf 88' lang='lat' dir='ltr'>ei</span> <span class='ocrx_word' id='word_1_727' title='bbox 3182 3938 3526 4008; x_wconf 90' lang='lat' dir='ltr'>succederet,</span> <span class='ocrx_word' id='word_1_728' title='bbox 3577 3940 3868 3995; x_wconf 87' lang='lat' dir='ltr'>Castorius</span> 
     </span>
    </p>
   </div>
   <div class='ocr_carea' id='block_1_104' title="bbox 2154 4025 3864 4100">
    <p class='ocr_par' dir='ltr' id='par_1_104' title="bbox 2154 4025 3864 4100">
     <span class='ocr_line' id='line_1_104' title="bbox 2154 4025 3864 4100; baseline -0.001 -17"><span class='ocrx_word' id='word_1_729' title='bbox 2154 4044 2463 4100; x_wconf 87' lang='lat' dir='ltr'>germanus</span> <span class='ocrx_word' id='word_1_730' title='bbox 2503 4027 2627 4097; x_wconf 79' lang='lat' dir='ltr'>eius</span> <span class='ocrx_word' id='word_1_731' title='bbox 2664 4027 2860 4082; x_wconf 90' lang='lat' dir='ltr'>frater.</span> <span class='ocrx_word' id='word_1_732' title='bbox 2902 4028 3083 4095; x_wconf 87' lang='lat' dir='ltr'>Hunc,</span> <span class='ocrx_word' id='word_1_733' title='bbox 3125 4043 3197 4081; x_wconf 92' lang='lat' dir='ltr'>ne</span> <span class='ocrx_word' id='word_1_734' title='bbox 3241 4025 3536 4098; x_wconf 88' lang='lat' dir='ltr'>dignitatis</span> <span class='ocrx_word' id='word_1_735' title='bbox 3565 4026 3733 4081; x_wconf 89' lang='lat' dir='ltr'>istius</span> <span class='ocrx_word' id='word_1_736' title='bbox 3775 4028 3864 4082; x_wconf 91' lang='lat' dir='ltr'>vi-</span> 
     </span>
    </p>
   </div>
   <div class='ocr_carea' id='block_1_105' title="bbox 2150 4111 3860 4184">
    <p class='ocr_par' dir='ltr' id='par_1_105' title="bbox 2150 4111 3860 4184">
     <span class='ocr_line' id='line_1_105' title="bbox 2150 4111 3860 4184; baseline 0 -16"><span class='ocrx_word' id='word_1_737' title='bbox 2150 4113 2341 4169; x_wconf 75' lang='lat' dir='ltr'>tanda:</span> <span class='ocrx_word' id='word_1_738' title='bbox 2381 4129 2550 4167; x_wconf 90' lang='lat' dir='ltr'>causa</span> <span class='ocrx_word' id='word_1_739' title='bbox 2586 4113 2830 4184; x_wconf 86' lang='lat' dir='ltr'>fugeret,</span> <span class='ocrx_word' id='word_1_740' title='bbox 2872 4117 3069 4167; x_wconf 88' lang='lat' dir='ltr'>tenere</span> <span class='ocrx_word' id='word_1_741' title='bbox 3112 4111 3261 4183; x_wconf 90' lang='lat' dir='ltr'>jussi</span> <span class='ocrx_word' id='word_1_742' title='bbox 3304 4115 3439 4166; x_wconf 91' lang='lat' dir='ltr'>sunt</span> <span class='ocrx_word' id='word_1_743' title='bbox 3486 4111 3860 4182; x_wconf 84' lang='lat' dir='ltr'>Vaginenses.</span> 
     </span>
    </p>
   </div>
   <div class='ocr_carea' id='block_1_106' title="bbox 2151 4200 3864 4273">
    <p class='ocr_par' dir='ltr' id='par_1_106' title="bbox 2151 4200 3864 4273">
     <span class='ocr_line' id='line_1_106' title="bbox 2151 4200 3864 4273; baseline -0.001 -16"><span class='ocrx_word' id='word_1_744' title='bbox 2151 4202 2389 4273; x_wconf 80' lang='lat' dir='ltr'>Alypius</span> <span class='ocrx_word' id='word_1_745' title='bbox 2418 4206 2611 4255; x_wconf 89' lang='lat' dir='ltr'>autem</span> <span class='ocrx_word' id='word_1_746' title='bbox 2641 4205 2814 4272; x_wconf 90' lang='lat' dir='ltr'>atque</span> <span class='ocrx_word' id='word_1_747' title='bbox 2836 4200 3191 4271; x_wconf 84' lang='lat' dir='ltr'>Augustinus</span> <span class='ocrx_word' id='word_1_748' title='bbox 3211 4200 3479 4255; x_wconf 88' lang='lat' dir='ltr'>eumdem</span> <span class='ocrx_word' id='word_1_749' title='bbox 3508 4216 3611 4272; x_wconf 91' lang='lat' dir='ltr'>per</span> <span class='ocrx_word' id='word_1_750' title='bbox 3640 4201 3864 4256; x_wconf 87' lang='lat' dir='ltr'>litteras</span> 
     </span>
    </p>
   </div>
   <div class='ocr_carea' id='block_1_107' title="bbox 2151 4288 3864 4361">
    <p class='ocr_par' dir='ltr' id='par_1_107' title="bbox 2151 4288 3864 4361">
     <span class='ocr_line' id='line_1_107' title="bbox 2151 4288 3864 4361; baseline -0.001 -16"><span class='ocrx_word' id='word_1_751' title='bbox 2151 4290 2362 4345; x_wconf 89' lang='lat' dir='ltr'>hortati</span> <span class='ocrx_word' id='word_1_752' title='bbox 2409 4294 2563 4357; x_wconf 90' lang='lat' dir='ltr'>sunt,</span> <span class='ocrx_word' id='word_1_753' title='bbox 2614 4292 2679 4343; x_wconf 88' lang='lat' dir='ltr'>ut</span> <span class='ocrx_word' id='word_1_754' title='bbox 2725 4288 3120 4361; x_wconf 89' lang='lat' dir='ltr'>episcopatum</span> <span class='ocrx_word' id='word_1_755' title='bbox 3164 4289 3477 4360; x_wconf 89' lang='lat' dir='ltr'>susciperet</span> <span class='ocrx_word' id='word_1_756' title='bbox 3524 4289 3864 4344; x_wconf 77' lang='lat' dir='ltr'>Maximiani</span> 
     </span>
    </p>
   </div>
   <div class='ocr_carea' id='block_1_108' title="bbox 2151 4377 3863 4450">
    <p class='ocr_par' dir='ltr' id='par_1_108' title="bbox 2151 4377 3863 4450">
     <span class='ocr_line' id='line_1_108' title="bbox 2151 4377 3863 4450; baseline -0.001 -17"><span class='ocrx_word' id='word_1_757' title='bbox 2151 4377 2342 4434; x_wconf 89' lang='lat' dir='ltr'>fratris</span> <span class='ocrx_word' id='word_1_758' title='bbox 2387 4378 2495 4443; x_wconf 89' lang='lat' dir='ltr'>sui,</span> <span class='ocrx_word' id='word_1_759' title='bbox 2532 4393 2705 4450; x_wconf 91' lang='lat' dir='ltr'>quem</span> <span class='ocrx_word' id='word_1_760' title='bbox 2736 4377 2846 4448; x_wconf 88' lang='lat' dir='ltr'>ipsi</span> <span class='ocrx_word' id='word_1_761' title='bbox 2878 4378 3061 4432; x_wconf 82' lang='lat' dir='ltr'>tilium</span> <span class='ocrx_word' id='word_1_762' title='bbox 3103 4393 3272 4432; x_wconf 90' lang='lat' dir='ltr'>suum</span> <span class='ocrx_word' id='word_1_763' title='bbox 3318 4379 3536 4438; x_wconf 81' lang='lat' dir='ltr'>vocant,</span> <span class='ocrx_word' id='word_1_764' title='bbox 3568 4381 3747 4448; x_wconf 90' lang='lat' dir='ltr'>atque</span> <span class='ocrx_word' id='word_1_765' title='bbox 3790 4377 3863 4432; x_wconf 84' lang='lat' dir='ltr'>ob</span> 
     </span>
    </p>
   </div>
   <div class='ocr_carea' id='block_1_109' title="bbox 2152 4464 3864 4537">
    <p class='ocr_par' dir='ltr' id='par_1_109' title="bbox 2152 4464 3864 4537">
     <span class='ocr_line' id='line_1_109' title="bbox 2152 4464 3864 4537; baseline 0 -15"><span class='ocrx_word' id='word_1_766' title='bbox 2152 4468 2535 4523; x_wconf 82' lang='lat' dir='ltr'>voluntariam</span> <span class='ocrx_word' id='word_1_767' title='bbox 2565 4465 2789 4537; x_wconf 88' lang='lat' dir='ltr'>proprii</span> <span class='ocrx_word' id='word_1_768' title='bbox 2817 4466 3074 4521; x_wconf 90' lang='lat' dir='ltr'>muneris</span> <span class='ocrx_word' id='word_1_769' title='bbox 3114 4464 3526 4521; x_wconf 89' lang='lat' dir='ltr'>abdicationem</span> <span class='ocrx_word' id='word_1_770' title='bbox 3561 4466 3864 4537; x_wconf 82' lang='lat' dir='ltr'>exquisitis</span> 
     </span>
    </p>
   </div>
   <div class='ocr_carea' id='block_1_110' title="bbox 2150 4553 3863 4627">
    <p class='ocr_par' dir='ltr' id='par_1_110' title="bbox 2150 4553 3863 4627">
     <span class='ocr_line' id='line_1_110' title="bbox 2150 4553 3863 4627; baseline -0.001 -17"><span class='ocrx_word' id='word_1_771' title='bbox 2150 4556 2414 4611; x_wconf 90' lang='lat' dir='ltr'>laudibus</span> <span class='ocrx_word' id='word_1_772' title='bbox 2444 4557 2886 4627; x_wconf 88' lang='lat' dir='ltr'>prosequuntur.</span> <span class='ocrx_word' id='word_1_773' title='bbox 2921 4556 3076 4609; x_wconf 83' lang='lat' dir='ltr'>Hanc</span> <span class='ocrx_word' id='word_1_774' title='bbox 3094 4553 3455 4626; x_wconf 90' lang='lat' dir='ltr'>potissimum</span> <span class='ocrx_word' id='word_1_775' title='bbox 3474 4554 3723 4609; x_wconf 89' lang='lat' dir='ltr'>habebat</span> <span class='ocrx_word' id='word_1_776' title='bbox 3741 4571 3863 4625; x_wconf 76' lang='lat' dir='ltr'>pra:</span> 
     </span>
    </p>
   </div>
   <div class='ocr_carea' id='block_1_111' title="bbox 2152 4642 3863 4715">
    <p class='ocr_par' dir='ltr' id='par_1_111' title="bbox 2152 4642 3863 4715">
     <span class='ocr_line' id='line_1_111' title="bbox 2152 4642 3863 4715; baseline -0.001 -16"><span class='ocrx_word' id='word_1_777' title='bbox 2152 4645 2331 4700; x_wconf 90' lang='lat' dir='ltr'>oculis</span> <span class='ocrx_word' id='word_1_778' title='bbox 2359 4643 2735 4715; x_wconf 90' lang='lat' dir='ltr'>Augustinus,</span> <span class='ocrx_word' id='word_1_779' title='bbox 2764 4658 2895 4697; x_wconf 90' lang='lat' dir='ltr'>cum</span> <span class='ocrx_word' id='word_1_780' title='bbox 2933 4644 3152 4715; x_wconf 90' lang='lat' dir='ltr'>aliquot</span> <span class='ocrx_word' id='word_1_781' title='bbox 3180 4646 3310 4713; x_wconf 90' lang='lat' dir='ltr'>post</span> <span class='ocrx_word' id='word_1_782' title='bbox 3338 4642 3504 4697; x_wconf 91' lang='lat' dir='ltr'>annis</span> <span class='ocrx_word' id='word_1_783' title='bbox 3534 4643 3863 4697; x_wconf 81' lang='lat' dir='ltr'>Donatistas</span> 
     </span>
    </p>
   </div>
   <div class='ocr_carea' id='block_1_112' title="bbox 2151 4732 3865 4805">
    <p class='ocr_par' dir='ltr' id='par_1_112' title="bbox 2151 4732 3865 4805">
     <span class='ocr_line' id='line_1_112' title="bbox 2151 4732 3865 4805; baseline -0.002 -16"><span class='ocrx_word' id='word_1_784' title='bbox 2151 4734 2541 4805; x_wconf 90' lang='lat' dir='ltr'>alloqueretur</span> <span class='ocrx_word' id='word_1_785' title='bbox 2568 4733 2629 4788; x_wconf 90' lang='lat' dir='ltr'>in</span> <span class='ocrx_word' id='word_1_786' title='bbox 2650 4733 2773 4789; x_wconf 80' lang='lat' dir='ltr'>haec</span> <span class='ocrx_word' id='word_1_787' title='bbox 2806 4732 2975 4787; x_wconf 90' lang='lat' dir='ltr'>verba</span> <span class='ocrx_word' id='word_1_788' title='bbox 2998 4749 3012 4786; x_wconf 91' lang='lat'><strong>:</strong></span> <span class='ocrx_word' id='word_1_789' title='bbox 3040 4733 3297 4789; x_wconf 88' lang='lat' dir='ltr'>Nonnulli</span> <span class='ocrx_word' id='word_1_790' title='bbox 3323 4736 3513 4787; x_wconf 88' lang='lat' dir='ltr'>sancta</span> <span class='ocrx_word' id='word_1_791' title='bbox 3543 4733 3865 4788; x_wconf 83' lang='lat' dir='ltr'>humilitate</span> 
     </span>
    </p>
   </div>
   <div class='ocr_carea' id='block_1_113' title="bbox 2144 4820 3861 4893">
    <p class='ocr_par' dir='ltr' id='par_1_113' title="bbox 2144 4820 3861 4893">
     <span class='ocr_line' id='line_1_113' title="bbox 2144 4820 3861 4893; baseline -0.001 -17"><span class='ocrx_word' id='word_1_792' title='bbox 2144 4822 2374 4893; x_wconf 74' lang='lat' dir='ltr'>praediti</span> <span class='ocrx_word' id='word_1_793' title='bbox 2403 4823 2534 4887; x_wconf 82' lang='lat' dir='ltr'>viri,</span> <span class='ocrx_word' id='word_1_794' title='bbox 2562 4827 2787 4891; x_wconf 88' lang='lat' dir='ltr'>propter</span> <span class='ocrx_word' id='word_1_795' title='bbox 2821 4820 3073 4891; x_wconf 65' lang='lat' dir='ltr'>quaedam</span> <span class='ocrx_word' id='word_1_796' title='bbox 3100 4822 3159 4874; x_wconf 89' lang='lat' dir='ltr'>in</span> <span class='ocrx_word' id='word_1_797' title='bbox 3182 4834 3237 4875; x_wconf 88' lang='lat' dir='ltr'>se</span> <span class='ocrx_word' id='word_1_798' title='bbox 3275 4820 3622 4889; x_wconf 83' lang='lat' dir='ltr'>offendicula,</span> <span class='ocrx_word' id='word_1_799' title='bbox 3659 4821 3861 4890; x_wconf 86' lang='lat' dir='ltr'>quibus</span> 
     </span>
    </p>
   </div>
   <div class='ocr_carea' id='block_1_114' title="bbox 2143 4911 3863 4981">
    <p class='ocr_par' dir='ltr' id='par_1_114' title="bbox 2143 4911 3863 4981">
     <span class='ocr_line' id='line_1_114' title="bbox 2143 4911 3863 4981; baseline 0 -16"><span class='ocrx_word' id='word_1_800' title='bbox 2143 4913 2238 4981; x_wconf 87' lang='lat' dir='ltr'>pie</span> <span class='ocrx_word' id='word_1_801' title='bbox 2280 4911 2637 4980; x_wconf 88' lang='lat' dir='ltr'>religioseque</span> <span class='ocrx_word' id='word_1_802' title='bbox 2677 4911 3049 4975; x_wconf 86' lang='lat' dir='ltr'>movebantur,</span> <span class='ocrx_word' id='word_1_803' title='bbox 3092 4911 3432 4980; x_wconf 86' lang='lat' dir='ltr'>episcopatus</span> <span class='ocrx_word' id='word_1_804' title='bbox 3476 4911 3723 4977; x_wconf 72' lang='lat' dir='ltr'>ofﬁcium</span> <span class='ocrx_word' id='word_1_805' title='bbox 3752 4926 3863 4965; x_wconf 86' lang='lat' dir='ltr'>non</span> 
     </span>
    </p>
   </div>
   <div class='ocr_carea' id='block_1_115' title="bbox 2148 4997 3862 5068">
    <p class='ocr_par' dir='ltr' id='par_1_115' title="bbox 2148 4997 3862 5068">
     <span class='ocr_line' id='line_1_115' title="bbox 2148 4997 3862 5068; baseline -0.002 -11"><span class='ocrx_word' id='word_1_806' title='bbox 2148 5002 2321 5057; x_wconf 88' lang='lat' dir='ltr'>solum</span> <span class='ocrx_word' id='word_1_807' title='bbox 2367 5003 2483 5053; x_wconf 86' lang='lat' dir='ltr'>sine</span> <span class='ocrx_word' id='word_1_808' title='bbox 2529 5000 2712 5068; x_wconf 88' lang='lat' dir='ltr'>culpa,</span> <span class='ocrx_word' id='word_1_809' title='bbox 2758 5015 2945 5053; x_wconf 86' lang='lat' dir='ltr'>verum</span> <span class='ocrx_word' id='word_1_810' title='bbox 2988 5000 3151 5053; x_wconf 88' lang='lat' dir='ltr'>etiam</span> <span class='ocrx_word' id='word_1_811' title='bbox 3190 5013 3309 5052; x_wconf 91' lang='lat' dir='ltr'>cum</span> <span class='ocrx_word' id='word_1_812' title='bbox 3356 4997 3515 5052; x_wconf 85' lang='lat' dir='ltr'>laude</span> <span class='ocrx_word' id='word_1_813' title='bbox 3554 5006 3862 5067; x_wconf 78' lang='lat' dir='ltr'>posuerunt</span> 
     </span>
    </p>
   </div>
   <div class='ocr_carea' id='block_1_116' title="bbox 2152 5084 3862 5157">
    <p class='ocr_par' dir='ltr' id='par_1_116' title="bbox 2152 5084 3862 5157">
     <span class='ocr_line' id='line_1_116' title="bbox 2152 5084 3862 5157; baseline -0.002 -12"><span class='ocrx_word' id='word_1_814' title='bbox 2152 5090 2367 5157; x_wconf 87' lang='lat' dir='ltr'>(Contra</span> <span class='ocrx_word' id='word_1_815' title='bbox 2395 5089 2750 5154; x_wconf 87' lang='lat' dir='ltr'>Cresconium,</span> <span class='ocrx_word' id='word_1_816' title='bbox 2780 5087 2877 5140; x_wconf 89' lang='lat' dir='ltr'>lib.</span> <span class='ocrx_word' id='word_1_817' title='bbox 2906 5088 2959 5151; x_wconf 84' lang='lat'>2,</span> <span class='ocrx_word' id='word_1_818' title='bbox 2990 5101 3045 5139; x_wconf 82' lang='grc' dir='ltr'>η.</span> <span class='ocrx_word' id='word_1_819' title='bbox 3082 5086 3185 5153; x_wconf 82' lang='lat' dir='ltr'>l3).</span> <span class='ocrx_word' id='word_1_820' title='bbox 3223 5084 3407 5138; x_wconf 87' lang='lat' dir='ltr'>Visuri</span> <span class='ocrx_word' id='word_1_821' title='bbox 3436 5100 3636 5139; x_wconf 89' lang='lat' dir='ltr'>sumus</span> <span class='ocrx_word' id='word_1_822' title='bbox 3662 5086 3731 5141; x_wconf 89' lang='lat' dir='ltr'>ad</span> <span class='ocrx_word' id='word_1_823' title='bbox 3758 5103 3862 5141; x_wconf 87' lang='lat' dir='ltr'>an-</span> 
     </span>
    </p>
   </div>
   <div class='ocr_carea' id='block_1_117' title="bbox 2149 5173 3861 5248">
    <p class='ocr_par' dir='ltr' id='par_1_117' title="bbox 2149 5173 3861 5248">
     <span class='ocr_line' id='line_1_117' title="bbox 2149 5173 3861 5248; baseline -0.001 -17"><span class='ocrx_word' id='word_1_824' title='bbox 2149 5193 2291 5232; x_wconf 90' lang='lat' dir='ltr'>num</span> <span class='ocrx_word' id='word_1_825' title='bbox 2329 5175 2961 5248; x_wconf 89' lang='lat' dir='ltr'>quadringentesimum</span> <span class='ocrx_word' id='word_1_826' title='bbox 2998 5178 3263 5246; x_wconf 91' lang='lat' dir='ltr'>quartum</span> <span class='ocrx_word' id='word_1_827' title='bbox 3320 5173 3747 5229; x_wconf 89' lang='lat' dir='ltr'>Donatistarum</span> <span class='ocrx_word' id='word_1_828' title='bbox 3796 5175 3861 5230; x_wconf 89' lang='lat' dir='ltr'>in</span> 
     </span>
    </p>
   </div>
   <div class='ocr_carea' id='block_1_118' title="bbox 2151 5260 3859 5335">
    <p class='ocr_par' dir='ltr' id='par_1_118' title="bbox 2151 5260 3859 5335">
     <span class='ocr_line' id='line_1_118' title="bbox 2151 5260 3859 5335; baseline -0.002 -15"><span class='ocrx_word' id='word_1_829' title='bbox 2151 5264 2553 5321; x_wconf 85' lang='lat' dir='ltr'>Maximianum</span> <span class='ocrx_word' id='word_1_830' title='bbox 2586 5264 2954 5335; x_wconf 89' lang='lat' dir='ltr'>Bagaiensem</span> <span class='ocrx_word' id='word_1_831' title='bbox 2982 5278 3085 5318; x_wconf 89' lang='lat' dir='ltr'>seu</span> <span class='ocrx_word' id='word_1_832' title='bbox 3109 5260 3487 5333; x_wconf 87' lang='lat' dir='ltr'>Vaginensem</span> <span class='ocrx_word' id='word_1_833' title='bbox 3517 5261 3859 5334; x_wconf 88' lang='lat' dir='ltr'>episcopum</span> 
     </span>
    </p>
   </div>
   <div class='ocr_carea' id='block_1_119' title="bbox 2150 5350 3858 5425">
    <p class='ocr_par' dir='ltr' id='par_1_119' title="bbox 2150 5350 3858 5425">
     <span class='ocr_line' id='line_1_119' title="bbox 2150 5350 3858 5425; baseline -0.002 -15"><span class='ocrx_word' id='word_1_834' title='bbox 2150 5354 2458 5425; x_wconf 88' lang='lat' dir='ltr'>stupendas</span> <span class='ocrx_word' id='word_1_835' title='bbox 2499 5352 2880 5408; x_wconf 88' lang='lat' dir='ltr'>crudelitates.</span> <span class='ocrx_word' id='word_1_836' title='bbox 2930 5350 3123 5407; x_wconf 90' lang='lat' dir='ltr'>Primo</span> <span class='ocrx_word' id='word_1_837' title='bbox 3184 5350 3421 5423; x_wconf 87' lang='lat' dir='ltr'>quidem</span> <span class='ocrx_word' id='word_1_838' title='bbox 3472 5351 3629 5406; x_wconf 89' lang='lat' dir='ltr'>hunc</span> <span class='ocrx_word' id='word_1_839' title='bbox 3685 5351 3858 5407; x_wconf 89' lang='lat' dir='ltr'>illum</span> 
     </span>
    </p>
   </div>
   <div class='ocr_carea' id='block_1_120' title="bbox 2147 5439 3858 5514">
    <p class='ocr_par' dir='ltr' id='par_1_120' title="bbox 2147 5439 3858 5514">
     <span class='ocr_line' id='line_1_120' title="bbox 2147 5439 3858 5514; baseline -0.002 -15"><span class='ocrx_word' id='word_1_840' title='bbox 2147 5443 2321 5500; x_wconf 89' lang='lat' dir='ltr'>fuisse</span> <span class='ocrx_word' id='word_1_841' title='bbox 2350 5441 2771 5508; x_wconf 85' lang='lat' dir='ltr'>Maximianum,</span> <span class='ocrx_word' id='word_1_842' title='bbox 2805 5440 2874 5496; x_wconf 90' lang='lat' dir='ltr'>de</span> <span class='ocrx_word' id='word_1_843' title='bbox 2900 5457 3013 5514; x_wconf 89' lang='lat' dir='ltr'>quo</span> <span class='ocrx_word' id='word_1_844' title='bbox 3051 5440 3143 5496; x_wconf 89' lang='lat' dir='ltr'>hic</span> <span class='ocrx_word' id='word_1_845' title='bbox 3181 5440 3391 5513; x_wconf 88' lang='lat' dir='ltr'>agitur,</span> <span class='ocrx_word' id='word_1_846' title='bbox 3424 5439 3697 5512; x_wconf 90' lang='lat' dir='ltr'>opinatus</span> <span class='ocrx_word' id='word_1_847' title='bbox 3728 5446 3858 5496; x_wconf 86' lang='lat' dir='ltr'>erat</span> 
     </span>
    </p>
   </div>
   <div class='ocr_carea' id='block_1_121' title="bbox 2147 5527 3854 5598">
    <p class='ocr_par' dir='ltr' id='par_1_121' title="bbox 2147 5527 3854 5598">
     <span class='ocr_line' id='line_1_121' title="bbox 2147 5527 3854 5598; baseline -0.002 -12"><span class='ocrx_word' id='word_1_848' title='bbox 2147 5530 2427 5587; x_wconf 89' lang='lat' dir='ltr'>Baronius</span> <span class='ocrx_word' id='word_1_849' title='bbox 2459 5546 2472 5585; x_wconf 92' lang='lat'><strong>:</strong></span> <span class='ocrx_word' id='word_1_850' title='bbox 2506 5528 2711 5587; x_wconf 88' lang='lat' dir='ltr'>deinde</span> <span class='ocrx_word' id='word_1_851' title='bbox 2742 5544 2877 5585; x_wconf 86' lang='lat' dir='ltr'>vero</span> <span class='ocrx_word' id='word_1_852' title='bbox 2918 5527 3175 5585; x_wconf 88' lang='lat' dir='ltr'>diversos</span> <span class='ocrx_word' id='word_1_853' title='bbox 3212 5543 3355 5598; x_wconf 90' lang='lat' dir='ltr'>esse,</span> <span class='ocrx_word' id='word_1_854' title='bbox 3385 5543 3449 5583; x_wconf 90' lang='lat' dir='ltr'>ac</span> <span class='ocrx_word' id='word_1_855' title='bbox 3491 5527 3854 5585; x_wconf 84' lang='lat' dir='ltr'>diversarum</span> 
     </span>
    </p>
   </div>
  </div>
