  <div class='ocr_page' id='page_1' title='image "/cluster/home/n/w/nwhite01/storage/ocr_20150623/32/hvd.32044096580550/174.png"; bbox 0 0 4008 6184; ppageno 0'>
   <div class='ocr_carea' id='block_1_1' title="bbox 179 246 286 299">
    <p class='ocr_par' dir='ltr' id='par_1_1' title="bbox 179 246 286 299">
     <span class='ocr_line' id='line_1_1' title="bbox 179 246 286 299; baseline 0 -1"><span class='ocrx_word' id='word_1_1' title='bbox 179 246 286 299; x_wconf 78' lang='lat'><strong>329</strong></span> 
     </span>
    </p>
   </div>
   <div class='ocr_carea' id='block_1_2' title="bbox 172 358 1873 432">
    <p class='ocr_par' dir='ltr' id='par_1_2' title="bbox 172 358 1873 432">
     <span class='ocr_line' id='line_1_2' title="bbox 172 358 1873 432; baseline 0.001 -16"><span class='ocrx_word' id='word_1_2' title='bbox 172 360 388 416; x_wconf 85' lang='lat' dir='ltr'><strong>sedium</strong></span> <span class='ocrx_word' id='word_1_3' title='bbox 431 358 719 414; x_wconf 80' lang='lat' dir='ltr'><strong>antistites</strong></span> <span class='ocrx_word' id='word_1_4' title='bbox 759 359 1065 415; x_wconf 85' lang='lat' dir='ltr'><strong>afﬁrmavit</strong></span> <span class='ocrx_word' id='word_1_5' title='bbox 1085 360 1393 431; x_wconf 87' lang='lat' dir='ltr'><strong>(Baranius,</strong></span> <span class='ocrx_word' id='word_1_6' title='bbox 1423 360 1499 416; x_wconf 90' lang='lat' dir='ltr'><strong>ad</strong></span> <span class='ocrx_word' id='word_1_7' title='bbox 1525 378 1729 417; x_wconf 87' lang='lat' dir='ltr'><strong>annum</strong></span> <span class='ocrx_word' id='word_1_8' title='bbox 1747 365 1873 432; x_wconf 83' lang='grc'>402,</span> 
     </span>
    </p>
   </div>
   <div class='ocr_carea' id='block_1_3' title="bbox 178 450 1875 523">
    <p class='ocr_par' dir='ltr' id='par_1_3' title="bbox 178 450 1875 523">
     <span class='ocr_line' id='line_1_3' title="bbox 178 450 1875 523; baseline 0.001 -18"><span class='ocrx_word' id='word_1_9' title='bbox 178 468 233 505; x_wconf 87' lang='lat' dir='ltr'><strong>n.</strong></span> <span class='ocrx_word' id='word_1_10' title='bbox 261 452 358 520; x_wconf 79' lang='grc'>62).</span> <span class='ocrx_word' id='word_1_11' title='bbox 384 451 560 521; x_wconf 85' lang='lat' dir='ltr'><strong>Cujus</strong></span> <span class='ocrx_word' id='word_1_12' title='bbox 589 454 882 521; x_wconf 87' lang='lat' dir='ltr'><strong>postrema</strong></span> <span class='ocrx_word' id='word_1_13' title='bbox 912 450 1273 506; x_wconf 86' lang='lat' dir='ltr'><strong>sententiain</strong></span> <span class='ocrx_word' id='word_1_14' title='bbox 1291 467 1358 505; x_wconf 87' lang='lat' dir='ltr'><strong>eo</strong></span> <span class='ocrx_word' id='word_1_15' title='bbox 1390 468 1622 523; x_wconf 90' lang='lat' dir='ltr'><strong>quoque</strong></span> <span class='ocrx_word' id='word_1_16' title='bbox 1653 452 1758 507; x_wconf 91' lang='lat' dir='ltr'><strong>niti</strong></span> <span class='ocrx_word' id='word_1_17' title='bbox 1784 470 1875 523; x_wconf 79' lang='lat' dir='ltr'><strong>po-</strong></span> 
     </span>
    </p>
   </div>
   <div class='ocr_carea' id='block_1_4' title="bbox 181 539 1872 612">
    <p class='ocr_par' dir='ltr' id='par_1_4' title="bbox 181 539 1872 612">
     <span class='ocr_line' id='line_1_4' title="bbox 181 539 1872 612; baseline 0.001 -19"><span class='ocrx_word' id='word_1_18' title='bbox 181 544 295 607; x_wconf 88' lang='lat' dir='ltr'><strong>test,</strong></span> <span class='ocrx_word' id='word_1_19' title='bbox 342 539 505 611; x_wconf 89' lang='lat' dir='ltr'><strong>quod</strong></span> <span class='ocrx_word' id='word_1_20' title='bbox 542 539 899 610; x_wconf 76' lang='lat' dir='ltr'><strong>Augustinus</strong></span> <span class='ocrx_word' id='word_1_21' title='bbox 928 540 1277 609; x_wconf 85' lang='lat' dir='ltr'><strong>peculiarem</strong></span> <span class='ocrx_word' id='word_1_22' title='bbox 1306 540 1444 609; x_wconf 89' lang='lat' dir='ltr'><strong>odii,</strong></span> <span class='ocrx_word' id='word_1_23' title='bbox 1475 557 1588 612; x_wconf 92' lang='lat' dir='ltr'><strong>quo</strong></span> <span class='ocrx_word' id='word_1_24' title='bbox 1618 540 1677 595; x_wconf 92' lang='lat' dir='ltr'><strong>in</strong></span> <span class='ocrx_word' id='word_1_25' title='bbox 1703 542 1872 597; x_wconf 85' lang='lat' dir='ltr'><strong>Maxi-</strong></span> 
     </span>
    </p>
   </div>
   <div class='ocr_carea' id='block_1_5' title="bbox 184 628 1871 699">
    <p class='ocr_par' dir='ltr' id='par_1_5' title="bbox 184 628 1871 699">
     <span class='ocr_line' id='line_1_5' title="bbox 184 628 1871 699; baseline 0.001 -16"><span class='ocrx_word' id='word_1_26' title='bbox 184 630 424 683; x_wconf 85' lang='lat' dir='ltr'><strong>mianum</strong></span> <span class='ocrx_word' id='word_1_27' title='bbox 468 629 854 683; x_wconf 85' lang='lat' dir='ltr'><strong>confessorem</strong></span> <span class='ocrx_word' id='word_1_28' title='bbox 903 628 1220 699; x_wconf 85' lang='lat' dir='ltr'><strong>flagrabant</strong></span> <span class='ocrx_word' id='word_1_29' title='bbox 1265 629 1594 697; x_wconf 68' lang='lat' dir='ltr'><strong>Donatistae,</strong></span> <span class='ocrx_word' id='word_1_30' title='bbox 1644 647 1871 684; x_wconf 86' lang='lat' dir='ltr'><strong>causam</strong></span> 
     </span>
    </p>
   </div>
   <div class='ocr_carea' id='block_1_6' title="bbox 185 718 1872 790">
    <p class='ocr_par' dir='ltr' id='par_1_6' title="bbox 185 718 1872 790">
     <span class='ocr_line' id='line_1_6' title="bbox 185 718 1872 790; baseline 0.001 -19"><span class='ocrx_word' id='word_1_31' title='bbox 185 718 369 784; x_wconf 82' lang='lat' dir='ltr'><strong>refert;</strong></span> <span class='ocrx_word' id='word_1_32' title='bbox 392 734 503 771; x_wconf 91' lang='lat' dir='ltr'><strong>nec</strong></span> <span class='ocrx_word' id='word_1_33' title='bbox 525 722 719 772; x_wconf 91' lang='lat' dir='ltr'><strong>tamen</strong></span> <span class='ocrx_word' id='word_1_34' title='bbox 743 718 879 771; x_wconf 87' lang='lat' dir='ltr'><strong>dicit</strong></span> <span class='ocrx_word' id='word_1_35' title='bbox 908 718 1097 788; x_wconf 91' lang='lat' dir='ltr'><strong>ipsum</strong></span> <span class='ocrx_word' id='word_1_36' title='bbox 1127 735 1328 772; x_wconf 92' lang='lat' dir='ltr'><strong>eorum</strong></span> <span class='ocrx_word' id='word_1_37' title='bbox 1350 722 1539 788; x_wconf 87' lang='lat' dir='ltr'><strong>partes</strong></span> <span class='ocrx_word' id='word_1_38' title='bbox 1563 720 1872 790; x_wconf 87' lang='lat' dir='ltr'><strong>aliquando</strong></span> 
     </span>
    </p>
   </div>
   <div class='ocr_carea' id='block_1_7' title="bbox 182 806 1873 878">
    <p class='ocr_par' dir='ltr' id='par_1_7' title="bbox 182 806 1873 878">
     <span class='ocr_line' id='line_1_7' title="bbox 182 806 1873 878; baseline 0.001 -18"><span class='ocrx_word' id='word_1_39' title='bbox 182 810 450 875; x_wconf 85' lang='lat' dir='ltr'><strong>secutum,</strong></span> <span class='ocrx_word' id='word_1_40' title='bbox 480 807 635 878; x_wconf 87' lang='lat' dir='ltr'><strong>quod</strong></span> <span class='ocrx_word' id='word_1_41' title='bbox 668 806 867 877; x_wconf 90' lang='lat' dir='ltr'><strong>utique</strong></span> <span class='ocrx_word' id='word_1_42' title='bbox 890 806 957 861; x_wconf 87' lang='lat' dir='ltr'><strong>ad</strong></span> <span class='ocrx_word' id='word_1_43' title='bbox 985 807 1216 861; x_wconf 89' lang='lat' dir='ltr'><strong>eosdem</strong></span> <span class='ocrx_word' id='word_1_44' title='bbox 1241 807 1301 861; x_wconf 91' lang='lat' dir='ltr'><strong>in</strong></span> <span class='ocrx_word' id='word_1_45' title='bbox 1322 807 1487 862; x_wconf 91' lang='lat' dir='ltr'><strong>illum</strong></span> <span class='ocrx_word' id='word_1_46' title='bbox 1508 806 1873 862; x_wconf 89' lang='lat' dir='ltr'><strong>concitandos</strong></span> 
     </span>
    </p>
   </div>
   <div class='ocr_carea' id='block_1_8' title="bbox 175 894 1701 967">
    <p class='ocr_par' dir='ltr' id='par_1_8' title="bbox 175 894 1701 967">
     <span class='ocr_line' id='line_1_8' title="bbox 175 894 1701 967; baseline 0.001 -18"><span class='ocrx_word' id='word_1_47' title='bbox 175 894 299 949; x_wconf 83' lang='lat' dir='ltr'><strong>satis</strong></span> <span class='ocrx_word' id='word_1_48' title='bbox 328 911 621 966; x_wconf 84' lang='lat' dir='ltr'><strong>superque</strong></span> <span class='ocrx_word' id='word_1_49' title='bbox 651 894 920 949; x_wconf 90' lang='lat' dir='ltr'><strong>valuisset</strong></span> <span class='ocrx_word' id='word_1_50' title='bbox 951 896 1151 964; x_wconf 96' lang='lat' dir='ltr'><strong>(Epist.</strong></span> <span class='ocrx_word' id='word_1_51' title='bbox 1188 897 1310 964; x_wconf 87' lang='grc'>185,</span> <span class='ocrx_word' id='word_1_52' title='bbox 1340 912 1433 951; x_wconf 88' lang='lat' dir='ltr'><strong>nn.</strong></span> <span class='ocrx_word' id='word_1_53' title='bbox 1464 899 1554 961; x_wconf 90' lang='grc'><strong>27,</strong></span> <span class='ocrx_word' id='word_1_54' title='bbox 1587 898 1701 967; x_wconf 87' lang='grc'>28).</span> 
     </span>
    </p>
   </div>
   <div class='ocr_carea' id='block_1_9' title="bbox 236 982 1873 1055">
    <p class='ocr_par' dir='ltr' id='par_1_9' title="bbox 236 982 1873 1055">
     <span class='ocr_line' id='line_1_9' title="bbox 236 982 1873 1055; baseline -0.001 -16"><span class='ocrx_word' id='word_1_55' title='bbox 236 988 286 1039; x_wconf 85' lang='grc'>3.</span> <span class='ocrx_word' id='word_1_56' title='bbox 343 986 466 1039; x_wconf 90' lang='lat' dir='ltr'><strong>Hoc</strong></span> <span class='ocrx_word' id='word_1_57' title='bbox 512 984 637 1055; x_wconf 89' lang='lat' dir='ltr'><strong>ipso</strong></span> <span class='ocrx_word' id='word_1_58' title='bbox 686 1000 839 1038; x_wconf 91' lang='lat' dir='ltr'><strong>anno</strong></span> <span class='ocrx_word' id='word_1_59' title='bbox 870 983 1435 1055; x_wconf 79' lang='lat' dir='ltr'><strong>quadringentesimo</strong></span> <span class='ocrx_word' id='word_1_60' title='bbox 1460 985 1730 1054; x_wconf 89' lang='lat' dir='ltr'><strong>secundo,</strong></span> <span class='ocrx_word' id='word_1_61' title='bbox 1763 982 1873 1037; x_wconf 89' lang='lat' dir='ltr'><strong>nisi</strong></span> 
     </span>
    </p>
   </div>
   <div class='ocr_carea' id='block_1_10' title="bbox 165 1072 1874 1144">
    <p class='ocr_par' dir='ltr' id='par_1_10' title="bbox 165 1072 1874 1144">
     <span class='ocr_line' id='line_1_10' title="bbox 165 1072 1874 1144; baseline -0.001 -16"><span class='ocrx_word' id='word_1_62' title='bbox 165 1090 263 1128; x_wconf 91' lang='lat' dir='ltr'><strong>nos</strong></span> <span class='ocrx_word' id='word_1_63' title='bbox 319 1074 472 1128; x_wconf 84' lang='lat' dir='ltr'><strong>fallit</strong></span> <span class='ocrx_word' id='word_1_64' title='bbox 520 1074 865 1143; x_wconf 77' lang='lat' dir='ltr'><strong>conjectura,</strong></span> <span class='ocrx_word' id='word_1_65' title='bbox 898 1073 1248 1144; x_wconf 77' lang='lat' dir='ltr'><strong>Augustinus</strong></span> <span class='ocrx_word' id='word_1_66' title='bbox 1280 1072 1687 1144; x_wconf 83' lang='lat' dir='ltr'><strong>Hieronymum</strong></span> <span class='ocrx_word' id='word_1_67' title='bbox 1742 1073 1874 1127; x_wconf 89' lang='lat' dir='ltr'><strong>data</strong></span> 
     </span>
    </p>
   </div>
   <div class='ocr_carea' id='block_1_11' title="bbox 164 1162 1872 1233">
    <p class='ocr_par' dir='ltr' id='par_1_11' title="bbox 164 1162 1872 1233">
     <span class='ocr_line' id='line_1_11' title="bbox 164 1162 1872 1233; baseline -0.001 -17"><span class='ocrx_word' id='word_1_68' title='bbox 164 1163 410 1233; x_wconf 86' lang='lat' dir='ltr'><strong>epistola</strong></span> <span class='ocrx_word' id='word_1_69' title='bbox 455 1164 662 1232; x_wconf 83' lang='lat' dir='ltr'><strong>(Epist.</strong></span> <span class='ocrx_word' id='word_1_70' title='bbox 702 1165 793 1233; x_wconf 91' lang='grc'><strong>67)</strong></span> <span class='ocrx_word' id='word_1_71' title='bbox 834 1163 1073 1233; x_wconf 87' lang='lat' dir='ltr'><strong>rogavit,</strong></span> <span class='ocrx_word' id='word_1_72' title='bbox 1106 1166 1171 1217; x_wconf 92' lang='lat' dir='ltr'><strong>ut</strong></span> <span class='ocrx_word' id='word_1_73' title='bbox 1202 1162 1312 1217; x_wconf 90' lang='lat' dir='ltr'><strong>sibi</strong></span> <span class='ocrx_word' id='word_1_74' title='bbox 1356 1163 1428 1217; x_wconf 90' lang='lat' dir='ltr'><strong>ad</strong></span> <span class='ocrx_word' id='word_1_75' title='bbox 1472 1163 1687 1218; x_wconf 84' lang='lat' dir='ltr'><strong>litteras</strong></span> <span class='ocrx_word' id='word_1_76' title='bbox 1733 1163 1872 1216; x_wconf 84' lang='lat' dir='ltr'><strong>alias</strong></span> 
     </span>
    </p>
   </div>
   <div class='ocr_carea' id='block_1_12' title="bbox 164 1251 1872 1323">
    <p class='ocr_par' dir='ltr' id='par_1_12' title="bbox 164 1251 1872 1323">
     <span class='ocr_line' id='line_1_12' title="bbox 164 1251 1872 1323; baseline 0 -18"><span class='ocrx_word' id='word_1_77' title='bbox 164 1254 371 1320; x_wconf 81' lang='lat' dir='ltr'><strong>(Epist.</strong></span> <span class='ocrx_word' id='word_1_78' title='bbox 413 1252 527 1321; x_wconf 76' lang='grc'>40),</span> <span class='ocrx_word' id='word_1_79' title='bbox 562 1268 704 1323; x_wconf 89' lang='lat' dir='ltr'><strong>quas</strong></span> <span class='ocrx_word' id='word_1_80' title='bbox 734 1252 841 1323; x_wconf 88' lang='lat' dir='ltr'><strong>ipsi</strong></span> <span class='ocrx_word' id='word_1_81' title='bbox 864 1252 987 1322; x_wconf 90' lang='lat' dir='ltr'><strong>jam</strong></span> <span class='ocrx_word' id='word_1_82' title='bbox 1018 1251 1152 1305; x_wconf 93' lang='lat' dir='ltr'><strong>inde</strong></span> <span class='ocrx_word' id='word_1_83' title='bbox 1189 1252 1261 1306; x_wconf 92' lang='lat' dir='ltr'><strong>ab</strong></span> <span class='ocrx_word' id='word_1_84' title='bbox 1291 1268 1442 1306; x_wconf 93' lang='lat' dir='ltr'><strong>anno</strong></span> <span class='ocrx_word' id='word_1_85' title='bbox 1474 1251 1872 1306; x_wconf 88' lang='lat' dir='ltr'><strong>trecentesimo</strong></span> 
     </span>
    </p>
   </div>
   <div class='ocr_carea' id='block_1_13' title="bbox 160 1340 1866 1411">
    <p class='ocr_par' dir='ltr' id='par_1_13' title="bbox 160 1340 1866 1411">
     <span class='ocr_line' id='line_1_13' title="bbox 160 1340 1866 1411; baseline -0.001 -17"><span class='ocrx_word' id='word_1_86' title='bbox 160 1341 542 1411; x_wconf 84' lang='lat' dir='ltr'><strong>nonagesimo</strong></span> <span class='ocrx_word' id='word_1_87' title='bbox 575 1341 815 1411; x_wconf 87' lang='lat' dir='ltr'><strong>septimo</strong></span> <span class='ocrx_word' id='word_1_88' title='bbox 844 1346 1139 1394; x_wconf 84' lang='lat' dir='ltr'><strong>curaverat</strong></span> <span class='ocrx_word' id='word_1_89' title='bbox 1161 1340 1517 1406; x_wconf 87' lang='lat' dir='ltr'><strong>deferendas,</strong></span> <span class='ocrx_word' id='word_1_90' title='bbox 1550 1340 1763 1411; x_wconf 87' lang='lat' dir='ltr'><strong>aliquid</strong></span> <span class='ocrx_word' id='word_1_91' title='bbox 1784 1357 1866 1393; x_wconf 91' lang='lat' dir='ltr'><strong>re-</strong></span> 
     </span>
    </p>
   </div>
   <div class='ocr_carea' id='block_1_14' title="bbox 160 1427 1873 1500">
    <p class='ocr_par' dir='ltr' id='par_1_14' title="bbox 160 1427 1873 1500">
     <span class='ocr_line' id='line_1_14' title="bbox 160 1427 1873 1500; baseline -0.001 -17"><span class='ocrx_word' id='word_1_92' title='bbox 160 1429 364 1500; x_wconf 86' lang='lat' dir='ltr'><strong>sponsi</strong></span> <span class='ocrx_word' id='word_1_93' title='bbox 394 1430 583 1484; x_wconf 87' lang='lat' dir='ltr'><strong>daret.</strong></span> <span class='ocrx_word' id='word_1_94' title='bbox 618 1430 684 1483; x_wconf 91' lang='lat' dir='ltr'><strong>Et</strong></span> <span class='ocrx_word' id='word_1_95' title='bbox 712 1430 801 1483; x_wconf 64' lang='lat' dir='ltr'><strong>hae</strong></span> <span class='ocrx_word' id='word_1_96' title='bbox 831 1429 1064 1500; x_wconf 91' lang='lat' dir='ltr'><strong>quidem</strong></span> <span class='ocrx_word' id='word_1_97' title='bbox 1095 1429 1300 1483; x_wconf 68' lang='lat' dir='ltr'><strong>littera:</strong></span> <span class='ocrx_word' id='word_1_98' title='bbox 1328 1433 1540 1499; x_wconf 68' lang='lat' dir='ltr'><strong>praeter</strong></span> <span class='ocrx_word' id='word_1_99' title='bbox 1566 1427 1873 1499; x_wconf 87' lang='lat' dir='ltr'><strong>Augustini</strong></span> 
     </span>
    </p>
   </div>
   <div class='ocr_carea' id='block_1_15' title="bbox 158 1515 1872 1586">
    <p class='ocr_par' dir='ltr' id='par_1_15' title="bbox 158 1515 1872 1586">
     <span class='ocr_line' id='line_1_15' title="bbox 158 1515 1872 1586; baseline 0 -18"><span class='ocrx_word' id='word_1_100' title='bbox 158 1517 520 1570; x_wconf 78' lang='lat' dir='ltr'><strong>voluntatem</strong></span> <span class='ocrx_word' id='word_1_101' title='bbox 546 1516 645 1570; x_wconf 90' lang='lat' dir='ltr'><strong>diu</strong></span> <span class='ocrx_word' id='word_1_102' title='bbox 690 1532 795 1586; x_wconf 92' lang='lat' dir='ltr'><strong>per</strong></span> <span class='ocrx_word' id='word_1_103' title='bbox 840 1516 1042 1570; x_wconf 89' lang='lat' dir='ltr'><strong>Urbem</strong></span> <span class='ocrx_word' id='word_1_104' title='bbox 1074 1532 1137 1569; x_wconf 92' lang='lat' dir='ltr'><strong>ac</strong></span> <span class='ocrx_word' id='word_1_105' title='bbox 1168 1532 1269 1586; x_wconf 92' lang='lat' dir='ltr'><strong>per</strong></span> <span class='ocrx_word' id='word_1_106' title='bbox 1296 1515 1519 1570; x_wconf 87' lang='lat' dir='ltr'><strong>Italiam</strong></span> <span class='ocrx_word' id='word_1_107' title='bbox 1549 1519 1872 1586; x_wconf 61' lang='lat' dir='ltr'><strong>pervagatae</strong></span> 
     </span>
    </p>
   </div>
   <div class='ocr_carea' id='block_1_16' title="bbox 155 1603 1874 1675">
    <p class='ocr_par' dir='ltr' id='par_1_16' title="bbox 155 1603 1874 1675">
     <span class='ocr_line' id='line_1_16' title="bbox 155 1603 1874 1675; baseline 0 -18"><span class='ocrx_word' id='word_1_108' title='bbox 155 1603 729 1675; x_wconf 83' lang='lat' dir='ltr'><strong>Iuerant,antequam</strong></span> <span class='ocrx_word' id='word_1_109' title='bbox 760 1604 830 1658; x_wconf 90' lang='lat' dir='ltr'><strong>ad</strong></span> <span class='ocrx_word' id='word_1_110' title='bbox 862 1603 1273 1675; x_wconf 83' lang='lat' dir='ltr'><strong>Hieronymum</strong></span> <span class='ocrx_word' id='word_1_111' title='bbox 1296 1604 1681 1675; x_wconf 85' lang='lat' dir='ltr'><strong>pervenirent.</strong></span> <span class='ocrx_word' id='word_1_112' title='bbox 1708 1604 1874 1657; x_wconf 84' lang='lat' dir='ltr'><strong>Cum-</strong></span> 
     </span>
    </p>
   </div>
   <div class='ocr_carea' id='block_1_17' title="bbox 156 1692 1871 1763">
    <p class='ocr_par' dir='ltr' id='par_1_17' title="bbox 156 1692 1871 1763">
     <span class='ocr_line' id='line_1_17' title="bbox 156 1692 1871 1763; baseline -0.001 -17"><span class='ocrx_word' id='word_1_113' title='bbox 156 1709 261 1763; x_wconf 88' lang='lat' dir='ltr'><strong>que</strong></span> <span class='ocrx_word' id='word_1_114' title='bbox 304 1693 375 1746; x_wconf 89' lang='lat' dir='ltr'><strong>in</strong></span> <span class='ocrx_word' id='word_1_115' title='bbox 405 1692 480 1746; x_wconf 90' lang='lat' dir='ltr'><strong>iis</strong></span> <span class='ocrx_word' id='word_1_116' title='bbox 506 1693 813 1746; x_wconf 89' lang='lat' dir='ltr'><strong>nonnullas</strong></span> <span class='ocrx_word' id='word_1_117' title='bbox 849 1693 1021 1763; x_wconf 89' lang='lat' dir='ltr'><strong>hujus</strong></span> <span class='ocrx_word' id='word_1_118' title='bbox 1063 1692 1387 1763; x_wconf 89' lang='lat' dir='ltr'><strong>opiniones,</strong></span> <span class='ocrx_word' id='word_1_119' title='bbox 1419 1693 1517 1747; x_wconf 90' lang='lat' dir='ltr'><strong>sed</strong></span> <span class='ocrx_word' id='word_1_120' title='bbox 1560 1692 1619 1745; x_wconf 90' lang='lat' dir='ltr'><strong>in</strong></span> <span class='ocrx_word' id='word_1_121' title='bbox 1668 1692 1871 1762; x_wconf 86' lang='lat' dir='ltr'><strong>primis</strong></span> 
     </span>
    </p>
   </div>
   <div class='ocr_carea' id='block_1_18' title="bbox 153 1780 1869 1852">
    <p class='ocr_par' dir='ltr' id='par_1_18' title="bbox 153 1780 1869 1852">
     <span class='ocr_line' id='line_1_18' title="bbox 153 1780 1869 1852; baseline 0 -17"><span class='ocrx_word' id='word_1_122' title='bbox 153 1782 216 1835; x_wconf 91' lang='lat' dir='ltr'><strong>de</strong></span> <span class='ocrx_word' id='word_1_123' title='bbox 260 1781 428 1836; x_wconf 83' lang='lat' dir='ltr'><strong>Petri</strong></span> <span class='ocrx_word' id='word_1_124' title='bbox 480 1798 545 1835; x_wconf 89' lang='lat' dir='ltr'><strong>ac</strong></span> <span class='ocrx_word' id='word_1_125' title='bbox 605 1780 767 1835; x_wconf 89' lang='lat' dir='ltr'><strong>Pauli</strong></span> <span class='ocrx_word' id='word_1_126' title='bbox 808 1781 1189 1848; x_wconf 84' lang='lat' dir='ltr'><strong>contentione,</strong></span> <span class='ocrx_word' id='word_1_127' title='bbox 1235 1781 1416 1836; x_wconf 89' lang='lat' dir='ltr'><strong>amice</strong></span> <span class='ocrx_word' id='word_1_128' title='bbox 1473 1782 1629 1836; x_wconf 86' lang='lat' dir='ltr'><strong>idem</strong></span> <span class='ocrx_word' id='word_1_129' title='bbox 1673 1785 1869 1852; x_wconf 89' lang='lat' dir='ltr'><strong>Augu-</strong></span> 
     </span>
    </p>
   </div>
   <div class='ocr_carea' id='block_1_19' title="bbox 157 1870 1870 1941">
    <p class='ocr_par' dir='ltr' id='par_1_19' title="bbox 157 1870 1870 1941">
     <span class='ocr_line' id='line_1_19' title="bbox 157 1870 1870 1941; baseline 0 -18"><span class='ocrx_word' id='word_1_130' title='bbox 157 1870 347 1924; x_wconf 88' lang='lat' dir='ltr'><strong>stinus</strong></span> <span class='ocrx_word' id='word_1_131' title='bbox 404 1871 805 1941; x_wconf 90' lang='lat' dir='ltr'><strong>impugnaret;</strong></span> <span class='ocrx_word' id='word_1_132' title='bbox 885 1870 1020 1923; x_wconf 89' lang='lat' dir='ltr'><strong>hinc</strong></span> <span class='ocrx_word' id='word_1_133' title='bbox 1080 1870 1319 1941; x_wconf 90' lang='lat' dir='ltr'><strong>factum,</strong></span> <span class='ocrx_word' id='word_1_134' title='bbox 1375 1874 1439 1925; x_wconf 92' lang='lat' dir='ltr'><strong>ut</strong></span> <span class='ocrx_word' id='word_1_135' title='bbox 1503 1870 1596 1924; x_wconf 91' lang='lat' dir='ltr'><strong>hic</strong></span> <span class='ocrx_word' id='word_1_136' title='bbox 1661 1870 1870 1924; x_wconf 90' lang='lat' dir='ltr'><strong>librum</strong></span> 
     </span>
    </p>
   </div>
   <div class='ocr_carea' id='block_1_20' title="bbox 149 1958 1868 2027">
    <p class='ocr_par' dir='ltr' id='par_1_20' title="bbox 149 1958 1868 2027">
     <span class='ocr_line' id='line_1_20' title="bbox 149 1958 1868 2027; baseline 0.001 -15"><span class='ocrx_word' id='word_1_137' title='bbox 149 1961 432 2013; x_wconf 69' lang='lat' dir='ltr'><strong>adversus</strong></span> <span class='ocrx_word' id='word_1_138' title='bbox 505 1959 671 2012; x_wconf 91' lang='lat' dir='ltr'><strong>illum</strong></span> <span class='ocrx_word' id='word_1_139' title='bbox 741 1958 1130 2027; x_wconf 87' lang='lat' dir='ltr'><strong>composuisse</strong></span> <span class='ocrx_word' id='word_1_140' title='bbox 1205 1975 1269 2013; x_wconf 89' lang='lat' dir='ltr'><strong>ac</strong></span> <span class='ocrx_word' id='word_1_141' title='bbox 1348 1959 1588 2013; x_wconf 82' lang='lat' dir='ltr'><strong>Romam</strong></span> <span class='ocrx_word' id='word_1_142' title='bbox 1644 1958 1868 2013; x_wconf 87' lang='lat' dir='ltr'><strong>misisse</strong></span> 
     </span>
    </p>
   </div>
   <div class='ocr_carea' id='block_1_21' title="bbox 147 2046 1867 2118">
    <p class='ocr_par' dir='ltr' id='par_1_21' title="bbox 147 2046 1867 2118">
     <span class='ocr_line' id='line_1_21' title="bbox 147 2046 1867 2118; baseline 0 -18"><span class='ocrx_word' id='word_1_143' title='bbox 147 2048 327 2117; x_wconf 88' lang='lat' dir='ltr'><strong>vulgo</strong></span> <span class='ocrx_word' id='word_1_144' title='bbox 372 2046 663 2101; x_wconf 88' lang='lat' dir='ltr'><strong>diceretur</strong></span> <span class='ocrx_word' id='word_1_145' title='bbox 716 2048 918 2116; x_wconf 88' lang='lat' dir='ltr'><strong>(Epist.</strong></span> <span class='ocrx_word' id='word_1_146' title='bbox 968 2050 1055 2110; x_wconf 86' lang='lat'><strong>67,</strong></span> <span class='ocrx_word' id='word_1_147' title='bbox 1105 2063 1161 2102; x_wconf 84' lang='grc' dir='ltr'>η.</span> <span class='ocrx_word' id='word_1_148' title='bbox 1207 2047 1291 2118; x_wconf 87' lang='grc'><strong>2).</strong></span> <span class='ocrx_word' id='word_1_149' title='bbox 1348 2049 1584 2103; x_wconf 87' lang='lat' dir='ltr'><strong>Sanctus</strong></span> <span class='ocrx_word' id='word_1_150' title='bbox 1630 2048 1867 2114; x_wconf 61' lang='lat' dir='ltr'><strong>Pratsul,</strong></span> 
     </span>
    </p>
   </div>
   <div class='ocr_carea' id='block_1_22' title="bbox 144 2135 1862 2206">
    <p class='ocr_par' dir='ltr' id='par_1_22' title="bbox 144 2135 1862 2206">
     <span class='ocr_line' id='line_1_22' title="bbox 144 2135 1862 2206; baseline -0.001 -16"><span class='ocrx_word' id='word_1_151' title='bbox 144 2137 235 2190; x_wconf 92' lang='lat' dir='ltr'><strong>cui</strong></span> <span class='ocrx_word' id='word_1_152' title='bbox 261 2136 534 2191; x_wconf 87' lang='lat' dir='ltr'><strong>nondum</strong></span> <span class='ocrx_word' id='word_1_153' title='bbox 564 2141 918 2206; x_wconf 90' lang='lat' dir='ltr'><strong>compertum</strong></span> <span class='ocrx_word' id='word_1_154' title='bbox 949 2140 1069 2190; x_wconf 90' lang='lat' dir='ltr'><strong>erat</strong></span> <span class='ocrx_word' id='word_1_155' title='bbox 1097 2136 1387 2190; x_wconf 89' lang='lat' dir='ltr'><strong>undenam</strong></span> <span class='ocrx_word' id='word_1_156' title='bbox 1416 2140 1737 2190; x_wconf 88' lang='lat' dir='ltr'><strong>emanasset</strong></span> <span class='ocrx_word' id='word_1_157' title='bbox 1766 2135 1862 2189; x_wconf 90' lang='lat' dir='ltr'><strong>ille</strong></span> 
     </span>
    </p>
   </div>
   <div class='ocr_carea' id='block_1_23' title="bbox 144 2223 1867 2296">
    <p class='ocr_par' dir='ltr' id='par_1_23' title="bbox 144 2223 1867 2296">
     <span class='ocr_line' id='line_1_23' title="bbox 144 2223 1867 2296; baseline -0.001 -17"><span class='ocrx_word' id='word_1_158' title='bbox 144 2242 376 2293; x_wconf 90' lang='lat' dir='ltr'><strong>rumor,</strong></span> <span class='ocrx_word' id='word_1_159' title='bbox 408 2224 755 2296; x_wconf 79' lang='lat' dir='ltr'><strong>Hieronymo</strong></span> <span class='ocrx_word' id='word_1_160' title='bbox 788 2224 957 2278; x_wconf 89' lang='lat' dir='ltr'><strong>etiam</strong></span> <span class='ocrx_word' id='word_1_161' title='bbox 991 2228 1161 2295; x_wconf 91' lang='lat' dir='ltr'><strong>atque</strong></span> <span class='ocrx_word' id='word_1_162' title='bbox 1191 2224 1361 2279; x_wconf 87' lang='lat' dir='ltr'><strong>etiam</strong></span> <span class='ocrx_word' id='word_1_163' title='bbox 1392 2229 1693 2287; x_wconf 85' lang='lat' dir='ltr'><strong>asseverat,</strong></span> <span class='ocrx_word' id='word_1_164' title='bbox 1724 2223 1784 2278; x_wconf 90' lang='lat' dir='ltr'><strong>id</strong></span> <span class='ocrx_word' id='word_1_165' title='bbox 1810 2241 1867 2278; x_wconf 90' lang='lat' dir='ltr'><strong>se</strong></span> 
     </span>
    </p>
   </div>
   <div class='ocr_carea' id='block_1_24' title="bbox 144 2313 1864 2385">
    <p class='ocr_par' dir='ltr' id='par_1_24' title="bbox 144 2313 1864 2385">
     <span class='ocr_line' id='line_1_24' title="bbox 144 2313 1864 2385; baseline -0.001 -17"><span class='ocrx_word' id='word_1_166' title='bbox 144 2316 315 2369; x_wconf 88' lang='lat' dir='ltr'><strong>nullo</strong></span> <span class='ocrx_word' id='word_1_167' title='bbox 363 2320 531 2385; x_wconf 89' lang='lat' dir='ltr'><strong>pacto</strong></span> <span class='ocrx_word' id='word_1_168' title='bbox 574 2313 771 2368; x_wconf 87' lang='lat' dir='ltr'><strong>fecisse</strong></span> <span class='ocrx_word' id='word_1_169' title='bbox 813 2313 966 2385; x_wconf 88' lang='lat' dir='ltr'><strong>quod</strong></span> <span class='ocrx_word' id='word_1_170' title='bbox 1014 2313 1328 2379; x_wconf 89' lang='lat' dir='ltr'><strong>dicebatur,</strong></span> <span class='ocrx_word' id='word_1_171' title='bbox 1371 2329 1477 2367; x_wconf 90' lang='lat' dir='ltr'><strong>nec</strong></span> <span class='ocrx_word' id='word_1_172' title='bbox 1505 2313 1678 2367; x_wconf 93' lang='lat' dir='ltr'><strong>modo</strong></span> <span class='ocrx_word' id='word_1_173' title='bbox 1710 2314 1864 2367; x_wconf 90' lang='lat' dir='ltr'><strong>nolle</strong></span> 
     </span>
    </p>
   </div>
   <div class='ocr_carea' id='block_1_25' title="bbox 145 2400 1864 2473">
    <p class='ocr_par' dir='ltr' id='par_1_25' title="bbox 145 2400 1864 2473">
     <span class='ocr_line' id='line_1_25' title="bbox 145 2400 1864 2473; baseline -0.002 -16"><span class='ocrx_word' id='word_1_174' title='bbox 145 2404 273 2473; x_wconf 86' lang='lat' dir='ltr'><strong>ejus</strong></span> <span class='ocrx_word' id='word_1_175' title='bbox 306 2402 373 2456; x_wconf 93' lang='lat' dir='ltr'><strong>in</strong></span> <span class='ocrx_word' id='word_1_176' title='bbox 396 2420 459 2456; x_wconf 90' lang='lat' dir='ltr'><strong>re</strong></span> <span class='ocrx_word' id='word_1_177' title='bbox 492 2403 609 2456; x_wconf 89' lang='lat' dir='ltr'><strong>ulla</strong></span> <span class='ocrx_word' id='word_1_178' title='bbox 632 2402 921 2456; x_wconf 87' lang='lat' dir='ltr'><strong>incurrere</strong></span> <span class='ocrx_word' id='word_1_179' title='bbox 950 2400 1355 2467; x_wconf 75' lang='lat' dir='ltr'><strong>offensionem;</strong></span> <span class='ocrx_word' id='word_1_180' title='bbox 1389 2401 1488 2455; x_wconf 91' lang='lat' dir='ltr'><strong>sed</strong></span> <span class='ocrx_word' id='word_1_181' title='bbox 1517 2402 1864 2472; x_wconf 88' lang='lat' dir='ltr'><strong>voluptatem</strong></span> 
     </span>
    </p>
   </div>
   <div class='ocr_carea' id='block_1_26' title="bbox 145 2488 1870 2560">
    <p class='ocr_par' dir='ltr' id='par_1_26' title="bbox 145 2488 1870 2560">
     <span class='ocr_line' id='line_1_26' title="bbox 145 2488 1870 2560; baseline -0.001 -15"><span class='ocrx_word' id='word_1_182' title='bbox 145 2508 265 2546; x_wconf 89' lang='lat' dir='ltr'><strong>non</strong></span> <span class='ocrx_word' id='word_1_183' title='bbox 302 2491 658 2545; x_wconf 88' lang='lat' dir='ltr'><strong>mediocrem</strong></span> <span class='ocrx_word' id='word_1_184' title='bbox 684 2494 1113 2560; x_wconf 90' lang='lat' dir='ltr'><strong>percepturum,</strong></span> <span class='ocrx_word' id='word_1_185' title='bbox 1146 2488 1195 2543; x_wconf 90' lang='lat' dir='ltr'><strong>si</strong></span> <span class='ocrx_word' id='word_1_186' title='bbox 1224 2488 1333 2543; x_wconf 89' lang='lat' dir='ltr'><strong>sibi</strong></span> <span class='ocrx_word' id='word_1_187' title='bbox 1363 2505 1484 2543; x_wconf 88' lang='lat' dir='ltr'><strong>una</strong></span> <span class='ocrx_word' id='word_1_188' title='bbox 1512 2506 1643 2544; x_wconf 89' lang='lat' dir='ltr'><strong>cum</strong></span> <span class='ocrx_word' id='word_1_189' title='bbox 1664 2489 1762 2544; x_wconf 92' lang='lat' dir='ltr'><strong>illo</strong></span> <span class='ocrx_word' id='word_1_190' title='bbox 1794 2490 1870 2543; x_wconf 82' lang='lat' dir='ltr'><strong>vi-</strong></span> 
     </span>
    </p>
   </div>
   <div class='ocr_carea' id='block_1_27' title="bbox 147 2578 1867 2649">
    <p class='ocr_par' dir='ltr' id='par_1_27' title="bbox 147 2578 1867 2649">
     <span class='ocr_line' id='line_1_27' title="bbox 147 2578 1867 2649; baseline 0.001 -18"><span class='ocrx_word' id='word_1_191' title='bbox 147 2597 305 2646; x_wconf 85' lang='lat' dir='ltr'><strong>vere,</strong></span> <span class='ocrx_word' id='word_1_192' title='bbox 367 2582 472 2633; x_wconf 87' lang='lat' dir='ltr'><strong>aut</strong></span> <span class='ocrx_word' id='word_1_193' title='bbox 518 2580 719 2633; x_wconf 89' lang='lat' dir='ltr'><strong>saltem</strong></span> <span class='ocrx_word' id='word_1_194' title='bbox 771 2595 904 2633; x_wconf 88' lang='lat' dir='ltr'><strong>eum</strong></span> <span class='ocrx_word' id='word_1_195' title='bbox 943 2579 1141 2632; x_wconf 91' lang='lat' dir='ltr'><strong>crebro</strong></span> <span class='ocrx_word' id='word_1_196' title='bbox 1182 2594 1286 2649; x_wconf 90' lang='lat' dir='ltr'><strong>per</strong></span> <span class='ocrx_word' id='word_1_197' title='bbox 1314 2578 1536 2632; x_wconf 88' lang='lat' dir='ltr'><strong>litteras</strong></span> <span class='ocrx_word' id='word_1_198' title='bbox 1574 2580 1867 2633; x_wconf 91' lang='lat' dir='ltr'><strong>consulere</strong></span> 
     </span>
    </p>
   </div>
   <div class='ocr_carea' id='block_1_28' title="bbox 144 2666 1866 2738">
    <p class='ocr_par' dir='ltr' id='par_1_28' title="bbox 144 2666 1866 2738">
     <span class='ocr_line' id='line_1_28' title="bbox 144 2666 1866 2738; baseline -0.002 -15"><span class='ocrx_word' id='word_1_199' title='bbox 144 2670 225 2723; x_wconf 83' lang='lat' dir='ltr'><strong>fas</strong></span> <span class='ocrx_word' id='word_1_200' title='bbox 264 2673 451 2724; x_wconf 87' lang='lat' dir='ltr'><strong>esset.</strong></span> <span class='ocrx_word' id='word_1_201' title='bbox 484 2669 615 2721; x_wconf 86' lang='lat' dir='ltr'><strong>Erat</strong></span> <span class='ocrx_word' id='word_1_202' title='bbox 642 2668 897 2721; x_wconf 83' lang='lat' dir='ltr'><strong>Asterius</strong></span> <span class='ocrx_word' id='word_1_203' title='bbox 926 2667 1309 2721; x_wconf 87' lang='lat' dir='ltr'><strong>subdiaconus</strong></span> <span class='ocrx_word' id='word_1_204' title='bbox 1340 2666 1399 2720; x_wconf 94' lang='lat' dir='ltr'><strong>in</strong></span> <span class='ocrx_word' id='word_1_205' title='bbox 1433 2667 1752 2738; x_wconf 90' lang='lat' dir='ltr'><strong>procinctu,</strong></span> <span class='ocrx_word' id='word_1_206' title='bbox 1806 2671 1866 2721; x_wconf 91' lang='lat' dir='ltr'><strong>ut</strong></span> 
     </span>
    </p>
   </div>
   <div class='ocr_carea' id='block_1_29' title="bbox 144 2756 1865 2827">
    <p class='ocr_par' dir='ltr' id='par_1_29' title="bbox 144 2756 1865 2827">
     <span class='ocr_line' id='line_1_29' title="bbox 144 2756 1865 2827; baseline -0.001 -15"><span class='ocrx_word' id='word_1_207' title='bbox 144 2776 173 2812; x_wconf 89' lang='lat' dir='ltr'><strong>e</strong></span> <span class='ocrx_word' id='word_1_208' title='bbox 204 2757 531 2813; x_wconf 65' lang='lat' dir='ltr'><strong>Palaestina</strong></span> <span class='ocrx_word' id='word_1_209' title='bbox 557 2757 615 2810; x_wconf 93' lang='lat' dir='ltr'><strong>in</strong></span> <span class='ocrx_word' id='word_1_210' title='bbox 642 2756 889 2811; x_wconf 89' lang='lat' dir='ltr'><strong>Africam</strong></span> <span class='ocrx_word' id='word_1_211' title='bbox 912 2756 1019 2810; x_wconf 89' lang='lat' dir='ltr'><strong>iter</strong></span> <span class='ocrx_word' id='word_1_212' title='bbox 1040 2756 1333 2826; x_wconf 84' lang='lat' dir='ltr'><strong>arriperet,</strong></span> <span class='ocrx_word' id='word_1_213' title='bbox 1367 2772 1497 2810; x_wconf 91' lang='lat' dir='ltr'><strong>cum</strong></span> <span class='ocrx_word' id='word_1_214' title='bbox 1520 2756 1865 2827; x_wconf 86' lang='lat' dir='ltr'><strong>Hieronymo</strong></span> 
     </span>
    </p>
   </div>
   <div class='ocr_carea' id='block_1_30' title="bbox 144 2843 1863 2916">
    <p class='ocr_par' dir='ltr' id='par_1_30' title="bbox 144 2843 1863 2916">
     <span class='ocr_line' id='line_1_30' title="bbox 144 2843 1863 2916; baseline -0.001 -16"><span class='ocrx_word' id='word_1_215' title='bbox 144 2846 379 2900; x_wconf 70' lang='lat' dir='ltr'><strong>reddita</strong></span> <span class='ocrx_word' id='word_1_216' title='bbox 411 2849 499 2899; x_wconf 85' lang='lat' dir='ltr'><strong>est</strong></span> <span class='ocrx_word' id='word_1_217' title='bbox 517 2844 616 2898; x_wconf 91' lang='lat' dir='ltr'><strong>illa</strong></span> <span class='ocrx_word' id='word_1_218' title='bbox 637 2844 918 2916; x_wconf 88' lang='lat' dir='ltr'><strong>posterior</strong></span> <span class='ocrx_word' id='word_1_219' title='bbox 941 2843 1247 2914; x_wconf 79' lang='lat' dir='ltr'><strong>Augustini</strong></span> <span class='ocrx_word' id='word_1_220' title='bbox 1273 2843 1537 2914; x_wconf 90' lang='lat' dir='ltr'><strong>epistola.</strong></span> <span class='ocrx_word' id='word_1_221' title='bbox 1569 2846 1764 2915; x_wconf 87' lang='lat' dir='ltr'><strong>Itaque</strong></span> <span class='ocrx_word' id='word_1_222' title='bbox 1796 2845 1863 2899; x_wconf 91' lang='lat' dir='ltr'><strong>ad</strong></span> 
     </span>
    </p>
   </div>
   <div class='ocr_carea' id='block_1_31' title="bbox 142 2931 1865 3003">
    <p class='ocr_par' dir='ltr' id='par_1_31' title="bbox 142 2931 1865 3003">
     <span class='ocr_line' id='line_1_31' title="bbox 142 2931 1865 3003; baseline -0.002 -15"><span class='ocrx_word' id='word_1_223' title='bbox 142 2950 282 2988; x_wconf 90' lang='lat' dir='ltr'><strong>eum</strong></span> <span class='ocrx_word' id='word_1_224' title='bbox 356 2931 557 2987; x_wconf 87' lang='lat' dir='ltr'><strong>statim</strong></span> <span class='ocrx_word' id='word_1_225' title='bbox 616 2948 718 3003; x_wconf 89' lang='lat' dir='ltr'><strong>per</strong></span> <span class='ocrx_word' id='word_1_226' title='bbox 774 2931 1184 2985; x_wconf 87' lang='lat' dir='ltr'><strong>subdiaconum</strong></span> <span class='ocrx_word' id='word_1_227' title='bbox 1251 2931 1519 2986; x_wconf 87' lang='lat' dir='ltr'><strong>eumdem</strong></span> <span class='ocrx_word' id='word_1_228' title='bbox 1576 2931 1865 3001; x_wconf 89' lang='lat' dir='ltr'><strong>rescripsit</strong></span> 
     </span>
    </p>
   </div>
   <div class='ocr_carea' id='block_1_32' title="bbox 143 3019 1862 3093">
    <p class='ocr_par' dir='ltr' id='par_1_32' title="bbox 143 3019 1862 3093">
     <span class='ocr_line' id='line_1_32' title="bbox 143 3019 1862 3093; baseline -0.002 -15"><span class='ocrx_word' id='word_1_229' title='bbox 143 3026 355 3093; x_wconf 85' lang='lat' dir='ltr'><strong>(Epist.</strong></span> <span class='ocrx_word' id='word_1_230' title='bbox 428 3023 522 3092; x_wconf 88' lang='lat'><strong>68)</strong></span> <span class='ocrx_word' id='word_1_231' title='bbox 590 3036 721 3075; x_wconf 90' lang='lat' dir='ltr'><strong>cum</strong></span> <span class='ocrx_word' id='word_1_232' title='bbox 787 3019 1173 3091; x_wconf 86' lang='lat' dir='ltr'><strong>singularibus</strong></span> <span class='ocrx_word' id='word_1_233' title='bbox 1227 3020 1317 3074; x_wconf 90' lang='lat' dir='ltr'><strong>sui</strong></span> <span class='ocrx_word' id='word_1_234' title='bbox 1366 3020 1428 3074; x_wconf 92' lang='lat' dir='ltr'><strong>in</strong></span> <span class='ocrx_word' id='word_1_235' title='bbox 1478 3021 1862 3091; x_wconf 84' lang='lat' dir='ltr'><strong>Augustinum</strong></span> 
     </span>
    </p>
   </div>
   <div class='ocr_carea' id='block_1_33' title="bbox 140 3108 1865 3180">
    <p class='ocr_par' dir='ltr' id='par_1_33' title="bbox 140 3108 1865 3180">
     <span class='ocr_line' id='line_1_33' title="bbox 140 3108 1865 3180; baseline -0.001 -15"><span class='ocrx_word' id='word_1_236' title='bbox 140 3112 369 3166; x_wconf 89' lang='lat' dir='ltr'><strong>amoris</strong></span> <span class='ocrx_word' id='word_1_237' title='bbox 389 3110 762 3175; x_wconf 87' lang='lat' dir='ltr'><strong>testimoniis,</strong></span> <span class='ocrx_word' id='word_1_238' title='bbox 778 3108 883 3163; x_wconf 88' lang='lat' dir='ltr'><strong>etsi</strong></span> <span class='ocrx_word' id='word_1_239' title='bbox 907 3124 1020 3163; x_wconf 92' lang='lat' dir='ltr'><strong>non</strong></span> <span class='ocrx_word' id='word_1_240' title='bbox 1040 3109 1162 3162; x_wconf 90' lang='lat' dir='ltr'><strong>sine</strong></span> <span class='ocrx_word' id='word_1_241' title='bbox 1190 3108 1382 3180; x_wconf 87' lang='lat' dir='ltr'><strong>aliqua</strong></span> <span class='ocrx_word' id='word_1_242' title='bbox 1397 3109 1673 3163; x_wconf 88' lang='lat' dir='ltr'><strong>stomachi</strong></span> <span class='ocrx_word' id='word_1_243' title='bbox 1693 3109 1865 3179; x_wconf 88' lang='lat' dir='ltr'><strong>signi-</strong></span> 
     </span>
    </p>
   </div>
   <div class='ocr_carea' id='block_1_34' title="bbox 141 3198 1864 3271">
    <p class='ocr_par' dir='ltr' id='par_1_34' title="bbox 141 3198 1864 3271">
     <span class='ocr_line' id='line_1_34' title="bbox 141 3198 1864 3271; baseline -0.001 -17"><span class='ocrx_word' id='word_1_244' title='bbox 141 3199 428 3255; x_wconf 84' lang='lat' dir='ltr'><strong>ﬁcatione</strong></span> <span class='ocrx_word' id='word_1_245' title='bbox 458 3200 532 3254; x_wconf 92' lang='lat' dir='ltr'><strong>ob</strong></span> <span class='ocrx_word' id='word_1_246' title='bbox 563 3203 906 3254; x_wconf 89' lang='lat' dir='ltr'><strong>memoratas</strong></span> <span class='ocrx_word' id='word_1_247' title='bbox 936 3198 1070 3253; x_wconf 90' lang='lat' dir='ltr'><strong>anni</strong></span> <span class='ocrx_word' id='word_1_248' title='bbox 1097 3198 1479 3253; x_wconf 86' lang='lat' dir='ltr'><strong>trecentesimi</strong></span> <span class='ocrx_word' id='word_1_249' title='bbox 1504 3199 1864 3271; x_wconf 88' lang='lat' dir='ltr'><strong>nonagesimi</strong></span> 
     </span>
    </p>
   </div>
   <div class='ocr_carea' id='block_1_35' title="bbox 139 3287 1860 3362">
    <p class='ocr_par' dir='ltr' id='par_1_35' title="bbox 139 3287 1860 3362">
     <span class='ocr_line' id='line_1_35' title="bbox 139 3287 1860 3362; baseline -0.002 -18"><span class='ocrx_word' id='word_1_250' title='bbox 139 3288 387 3362; x_wconf 85' lang='lat' dir='ltr'><strong>septimi</strong></span> <span class='ocrx_word' id='word_1_251' title='bbox 439 3288 689 3355; x_wconf 87' lang='lat' dir='ltr'><strong>litteras;</strong></span> <span class='ocrx_word' id='word_1_252' title='bbox 741 3305 881 3359; x_wconf 90' lang='lat' dir='ltr'><strong>quas</strong></span> <span class='ocrx_word' id='word_1_253' title='bbox 922 3287 1300 3342; x_wconf 89' lang='lat' dir='ltr'><strong>nihilominus</strong></span> <span class='ocrx_word' id='word_1_254' title='bbox 1324 3291 1517 3341; x_wconf 90' lang='lat' dir='ltr'><strong>tamen</strong></span> <span class='ocrx_word' id='word_1_255' title='bbox 1542 3287 1694 3341; x_wconf 90' lang='lat' dir='ltr'><strong>illius</strong></span> <span class='ocrx_word' id='word_1_256' title='bbox 1720 3304 1860 3354; x_wconf 90' lang='lat' dir='ltr'><strong>esse,</strong></span> 
     </span>
    </p>
   </div>
   <div class='ocr_carea' id='block_1_36' title="bbox 138 3375 1860 3449">
    <p class='ocr_par' dir='ltr' id='par_1_36' title="bbox 138 3375 1860 3449">
     <span class='ocr_line' id='line_1_36' title="bbox 138 3375 1860 3449; baseline -0.002 -17"><span class='ocrx_word' id='word_1_257' title='bbox 138 3382 325 3449; x_wconf 89' lang='lat' dir='ltr'><strong>negat</strong></span> <span class='ocrx_word' id='word_1_258' title='bbox 356 3376 550 3431; x_wconf 89' lang='lat' dir='ltr'><strong>adhuc</strong></span> <span class='ocrx_word' id='word_1_259' title='bbox 575 3377 809 3430; x_wconf 91' lang='lat' dir='ltr'><strong>omnino</strong></span> <span class='ocrx_word' id='word_1_260' title='bbox 840 3375 947 3430; x_wconf 89' lang='lat' dir='ltr'><strong>sibi</strong></span> <span class='ocrx_word' id='word_1_261' title='bbox 968 3376 1476 3447; x_wconf 87' lang='lat' dir='ltr'><strong>persuasum(lbid.</strong></span> <span class='ocrx_word' id='word_1_262' title='bbox 1502 3381 1551 3431; x_wconf 88' lang='lat' dir='ltr'><strong>et</strong></span> <span class='ocrx_word' id='word_1_263' title='bbox 1569 3379 1746 3447; x_wconf 82' lang='lat' dir='ltr'><strong>Epist.</strong></span> <span class='ocrx_word' id='word_1_264' title='bbox 1768 3379 1860 3442; x_wconf 82' lang='grc'><strong>72,</strong></span> 
     </span>
    </p>
   </div>
   <div class='ocr_carea' id='block_1_37' title="bbox 138 3464 1861 3537">
    <p class='ocr_par' dir='ltr' id='par_1_37' title="bbox 138 3464 1861 3537">
     <span class='ocr_line' id='line_1_37' title="bbox 138 3464 1861 3537; baseline -0.001 -16"><span class='ocrx_word' id='word_1_265' title='bbox 138 3484 196 3521; x_wconf 89' lang='lat' dir='ltr'><strong>n.</strong></span> <span class='ocrx_word' id='word_1_266' title='bbox 228 3470 311 3533; x_wconf 84' lang='grc'><strong>2).</strong></span> <span class='ocrx_word' id='word_1_267' title='bbox 347 3467 542 3531; x_wconf 85' lang='lat' dir='ltr'><strong>Quare</strong></span> <span class='ocrx_word' id='word_1_268' title='bbox 588 3464 971 3536; x_wconf 86' lang='lat' dir='ltr'><strong>Augustinum</strong></span> <span class='ocrx_word' id='word_1_269' title='bbox 1009 3468 1194 3535; x_wconf 86' lang='lat' dir='ltr'><strong>rogat,</strong></span> <span class='ocrx_word' id='word_1_270' title='bbox 1226 3465 1309 3520; x_wconf 90' lang='lat' dir='ltr'><strong>uti</strong></span> <span class='ocrx_word' id='word_1_271' title='bbox 1339 3481 1397 3520; x_wconf 91' lang='lat' dir='ltr'><strong>se</strong></span> <span class='ocrx_word' id='word_1_272' title='bbox 1431 3466 1861 3537; x_wconf 86' lang='lat' dir='ltr'><strong>quamprimum</strong></span> 
     </span>
    </p>
   </div>
   <div class='ocr_carea' id='block_1_38' title="bbox 138 3553 1860 3627">
    <p class='ocr_par' dir='ltr' id='par_1_38' title="bbox 138 3553 1860 3627">
     <span class='ocr_line' id='line_1_38' title="bbox 138 3553 1860 3627; baseline 0 -18"><span class='ocrx_word' id='word_1_273' title='bbox 138 3556 274 3627; x_wconf 87' lang='lat' dir='ltr'><strong>ejus</strong></span> <span class='ocrx_word' id='word_1_274' title='bbox 328 3553 419 3609; x_wconf 89' lang='lat' dir='ltr'><strong>rei</strong></span> <span class='ocrx_word' id='word_1_275' title='bbox 473 3553 642 3608; x_wconf 86' lang='lat' dir='ltr'><strong>faciat</strong></span> <span class='ocrx_word' id='word_1_276' title='bbox 697 3554 1019 3609; x_wconf 87' lang='lat' dir='ltr'><strong>certiorem.</strong></span> <span class='ocrx_word' id='word_1_277' title='bbox 1080 3554 1289 3609; x_wconf 87' lang='lat' dir='ltr'><strong>Eadem</strong></span> <span class='ocrx_word' id='word_1_278' title='bbox 1328 3570 1505 3624; x_wconf 91' lang='lat' dir='ltr'><strong>opera</strong></span> <span class='ocrx_word' id='word_1_279' title='bbox 1552 3554 1860 3609; x_wconf 90' lang='lat' dir='ltr'><strong>secundam</strong></span> 
     </span>
    </p>
   </div>
   <div class='ocr_carea' id='block_1_39' title="bbox 138 3643 1856 3716">
    <p class='ocr_par' dir='ltr' id='par_1_39' title="bbox 138 3643 1856 3716">
     <span class='ocr_line' id='line_1_39' title="bbox 138 3643 1856 3716; baseline 0 -18"><span class='ocrx_word' id='word_1_280' title='bbox 138 3660 313 3698; x_wconf 90' lang='lat' dir='ltr'><strong>suam</strong></span> <span class='ocrx_word' id='word_1_281' title='bbox 336 3644 402 3697; x_wconf 89' lang='lat' dir='ltr'><strong>in</strong></span> <span class='ocrx_word' id='word_1_282' title='bbox 432 3643 708 3698; x_wconf 89' lang='lat' dir='ltr'><strong>Ruﬁnum</strong></span> <span class='ocrx_word' id='word_1_283' title='bbox 736 3643 1065 3716; x_wconf 89' lang='lat' dir='ltr'><strong>apologiam</strong></span> <span class='ocrx_word' id='word_1_284' title='bbox 1092 3648 1288 3699; x_wconf 89' lang='lat' dir='ltr'><strong>sancto</strong></span> <span class='ocrx_word' id='word_1_285' title='bbox 1319 3643 1559 3698; x_wconf 63' lang='lat' dir='ltr'><strong>Prassuli</strong></span> <span class='ocrx_word' id='word_1_286' title='bbox 1589 3643 1856 3698; x_wconf 80' lang='lat' dir='ltr'><strong>deferen-</strong></span> 
     </span>
    </p>
   </div>
   <div class='ocr_carea' id='block_1_40' title="bbox 138 3734 503 3788">
    <p class='ocr_par' dir='ltr' id='par_1_40' title="bbox 138 3734 503 3788">
     <span class='ocr_line' id='line_1_40' title="bbox 138 3734 503 3788; baseline -0.003 0"><span class='ocrx_word' id='word_1_287' title='bbox 138 3734 284 3788; x_wconf 87' lang='lat' dir='ltr'><strong>dam</strong></span> <span class='ocrx_word' id='word_1_288' title='bbox 316 3738 503 3787; x_wconf 88' lang='lat' dir='ltr'><strong>curat.</strong></span> 
     </span>
    </p>
   </div>
   <div class='ocr_carea' id='block_1_41' title="bbox 211 3820 1861 3893">
    <p class='ocr_par' dir='ltr' id='par_1_41' title="bbox 211 3820 1861 3893">
     <span class='ocr_line' id='line_1_41' title="bbox 211 3820 1861 3893; baseline -0.002 -15"><span class='ocrx_word' id='word_1_289' title='bbox 211 3824 275 3878; x_wconf 73' lang='grc'>4.</span> <span class='ocrx_word' id='word_1_290' title='bbox 326 3822 427 3888; x_wconf 89' lang='lat' dir='ltr'><strong>Ea,</strong></span> <span class='ocrx_word' id='word_1_291' title='bbox 460 3837 590 3893; x_wconf 68' lang='lat' dir='ltr'><strong>quae</strong></span> <span class='ocrx_word' id='word_1_292' title='bbox 618 3820 992 3893; x_wconf 87' lang='lat' dir='ltr'><strong>Hieronymus</strong></span> <span class='ocrx_word' id='word_1_293' title='bbox 1038 3820 1264 3876; x_wconf 87' lang='lat' dir='ltr'><strong>Asterie</strong></span> <span class='ocrx_word' id='word_1_294' title='bbox 1304 3820 1625 3876; x_wconf 89' lang='lat' dir='ltr'><strong>crediderat</strong></span> <span class='ocrx_word' id='word_1_295' title='bbox 1668 3822 1861 3891; x_wconf 89' lang='lat' dir='ltr'><strong>Augu-</strong></span> 
     </span>
    </p>
   </div>
   <div class='ocr_carea' id='block_1_42' title="bbox 138 3908 1853 3981">
    <p class='ocr_par' dir='ltr' id='par_1_42' title="bbox 138 3908 1853 3981">
     <span class='ocr_line' id='line_1_42' title="bbox 138 3908 1853 3981; baseline -0.001 -16"><span class='ocrx_word' id='word_1_296' title='bbox 138 3911 299 3965; x_wconf 82' lang='lat' dir='ltr'><strong>stino</strong></span> <span class='ocrx_word' id='word_1_297' title='bbox 322 3909 643 3975; x_wconf 90' lang='lat' dir='ltr'><strong>reddenda,</strong></span> <span class='ocrx_word' id='word_1_298' title='bbox 660 3909 794 3964; x_wconf 89' lang='lat' dir='ltr'><strong>satis</strong></span> <span class='ocrx_word' id='word_1_299' title='bbox 815 3910 997 3965; x_wconf 91' lang='lat' dir='ltr'><strong>multo</strong></span> <span class='ocrx_word' id='word_1_300' title='bbox 1023 3913 1150 3981; x_wconf 91' lang='lat' dir='ltr'><strong>post</strong></span> <span class='ocrx_word' id='word_1_301' title='bbox 1167 3910 1226 3963; x_wconf 92' lang='lat' dir='ltr'><strong>in</strong></span> <span class='ocrx_word' id='word_1_302' title='bbox 1246 3908 1497 3964; x_wconf 89' lang='lat' dir='ltr'><strong>Africam</strong></span> <span class='ocrx_word' id='word_1_303' title='bbox 1522 3925 1853 3980; x_wconf 88' lang='lat' dir='ltr'><strong>pervenere.</strong></span> 
     </span>
    </p>
   </div>
   <div class='ocr_carea' id='block_1_43' title="bbox 136 3996 1859 4069">
    <p class='ocr_par' dir='ltr' id='par_1_43' title="bbox 136 3996 1859 4069">
     <span class='ocr_line' id='line_1_43' title="bbox 136 3996 1859 4069; baseline -0.002 -15"><span class='ocrx_word' id='word_1_304' title='bbox 136 4000 256 4054; x_wconf 85' lang='lat' dir='ltr'><strong>Sed</strong></span> <span class='ocrx_word' id='word_1_305' title='bbox 303 3999 543 4053; x_wconf 89' lang='lat' dir='ltr'><strong>interim</strong></span> <span class='ocrx_word' id='word_1_306' title='bbox 585 3999 937 4069; x_wconf 86' lang='lat' dir='ltr'><strong>Augustinus</strong></span> <span class='ocrx_word' id='word_1_307' title='bbox 984 3999 1055 4054; x_wconf 91' lang='lat' dir='ltr'><strong>ad</strong></span> <span class='ocrx_word' id='word_1_308' title='bbox 1094 3998 1505 4069; x_wconf 88' lang='lat' dir='ltr'><strong>Hieronymum</strong></span> <span class='ocrx_word' id='word_1_309' title='bbox 1543 3998 1707 4052; x_wconf 89' lang='lat' dir='ltr'><strong>binas</strong></span> <span class='ocrx_word' id='word_1_310' title='bbox 1737 3996 1859 4068; x_wconf 91' lang='lat' dir='ltr'><strong>epi-</strong></span> 
     </span>
    </p>
   </div>
   <div class='ocr_carea' id='block_1_44' title="bbox 137 4086 1861 4158">
    <p class='ocr_par' dir='ltr' id='par_1_44' title="bbox 137 4086 1861 4158">
     <span class='ocr_line' id='line_1_44' title="bbox 137 4086 1861 4158; baseline -0.002 -15"><span class='ocrx_word' id='word_1_311' title='bbox 137 4089 326 4143; x_wconf 82' lang='lat' dir='ltr'><strong>stolas</strong></span> <span class='ocrx_word' id='word_1_312' title='bbox 378 4087 538 4142; x_wconf 91' lang='lat' dir='ltr'><strong>dedit</strong></span> <span class='ocrx_word' id='word_1_313' title='bbox 587 4089 781 4157; x_wconf 87' lang='lat' dir='ltr'><strong>(Epist.</strong></span> <span class='ocrx_word' id='word_1_314' title='bbox 829 4091 922 4149; x_wconf 89' lang='grc'><strong>72,</strong></span> <span class='ocrx_word' id='word_1_315' title='bbox 965 4104 1021 4142; x_wconf 88' lang='lat' dir='ltr'><strong>n.</strong></span> <span class='ocrx_word' id='word_1_316' title='bbox 1074 4087 1150 4156; x_wconf 92' lang='grc'><strong>1),</strong></span> <span class='ocrx_word' id='word_1_317' title='bbox 1186 4103 1432 4158; x_wconf 90' lang='lat' dir='ltr'><strong>quarum</strong></span> <span class='ocrx_word' id='word_1_318' title='bbox 1463 4086 1621 4157; x_wconf 91' lang='lat' dir='ltr'><strong>prior</strong></span> <span class='ocrx_word' id='word_1_319' title='bbox 1650 4086 1861 4140; x_wconf 86' lang='lat' dir='ltr'><strong>excidit</strong></span> 
     </span>
    </p>
   </div>
   <div class='ocr_carea' id='block_1_45' title="bbox 139 4174 1858 4248">
    <p class='ocr_par' dir='ltr' id='par_1_45' title="bbox 139 4174 1858 4248">
     <span class='ocr_line' id='line_1_45' title="bbox 139 4174 1858 4248; baseline -0.001 -17"><span class='ocrx_word' id='word_1_320' title='bbox 139 4176 370 4248; x_wconf 83' lang='lat' dir='ltr'><strong>injuria</strong></span> <span class='ocrx_word' id='word_1_321' title='bbox 398 4181 759 4247; x_wconf 88' lang='lat' dir='ltr'><strong>temporum;</strong></span> <span class='ocrx_word' id='word_1_322' title='bbox 788 4175 1073 4246; x_wconf 89' lang='lat' dir='ltr'><strong>posterior</strong></span> <span class='ocrx_word' id='word_1_323' title='bbox 1109 4192 1263 4243; x_wconf 90' lang='lat' dir='ltr'><strong>vero,</strong></span> <span class='ocrx_word' id='word_1_324' title='bbox 1296 4177 1458 4246; x_wconf 89' lang='lat' dir='ltr'><strong>cujus</strong></span> <span class='ocrx_word' id='word_1_325' title='bbox 1482 4174 1730 4240; x_wconf 88' lang='lat' dir='ltr'><strong>initium,</strong></span> <span class='ocrx_word' id='word_1_326' title='bbox 1767 4178 1858 4230; x_wconf 77' lang='lat' dir='ltr'><strong>Ea:</strong></span> 
     </span>
    </p>
   </div>
   <div class='ocr_carea' id='block_1_46' title="bbox 140 4263 1862 4335">
    <p class='ocr_par' dir='ltr' id='par_1_46' title="bbox 140 4263 1862 4335">
     <span class='ocr_line' id='line_1_46' title="bbox 140 4263 1862 4335; baseline -0.003 -14"><span class='ocrx_word' id='word_1_327' title='bbox 140 4282 256 4335; x_wconf 82' lang='lat' dir='ltr'><strong>quo</strong></span> <span class='ocrx_word' id='word_1_328' title='bbox 277 4266 421 4335; x_wconf 71' lang='lat' dir='ltr'><strong>ccepi</strong></span> <span class='ocrx_word' id='word_1_329' title='bbox 439 4265 516 4319; x_wconf 85' lang='lat' dir='ltr'><strong>ad</strong></span> <span class='ocrx_word' id='word_1_330' title='bbox 536 4270 584 4319; x_wconf 90' lang='lat' dir='ltr'><strong>te</strong></span> <span class='ocrx_word' id='word_1_331' title='bbox 605 4265 835 4320; x_wconf 80' lang='lat' dir='ltr'><strong>scribere</strong></span> <span class='ocrx_word' id='word_1_332' title='bbox 856 4266 1050 4334; x_wconf 82' lang='lat' dir='ltr'><strong>(Epist.</strong></span> <span class='ocrx_word' id='word_1_333' title='bbox 1077 4267 1191 4333; x_wconf 86' lang='grc'>71),</span> <span class='ocrx_word' id='word_1_334' title='bbox 1219 4265 1411 4319; x_wconf 92' lang='lat' dir='ltr'><strong>locum</strong></span> <span class='ocrx_word' id='word_1_335' title='bbox 1433 4264 1580 4318; x_wconf 91' lang='lat' dir='ltr'><strong>inter</strong></span> <span class='ocrx_word' id='word_1_336' title='bbox 1604 4263 1862 4334; x_wconf 81' lang='lat' dir='ltr'><strong>ejusepi-</strong></span> 
     </span>
    </p>
   </div>
   <div class='ocr_carea' id='block_1_47' title="bbox 138 4351 1860 4425">
    <p class='ocr_par' dir='ltr' id='par_1_47' title="bbox 138 4351 1860 4425">
     <span class='ocr_line' id='line_1_47' title="bbox 138 4351 1860 4425; baseline -0.002 -16"><span class='ocrx_word' id='word_1_337' title='bbox 138 4356 331 4409; x_wconf 87' lang='lat' dir='ltr'><strong>stolas</strong></span> <span class='ocrx_word' id='word_1_338' title='bbox 352 4354 426 4408; x_wconf 89' lang='lat' dir='ltr'><strong>ad</strong></span> <span class='ocrx_word' id='word_1_339' title='bbox 456 4370 675 4408; x_wconf 90' lang='lat' dir='ltr'><strong>annum</strong></span> <span class='ocrx_word' id='word_1_340' title='bbox 703 4353 1332 4425; x_wconf 89' lang='lat' dir='ltr'><strong>quadringentesimum</strong></span> <span class='ocrx_word' id='word_1_341' title='bbox 1362 4352 1595 4406; x_wconf 84' lang='lat' dir='ltr'><strong>tertium</strong></span> <span class='ocrx_word' id='word_1_342' title='bbox 1623 4351 1860 4406; x_wconf 89' lang='lat' dir='ltr'><strong>obtinet.</strong></span> 
     </span>
    </p>
   </div>
   <div class='ocr_carea' id='block_1_48' title="bbox 146 4440 1862 4513">
    <p class='ocr_par' dir='ltr' id='par_1_48' title="bbox 146 4440 1862 4513">
     <span class='ocr_line' id='line_1_48' title="bbox 146 4440 1862 4513; baseline -0.003 -15"><span class='ocrx_word' id='word_1_343' title='bbox 146 4446 309 4498; x_wconf 87' lang='lat' dir='ltr'><strong>Hanc</strong></span> <span class='ocrx_word' id='word_1_344' title='bbox 339 4443 397 4496; x_wconf 92' lang='lat' dir='ltr'><strong>ei</strong></span> <span class='ocrx_word' id='word_1_345' title='bbox 421 4459 530 4513; x_wconf 91' lang='lat' dir='ltr'><strong>per</strong></span> <span class='ocrx_word' id='word_1_346' title='bbox 566 4442 912 4513; x_wconf 84' lang='lat' dir='ltr'><strong>Cyprianum</strong></span> <span class='ocrx_word' id='word_1_347' title='bbox 946 4442 1249 4497; x_wconf 86' lang='lat' dir='ltr'><strong>diaconum</strong></span> <span class='ocrx_word' id='word_1_348' title='bbox 1278 4440 1438 4495; x_wconf 88' lang='lat' dir='ltr'><strong>misit</strong></span> <span class='ocrx_word' id='word_1_349' title='bbox 1463 4456 1576 4494; x_wconf 89' lang='lat' dir='ltr'><strong>una</strong></span> <span class='ocrx_word' id='word_1_350' title='bbox 1604 4456 1732 4494; x_wconf 89' lang='lat' dir='ltr'><strong>cum</strong></span> <span class='ocrx_word' id='word_1_351' title='bbox 1764 4457 1862 4493; x_wconf 87' lang='lat' dir='ltr'><strong>su-</strong></span> 
     </span>
    </p>
   </div>
   <div class='ocr_carea' id='block_1_49' title="bbox 140 4529 1863 4604">
    <p class='ocr_par' dir='ltr' id='par_1_49' title="bbox 140 4529 1863 4604">
     <span class='ocr_line' id='line_1_49' title="bbox 140 4529 1863 4604; baseline -0.002 -18"><span class='ocrx_word' id='word_1_352' title='bbox 140 4532 454 4604; x_wconf 87' lang='lat' dir='ltr'><strong>periorum</strong></span> <span class='ocrx_word' id='word_1_353' title='bbox 484 4531 859 4602; x_wconf 87' lang='lat' dir='ltr'><strong>epistolarum</strong></span> <span class='ocrx_word' id='word_1_354' title='bbox 889 4547 1122 4585; x_wconf 89' lang='lat' dir='ltr'><strong>suarum</strong></span> <span class='ocrx_word' id='word_1_355' title='bbox 1149 4530 1453 4601; x_wconf 83' lang='lat' dir='ltr'><strong>exemplis;</strong></span> <span class='ocrx_word' id='word_1_356' title='bbox 1483 4529 1635 4601; x_wconf 90' lang='lat' dir='ltr'><strong>quod</strong></span> <span class='ocrx_word' id='word_1_357' title='bbox 1666 4546 1759 4583; x_wconf 89' lang='lat' dir='ltr'><strong>eas</strong></span> <span class='ocrx_word' id='word_1_358' title='bbox 1790 4546 1863 4583; x_wconf 89' lang='lat' dir='ltr'><strong>an</strong></span> 
     </span>
    </p>
   </div>
   <div class='ocr_carea' id='block_1_50' title="bbox 139 4618 1858 4692">
    <p class='ocr_par' dir='ltr' id='par_1_50' title="bbox 139 4618 1858 4692">
     <span class='ocr_line' id='line_1_50' title="bbox 139 4618 1858 4692; baseline -0.003 -16"><span class='ocrx_word' id='word_1_359' title='bbox 139 4622 484 4692; x_wconf 84' lang='lat' dir='ltr'><strong>accepisset,</strong></span> <span class='ocrx_word' id='word_1_360' title='bbox 516 4637 716 4687; x_wconf 88' lang='lat' dir='ltr'><strong>necne,</strong></span> <span class='ocrx_word' id='word_1_361' title='bbox 749 4620 1065 4691; x_wconf 87' lang='lat' dir='ltr'><strong>ignorabat.</strong></span> <span class='ocrx_word' id='word_1_362' title='bbox 1099 4621 1163 4674; x_wconf 94' lang='lat' dir='ltr'><strong>In</strong></span> <span class='ocrx_word' id='word_1_363' title='bbox 1200 4619 1304 4673; x_wconf 90' lang='lat' dir='ltr'><strong>hac</strong></span> <span class='ocrx_word' id='word_1_364' title='bbox 1344 4618 1593 4689; x_wconf 87' lang='lat' dir='ltr'><strong>ingenue</strong></span> <span class='ocrx_word' id='word_1_365' title='bbox 1623 4618 1858 4685; x_wconf 89' lang='lat' dir='ltr'><strong>fatetur,</strong></span> 
     </span>
    </p>
   </div>
   <div class='ocr_carea' id='block_1_51' title="bbox 143 4706 1865 4780">
    <p class='ocr_par' dir='ltr' id='par_1_51' title="bbox 143 4706 1865 4780">
     <span class='ocr_line' id='line_1_51' title="bbox 143 4706 1865 4780; baseline -0.003 -15"><span class='ocrx_word' id='word_1_366' title='bbox 143 4710 400 4765; x_wconf 88' lang='lat' dir='ltr'><strong>minime</strong></span> <span class='ocrx_word' id='word_1_367' title='bbox 444 4709 553 4763; x_wconf 89' lang='lat' dir='ltr'><strong>sibi</strong></span> <span class='ocrx_word' id='word_1_368' title='bbox 609 4709 863 4780; x_wconf 81' lang='lat' dir='ltr'><strong>probari,</strong></span> <span class='ocrx_word' id='word_1_369' title='bbox 911 4708 1068 4780; x_wconf 86' lang='lat' dir='ltr'><strong>quod</strong></span> <span class='ocrx_word' id='word_1_370' title='bbox 1125 4707 1501 4779; x_wconf 88' lang='lat' dir='ltr'><strong>Hieronymus</strong></span> <span class='ocrx_word' id='word_1_371' title='bbox 1546 4706 1865 4778; x_wconf 87' lang='lat' dir='ltr'><strong>Scripturas</strong></span> 
     </span>
    </p>
   </div>
   <div class='ocr_carea' id='block_1_52' title="bbox 147 4795 1864 4860">
    <p class='ocr_par' dir='ltr' id='par_1_52' title="bbox 147 4795 1864 4860">
     <span class='ocr_line' id='line_1_52' title="bbox 147 4795 1864 4860; baseline -0.003 -5"><span class='ocrx_word' id='word_1_372' title='bbox 147 4817 348 4855; x_wconf 83' lang='lat' dir='ltr'><strong>sacras</strong></span> <span class='ocrx_word' id='word_1_373' title='bbox 399 4815 470 4854; x_wconf 89' lang='lat' dir='ltr'><strong>ex</strong></span> <span class='ocrx_word' id='word_1_374' title='bbox 511 4797 740 4853; x_wconf 71' lang='lat' dir='ltr'><strong>hebraao</strong></span> <span class='ocrx_word' id='word_1_375' title='bbox 782 4797 958 4852; x_wconf 90' lang='lat' dir='ltr'><strong>latine</strong></span> <span class='ocrx_word' id='word_1_376' title='bbox 1001 4800 1373 4851; x_wconf 86' lang='lat' dir='ltr'><strong>converteret.</strong></span> <span class='ocrx_word' id='word_1_377' title='bbox 1422 4796 1605 4860; x_wconf 88' lang='lat' dir='ltr'><strong>Quam</strong></span> <span class='ocrx_word' id='word_1_378' title='bbox 1651 4795 1710 4849; x_wconf 92' lang='lat' dir='ltr'><strong>in</strong></span> <span class='ocrx_word' id='word_1_379' title='bbox 1741 4812 1864 4850; x_wconf 90' lang='lat' dir='ltr'><strong>rem</strong></span> 
     </span>
    </p>
   </div>
   <div class='ocr_carea' id='block_1_53' title="bbox 142 4884 1867 4956">
    <p class='ocr_par' dir='ltr' id='par_1_53' title="bbox 142 4884 1867 4956">
     <span class='ocr_line' id='line_1_53' title="bbox 142 4884 1867 4956; baseline -0.003 -14"><span class='ocrx_word' id='word_1_380' title='bbox 142 4905 283 4942; x_wconf 89' lang='lat' dir='ltr'><strong>eum</strong></span> <span class='ocrx_word' id='word_1_381' title='bbox 336 4886 615 4941; x_wconf 87' lang='lat' dir='ltr'><strong>admonet</strong></span> <span class='ocrx_word' id='word_1_382' title='bbox 641 4886 923 4940; x_wconf 86' lang='lat' dir='ltr'><strong>tumultus</strong></span> <span class='ocrx_word' id='word_1_383' title='bbox 960 4886 1019 4939; x_wconf 91' lang='lat' dir='ltr'><strong>in</strong></span> <span class='ocrx_word' id='word_1_384' title='bbox 1047 4884 1312 4939; x_wconf 83' lang='lat' dir='ltr'><strong>Africana</strong></span> <span class='ocrx_word' id='word_1_385' title='bbox 1340 4885 1589 4956; x_wconf 90' lang='lat' dir='ltr'><strong>quadam</strong></span> <span class='ocrx_word' id='word_1_386' title='bbox 1621 4884 1867 4939; x_wconf 86' lang='lat' dir='ltr'><strong>Ecclesia</strong></span> 
     </span>
    </p>
   </div>
   <div class='ocr_carea' id='block_1_54' title="bbox 144 4973 1863 5045">
    <p class='ocr_par' dir='ltr' id='par_1_54' title="bbox 144 4973 1863 5045">
     <span class='ocr_line' id='line_1_54' title="bbox 144 4973 1863 5045; baseline -0.002 -14"><span class='ocrx_word' id='word_1_387' title='bbox 144 4976 389 5032; x_wconf 75' lang='lat' dir='ltr'><strong>excitati</strong></span> <span class='ocrx_word' id='word_1_388' title='bbox 425 4974 724 5029; x_wconf 89' lang='lat' dir='ltr'><strong>occasione</strong></span> <span class='ocrx_word' id='word_1_389' title='bbox 754 4974 908 5029; x_wconf 88' lang='lat' dir='ltr'><strong>vocis</strong></span> <span class='ocrx_word' id='word_1_390' title='bbox 932 4974 1180 5041; x_wconf 80' lang='lat' dir='ltr'><strong>hederae,</strong></span> <span class='ocrx_word' id='word_1_391' title='bbox 1214 4990 1387 5045; x_wconf 90' lang='lat' dir='ltr'><strong>quam</strong></span> <span class='ocrx_word' id='word_1_392' title='bbox 1410 4990 1516 5044; x_wconf 91' lang='lat' dir='ltr'><strong>pro</strong></span> <span class='ocrx_word' id='word_1_393' title='bbox 1546 4973 1863 5040; x_wconf 89' lang='lat' dir='ltr'><strong>cucurbita,</strong></span> 
     </span>
    </p>
   </div>
   <div class='ocr_carea' id='block_1_55' title="bbox 144 5061 1866 5138">
    <p class='ocr_par' dir='ltr' id='par_1_55' title="bbox 144 5061 1866 5138">
     <span class='ocr_line' id='line_1_55' title="bbox 144 5061 1866 5138; baseline -0.002 -19"><span class='ocrx_word' id='word_1_394' title='bbox 144 5083 267 5138; x_wconf 88' lang='lat' dir='ltr'><strong>qua</strong></span> <span class='ocrx_word' id='word_1_395' title='bbox 297 5064 550 5119; x_wconf 89' lang='lat' dir='ltr'><strong>dictione</strong></span> <span class='ocrx_word' id='word_1_396' title='bbox 583 5061 668 5116; x_wconf 92' lang='lat' dir='ltr'><strong>usi</strong></span> <span class='ocrx_word' id='word_1_397' title='bbox 699 5066 831 5116; x_wconf 88' lang='lat' dir='ltr'><strong>sunt</strong></span> <span class='ocrx_word' id='word_1_398' title='bbox 850 5062 1224 5134; x_wconf 86' lang='lat' dir='ltr'><strong>Septuaginta</strong></span> <span class='ocrx_word' id='word_1_399' title='bbox 1252 5062 1615 5131; x_wconf 90' lang='lat' dir='ltr'><strong>interpretes,</strong></span> <span class='ocrx_word' id='word_1_400' title='bbox 1640 5061 1700 5115; x_wconf 90' lang='lat' dir='ltr'><strong>in</strong></span> <span class='ocrx_word' id='word_1_401' title='bbox 1723 5077 1866 5134; x_wconf 90' lang='lat' dir='ltr'><strong>quo-</strong></span> 
     </span>
    </p>
   </div>
   <div class='ocr_carea' id='block_1_56' title="bbox 150 5148 1866 5222">
    <p class='ocr_par' dir='ltr' id='par_1_56' title="bbox 150 5148 1866 5222">
     <span class='ocr_line' id='line_1_56' title="bbox 150 5148 1866 5222; baseline -0.003 -13"><span class='ocrx_word' id='word_1_402' title='bbox 150 5157 290 5209; x_wconf 86' lang='lat' dir='ltr'><strong>dam</strong></span> <span class='ocrx_word' id='word_1_403' title='bbox 321 5154 483 5208; x_wconf 63' lang='lat' dir='ltr'><strong>Jona?</strong></span> <span class='ocrx_word' id='word_1_404' title='bbox 515 5148 671 5219; x_wconf 90' lang='lat' dir='ltr'><strong>loco,</strong></span> <span class='ocrx_word' id='word_1_405' title='bbox 705 5156 1023 5222; x_wconf 91' lang='lat' dir='ltr'><strong>usurparat.</strong></span> <span class='ocrx_word' id='word_1_406' title='bbox 1060 5152 1441 5221; x_wconf 88' lang='lat' dir='ltr'><strong>Hieronymus</strong></span> <span class='ocrx_word' id='word_1_407' title='bbox 1470 5148 1574 5217; x_wconf 92' lang='lat' dir='ltr'><strong>illi,</strong></span> <span class='ocrx_word' id='word_1_408' title='bbox 1608 5166 1737 5220; x_wconf 62' lang='lat' dir='ltr'><strong>quas</strong></span> <span class='ocrx_word' id='word_1_409' title='bbox 1767 5150 1866 5203; x_wconf 92' lang='lat' dir='ltr'><strong>de-</strong></span> 
     </span>
    </p>
   </div>
   <div class='ocr_carea' id='block_1_57' title="bbox 144 5238 1869 5311">
    <p class='ocr_par' dir='ltr' id='par_1_57' title="bbox 144 5238 1869 5311">
     <span class='ocr_line' id='line_1_57' title="bbox 144 5238 1869 5311; baseline -0.003 -13"><span class='ocrx_word' id='word_1_410' title='bbox 144 5244 464 5309; x_wconf 85' lang='lat' dir='ltr'><strong>sideratur,</strong></span> <span class='ocrx_word' id='word_1_411' title='bbox 494 5239 804 5311; x_wconf 84' lang='lat' dir='ltr'><strong>Augustini</strong></span> <span class='ocrx_word' id='word_1_412' title='bbox 834 5240 1083 5311; x_wconf 56' lang='lat' dir='ltr'><strong>epistola!</strong></span> <span class='ocrx_word' id='word_1_413' title='bbox 1112 5238 1409 5310; x_wconf 89' lang='lat' dir='ltr'><strong>respondit</strong></span> <span class='ocrx_word' id='word_1_414' title='bbox 1429 5238 1869 5309; x_wconf 86' lang='lat' dir='ltr'><strong>epistola,cujus</strong></span> 
     </span>
    </p>
   </div>
   <div class='ocr_carea' id='block_1_58' title="bbox 144 5327 1866 5398">
    <p class='ocr_par' dir='ltr' id='par_1_58' title="bbox 144 5327 1866 5398">
     <span class='ocr_line' id='line_1_58' title="bbox 144 5327 1866 5398; baseline -0.005 -11"><span class='ocrx_word' id='word_1_415' title='bbox 144 5332 390 5387; x_wconf 88' lang='lat' dir='ltr'><strong>initium</strong></span> <span class='ocrx_word' id='word_1_416' title='bbox 421 5334 527 5395; x_wconf 87' lang='lat' dir='ltr'><strong>est,</strong></span> <span class='ocrx_word' id='word_1_417' title='bbox 555 5329 784 5386; x_wconf 83' lang='lat' dir='ltr'><strong>Crebras</strong></span> <span class='ocrx_word' id='word_1_418' title='bbox 814 5329 887 5383; x_wconf 86' lang='lat' dir='ltr'><strong>ad</strong></span> <span class='ocrx_word' id='word_1_419' title='bbox 916 5344 997 5382; x_wconf 90' lang='lat' dir='ltr'><strong>me</strong></span> <span class='ocrx_word' id='word_1_420' title='bbox 1021 5328 1273 5398; x_wconf 80' lang='lat' dir='ltr'><strong>epistolas</strong></span> <span class='ocrx_word' id='word_1_421' title='bbox 1294 5328 1493 5395; x_wconf 80' lang='lat' dir='ltr'><strong>dirigis</strong></span> <span class='ocrx_word' id='word_1_422' title='bbox 1516 5328 1719 5397; x_wconf 86' lang='lat' dir='ltr'><strong>(Epist.</strong></span> <span class='ocrx_word' id='word_1_423' title='bbox 1746 5327 1866 5395; x_wconf 76' lang='lat'><strong>72);</strong></span> 
     </span>
    </p>
   </div>
   <div class='ocr_carea' id='block_1_59' title="bbox 141 5414 1871 5493">
    <p class='ocr_par' dir='ltr' id='par_1_59' title="bbox 141 5414 1871 5493">
     <span class='ocr_line' id='line_1_59' title="bbox 141 5414 1871 5493; baseline -0.004 -18"><span class='ocrx_word' id='word_1_424' title='bbox 141 5422 213 5475; x_wconf 89' lang='lat' dir='ltr'><strong>in</strong></span> <span class='ocrx_word' id='word_1_425' title='bbox 238 5436 356 5493; x_wconf 91' lang='lat' dir='ltr'><strong>qua</strong></span> <span class='ocrx_word' id='word_1_426' title='bbox 384 5417 629 5490; x_wconf 88' lang='lat' dir='ltr'><strong>quidem</strong></span> <span class='ocrx_word' id='word_1_427' title='bbox 667 5418 840 5488; x_wconf 88' lang='lat' dir='ltr'><strong>paulo</strong></span> <span class='ocrx_word' id='word_1_428' title='bbox 878 5416 1083 5488; x_wconf 86' lang='lat' dir='ltr'><strong>magis,</strong></span> <span class='ocrx_word' id='word_1_429' title='bbox 1131 5433 1306 5488; x_wconf 89' lang='lat' dir='ltr'><strong>quam</strong></span> <span class='ocrx_word' id='word_1_430' title='bbox 1347 5416 1406 5470; x_wconf 91' lang='lat' dir='ltr'><strong>in</strong></span> <span class='ocrx_word' id='word_1_431' title='bbox 1449 5414 1734 5486; x_wconf 90' lang='lat' dir='ltr'><strong>superiori</strong></span> <span class='ocrx_word' id='word_1_432' title='bbox 1764 5431 1871 5485; x_wconf 90' lang='lat' dir='ltr'><strong>per</strong></span> 
     </span>
    </p>
   </div>
   <div class='ocr_carea' id='block_1_60' title="bbox 139 5503 1868 5578">
    <p class='ocr_par' dir='ltr' id='par_1_60' title="bbox 139 5503 1868 5578">
     <span class='ocr_line' id='line_1_60' title="bbox 139 5503 1868 5578; baseline -0.004 -13"><span class='ocrx_word' id='word_1_433' title='bbox 139 5509 446 5566; x_wconf 84' lang='lat' dir='ltr'><strong>Asterium</strong></span> <span class='ocrx_word' id='word_1_434' title='bbox 476 5506 674 5574; x_wconf 85' lang='lat' dir='ltr'><strong>missa,</strong></span> <span class='ocrx_word' id='word_1_435' title='bbox 704 5522 1005 5578; x_wconf 87' lang='lat' dir='ltr'><strong>nunquam</strong></span> <span class='ocrx_word' id='word_1_436' title='bbox 1044 5510 1239 5562; x_wconf 84' lang='lat' dir='ltr'><strong>tamen</strong></span> <span class='ocrx_word' id='word_1_437' title='bbox 1268 5505 1391 5562; x_wconf 89' lang='lat' dir='ltr'><strong>sine</strong></span> <span class='ocrx_word' id='word_1_438' title='bbox 1422 5503 1634 5560; x_wconf 85' lang='lat' dir='ltr'><strong>amoris</strong></span> <span class='ocrx_word' id='word_1_439' title='bbox 1669 5503 1868 5559; x_wconf 87' lang='lat' dir='ltr'><strong>obser-</strong></span> 
     </span>
    </p>
   </div>
   <div class='ocr_carea' id='block_1_61' title="bbox 510 5620 1090 5688">
    <p class='ocr_par' dir='ltr' id='par_1_61' title="bbox 510 5620 1090 5688">
     <span class='ocr_line' id='line_1_61' title="bbox 510 5620 1090 5688; baseline -0.002 0"><span class='ocrx_word' id='word_1_440' title='bbox 510 5622 789 5688; x_wconf 66' lang='lat' dir='ltr'><strong>Paraon.</strong></span> <span class='ocrx_word' id='word_1_441' title='bbox 839 5620 1090 5687; x_wconf 85' lang='lat' dir='ltr'><strong>XXXII.</strong></span> 
     </span>
    </p>
   </div>
   <div class='ocr_carea' id='block_1_62' title="bbox 1636 240 2204 307">
    <p class='ocr_par' dir='ltr' id='par_1_62' title="bbox 1636 240 2204 307">
     <span class='ocr_line' id='line_1_62' title="bbox 1636 240 2204 307; baseline 0 -10"><span class='ocrx_word' id='word_1_442' title='bbox 1636 242 1841 298; x_wconf 85' lang='lat' dir='ltr'><strong>LIBER</strong></span> <span class='ocrx_word' id='word_1_443' title='bbox 1879 240 2204 307; x_wconf 86' lang='lat' dir='ltr'><strong>QUINTUS.</strong></span> 
     </span>
    </p>
   </div>
   <div class='ocr_carea' id='block_1_63' title="bbox 3579 256 3683 310">
    <p class='ocr_par' dir='ltr' id='par_1_63' title="bbox 3579 256 3683 310">
     <span class='ocr_line' id='line_1_63' title="bbox 3579 256 3683 310; baseline 0.019 -2"><span class='ocrx_word' id='word_1_444' title='bbox 3579 256 3683 310; x_wconf 85' lang='lat'><strong>330</strong></span> 
     </span>
    </p>
   </div>
   <div class='ocr_carea' id='block_1_64' title="bbox 1986 364 3679 441">
    <p class='ocr_par' dir='ltr' id='par_1_64' title="bbox 1986 364 3679 441">
     <span class='ocr_line' id='line_1_64' title="bbox 1986 364 3679 441; baseline 0.011 -25"><span class='ocrx_word' id='word_1_445' title='bbox 1986 364 2305 435; x_wconf 74' lang='lat' dir='ltr'><strong>vantieeque</strong></span> <span class='ocrx_word' id='word_1_446' title='bbox 2360 364 2421 419; x_wconf 93' lang='lat' dir='ltr'><strong>in</strong></span> <span class='ocrx_word' id='word_1_447' title='bbox 2470 380 2602 420; x_wconf 91' lang='lat' dir='ltr'><strong>eum</strong></span> <span class='ocrx_word' id='word_1_448' title='bbox 2647 383 2763 422; x_wconf 55' lang='lat' dir='ltr'><strong>suae</strong></span> <span class='ocrx_word' id='word_1_449' title='bbox 2804 369 3219 441; x_wconf 89' lang='lat' dir='ltr'><strong>testiﬁcatione,</strong></span> <span class='ocrx_word' id='word_1_450' title='bbox 3271 377 3679 435; x_wconf 78' lang='lat' dir='ltr'><strong>stomachetur.</strong></span> 
     </span>
    </p>
   </div>
   <div class='ocr_carea' id='block_1_65' title="bbox 1983 451 3682 535">
    <p class='ocr_par' dir='ltr' id='par_1_65' title="bbox 1983 451 3682 535">
     <span class='ocr_line' id='line_1_65' title="bbox 1983 451 3682 535; baseline 0.009 -31"><span class='ocrx_word' id='word_1_451' title='bbox 1983 451 2144 515; x_wconf 89' lang='lat' dir='ltr'><strong>Quod</strong></span> <span class='ocrx_word' id='word_1_452' title='bbox 2173 456 2362 507; x_wconf 88' lang='lat' dir='ltr'><strong>autem</strong></span> <span class='ocrx_word' id='word_1_453' title='bbox 2393 454 2465 508; x_wconf 91' lang='lat' dir='ltr'><strong>ad</strong></span> <span class='ocrx_word' id='word_1_454' title='bbox 2493 456 2795 526; x_wconf 86' lang='lat' dir='ltr'><strong>Augustini</strong></span> <span class='ocrx_word' id='word_1_455' title='bbox 2816 458 2986 512; x_wconf 91' lang='lat' dir='ltr'><strong>libros</strong></span> <span class='ocrx_word' id='word_1_456' title='bbox 3014 459 3236 528; x_wconf 89' lang='lat' dir='ltr'><strong>attinet,</strong></span> <span class='ocrx_word' id='word_1_457' title='bbox 3262 464 3448 517; x_wconf 90' lang='lat' dir='ltr'><strong>nullos</strong></span> <span class='ocrx_word' id='word_1_458' title='bbox 3478 472 3682 535; x_wconf 52' lang='lat' dir='ltr'><strong>praeter</strong></span> 
     </span>
    </p>
   </div>
   <div class='ocr_carea' id='block_1_66' title="bbox 1983 540 3684 615">
    <p class='ocr_par' dir='ltr' id='par_1_66' title="bbox 1983 540 3684 615">
     <span class='ocr_line' id='line_1_66' title="bbox 1983 540 3684 615; baseline 0.01 -22"><span class='ocrx_word' id='word_1_459' title='bbox 1983 540 2106 610; x_wconf 89' lang='lat' dir='ltr'><strong>ejus</strong></span> <span class='ocrx_word' id='word_1_460' title='bbox 2153 542 2462 613; x_wconf 89' lang='lat' dir='ltr'><strong>Soliloquia</strong></span> <span class='ocrx_word' id='word_1_461' title='bbox 2507 548 2563 597; x_wconf 90' lang='lat' dir='ltr'><strong>et</strong></span> <span class='ocrx_word' id='word_1_462' title='bbox 2608 547 2883 615; x_wconf 89' lang='lat' dir='ltr'><strong>quasdam</strong></span> <span class='ocrx_word' id='word_1_463' title='bbox 2929 547 2989 602; x_wconf 93' lang='lat' dir='ltr'><strong>in</strong></span> <span class='ocrx_word' id='word_1_464' title='bbox 3040 550 3293 605; x_wconf 91' lang='lat' dir='ltr'><strong>Psalmos</strong></span> <span class='ocrx_word' id='word_1_465' title='bbox 3336 560 3684 609; x_wconf 88' lang='lat' dir='ltr'><strong>commenta-</strong></span> 
     </span>
    </p>
   </div>
   <div class='ocr_carea' id='block_1_67' title="bbox 1982 628 3684 707">
    <p class='ocr_par' dir='ltr' id='par_1_67' title="bbox 1982 628 3684 707">
     <span class='ocr_line' id='line_1_67' title="bbox 1982 628 3684 707; baseline 0.011 -25"><span class='ocrx_word' id='word_1_466' title='bbox 1982 628 2167 684; x_wconf 90' lang='lat' dir='ltr'><strong>tiones</strong></span> <span class='ocrx_word' id='word_1_467' title='bbox 2214 630 2320 685; x_wconf 89' lang='lat' dir='ltr'><strong>sibi</strong></span> <span class='ocrx_word' id='word_1_468' title='bbox 2368 631 2427 685; x_wconf 91' lang='lat' dir='ltr'><strong>in</strong></span> <span class='ocrx_word' id='word_1_469' title='bbox 2474 633 2740 689; x_wconf 90' lang='lat' dir='ltr'><strong>manibus</strong></span> <span class='ocrx_word' id='word_1_470' title='bbox 2770 652 2889 690; x_wconf 90' lang='lat' dir='ltr'><strong>esse</strong></span> <span class='ocrx_word' id='word_1_471' title='bbox 2939 637 3242 707; x_wconf 85' lang='lat' dir='ltr'><strong>signiﬁcat.</strong></span> <span class='ocrx_word' id='word_1_472' title='bbox 3278 642 3489 696; x_wconf 89' lang='lat' dir='ltr'><strong>Verum</strong></span> <span class='ocrx_word' id='word_1_473' title='bbox 3539 644 3684 700; x_wconf 91' lang='lat' dir='ltr'><strong>hanc</strong></span> 
     </span>
    </p>
   </div>
   <div class='ocr_carea' id='block_1_68' title="bbox 1982 717 3683 797">
    <p class='ocr_par' dir='ltr' id='par_1_68' title="bbox 1982 717 3683 797">
     <span class='ocr_line' id='line_1_68' title="bbox 1982 717 3683 797; baseline 0.009 -26"><span class='ocrx_word' id='word_1_474' title='bbox 1982 717 2213 773; x_wconf 91' lang='lat' dir='ltr'><strong>illorum</strong></span> <span class='ocrx_word' id='word_1_475' title='bbox 2243 721 2687 776; x_wconf 88' lang='lat' dir='ltr'><strong>controversiam</strong></span> <span class='ocrx_word' id='word_1_476' title='bbox 2717 724 2888 777; x_wconf 92' lang='lat' dir='ltr'><strong>modo</strong></span> <span class='ocrx_word' id='word_1_477' title='bbox 2924 724 3199 781; x_wconf 90' lang='lat' dir='ltr'><strong>delibasse</strong></span> <span class='ocrx_word' id='word_1_478' title='bbox 3230 729 3494 797; x_wconf 85' lang='lat' dir='ltr'><strong>sufﬁciat,</strong></span> <span class='ocrx_word' id='word_1_479' title='bbox 3528 748 3683 787; x_wconf 88' lang='lat' dir='ltr'><strong>eam-</strong></span> 
     </span>
    </p>
   </div>
   <div class='ocr_carea' id='block_1_69' title="bbox 1982 806 3683 893">
    <p class='ocr_par' dir='ltr' id='par_1_69' title="bbox 1982 806 3683 893">
     <span class='ocr_line' id='line_1_69' title="bbox 1982 806 3683 893; baseline 0.01 -33"><span class='ocrx_word' id='word_1_480' title='bbox 1982 806 2113 861; x_wconf 90' lang='lat' dir='ltr'><strong>dem</strong></span> <span class='ocrx_word' id='word_1_481' title='bbox 2134 807 2201 862; x_wconf 93' lang='lat' dir='ltr'><strong>ad</strong></span> <span class='ocrx_word' id='word_1_482' title='bbox 2230 808 2366 863; x_wconf 86' lang='lat' dir='ltr'><strong>anni</strong></span> <span class='ocrx_word' id='word_1_483' title='bbox 2386 810 2936 882; x_wconf 88' lang='lat' dir='ltr'><strong>quadringentesimi</strong></span> <span class='ocrx_word' id='word_1_484' title='bbox 2962 817 3151 886; x_wconf 85' lang='lat' dir='ltr'><strong>quarti</strong></span> <span class='ocrx_word' id='word_1_485' title='bbox 3171 817 3348 873; x_wconf 85' lang='lat' dir='ltr'><strong>finem</strong></span> <span class='ocrx_word' id='word_1_486' title='bbox 3370 836 3683 893; x_wconf 90' lang='lat' dir='ltr'><strong>proseque-</strong></span> 
     </span>
    </p>
   </div>
   <div class='ocr_carea' id='block_1_70' title="bbox 1982 912 2131 951">
    <p class='ocr_par' dir='ltr' id='par_1_70' title="bbox 1982 912 2131 951">
     <span class='ocr_line' id='line_1_70' title="bbox 1982 912 2131 951; baseline 0 0"><span class='ocrx_word' id='word_1_487' title='bbox 1982 912 2131 951; x_wconf 91' lang='lat' dir='ltr'><strong>mur.</strong></span> 
     </span>
    </p>
   </div>
   <div class='ocr_carea' id='block_1_71' title="bbox 2675 990 2998 1047">
    <p class='ocr_par' dir='ltr' id='par_1_71' title="bbox 2675 990 2998 1047">
     <span class='ocr_line' id='line_1_71' title="bbox 2675 990 2998 1047; baseline 0.009 -3"><span class='ocrx_word' id='word_1_488' title='bbox 2675 990 2900 1045; x_wconf 86' lang='lat' dir='ltr'><strong>CAPUT</strong></span> <span class='ocrx_word' id='word_1_489' title='bbox 2938 994 2998 1047; x_wconf 82' lang='grc' dir='ltr'>Χ.</span> 
     </span>
    </p>
   </div>
   <div class='ocr_carea' id='block_1_72' title="bbox 1986 1076 3684 1156">
    <p class='ocr_par' dir='ltr' id='par_1_72' title="bbox 1986 1076 3684 1156">
     <span class='ocr_line' id='line_1_72' title="bbox 1986 1076 3684 1156; baseline 0.011 -29"><span class='ocrx_word' id='word_1_490' title='bbox 1986 1077 2005 1128; x_wconf 93' lang='grc'><strong>1</strong></span> <span class='ocrx_word' id='word_1_491' title='bbox 2044 1076 2336 1129; x_wconf 76' lang='lat' dir='ltr'><strong>Donatistae</strong></span> <span class='ocrx_word' id='word_1_492' title='bbox 2354 1077 2736 1144; x_wconf 72' lang='lat' dir='ltr'><strong>praedicatione</strong></span> <span class='ocrx_word' id='word_1_493' title='bbox 2760 1083 3005 1135; x_wconf 76' lang='lat' dir='ltr'><strong>veritatis</strong></span> <span class='ocrx_word' id='word_1_494' title='bbox 3028 1084 3241 1137; x_wconf 75' lang='lat' dir='ltr'><strong>irritati</strong></span> <span class='ocrx_word' id='word_1_495' title='bbox 3256 1088 3426 1141; x_wconf 89' lang='lat' dir='ltr'><strong>multa</strong></span> <span class='ocrx_word' id='word_1_496' title='bbox 3446 1102 3546 1156; x_wconf 89' lang='lat' dir='ltr'><strong>per</strong></span> <span class='ocrx_word' id='word_1_497' title='bbox 3575 1092 3684 1145; x_wconf 89' lang='lat' dir='ltr'><strong>vim</strong></span> 
     </span>
    </p>
   </div>
   <div class='ocr_carea' id='block_1_73' title="bbox 2053 1164 3684 1246">
    <p class='ocr_par' dir='ltr' id='par_1_73' title="bbox 2053 1164 3684 1246">
     <span class='ocr_line' id='line_1_73' title="bbox 2053 1164 3684 1246; baseline 0.01 -30"><span class='ocrx_word' id='word_1_498' title='bbox 2053 1164 2466 1231; x_wconf 84' lang='lat' dir='ltr'><strong>aggrediuntur.</strong></span> <span class='ocrx_word' id='word_1_499' title='bbox 2490 1169 2523 1220; x_wconf 91' lang='grc'><strong>2</strong></span> <span class='ocrx_word' id='word_1_500' title='bbox 2552 1168 2893 1233; x_wconf 81' lang='lat' dir='ltr'><strong>Augustinus</strong></span> <span class='ocrx_word' id='word_1_501' title='bbox 2920 1170 3216 1226; x_wconf 85' lang='lat' dir='ltr'><strong>deerrando</strong></span> <span class='ocrx_word' id='word_1_502' title='bbox 3246 1176 3304 1227; x_wconf 90' lang='lat' dir='ltr'><strong>in</strong></span> <span class='ocrx_word' id='word_1_503' title='bbox 3332 1178 3425 1228; x_wconf 84' lang='lat' dir='ltr'><strong>via</strong></span> <span class='ocrx_word' id='word_1_504' title='bbox 3454 1180 3684 1246; x_wconf 80' lang='lat' dir='ltr'><strong>eripitur</strong></span> 
     </span>
    </p>
   </div>
   <div class='ocr_carea' id='block_1_74' title="bbox 2052 1254 3681 1332">
    <p class='ocr_par' dir='ltr' id='par_1_74' title="bbox 2052 1254 3681 1332">
     <span class='ocr_line' id='line_1_74' title="bbox 2052 1254 3681 1332; baseline 0.011 -29"><span class='ocrx_word' id='word_1_505' title='bbox 2052 1267 2119 1304; x_wconf 76' lang='lat' dir='ltr'><strong>ea:</strong></span> <span class='ocrx_word' id='word_1_506' title='bbox 2145 1254 2408 1319; x_wconf 85' lang='lat' dir='ltr'><strong>periculo.</strong></span> <span class='ocrx_word' id='word_1_507' title='bbox 2451 1257 2479 1307; x_wconf 91' lang='lat'><strong>3</strong></span> <span class='ocrx_word' id='word_1_508' title='bbox 2513 1254 2588 1308; x_wconf 87' lang='lat' dir='ltr'><strong>0b</strong></span> <span class='ocrx_word' id='word_1_509' title='bbox 2620 1257 2879 1310; x_wconf 87' lang='lat' dir='ltr'><strong>toleratas</strong></span> <span class='ocrx_word' id='word_1_510' title='bbox 2909 1258 2976 1311; x_wconf 86' lang='lat' dir='ltr'><strong>ab</strong></span> <span class='ocrx_word' id='word_1_511' title='bbox 3007 1261 3126 1314; x_wconf 85' lang='lat' dir='ltr'><strong>istis</strong></span> <span class='ocrx_word' id='word_1_512' title='bbox 3154 1261 3442 1317; x_wconf 81' lang='lat' dir='ltr'><strong>violentias</strong></span> <span class='ocrx_word' id='word_1_513' title='bbox 3474 1270 3681 1332; x_wconf 80' lang='lat' dir='ltr'><strong>confes-</strong></span> 
     </span>
    </p>
   </div>
   <div class='ocr_carea' id='block_1_75' title="bbox 2051 1341 3683 1421">
    <p class='ocr_par' dir='ltr' id='par_1_75' title="bbox 2051 1341 3683 1421">
     <span class='ocr_line' id='line_1_75' title="bbox 2051 1341 3683 1421; baseline 0.012 -31"><span class='ocrx_word' id='word_1_514' title='bbox 2051 1352 2231 1392; x_wconf 86' lang='lat' dir='ltr'><strong>sorum</strong></span> <span class='ocrx_word' id='word_1_515' title='bbox 2266 1355 2455 1393; x_wconf 80' lang='lat' dir='ltr'><strong>nomen</strong></span> <span class='ocrx_word' id='word_1_516' title='bbox 2494 1341 2872 1410; x_wconf 83' lang='lat' dir='ltr'><strong>adipiscuntur</strong></span> <span class='ocrx_word' id='word_1_517' title='bbox 2906 1348 3169 1401; x_wconf 78' lang='lat' dir='ltr'><strong>nonnulli.</strong></span> <span class='ocrx_word' id='word_1_518' title='bbox 3216 1350 3249 1402; x_wconf 85' lang='grc'><strong>4</strong></span> <span class='ocrx_word' id='word_1_519' title='bbox 3285 1353 3542 1421; x_wconf 76' lang='lat' dir='ltr'><strong>EpiSCOpi</strong></span> <span class='ocrx_word' id='word_1_520' title='bbox 3578 1356 3683 1410; x_wconf 88' lang='lat' dir='ltr'><strong>Ca-</strong></span> 
     </span>
    </p>
   </div>
   <div class='ocr_carea' id='block_1_76' title="bbox 2054 1428 3681 1509">
    <p class='ocr_par' dir='ltr' id='par_1_76' title="bbox 2054 1428 3681 1509">
     <span class='ocr_line' id='line_1_76' title="bbox 2054 1428 3681 1509; baseline 0.011 -30"><span class='ocrx_word' id='word_1_521' title='bbox 2054 1428 2239 1481; x_wconf 83' lang='lat' dir='ltr'><strong>tholici</strong></span> <span class='ocrx_word' id='word_1_522' title='bbox 2270 1432 2582 1484; x_wconf 87' lang='lat' dir='ltr'><strong>Donatistas</strong></span> <span class='ocrx_word' id='word_1_523' title='bbox 2619 1434 2892 1487; x_wconf 82' lang='lat' dir='ltr'><strong>antistites</strong></span> <span class='ocrx_word' id='word_1_524' title='bbox 2924 1435 2997 1488; x_wconf 88' lang='lat' dir='ltr'><strong>ad</strong></span> <span class='ocrx_word' id='word_1_525' title='bbox 3027 1437 3329 1493; x_wconf 88' lang='lat' dir='ltr'><strong>habendum</strong></span> <span class='ocrx_word' id='word_1_526' title='bbox 3360 1442 3681 1509; x_wconf 85' lang='lat' dir='ltr'><strong>colloquium</strong></span> 
     </span>
    </p>
   </div>
   <div class='ocr_carea' id='block_1_77' title="bbox 2046 1519 3683 1597">
    <p class='ocr_par' dir='ltr' id='par_1_77' title="bbox 2046 1519 3683 1597">
     <span class='ocr_line' id='line_1_77' title="bbox 2046 1519 3683 1597; baseline 0.012 -30"><span class='ocrx_word' id='word_1_527' title='bbox 2046 1522 2344 1583; x_wconf 87' lang='lat' dir='ltr'><strong>provocant</strong></span> <span class='ocrx_word' id='word_1_528' title='bbox 2376 1519 2598 1587; x_wconf 87' lang='lat' dir='ltr'><strong>publica</strong></span> <span class='ocrx_word' id='word_1_529' title='bbox 2628 1522 3075 1590; x_wconf 82' lang='lat' dir='ltr'><strong>interpellatione.</strong></span> <span class='ocrx_word' id='word_1_530' title='bbox 3110 1530 3139 1579; x_wconf 83' lang='lat'><strong>5</strong></span> <span class='ocrx_word' id='word_1_531' title='bbox 3181 1527 3248 1580; x_wconf 86' lang='lat' dir='ltr'><strong>Id</strong></span> <span class='ocrx_word' id='word_1_532' title='bbox 3276 1529 3361 1581; x_wconf 91' lang='lat' dir='ltr'><strong>illi</strong></span> <span class='ocrx_word' id='word_1_533' title='bbox 3402 1546 3498 1597; x_wconf 83' lang='lat' dir='ltr'><strong>per</strong></span> <span class='ocrx_word' id='word_1_534' title='bbox 3531 1547 3683 1587; x_wconf 84' lang='lat' dir='ltr'><strong>arro-</strong></span> 
     </span>
    </p>
   </div>
   <div class='ocr_carea' id='block_1_78' title="bbox 2050 1607 3677 1683">
    <p class='ocr_par' dir='ltr' id='par_1_78' title="bbox 2050 1607 3677 1683">
     <span class='ocr_line' id='line_1_78' title="bbox 2050 1607 3677 1683; baseline 0.012 -27"><span class='ocrx_word' id='word_1_535' title='bbox 2050 1607 2677 1670; x_wconf 88' lang='lat' dir='ltr'><strong>gantiamrecusant:ad</strong></span> <span class='ocrx_word' id='word_1_536' title='bbox 2707 1626 2886 1665; x_wconf 86' lang='lat' dir='ltr'><strong>eorum</strong></span> <span class='ocrx_word' id='word_1_537' title='bbox 2917 1612 3080 1667; x_wconf 90' lang='lat' dir='ltr'><strong>laicos</strong></span> <span class='ocrx_word' id='word_1_538' title='bbox 3102 1616 3291 1668; x_wconf 80' lang='lat' dir='ltr'><strong>scribit</strong></span> <span class='ocrx_word' id='word_1_539' title='bbox 3315 1618 3677 1683; x_wconf 84' lang='lat' dir='ltr'><strong>Augustinus.</strong></span> 
     </span>
    </p>
   </div>
   <div class='ocr_carea' id='block_1_79' title="bbox 2056 1692 3678 1772">
    <p class='ocr_par' dir='ltr' id='par_1_79' title="bbox 2056 1692 3678 1772">
     <span class='ocr_line' id='line_1_79' title="bbox 2056 1692 3678 1772; baseline 0.009 -27"><span class='ocrx_word' id='word_1_540' title='bbox 2056 1696 2105 1745; x_wconf 94' lang='grc'><strong>1.</strong></span> <span class='ocrx_word' id='word_1_541' title='bbox 2137 1692 2397 1747; x_wconf 88' lang='lat' dir='ltr'><strong>Vidimus</strong></span> <span class='ocrx_word' id='word_1_542' title='bbox 2436 1695 2572 1750; x_wconf 88' lang='lat' dir='ltr'><strong>alias</strong></span> <span class='ocrx_word' id='word_1_543' title='bbox 2604 1714 2870 1768; x_wconf 67' lang='lat' dir='ltr'><strong>quaenam</strong></span> <span class='ocrx_word' id='word_1_544' title='bbox 2906 1706 3072 1767; x_wconf 91' lang='lat' dir='ltr'><strong>esset,</strong></span> <span class='ocrx_word' id='word_1_545' title='bbox 3110 1706 3165 1755; x_wconf 89' lang='lat' dir='ltr'><strong>et</strong></span> <span class='ocrx_word' id='word_1_546' title='bbox 3194 1708 3472 1772; x_wconf 88' lang='lat' dir='ltr'><strong>quantum</strong></span> <span class='ocrx_word' id='word_1_547' title='bbox 3509 1705 3678 1759; x_wconf 87' lang='lat' dir='ltr'><strong>rebus</strong></span> 
     </span>
    </p>
   </div>
   <div class='ocr_carea' id='block_1_80' title="bbox 1982 1780 3676 1863">
    <p class='ocr_par' dir='ltr' id='par_1_80' title="bbox 1982 1780 3676 1863">
     <span class='ocr_line' id='line_1_80' title="bbox 1982 1780 3676 1863; baseline 0.009 -30"><span class='ocrx_word' id='word_1_548' title='bbox 1982 1780 2238 1835; x_wconf 63' lang='lat' dir='ltr'><strong>Ecclesiae</strong></span> <span class='ocrx_word' id='word_1_549' title='bbox 2263 1783 2606 1840; x_wconf 88' lang='lat' dir='ltr'><strong>conduceret</strong></span> <span class='ocrx_word' id='word_1_550' title='bbox 2626 1787 3169 1843; x_wconf 88' lang='lat' dir='ltr'><strong>Maximianistarum</strong></span> <span class='ocrx_word' id='word_1_551' title='bbox 3188 1791 3428 1846; x_wconf 88' lang='lat' dir='ltr'><strong>historia</strong></span> <span class='ocrx_word' id='word_1_552' title='bbox 3450 1795 3676 1863; x_wconf 82' lang='lat' dir='ltr'><strong>(Supra,</strong></span> 
     </span>
    </p>
   </div>
   <div class='ocr_carea' id='block_1_81' title="bbox 1979 1869 3679 1953">
    <p class='ocr_par' dir='ltr' id='par_1_81' title="bbox 1979 1869 3679 1953">
     <span class='ocr_line' id='line_1_81' title="bbox 1979 1869 3679 1953; baseline 0.008 -30"><span class='ocrx_word' id='word_1_553' title='bbox 1979 1869 2074 1923; x_wconf 86' lang='lat' dir='ltr'><strong>lib.</strong></span> <span class='ocrx_word' id='word_1_554' title='bbox 2110 1873 2163 1937; x_wconf 91' lang='lat'><strong>3,</strong></span> <span class='ocrx_word' id='word_1_555' title='bbox 2192 1887 2314 1940; x_wconf 87' lang='lat' dir='ltr'><strong>cap.</strong></span> <span class='ocrx_word' id='word_1_556' title='bbox 2355 1876 2408 1941; x_wconf 91' lang='lat'><strong>9,</strong></span> <span class='ocrx_word' id='word_1_557' title='bbox 2444 1889 2501 1927; x_wconf 85' lang='grc' dir='ltr'>η.</span> <span class='ocrx_word' id='word_1_558' title='bbox 2537 1874 2605 1942; x_wconf 94' lang='grc'><strong>1).</strong></span> <span class='ocrx_word' id='word_1_559' title='bbox 2651 1875 2906 1929; x_wconf 87' lang='lat' dir='ltr'><strong>Vidimus</strong></span> <span class='ocrx_word' id='word_1_560' title='bbox 2948 1877 3119 1931; x_wconf 87' lang='lat' dir='ltr'><strong>etiam</strong></span> <span class='ocrx_word' id='word_1_561' title='bbox 3158 1879 3297 1949; x_wconf 91' lang='lat' dir='ltr'><strong>quid</strong></span> <span class='ocrx_word' id='word_1_562' title='bbox 3340 1897 3491 1935; x_wconf 91' lang='lat' dir='ltr'><strong>anno</strong></span> <span class='ocrx_word' id='word_1_563' title='bbox 3532 1899 3679 1953; x_wconf 88' lang='lat' dir='ltr'><strong>qua-</strong></span> 
     </span>
    </p>
   </div>
   <div class='ocr_carea' id='block_1_82' title="bbox 1980 1957 3679 2039">
    <p class='ocr_par' dir='ltr' id='par_1_82' title="bbox 1980 1957 3679 2039">
     <span class='ocr_line' id='line_1_82' title="bbox 1980 1957 3679 2039; baseline 0.008 -27"><span class='ocrx_word' id='word_1_564' title='bbox 1980 1957 2426 2029; x_wconf 90' lang='lat' dir='ltr'><strong>dringentesimo</strong></span> <span class='ocrx_word' id='word_1_565' title='bbox 2448 1962 2635 2030; x_wconf 89' lang='lat' dir='ltr'><strong>primo</strong></span> <span class='ocrx_word' id='word_1_566' title='bbox 2649 1965 2716 2018; x_wconf 95' lang='lat' dir='ltr'><strong>de</strong></span> <span class='ocrx_word' id='word_1_567' title='bbox 2736 1965 3139 2035; x_wconf 88' lang='lat' dir='ltr'><strong>perquirendis</strong></span> <span class='ocrx_word' id='word_1_568' title='bbox 3155 1968 3226 2021; x_wconf 88' lang='lat' dir='ltr'><strong>ad</strong></span> <span class='ocrx_word' id='word_1_569' title='bbox 3247 1984 3371 2022; x_wconf 91' lang='lat' dir='ltr'><strong>eam</strong></span> <span class='ocrx_word' id='word_1_570' title='bbox 3392 1970 3679 2039; x_wconf 90' lang='lat' dir='ltr'><strong>pertinen-</strong></span> 
     </span>
    </p>
   </div>
   <div class='ocr_carea' id='block_1_83' title="bbox 1977 2046 3678 2125">
    <p class='ocr_par' dir='ltr' id='par_1_83' title="bbox 1977 2046 3678 2125">
     <span class='ocr_line' id='line_1_83' title="bbox 1977 2046 3678 2125; baseline 0.009 -27"><span class='ocrx_word' id='word_1_571' title='bbox 1977 2046 2131 2099; x_wconf 90' lang='lat' dir='ltr'><strong>tibus</strong></span> <span class='ocrx_word' id='word_1_572' title='bbox 2175 2050 2549 2119; x_wconf 87' lang='lat' dir='ltr'><strong>autographis</strong></span> <span class='ocrx_word' id='word_1_573' title='bbox 2593 2053 2855 2107; x_wconf 89' lang='lat' dir='ltr'><strong>statuerit</strong></span> <span class='ocrx_word' id='word_1_574' title='bbox 2884 2054 3329 2125; x_wconf 82' lang='lat' dir='ltr'><strong>Carthaginense</strong></span> <span class='ocrx_word' id='word_1_575' title='bbox 3372 2058 3678 2114; x_wconf 91' lang='lat' dir='ltr'><strong>concilium</strong></span> 
     </span>
    </p>
   </div>
   <div class='ocr_carea' id='block_1_84' title="bbox 1978 2134 3674 2217">
    <p class='ocr_par' dir='ltr' id='par_1_84' title="bbox 1978 2134 3674 2217">
     <span class='ocr_line' id='line_1_84' title="bbox 1978 2134 3674 2217; baseline 0.007 -27"><span class='ocrx_word' id='word_1_576' title='bbox 1978 2134 2191 2205; x_wconf 89' lang='lat' dir='ltr'><strong>(Codice</strong></span> <span class='ocrx_word' id='word_1_577' title='bbox 2242 2138 2515 2192; x_wconf 88' lang='lat' dir='ltr'><strong>Canonum</strong></span> <span class='ocrx_word' id='word_1_578' title='bbox 2563 2140 2767 2205; x_wconf 84' lang='lat' dir='ltr'><strong>Afric.,</strong></span> <span class='ocrx_word' id='word_1_579' title='bbox 2813 2157 2933 2196; x_wconf 89' lang='lat' dir='ltr'><strong>can.</strong></span> <span class='ocrx_word' id='word_1_580' title='bbox 2984 2146 3095 2213; x_wconf 86' lang='lat'><strong>67).</strong></span> <span class='ocrx_word' id='word_1_581' title='bbox 3145 2145 3332 2198; x_wconf 82' lang='lat' dir='ltr'><strong>Voluit</strong></span> <span class='ocrx_word' id='word_1_582' title='bbox 3377 2147 3674 2217; x_wconf 89' lang='lat' dir='ltr'><strong>nimirum,</strong></span> 
     </span>
    </p>
   </div>
   <div class='ocr_carea' id='block_1_85' title="bbox 1976 2223 3683 2309">
    <p class='ocr_par' dir='ltr' id='par_1_85' title="bbox 1976 2223 3683 2309">
     <span class='ocr_line' id='line_1_85' title="bbox 1976 2223 3683 2309; baseline 0.009 -33"><span class='ocrx_word' id='word_1_583' title='bbox 1976 2227 2041 2276; x_wconf 88' lang='lat' dir='ltr'><strong>ut</strong></span> <span class='ocrx_word' id='word_1_584' title='bbox 2069 2228 2126 2277; x_wconf 91' lang='lat' dir='ltr'><strong>et</strong></span> <span class='ocrx_word' id='word_1_585' title='bbox 2148 2223 2506 2281; x_wconf 89' lang='lat' dir='ltr'><strong>cohortandis</strong></span> <span class='ocrx_word' id='word_1_586' title='bbox 2527 2228 2596 2282; x_wconf 90' lang='lat' dir='ltr'><strong>ad</strong></span> <span class='ocrx_word' id='word_1_587' title='bbox 2622 2245 2820 2298; x_wconf 85' lang='lat' dir='ltr'><strong>pacem</strong></span> <span class='ocrx_word' id='word_1_588' title='bbox 2848 2232 3156 2286; x_wconf 87' lang='lat' dir='ltr'><strong>Donatistis</strong></span> <span class='ocrx_word' id='word_1_589' title='bbox 3178 2233 3540 2290; x_wconf 89' lang='lat' dir='ltr'><strong>mitterentur</strong></span> <span class='ocrx_word' id='word_1_590' title='bbox 3561 2238 3683 2309; x_wconf 87' lang='lat' dir='ltr'><strong>epi-</strong></span> 
     </span>
    </p>
   </div>
   <div class='ocr_carea' id='block_1_86' title="bbox 1976 2312 3677 2389">
    <p class='ocr_par' dir='ltr' id='par_1_86' title="bbox 1976 2312 3677 2389">
     <span class='ocr_line' id='line_1_86' title="bbox 1976 2312 3677 2389; baseline 0.009 -25"><span class='ocrx_word' id='word_1_591' title='bbox 1976 2312 2131 2382; x_wconf 92' lang='lat' dir='ltr'><strong>scopi</strong></span> <span class='ocrx_word' id='word_1_592' title='bbox 2164 2329 2176 2367; x_wconf 93' lang='lat'><strong>:</strong></span> <span class='ocrx_word' id='word_1_593' title='bbox 2206 2318 2263 2368; x_wconf 91' lang='lat' dir='ltr'><strong>et</strong></span> <span class='ocrx_word' id='word_1_594' title='bbox 2290 2314 2392 2386; x_wconf 91' lang='lat' dir='ltr'><strong>qui</strong></span> <span class='ocrx_word' id='word_1_595' title='bbox 2419 2316 2804 2384; x_wconf 87' lang='lat' dir='ltr'><strong>mitterentur,</strong></span> <span class='ocrx_word' id='word_1_596' title='bbox 2830 2319 2975 2372; x_wconf 90' lang='lat' dir='ltr'><strong>hanc</strong></span> <span class='ocrx_word' id='word_1_597' title='bbox 2996 2319 3357 2389; x_wconf 90' lang='lat' dir='ltr'><strong>potissimum</strong></span> <span class='ocrx_word' id='word_1_598' title='bbox 3378 2322 3677 2380; x_wconf 87' lang='lat' dir='ltr'><strong>historiam</strong></span> 
     </span>
    </p>
   </div>
   <div class='ocr_carea' id='block_1_87' title="bbox 1975 2401 3676 2474">
    <p class='ocr_par' dir='ltr' id='par_1_87' title="bbox 1975 2401 3676 2474">
     <span class='ocr_line' id='line_1_87' title="bbox 1975 2401 3676 2474; baseline 0.006 -20"><span class='ocrx_word' id='word_1_599' title='bbox 1975 2401 2339 2470; x_wconf 88' lang='lat' dir='ltr'><strong>publicorum</strong></span> <span class='ocrx_word' id='word_1_600' title='bbox 2371 2409 2661 2474; x_wconf 89' lang='lat' dir='ltr'><strong>gestorum</strong></span> <span class='ocrx_word' id='word_1_601' title='bbox 2706 2407 2818 2461; x_wconf 84' lang='lat' dir='ltr'><strong>ﬁde</strong></span> <span class='ocrx_word' id='word_1_602' title='bbox 2864 2411 3124 2462; x_wconf 89' lang='lat' dir='ltr'><strong>testatam</strong></span> <span class='ocrx_word' id='word_1_603' title='bbox 3158 2409 3228 2462; x_wconf 90' lang='lat' dir='ltr'><strong>ad</strong></span> <span class='ocrx_word' id='word_1_604' title='bbox 3258 2410 3676 2465; x_wconf 89' lang='lat' dir='ltr'><strong>convincendos</strong></span> 
     </span>
    </p>
   </div>
   <div class='ocr_carea' id='block_1_88' title="bbox 1975 2489 3677 2569">
    <p class='ocr_par' dir='ltr' id='par_1_88' title="bbox 1975 2489 3677 2569">
     <span class='ocr_line' id='line_1_88' title="bbox 1975 2489 3677 2569; baseline 0.006 -26"><span class='ocrx_word' id='word_1_605' title='bbox 1975 2489 2231 2561; x_wconf 90' lang='lat' dir='ltr'><strong>ipsorum</strong></span> <span class='ocrx_word' id='word_1_606' title='bbox 2270 2492 2493 2547; x_wconf 89' lang='lat' dir='ltr'><strong>animos</strong></span> <span class='ocrx_word' id='word_1_607' title='bbox 2533 2494 2869 2549; x_wconf 88' lang='lat' dir='ltr'><strong>adhiberent</strong></span> <span class='ocrx_word' id='word_1_608' title='bbox 2899 2496 3090 2565; x_wconf 87' lang='lat' dir='ltr'><strong>(lbid.,</strong></span> <span class='ocrx_word' id='word_1_609' title='bbox 3134 2513 3253 2552; x_wconf 88' lang='lat' dir='ltr'><strong>can.</strong></span> <span class='ocrx_word' id='word_1_610' title='bbox 3297 2500 3405 2569; x_wconf 88' lang='lat'><strong>69).</strong></span> <span class='ocrx_word' id='word_1_611' title='bbox 3443 2499 3677 2554; x_wconf 85' lang='lat' dir='ltr'><strong>Concilii</strong></span> 
     </span>
    </p>
   </div>
   <div class='ocr_carea' id='block_1_89' title="bbox 1974 2579 3677 2657">
    <p class='ocr_par' dir='ltr' id='par_1_89' title="bbox 1974 2579 3677 2657">
     <span class='ocr_line' id='line_1_89' title="bbox 1974 2579 3677 2657; baseline 0.006 -25"><span class='ocrx_word' id='word_1_612' title='bbox 1974 2579 2194 2649; x_wconf 88' lang='lat' dir='ltr'><strong>placitis</strong></span> <span class='ocrx_word' id='word_1_613' title='bbox 2224 2582 2453 2651; x_wconf 87' lang='lat' dir='ltr'><strong>egregie</strong></span> <span class='ocrx_word' id='word_1_614' title='bbox 2484 2583 2967 2653; x_wconf 86' lang='lat' dir='ltr'><strong>obsecundarunt,</strong></span> <span class='ocrx_word' id='word_1_615' title='bbox 2998 2584 3097 2655; x_wconf 89' lang='lat' dir='ltr'><strong>qui</strong></span> <span class='ocrx_word' id='word_1_616' title='bbox 3126 2587 3196 2640; x_wconf 91' lang='lat' dir='ltr'><strong>ad</strong></span> <span class='ocrx_word' id='word_1_617' title='bbox 3234 2587 3340 2640; x_wconf 91' lang='lat' dir='ltr'><strong>hoc</strong></span> <span class='ocrx_word' id='word_1_618' title='bbox 3369 2604 3515 2657; x_wconf 91' lang='lat' dir='ltr'><strong>opus</strong></span> <span class='ocrx_word' id='word_1_619' title='bbox 3553 2589 3677 2643; x_wconf 90' lang='lat' dir='ltr'><strong>fue-</strong></span> 
     </span>
    </p>
   </div>
   <div class='ocr_carea' id='block_1_90' title="bbox 1974 2666 3673 2744">
    <p class='ocr_par' dir='ltr' id='par_1_90' title="bbox 1974 2666 3673 2744">
     <span class='ocr_line' id='line_1_90' title="bbox 1974 2666 3673 2744; baseline 0.007 -26"><span class='ocrx_word' id='word_1_620' title='bbox 1974 2670 2110 2719; x_wconf 89' lang='lat' dir='ltr'><strong>runt</strong></span> <span class='ocrx_word' id='word_1_621' title='bbox 2148 2666 2327 2721; x_wconf 90' lang='lat' dir='ltr'><strong>electi.</strong></span> <span class='ocrx_word' id='word_1_622' title='bbox 2363 2668 2630 2723; x_wconf 90' lang='lat' dir='ltr'><strong>Eamdem</strong></span> <span class='ocrx_word' id='word_1_623' title='bbox 2669 2669 2823 2723; x_wconf 92' lang='lat' dir='ltr'><strong>enim</strong></span> <span class='ocrx_word' id='word_1_624' title='bbox 2860 2670 3179 2737; x_wconf 88' lang='lat' dir='ltr'><strong>historiam,</strong></span> <span class='ocrx_word' id='word_1_625' title='bbox 3214 2689 3673 2744; x_wconf 86' lang='lat' dir='ltr'><strong>quaquaversum</strong></span> 
     </span>
    </p>
   </div>
   <div class='ocr_carea' id='block_1_91' title="bbox 1972 2755 3674 2833">
    <p class='ocr_par' dir='ltr' id='par_1_91' title="bbox 1972 2755 3674 2833">
     <span class='ocr_line' id='line_1_91' title="bbox 1972 2755 3674 2833; baseline 0.006 -26"><span class='ocrx_word' id='word_1_626' title='bbox 1972 2758 2235 2823; x_wconf 89' lang='lat' dir='ltr'><strong>potuere,</strong></span> <span class='ocrx_word' id='word_1_627' title='bbox 2290 2755 2533 2809; x_wconf 84' lang='lat' dir='ltr'><strong>ferventi</strong></span> <span class='ocrx_word' id='word_1_628' title='bbox 2587 2756 3028 2812; x_wconf 79' lang='lat' dir='ltr'><strong>diffamaverunt</strong></span> <span class='ocrx_word' id='word_1_629' title='bbox 3076 2758 3349 2814; x_wconf 89' lang='lat' dir='ltr'><strong>instantia</strong></span> <span class='ocrx_word' id='word_1_630' title='bbox 3398 2779 3411 2817; x_wconf 92' lang='lat'><strong>:</strong></span> <span class='ocrx_word' id='word_1_631' title='bbox 3470 2780 3674 2833; x_wconf 91' lang='lat' dir='ltr'><strong>resque</strong></span> 
     </span>
    </p>
   </div>
   <div class='ocr_carea' id='block_1_92' title="bbox 1973 2841 3669 2920">
    <p class='ocr_par' dir='ltr' id='par_1_92' title="bbox 1973 2841 3669 2920">
     <span class='ocr_line' id='line_1_92' title="bbox 1973 2841 3669 2920; baseline 0.006 -26"><span class='ocrx_word' id='word_1_632' title='bbox 1973 2841 2116 2895; x_wconf 89' lang='lat' dir='ltr'><strong>adeo</strong></span> <span class='ocrx_word' id='word_1_633' title='bbox 2158 2858 2355 2896; x_wconf 90' lang='lat' dir='ltr'><strong>recens</strong></span> <span class='ocrx_word' id='word_1_634' title='bbox 2392 2847 2449 2898; x_wconf 91' lang='lat' dir='ltr'><strong>et</strong></span> <span class='ocrx_word' id='word_1_635' title='bbox 2485 2844 2847 2899; x_wconf 90' lang='lat' dir='ltr'><strong>manifestata</strong></span> <span class='ocrx_word' id='word_1_636' title='bbox 2891 2850 3029 2911; x_wconf 88' lang='lat' dir='ltr'><strong>erat,</strong></span> <span class='ocrx_word' id='word_1_637' title='bbox 3061 2852 3125 2900; x_wconf 91' lang='lat' dir='ltr'><strong>ut</strong></span> <span class='ocrx_word' id='word_1_638' title='bbox 3164 2848 3472 2903; x_wconf 64' lang='lat' dir='ltr'><strong>Donatistae</strong></span> <span class='ocrx_word' id='word_1_639' title='bbox 3518 2852 3669 2920; x_wconf 92' lang='lat' dir='ltr'><strong>quod</strong></span> 
     </span>
    </p>
   </div>
   <div class='ocr_carea' id='block_1_93' title="bbox 1973 2930 3673 3007">
    <p class='ocr_par' dir='ltr' id='par_1_93' title="bbox 1973 2930 3673 3007">
     <span class='ocr_line' id='line_1_93' title="bbox 1973 2930 3673 3007; baseline 0.006 -26"><span class='ocrx_word' id='word_1_640' title='bbox 1973 2934 2172 2982; x_wconf 90' lang='lat' dir='ltr'><strong>contra</strong></span> <span class='ocrx_word' id='word_1_641' title='bbox 2193 2930 2479 2995; x_wconf 80' lang='lat' dir='ltr'><strong>afferrent,</strong></span> <span class='ocrx_word' id='word_1_642' title='bbox 2508 2930 2649 2984; x_wconf 90' lang='lat' dir='ltr'><strong>nihil</strong></span> <span class='ocrx_word' id='word_1_643' title='bbox 2673 2932 2908 2986; x_wconf 90' lang='lat' dir='ltr'><strong>omnino</strong></span> <span class='ocrx_word' id='word_1_644' title='bbox 2931 2932 3268 2988; x_wconf 91' lang='lat' dir='ltr'><strong>invenirent.</strong></span> <span class='ocrx_word' id='word_1_645' title='bbox 3298 2936 3493 3007; x_wconf 85' lang='lat' dir='ltr'><strong>Itaque</strong></span> <span class='ocrx_word' id='word_1_646' title='bbox 3516 2953 3673 2992; x_wconf 89' lang='lat' dir='ltr'><strong>com-</strong></span> 
     </span>
    </p>
   </div>
   <div class='ocr_carea' id='block_1_94' title="bbox 1973 3016 3671 3094">
    <p class='ocr_par' dir='ltr' id='par_1_94' title="bbox 1973 3016 3671 3094">
     <span class='ocr_line' id='line_1_94' title="bbox 1973 3016 3671 3094; baseline 0.006 -25"><span class='ocrx_word' id='word_1_647' title='bbox 1973 3016 2186 3087; x_wconf 90' lang='lat' dir='ltr'><strong>plures,</strong></span> <span class='ocrx_word' id='word_1_648' title='bbox 2219 3017 2453 3072; x_wconf 87' lang='lat' dir='ltr'><strong>salutari</strong></span> <span class='ocrx_word' id='word_1_649' title='bbox 2481 3020 2821 3073; x_wconf 89' lang='lat' dir='ltr'><strong>verecundia</strong></span> <span class='ocrx_word' id='word_1_650' title='bbox 2859 3020 3094 3091; x_wconf 85' lang='lat' dir='ltr'><strong>perfusi,</strong></span> <span class='ocrx_word' id='word_1_651' title='bbox 3141 3038 3380 3094; x_wconf 90' lang='lat' dir='ltr'><strong>remque</strong></span> <span class='ocrx_word' id='word_1_652' title='bbox 3419 3028 3537 3079; x_wconf 90' lang='lat' dir='ltr'><strong>tam</strong></span> <span class='ocrx_word' id='word_1_653' title='bbox 3576 3042 3671 3079; x_wconf 87' lang='lat' dir='ltr'><strong>ex-</strong></span> 
     </span>
    </p>
   </div>
   <div class='ocr_carea' id='block_1_95' title="bbox 1973 3106 3673 3182">
    <p class='ocr_par' dir='ltr' id='par_1_95' title="bbox 1973 3106 3673 3182">
     <span class='ocr_line' id='line_1_95' title="bbox 1973 3106 3673 3182; baseline 0.005 -23"><span class='ocrx_word' id='word_1_654' title='bbox 1973 3106 2251 3176; x_wconf 89' lang='lat' dir='ltr'><strong>ploratam</strong></span> <span class='ocrx_word' id='word_1_655' title='bbox 2282 3123 2492 3177; x_wconf 90' lang='lat' dir='ltr'><strong>negare</strong></span> <span class='ocrx_word' id='word_1_656' title='bbox 2532 3108 2717 3175; x_wconf 89' lang='lat' dir='ltr'><strong>veriti,</strong></span> <span class='ocrx_word' id='word_1_657' title='bbox 2759 3126 3012 3165; x_wconf 91' lang='lat' dir='ltr'><strong>errorem</strong></span> <span class='ocrx_word' id='word_1_658' title='bbox 3046 3128 3215 3166; x_wconf 89' lang='lat' dir='ltr'><strong>suum</strong></span> <span class='ocrx_word' id='word_1_659' title='bbox 3251 3113 3582 3182; x_wconf 84' lang='lat' dir='ltr'><strong>ejurarunt;</strong></span> <span class='ocrx_word' id='word_1_660' title='bbox 3611 3131 3673 3168; x_wconf 92' lang='lat' dir='ltr'><strong>ac</strong></span> 
     </span>
    </p>
   </div>
   <div class='ocr_carea' id='block_1_96' title="bbox 1973 3196 3673 3271">
    <p class='ocr_par' dir='ltr' id='par_1_96' title="bbox 1973 3196 3673 3271">
     <span class='ocr_line' id='line_1_96' title="bbox 1973 3196 3673 3271; baseline 0.006 -24"><span class='ocrx_word' id='word_1_661' title='bbox 1973 3196 2156 3248; x_wconf 91' lang='lat' dir='ltr'><strong>multo</strong></span> <span class='ocrx_word' id='word_1_662' title='bbox 2188 3196 2605 3267; x_wconf 87' lang='lat' dir='ltr'><strong>frequentiores</strong></span> <span class='ocrx_word' id='word_1_663' title='bbox 2636 3207 2800 3253; x_wconf 88' lang='lat' dir='ltr'><strong>erant</strong></span> <span class='ocrx_word' id='word_1_664' title='bbox 2842 3216 3015 3271; x_wconf 89' lang='lat' dir='ltr'><strong>quam</strong></span> <span class='ocrx_word' id='word_1_665' title='bbox 3052 3206 3219 3255; x_wconf 90' lang='lat' dir='ltr'><strong>antea</strong></span> <span class='ocrx_word' id='word_1_666' title='bbox 3255 3202 3327 3255; x_wconf 91' lang='lat' dir='ltr'><strong>ad</strong></span> <span class='ocrx_word' id='word_1_667' title='bbox 3369 3202 3673 3257; x_wconf 89' lang='lat' dir='ltr'><strong>Ecclesiam</strong></span> 
     </span>
    </p>
   </div>
   <div class='ocr_carea' id='block_1_97' title="bbox 1974 3285 3675 3357">
    <p class='ocr_par' dir='ltr' id='par_1_97' title="bbox 1974 3285 3675 3357">
     <span class='ocr_line' id='line_1_97' title="bbox 1974 3285 3675 3357; baseline 0.005 -19"><span class='ocrx_word' id='word_1_668' title='bbox 1974 3285 2216 3351; x_wconf 92' lang='lat' dir='ltr'><strong>reditus;</strong></span> <span class='ocrx_word' id='word_1_669' title='bbox 2248 3286 2345 3339; x_wconf 88' lang='lat' dir='ltr'><strong>sed</strong></span> <span class='ocrx_word' id='word_1_670' title='bbox 2383 3286 2633 3341; x_wconf 88' lang='lat' dir='ltr'><strong>maxime</strong></span> <span class='ocrx_word' id='word_1_671' title='bbox 2663 3288 2723 3342; x_wconf 93' lang='lat' dir='ltr'><strong>in</strong></span> <span class='ocrx_word' id='word_1_672' title='bbox 2762 3288 2830 3342; x_wconf 91' lang='lat' dir='ltr'><strong>iis</strong></span> <span class='ocrx_word' id='word_1_673' title='bbox 2870 3290 3024 3357; x_wconf 91' lang='lat' dir='ltr'><strong>locis,</strong></span> <span class='ocrx_word' id='word_1_674' title='bbox 3060 3291 3159 3345; x_wconf 88' lang='lat' dir='ltr'><strong>ubi</strong></span> <span class='ocrx_word' id='word_1_675' title='bbox 3198 3292 3406 3347; x_wconf 84' lang='lat' dir='ltr'><strong>minori</strong></span> <span class='ocrx_word' id='word_1_676' title='bbox 3446 3293 3675 3348; x_wconf 89' lang='lat' dir='ltr'><strong>licentia</strong></span> 
     </span>
    </p>
   </div>
   <div class='ocr_carea' id='block_1_98' title="bbox 1972 3373 3669 3451">
    <p class='ocr_par' dir='ltr' id='par_1_98' title="bbox 1972 3373 3669 3451">
     <span class='ocr_line' id='line_1_98' title="bbox 1972 3373 3669 3451; baseline 0.005 -25"><span class='ocrx_word' id='word_1_677' title='bbox 1972 3373 2238 3429; x_wconf 80' lang='lat' dir='ltr'><strong>saeviebat</strong></span> <span class='ocrx_word' id='word_1_678' title='bbox 2267 3374 2802 3431; x_wconf 87' lang='lat' dir='ltr'><strong>Circumcellionum</strong></span> <span class='ocrx_word' id='word_1_679' title='bbox 2836 3378 3164 3433; x_wconf 88' lang='lat' dir='ltr'><strong>immanitas</strong></span> <span class='ocrx_word' id='word_1_680' title='bbox 3195 3381 3379 3451; x_wconf 89' lang='lat' dir='ltr'><strong>(Ibid.,</strong></span> <span class='ocrx_word' id='word_1_681' title='bbox 3411 3386 3462 3435; x_wconf 89' lang='lat' dir='ltr'><strong>et</strong></span> <span class='ocrx_word' id='word_1_682' title='bbox 3489 3384 3669 3451; x_wconf 86' lang='lat' dir='ltr'><strong>Epist.</strong></span> 
     </span>
    </p>
   </div>
   <div class='ocr_carea' id='block_1_99' title="bbox 1980 3465 3669 3539">
    <p class='ocr_par' dir='ltr' id='par_1_99' title="bbox 1980 3465 3669 3539">
     <span class='ocr_line' id='line_1_99' title="bbox 1980 3465 3669 3539; baseline 0.004 -20"><span class='ocrx_word' id='word_1_683' title='bbox 1980 3466 2098 3525; x_wconf 75' lang='lat'><strong>185,</strong></span> <span class='ocrx_word' id='word_1_684' title='bbox 2126 3480 2177 3518; x_wconf 82' lang='grc' dir='ltr'>η.</span> <span class='ocrx_word' id='word_1_685' title='bbox 2217 3467 2319 3534; x_wconf 86' lang='grc'>17).</span> <span class='ocrx_word' id='word_1_686' title='bbox 2352 3465 2560 3520; x_wconf 87' lang='lat' dir='ltr'><strong>Verum</strong></span> <span class='ocrx_word' id='word_1_687' title='bbox 2592 3483 2719 3538; x_wconf 72' lang='lat' dir='ltr'><strong>quae</strong></span> <span class='ocrx_word' id='word_1_688' title='bbox 2750 3468 2843 3521; x_wconf 83' lang='lat' dir='ltr'><strong>lux</strong></span> <span class='ocrx_word' id='word_1_689' title='bbox 2873 3468 3124 3522; x_wconf 89' lang='lat' dir='ltr'><strong>veritatis</strong></span> <span class='ocrx_word' id='word_1_690' title='bbox 3154 3470 3294 3539; x_wconf 86' lang='lat' dir='ltr'><strong>alios</strong></span> <span class='ocrx_word' id='word_1_691' title='bbox 3322 3470 3669 3537; x_wconf 85' lang='lat' dir='ltr'><strong>illustrabat,</strong></span> 
     </span>
    </p>
   </div>
   <div class='ocr_carea' id='block_1_100' title="bbox 1971 3552 3671 3629">
    <p class='ocr_par' dir='ltr' id='par_1_100' title="bbox 1971 3552 3671 3629">
     <span class='ocr_line' id='line_1_100' title="bbox 1971 3552 3671 3629; baseline 0.004 -24"><span class='ocrx_word' id='word_1_692' title='bbox 1971 3552 2170 3606; x_wconf 90' lang='lat' dir='ltr'><strong>eadem</strong></span> <span class='ocrx_word' id='word_1_693' title='bbox 2209 3552 2455 3606; x_wconf 87' lang='lat' dir='ltr'><strong>aliorum</strong></span> <span class='ocrx_word' id='word_1_694' title='bbox 2492 3554 2805 3608; x_wconf 67' lang='lat' dir='ltr'><strong>caecitatem</strong></span> <span class='ocrx_word' id='word_1_695' title='bbox 2851 3556 3196 3626; x_wconf 86' lang='lat' dir='ltr'><strong>adaugebat.</strong></span> <span class='ocrx_word' id='word_1_696' title='bbox 3256 3557 3477 3611; x_wconf 87' lang='lat' dir='ltr'><strong>Etenim</strong></span> <span class='ocrx_word' id='word_1_697' title='bbox 3527 3575 3671 3629; x_wconf 90' lang='lat' dir='ltr'><strong>quos</strong></span> 
     </span>
    </p>
   </div>
   <div class='ocr_carea' id='block_1_101' title="bbox 1972 3640 3673 3708">
    <p class='ocr_par' dir='ltr' id='par_1_101' title="bbox 1972 3640 3673 3708">
     <span class='ocr_line' id='line_1_101' title="bbox 1972 3640 3673 3708; baseline 0.004 -13"><span class='ocrx_word' id='word_1_698' title='bbox 1972 3640 2329 3695; x_wconf 87' lang='lat' dir='ltr'><strong>delectabant</strong></span> <span class='ocrx_word' id='word_1_699' title='bbox 2368 3641 2650 3695; x_wconf 89' lang='lat' dir='ltr'><strong>mendacii</strong></span> <span class='ocrx_word' id='word_1_700' title='bbox 2688 3642 2959 3708; x_wconf 69' lang='lat' dir='ltr'><strong>tenebraz,</strong></span> <span class='ocrx_word' id='word_1_701' title='bbox 3002 3644 3061 3698; x_wconf 90' lang='lat' dir='ltr'><strong>hi</strong></span> <span class='ocrx_word' id='word_1_702' title='bbox 3109 3643 3391 3699; x_wconf 88' lang='lat' dir='ltr'><strong>rationem</strong></span> <span class='ocrx_word' id='word_1_703' title='bbox 3440 3662 3673 3701; x_wconf 91' lang='lat' dir='ltr'><strong>omnem</strong></span> 
     </span>
    </p>
   </div>
   <div class='ocr_carea' id='block_1_102' title="bbox 1972 3728 3673 3803">
    <p class='ocr_par' dir='ltr' id='par_1_102' title="bbox 1972 3728 3673 3803">
     <span class='ocr_line' id='line_1_102' title="bbox 1972 3728 3673 3803; baseline 0.005 -21"><span class='ocrx_word' id='word_1_704' title='bbox 1972 3728 2318 3783; x_wconf 91' lang='lat' dir='ltr'><strong>defensionis</strong></span> <span class='ocrx_word' id='word_1_705' title='bbox 2345 3729 2453 3784; x_wconf 92' lang='lat' dir='ltr'><strong>sibi</strong></span> <span class='ocrx_word' id='word_1_706' title='bbox 2487 3731 2833 3785; x_wconf 87' lang='lat' dir='ltr'><strong>subtractam</strong></span> <span class='ocrx_word' id='word_1_707' title='bbox 2871 3748 3023 3803; x_wconf 66' lang='lat' dir='ltr'><strong>aegre</strong></span> <span class='ocrx_word' id='word_1_708' title='bbox 3063 3732 3328 3799; x_wconf 88' lang='lat' dir='ltr'><strong>ferentes,</strong></span> <span class='ocrx_word' id='word_1_709' title='bbox 3374 3736 3530 3789; x_wconf 90' lang='lat' dir='ltr'><strong>solito</strong></span> <span class='ocrx_word' id='word_1_710' title='bbox 3561 3751 3673 3789; x_wconf 86' lang='lat' dir='ltr'><strong>cre-</strong></span> 
     </span>
    </p>
   </div>
   <div class='ocr_carea' id='block_1_103' title="bbox 1972 3818 3674 3893">
    <p class='ocr_par' dir='ltr' id='par_1_103' title="bbox 1972 3818 3674 3893">
     <span class='ocr_line' id='line_1_103' title="bbox 1972 3818 3674 3893; baseline 0.004 -21"><span class='ocrx_word' id='word_1_711' title='bbox 1972 3818 2120 3873; x_wconf 86' lang='lat' dir='ltr'><strong>brius</strong></span> <span class='ocrx_word' id='word_1_712' title='bbox 2148 3824 2197 3873; x_wconf 89' lang='lat' dir='ltr'><strong>et</strong></span> <span class='ocrx_word' id='word_1_713' title='bbox 2227 3819 2510 3888; x_wconf 89' lang='lat' dir='ltr'><strong>audacius,</strong></span> <span class='ocrx_word' id='word_1_714' title='bbox 2550 3820 2739 3891; x_wconf 87' lang='lat' dir='ltr'><strong>inquit</strong></span> <span class='ocrx_word' id='word_1_715' title='bbox 2766 3821 3140 3893; x_wconf 85' lang='lat' dir='ltr'><strong>Augustinus,</strong></span> <span class='ocrx_word' id='word_1_716' title='bbox 3173 3823 3674 3879; x_wconf 87' lang='lat' dir='ltr'><strong>Circumcellionum</strong></span> 
     </span>
    </p>
   </div>
   <div class='ocr_carea' id='block_1_104' title="bbox 1968 3908 3678 3981">
    <p class='ocr_par' dir='ltr' id='par_1_104' title="bbox 1968 3908 3678 3981">
     <span class='ocr_line' id='line_1_104' title="bbox 1968 3908 3678 3981; baseline 0.004 -20"><span class='ocrx_word' id='word_1_717' title='bbox 1968 3908 2239 3963; x_wconf 85' lang='lat' dir='ltr'><strong>violentiis</strong></span> <span class='ocrx_word' id='word_1_718' title='bbox 2254 3909 2532 3977; x_wconf 79' lang='lat' dir='ltr'><strong>turbisque</strong></span> <span class='ocrx_word' id='word_1_719' title='bbox 2549 3910 2859 3975; x_wconf 82' lang='lat' dir='ltr'><strong>furentibus</strong></span> <span class='ocrx_word' id='word_1_720' title='bbox 2880 3926 2973 3965; x_wconf 88' lang='lat' dir='ltr'><strong>nos</strong></span> <span class='ocrx_word' id='word_1_721' title='bbox 2988 3927 3020 3965; x_wconf 83' lang='grc' dir='ltr'><em>α</em></span> <span class='ocrx_word' id='word_1_722' title='bbox 3035 3912 3390 3981; x_wconf 63' lang='grc' dir='ltr'><strong>ρνκάἱοαηᾱα</strong></span> <span class='ocrx_word' id='word_1_723' title='bbox 3412 3915 3678 3969; x_wconf 84' lang='lat' dir='ltr'><strong>catholica</strong></span> 
     </span>
    </p>
   </div>
   <div class='ocr_carea' id='block_1_105' title="bbox 1968 3998 3677 4071">
    <p class='ocr_par' dir='ltr' id='par_1_105' title="bbox 1968 3998 3677 4071">
     <span class='ocr_line' id='line_1_105' title="bbox 1968 3998 3677 4071; baseline 0.004 -22"><span class='ocrx_word' id='word_1_724' title='bbox 1968 3998 2218 4062; x_wconf 84' lang='lat' dir='ltr'><strong>veritate,</strong></span> <span class='ocrx_word' id='word_1_725' title='bbox 2262 4012 2467 4065; x_wconf 78' lang='lat' dir='ltr'><strong>suaque</strong></span> <span class='ocrx_word' id='word_1_726' title='bbox 2512 3998 2742 4063; x_wconf 87' lang='lat' dir='ltr'><strong>fallacia</strong></span> <span class='ocrx_word' id='word_1_727' title='bbox 2784 3999 3146 4053; x_wconf 87' lang='lat' dir='ltr'><strong>convincenda</strong></span> <span class='ocrx_word' id='word_1_728' title='bbox 3195 4001 3463 4055; x_wconf 86' lang='lat' dir='ltr'><strong>deterrere</strong></span> <span class='ocrx_word' id='word_1_729' title='bbox 3509 4018 3677 4071; x_wconf 74' lang='lat' dir='ltr'><strong>erpe-</strong></span> 
     </span>
    </p>
   </div>
   <div class='ocr_carea' id='block_1_106' title="bbox 1969 4085 3675 4158">
    <p class='ocr_par' dir='ltr' id='par_1_106' title="bbox 1969 4085 3675 4158">
     <span class='ocr_line' id='line_1_106' title="bbox 1969 4085 3675 4158; baseline 0.004 -21"><span class='ocrx_word' id='word_1_730' title='bbox 1969 4089 2099 4137; x_wconf 88' lang='lat' dir='ltr'><strong>runt</strong></span> <span class='ocrx_word' id='word_1_731' title='bbox 2129 4085 2351 4155; x_wconf 85' lang='lat' dir='ltr'><strong>(Contra</strong></span> <span class='ocrx_word' id='word_1_732' title='bbox 2377 4085 2645 4153; x_wconf 83' lang='lat' dir='ltr'><strong>Crescon.,</strong></span> <span class='ocrx_word' id='word_1_733' title='bbox 2679 4086 2773 4140; x_wconf 90' lang='lat' dir='ltr'><strong>lib.</strong></span> <span class='ocrx_word' id='word_1_734' title='bbox 2813 4090 2862 4151; x_wconf 90' lang='lat'><strong>3,</strong></span> <span class='ocrx_word' id='word_1_735' title='bbox 2898 4102 2953 4140; x_wconf 89' lang='lat' dir='ltr'><strong>n.</strong></span> <span class='ocrx_word' id='word_1_736' title='bbox 2997 4089 3108 4156; x_wconf 85' lang='grc'>49).</span> <span class='ocrx_word' id='word_1_737' title='bbox 3146 4088 3299 4141; x_wconf 84' lang='lat' dir='ltr'><strong>Nihil</strong></span> <span class='ocrx_word' id='word_1_738' title='bbox 3332 4089 3485 4143; x_wconf 89' lang='lat' dir='ltr'><strong>aliud</strong></span> <span class='ocrx_word' id='word_1_739' title='bbox 3511 4095 3675 4158; x_wconf 89' lang='lat' dir='ltr'><strong>opta-</strong></span> 
     </span>
    </p>
   </div>
   <div class='ocr_carea' id='block_1_107' title="bbox 1969 4172 3676 4245">
    <p class='ocr_par' dir='ltr' id='par_1_107' title="bbox 1969 4172 3676 4245">
     <span class='ocr_line' id='line_1_107' title="bbox 1969 4172 3676 4245; baseline 0.003 -18"><span class='ocrx_word' id='word_1_740' title='bbox 1969 4172 2108 4227; x_wconf 90' lang='lat' dir='ltr'><strong>bant</strong></span> <span class='ocrx_word' id='word_1_741' title='bbox 2136 4172 2387 4243; x_wconf 90' lang='lat' dir='ltr'><strong>episcopi</strong></span> <span class='ocrx_word' id='word_1_742' title='bbox 2415 4173 2699 4241; x_wconf 89' lang='lat' dir='ltr'><strong>catholici,</strong></span> <span class='ocrx_word' id='word_1_743' title='bbox 2733 4191 2904 4245; x_wconf 91' lang='lat' dir='ltr'><strong>quam</strong></span> <span class='ocrx_word' id='word_1_744' title='bbox 2933 4180 2995 4229; x_wconf 90' lang='lat' dir='ltr'><strong>ut</strong></span> <span class='ocrx_word' id='word_1_745' title='bbox 3017 4176 3124 4229; x_wconf 91' lang='lat' dir='ltr'><strong>sibi</strong></span> <span class='ocrx_word' id='word_1_746' title='bbox 3153 4176 3348 4231; x_wconf 85' lang='lat' dir='ltr'><strong>liceret</strong></span> <span class='ocrx_word' id='word_1_747' title='bbox 3378 4177 3676 4232; x_wconf 88' lang='lat' dir='ltr'><strong>veritatem</strong></span> 
     </span>
    </p>
   </div>
   <div class='ocr_carea' id='block_1_108' title="bbox 1969 4261 3677 4335">
    <p class='ocr_par' dir='ltr' id='par_1_108' title="bbox 1969 4261 3677 4335">
     <span class='ocr_line' id='line_1_108' title="bbox 1969 4261 3677 4335; baseline 0.004 -21"><span class='ocrx_word' id='word_1_748' title='bbox 1969 4261 2305 4331; x_wconf 71' lang='lat' dir='ltr'><strong>praedicare,</strong></span> <span class='ocrx_word' id='word_1_749' title='bbox 2338 4278 2451 4331; x_wconf 91' lang='lat' dir='ltr'><strong>quo</strong></span> <span class='ocrx_word' id='word_1_750' title='bbox 2490 4262 2698 4332; x_wconf 91' lang='lat' dir='ltr'><strong>quibus</strong></span> <span class='ocrx_word' id='word_1_751' title='bbox 2738 4265 3006 4335; x_wconf 90' lang='lat' dir='ltr'><strong>placeret,</strong></span> <span class='ocrx_word' id='word_1_752' title='bbox 3039 4281 3167 4319; x_wconf 87' lang='lat' dir='ltr'><strong>eam</strong></span> <span class='ocrx_word' id='word_1_753' title='bbox 3209 4265 3382 4319; x_wconf 90' lang='lat' dir='ltr'><strong>libere</strong></span> <span class='ocrx_word' id='word_1_754' title='bbox 3423 4282 3484 4318; x_wconf 84' lang='lat' dir='ltr'><strong>ac</strong></span> <span class='ocrx_word' id='word_1_755' title='bbox 3516 4266 3677 4320; x_wconf 90' lang='lat' dir='ltr'><strong>omni</strong></span> 
     </span>
    </p>
   </div>
   <div class='ocr_carea' id='block_1_109' title="bbox 1971 4349 3678 4422">
    <p class='ocr_par' dir='ltr' id='par_1_109' title="bbox 1971 4349 3678 4422">
     <span class='ocr_line' id='line_1_109' title="bbox 1971 4349 3678 4422; baseline 0.003 -20"><span class='ocrx_word' id='word_1_756' title='bbox 1971 4353 2193 4403; x_wconf 92' lang='lat' dir='ltr'><strong>remota</strong></span> <span class='ocrx_word' id='word_1_757' title='bbox 2235 4349 2527 4404; x_wconf 87' lang='lat' dir='ltr'><strong>coactione</strong></span> <span class='ocrx_word' id='word_1_758' title='bbox 2574 4352 3071 4422; x_wconf 88' lang='lat' dir='ltr'><strong>amplecterentur.</strong></span> <span class='ocrx_word' id='word_1_759' title='bbox 3115 4354 3187 4406; x_wconf 87' lang='lat' dir='ltr'><strong>At</strong></span> <span class='ocrx_word' id='word_1_760' title='bbox 3233 4353 3487 4407; x_wconf 69' lang='lat' dir='ltr'><strong>hmretici</strong></span> <span class='ocrx_word' id='word_1_761' title='bbox 3528 4354 3678 4408; x_wconf 86' lang='lat' dir='ltr'><strong>hanc</strong></span> 
     </span>
    </p>
   </div>
   <div class='ocr_carea' id='block_1_110' title="bbox 1972 4436 3675 4511">
    <p class='ocr_par' dir='ltr' id='par_1_110' title="bbox 1972 4436 3675 4511">
     <span class='ocr_line' id='line_1_110' title="bbox 1972 4436 3675 4511; baseline 0.003 -20"><span class='ocrx_word' id='word_1_762' title='bbox 1972 4436 2252 4509; x_wconf 89' lang='lat' dir='ltr'><strong>episcopis</strong></span> <span class='ocrx_word' id='word_1_763' title='bbox 2290 4438 2615 4494; x_wconf 88' lang='lat' dir='ltr'><strong>facultatem</strong></span> <span class='ocrx_word' id='word_1_764' title='bbox 2645 4440 2997 4509; x_wconf 89' lang='lat' dir='ltr'><strong>adimebant,</strong></span> <span class='ocrx_word' id='word_1_765' title='bbox 3030 4456 3345 4511; x_wconf 90' lang='lat' dir='ltr'><strong>omnesque</strong></span> <span class='ocrx_word' id='word_1_766' title='bbox 3385 4441 3675 4496; x_wconf 90' lang='lat' dir='ltr'><strong>violentiis</strong></span> 
     </span>
    </p>
   </div>
   <div class='ocr_carea' id='block_1_111' title="bbox 1973 4518 3674 4597">
    <p class='ocr_par' dir='ltr' id='par_1_111' title="bbox 1973 4518 3674 4597">
     <span class='ocr_line' id='line_1_111' title="bbox 1973 4518 3674 4597; baseline 0.004 -18"><span class='ocrx_word' id='word_1_767' title='bbox 1973 4526 2090 4579; x_wconf 90' lang='lat' dir='ltr'><strong>suis</strong></span> <span class='ocrx_word' id='word_1_768' title='bbox 2143 4526 2481 4581; x_wconf 87' lang='lat' dir='ltr'><strong>territabant</strong></span> <span class='ocrx_word' id='word_1_769' title='bbox 2528 4528 2719 4597; x_wconf 87' lang='lat' dir='ltr'><strong>(Epist.</strong></span> <span class='ocrx_word' id='word_1_770' title='bbox 2773 4531 2893 4594; x_wconf 79' lang='grc'>105,</span> <span class='ocrx_word' id='word_1_771' title='bbox 2943 4544 2998 4582; x_wconf 89' lang='lat' dir='ltr'><strong>n.</strong></span> <span class='ocrx_word' id='word_1_772' title='bbox 3055 4531 3128 4595; x_wconf 92' lang='lat'><strong>3).</strong></span> <span class='ocrx_word' id='word_1_773' title='bbox 3189 4529 3278 4583; x_wconf 92' lang='lat' dir='ltr'><strong>Sic</strong></span> <span class='ocrx_word' id='word_1_774' title='bbox 3326 4518 3674 4597; x_wconf 72' lang='lat' dir='ltr'><strong>exarserunt,</strong></span> 
     </span>
    </p>
   </div>
   <div class='ocr_carea' id='block_1_112' title="bbox 1970 4615 3680 4688">
    <p class='ocr_par' dir='ltr' id='par_1_112' title="bbox 1970 4615 3680 4688">
     <span class='ocr_line' id='line_1_112' title="bbox 1970 4615 3680 4688; baseline 0.003 -19"><span class='ocrx_word' id='word_1_775' title='bbox 1970 4619 2036 4669; x_wconf 90' lang='lat' dir='ltr'><strong>ut</strong></span> <span class='ocrx_word' id='word_1_776' title='bbox 2062 4615 2250 4669; x_wconf 91' lang='lat' dir='ltr'><strong>verbis</strong></span> <span class='ocrx_word' id='word_1_777' title='bbox 2284 4616 2592 4686; x_wconf 89' lang='lat' dir='ltr'><strong>Augustini</strong></span> <span class='ocrx_word' id='word_1_778' title='bbox 2632 4618 2954 4688; x_wconf 89' lang='lat' dir='ltr'><strong>loquamur,</strong></span> <span class='ocrx_word' id='word_1_779' title='bbox 2992 4620 3041 4670; x_wconf 91' lang='lat' dir='ltr'><strong>et</strong></span> <span class='ocrx_word' id='word_1_780' title='bbox 3081 4619 3249 4671; x_wconf 88' lang='lat' dir='ltr'><strong>tantis</strong></span> <span class='ocrx_word' id='word_1_781' title='bbox 3278 4622 3404 4672; x_wconf 89' lang='lat' dir='ltr'><strong>sunt</strong></span> <span class='ocrx_word' id='word_1_782' title='bbox 3433 4619 3680 4674; x_wconf 88' lang='lat' dir='ltr'><strong>odiorum</strong></span> 
     </span>
    </p>
   </div>
   <div class='ocr_carea' id='block_1_113' title="bbox 1971 4706 3677 4777">
    <p class='ocr_par' dir='ltr' id='par_1_113' title="bbox 1971 4706 3677 4777">
     <span class='ocr_line' id='line_1_113' title="bbox 1971 4706 3677 4777; baseline 0.002 -18"><span class='ocrx_word' id='word_1_783' title='bbox 1971 4706 2214 4759; x_wconf 88' lang='lat' dir='ltr'><strong>stimulis</strong></span> <span class='ocrx_word' id='word_1_784' title='bbox 2252 4707 2491 4771; x_wconf 88' lang='lat' dir='ltr'><strong>incitati,</strong></span> <span class='ocrx_word' id='word_1_785' title='bbox 2524 4710 2584 4759; x_wconf 90' lang='lat' dir='ltr'><strong>ut</strong></span> <span class='ocrx_word' id='word_1_786' title='bbox 2626 4709 2816 4761; x_wconf 88' lang='lat' dir='ltr'><strong>contra</strong></span> <span class='ocrx_word' id='word_1_787' title='bbox 2858 4720 3038 4759; x_wconf 88' lang='lat' dir='ltr'><strong>eorum</strong></span> <span class='ocrx_word' id='word_1_788' title='bbox 3074 4706 3310 4761; x_wconf 89' lang='lat' dir='ltr'><strong>insidias</strong></span> <span class='ocrx_word' id='word_1_789' title='bbox 3354 4711 3517 4777; x_wconf 90' lang='lat' dir='ltr'><strong>atque</strong></span> <span class='ocrx_word' id='word_1_790' title='bbox 3552 4711 3677 4762; x_wconf 80' lang='lat' dir='ltr'><strong>vio-</strong></span> 
     </span>
    </p>
   </div>
   <div class='ocr_carea' id='block_1_114' title="bbox 1973 4794 3671 4863">
    <p class='ocr_par' dir='ltr' id='par_1_114' title="bbox 1973 4794 3671 4863">
     <span class='ocr_line' id='line_1_114' title="bbox 1973 4794 3671 4863; baseline 0.002 -16"><span class='ocrx_word' id='word_1_791' title='bbox 1973 4794 2167 4847; x_wconf 79' lang='lat' dir='ltr'><strong>lentius</strong></span> <span class='ocrx_word' id='word_1_792' title='bbox 2196 4798 2246 4847; x_wconf 89' lang='lat' dir='ltr'><strong>et</strong></span> <span class='ocrx_word' id='word_1_793' title='bbox 2284 4796 2634 4863; x_wconf 85' lang='lat' dir='ltr'><strong>apertissima</strong></span> <span class='ocrx_word' id='word_1_794' title='bbox 2663 4795 2967 4861; x_wconf 84' lang='lat' dir='ltr'><strong>latrocinia,</strong></span> <span class='ocrx_word' id='word_1_795' title='bbox 3000 4796 3099 4849; x_wconf 78' lang='lat' dir='ltr'><strong>via:</strong></span> <span class='ocrx_word' id='word_1_796' title='bbox 3136 4795 3261 4849; x_wconf 73' lang='lat' dir='ltr'><strong>ulla:</strong></span> <span class='ocrx_word' id='word_1_797' title='bbox 3295 4801 3494 4851; x_wconf 77' lang='lat' dir='ltr'><strong>nostrae</strong></span> <span class='ocrx_word' id='word_1_798' title='bbox 3530 4812 3671 4851; x_wconf 88' lang='lat' dir='ltr'><strong>com-</strong></span> 
     </span>
    </p>
   </div>
   <div class='ocr_carea' id='block_1_115' title="bbox 1970 4883 3680 4951">
    <p class='ocr_par' dir='ltr' id='par_1_115' title="bbox 1970 4883 3680 4951">
     <span class='ocr_line' id='line_1_115' title="bbox 1970 4883 3680 4951; baseline 0.002 -17"><span class='ocrx_word' id='word_1_799' title='bbox 1970 4883 2250 4935; x_wconf 89' lang='lat' dir='ltr'><strong>munionis</strong></span> <span class='ocrx_word' id='word_1_800' title='bbox 2297 4883 2547 4936; x_wconf 71' lang='lat' dir='ltr'><strong>Ecclesiae</strong></span> <span class='ocrx_word' id='word_1_801' title='bbox 2588 4886 2809 4951; x_wconf 79' lang='lat' dir='ltr'><strong>possent</strong></span> <span class='ocrx_word' id='word_1_802' title='bbox 2854 4896 2964 4935; x_wconf 88' lang='lat' dir='ltr'><strong>esse</strong></span> <span class='ocrx_word' id='word_1_803' title='bbox 3013 4897 3241 4949; x_wconf 60' lang='lat' dir='ltr'><strong>secura;</strong></span> <span class='ocrx_word' id='word_1_804' title='bbox 3277 4886 3375 4938; x_wconf 70' lang='lat' dir='ltr'><strong>vix</strong></span> <span class='ocrx_word' id='word_1_805' title='bbox 3420 4886 3536 4939; x_wconf 89' lang='lat' dir='ltr'><strong>ulla</strong></span> <span class='ocrx_word' id='word_1_806' title='bbox 3586 4886 3680 4938; x_wconf 90' lang='lat' dir='ltr'><strong>via</strong></span> 
     </span>
    </p>
   </div>
   <div class='ocr_carea' id='block_1_116' title="bbox 1974 4972 3682 5039">
    <p class='ocr_par' dir='ltr' id='par_1_116' title="bbox 1974 4972 3682 5039">
     <span class='ocr_line' id='line_1_116' title="bbox 1974 4972 3682 5039; baseline 0.002 -16"><span class='ocrx_word' id='word_1_807' title='bbox 1974 4972 2115 5035; x_wconf 86' lang='lat' dir='ltr'><strong>tuta,</strong></span> <span class='ocrx_word' id='word_1_808' title='bbox 2145 4985 2253 5037; x_wconf 88' lang='lat' dir='ltr'><strong>qua</strong></span> <span class='ocrx_word' id='word_1_809' title='bbox 2274 4972 2379 5023; x_wconf 84' lang='lat' dir='ltr'><strong>iter</strong></span> <span class='ocrx_word' id='word_1_810' title='bbox 2401 4975 2621 5037; x_wconf 86' lang='lat' dir='ltr'><strong>agerent</strong></span> <span class='ocrx_word' id='word_1_811' title='bbox 2639 4972 2960 5039; x_wconf 88' lang='lat' dir='ltr'><strong>quicumque</strong></span> <span class='ocrx_word' id='word_1_812' title='bbox 2980 4972 3243 5027; x_wconf 86' lang='lat' dir='ltr'><strong>adversus</strong></span> <span class='ocrx_word' id='word_1_813' title='bbox 3272 4988 3452 5027; x_wconf 88' lang='lat' dir='ltr'><strong>eorum</strong></span> <span class='ocrx_word' id='word_1_814' title='bbox 3475 4974 3682 5028; x_wconf 87' lang='lat' dir='ltr'><strong>rabiem</strong></span> 
     </span>
    </p>
   </div>
   <div class='ocr_carea' id='block_1_117' title="bbox 1966 5059 3680 5129">
    <p class='ocr_par' dir='ltr' id='par_1_117' title="bbox 1966 5059 3680 5129">
     <span class='ocr_line' id='line_1_117' title="bbox 1966 5059 3680 5129; baseline 0.001 -17"><span class='ocrx_word' id='word_1_815' title='bbox 1966 5075 2157 5128; x_wconf 88' lang='lat' dir='ltr'><strong>pacem</strong></span> <span class='ocrx_word' id='word_1_816' title='bbox 2215 5060 2537 5113; x_wconf 85' lang='lat' dir='ltr'><strong>catholicam</strong></span> <span class='ocrx_word' id='word_1_817' title='bbox 2596 5059 2976 5128; x_wconf 71' lang='lat' dir='ltr'><strong>praedicarent,</strong></span> <span class='ocrx_word' id='word_1_818' title='bbox 3016 5076 3302 5129; x_wconf 87' lang='lat' dir='ltr'><strong>eorumque</strong></span> <span class='ocrx_word' id='word_1_819' title='bbox 3357 5062 3680 5115; x_wconf 85' lang='lat' dir='ltr'><strong>dementiam</strong></span> 
     </span>
    </p>
   </div>
   <div class='ocr_carea' id='block_1_118' title="bbox 1967 5148 3681 5219">
    <p class='ocr_par' dir='ltr' id='par_1_118' title="bbox 1967 5148 3681 5219">
     <span class='ocr_line' id='line_1_118' title="bbox 1967 5148 3681 5219; baseline 0.001 -18"><span class='ocrx_word' id='word_1_820' title='bbox 1967 5148 2263 5216; x_wconf 81' lang='lat' dir='ltr'><strong>perspicua</strong></span> <span class='ocrx_word' id='word_1_821' title='bbox 2286 5149 2511 5201; x_wconf 85' lang='lat' dir='ltr'><strong>veritate</strong></span> <span class='ocrx_word' id='word_1_822' title='bbox 2540 5148 2928 5203; x_wconf 86' lang='lat' dir='ltr'><strong>convincerent.</strong></span> <span class='ocrx_word' id='word_1_823' title='bbox 2963 5150 3139 5217; x_wconf 85' lang='lat' dir='ltr'><strong>Usque</strong></span> <span class='ocrx_word' id='word_1_824' title='bbox 3165 5149 3297 5204; x_wconf 88' lang='lat' dir='ltr'><strong>adeo</strong></span> <span class='ocrx_word' id='word_1_825' title='bbox 3321 5164 3547 5219; x_wconf 88' lang='lat' dir='ltr'><strong>prorsus</strong></span> <span class='ocrx_word' id='word_1_826' title='bbox 3573 5164 3681 5203; x_wconf 87' lang='lat' dir='ltr'><strong>non</strong></span> 
     </span>
    </p>
   </div>
   <div class='ocr_carea' id='block_1_119' title="bbox 1973 5236 3683 5307">
    <p class='ocr_par' dir='ltr' id='par_1_119' title="bbox 1973 5236 3683 5307">
     <span class='ocr_line' id='line_1_119' title="bbox 1973 5236 3683 5307; baseline 0 -16"><span class='ocrx_word' id='word_1_827' title='bbox 1973 5237 2146 5291; x_wconf 88' lang='lat' dir='ltr'><strong>solum</strong></span> <span class='ocrx_word' id='word_1_828' title='bbox 2186 5236 2361 5302; x_wconf 89' lang='lat' dir='ltr'><strong>laicis,</strong></span> <span class='ocrx_word' id='word_1_829' title='bbox 2394 5236 2478 5290; x_wconf 82' lang='lat' dir='ltr'><strong>vel</strong></span> <span class='ocrx_word' id='word_1_830' title='bbox 2522 5236 2847 5307; x_wconf 86' lang='lat' dir='ltr'><strong>quibuslibet</strong></span> <span class='ocrx_word' id='word_1_831' title='bbox 2889 5238 3121 5305; x_wconf 87' lang='lat' dir='ltr'><strong>clericis,</strong></span> <span class='ocrx_word' id='word_1_832' title='bbox 3153 5238 3248 5292; x_wconf 86' lang='lat' dir='ltr'><strong>sed</strong></span> <span class='ocrx_word' id='word_1_833' title='bbox 3293 5240 3429 5306; x_wconf 84' lang='lat' dir='ltr'><strong>ipsis</strong></span> <span class='ocrx_word' id='word_1_834' title='bbox 3473 5252 3683 5305; x_wconf 87' lang='lat' dir='ltr'><strong>quoque</strong></span> 
     </span>
    </p>
   </div>
   <div class='ocr_carea' id='block_1_120' title="bbox 1975 5324 3683 5396">
    <p class='ocr_par' dir='ltr' id='par_1_120' title="bbox 1975 5324 3683 5396">
     <span class='ocr_line' id='line_1_120' title="bbox 1975 5324 3683 5396; baseline 0 -18"><span class='ocrx_word' id='word_1_835' title='bbox 1975 5326 2241 5394; x_wconf 88' lang='lat' dir='ltr'><strong>episcopis</strong></span> <span class='ocrx_word' id='word_1_836' title='bbox 2288 5324 2566 5379; x_wconf 84' lang='lat' dir='ltr'><strong>catholicis</strong></span> <span class='ocrx_word' id='word_1_837' title='bbox 2606 5325 2843 5393; x_wconf 85' lang='lat' dir='ltr'><strong>quodam</strong></span> <span class='ocrx_word' id='word_1_838' title='bbox 2890 5327 3046 5381; x_wconf 89' lang='lat' dir='ltr'><strong>modo</strong></span> <span class='ocrx_word' id='word_1_839' title='bbox 3083 5325 3488 5396; x_wconf 86' lang='lat' dir='ltr'><strong>proponebatur</strong></span> <span class='ocrx_word' id='word_1_840' title='bbox 3538 5324 3683 5379; x_wconf 89' lang='lat' dir='ltr'><strong>dura</strong></span> 
     </span>
    </p>
   </div>
   <div class='ocr_carea' id='block_1_121' title="bbox 1976 5412 3681 5480">
    <p class='ocr_par' dir='ltr' id='par_1_121' title="bbox 1976 5412 3681 5480">
     <span class='ocr_line' id='line_1_121' title="bbox 1976 5412 3681 5480; baseline 0 -11"><span class='ocrx_word' id='word_1_841' title='bbox 1976 5414 2232 5469; x_wconf 87' lang='lat' dir='ltr'><strong>conditio.</strong></span> <span class='ocrx_word' id='word_1_842' title='bbox 2264 5412 2380 5467; x_wconf 87' lang='lat' dir='ltr'><strong>Aut</strong></span> <span class='ocrx_word' id='word_1_843' title='bbox 2413 5414 2554 5468; x_wconf 87' lang='lat' dir='ltr'><strong>enim</strong></span> <span class='ocrx_word' id='word_1_844' title='bbox 2583 5414 2810 5469; x_wconf 85' lang='lat' dir='ltr'><strong>tacenda</strong></span> <span class='ocrx_word' id='word_1_845' title='bbox 2837 5419 2955 5469; x_wconf 85' lang='lat' dir='ltr'><strong>erat</strong></span> <span class='ocrx_word' id='word_1_846' title='bbox 2982 5417 3206 5480; x_wconf 87' lang='lat' dir='ltr'><strong>veritas,</strong></span> <span class='ocrx_word' id='word_1_847' title='bbox 3238 5416 3335 5467; x_wconf 87' lang='lat' dir='ltr'><strong>aut</strong></span> <span class='ocrx_word' id='word_1_848' title='bbox 3372 5429 3552 5470; x_wconf 86' lang='lat' dir='ltr'><strong>eorum</strong></span> <span class='ocrx_word' id='word_1_849' title='bbox 3581 5416 3681 5469; x_wconf 89' lang='lat' dir='ltr'><strong>im-</strong></span> 
     </span>
    </p>
   </div>
   <div class='ocr_carea' id='block_1_122' title="bbox 1976 5502 3683 5571">
    <p class='ocr_par' dir='ltr' id='par_1_122' title="bbox 1976 5502 3683 5571">
     <span class='ocr_line' id='line_1_122' title="bbox 1976 5502 3683 5571; baseline 0 -12"><span class='ocrx_word' id='word_1_850' title='bbox 1976 5504 2217 5559; x_wconf 88' lang='lat' dir='ltr'><strong>manitas</strong></span> <span class='ocrx_word' id='word_1_851' title='bbox 2241 5502 2586 5571; x_wconf 83' lang='lat' dir='ltr'><strong>perferenda.</strong></span> <span class='ocrx_word' id='word_1_852' title='bbox 2616 5503 2723 5560; x_wconf 86' lang='lat' dir='ltr'><strong>Sed</strong></span> <span class='ocrx_word' id='word_1_853' title='bbox 2749 5504 2801 5559; x_wconf 87' lang='lat' dir='ltr'><strong>si</strong></span> <span class='ocrx_word' id='word_1_854' title='bbox 2827 5504 3027 5560; x_wconf 81' lang='lat' dir='ltr'><strong>veritas</strong></span> <span class='ocrx_word' id='word_1_855' title='bbox 3058 5505 3344 5569; x_wconf 88' lang='lat' dir='ltr'><strong>taceretur,</strong></span> <span class='ocrx_word' id='word_1_856' title='bbox 3374 5517 3482 5559; x_wconf 87' lang='lat' dir='ltr'><strong>non</strong></span> <span class='ocrx_word' id='word_1_857' title='bbox 3510 5504 3683 5559; x_wconf 89' lang='lat' dir='ltr'><strong>solum</strong></span> 
     </span>
    </p>
   </div>
   <div class='ocr_carea' id='block_1_123' title="bbox 3103 5616 3366 5701">
    <p class='ocr_par' dir='ltr' id='par_1_123' title="bbox 3103 5616 3366 5701">
     <span class='ocr_line' id='line_1_123' title="bbox 3103 5616 3366 5701; baseline 0.011 -3"><span class='ocrx_word' id='word_1_858' title='bbox 3103 5616 3366 5701; x_wconf 69' lang='lat' dir='ltr'><strong>(Onze-l</strong></span> 
     </span>
    </p>
   </div>
  </div>
