4008 6184
427 252 521 303 331

419 388 570 428 nemo
590 376 707 427 erat
717 372 834 440 ejus
853 369 1065 426 silentio
1085 369 1414 433 liberandus,
1431 368 1524 422 sed
1543 369 1704 422 multi
1722 371 1884 422 etiam
1905 368 2122 421 illo-rum

420 463 724 517 seductione
738 459 1021 530 perdendi.
1038 459 1099 513 Si
1110 463 1285 512 autem
1303 459 1552 512 veritatis
1560 457 1946 527 praedicatione
1964 458 2123 522 furor

419 567 600 606 eorum
638 550 712 604 ad
752 548 1078 604 saeviendum
1116 552 1515 616 provocaretur,
1560 545 1835 613 aliquibus
1880 544 2121 598 liberatis

418 643 726 709 nostrisque
752 640 1005 708 ﬁrmatis,
1039 650 1230 690 rursus
1259 653 1293 689 a
1322 636 1593 704 sequenda
1629 636 1856 688 veritate
1882 633 2120 700 formido

421 728 708 798 impediret
752 729 992 795 inﬁrmos
1041 726 1232 794 (Epist.
1301 727 1422 792 {85,
1472 740 1526 777 n.
1586 723 1690 792 18).
1751 724 1935 792 Atque
1997 722 2120 775 haec

421 817 652 872 fuerunt
677 816 736 868 in
774 831 963 881 causa,
1005 829 1106 866 cur
1144 811 1442 880 antistites,
1468 816 1531 865 ut
1561 827 1710 865 anno
1750 811 2008 881 sequenti
2036 810 2118 864 vi-

421 905 540 959 suri
560 920 774 970 sumus,
792 900 1154 972 Imperatoris
1175 899 1510 970 praesidium
1533 899 1926 970 implorarent.
1951 901 2116 952 Anno

418 1010 551 1048 vero
583 991 862 1063 superiori
895 990 1135 1044 furiosos
1157 989 1411 1059 ejusdem
1437 987 1702 1042 factionis
1723 991 1958 1042 conatus
1989 1004 2117 1040 san-

417 1087 539 1137 ctus
567 1081 780 1136 Prresnl
821 1079 1168 1151 querebatur
1199 1077 1257 1131 in
1297 1078 1421 1131 haec
1459 1077 1628 1130 verba
1665 1093 1676 1130 :
1713 1077 1804 1130 An
1841 1091 1964 1130 vero
2001 1078 2115 1130 vio-

417 1174 572 1228 lentis
617 1171 923 1226 incursibus
973 1169 1468 1225 C’ircumcellionum
1513 1170 1832 1232 vestrorum,
1877 1167 1974 1233 qui
2017 1165 2115 1219 sub

413 1267 588 1316 vestro
622 1263 941 1331 principatu
977 1258 1202 1324 furiosis
1243 1255 1551 1322 agminibus
1594 1257 1854 1320 militant,
1902 1269 2008 1308 non
2048 1270 2115 1307 em

416 1353 567 1418 agris
597 1350 837 1416 undique
858 1347 1208 1416 pelleremur;
1232 1346 1344 1398 nisi
1373 1359 1462 1398 vos
1491 1343 1699 1398 obsides
1720 1345 1777 1396 in
1803 1343 2114 1398 civitatibus

417 1443 729 1503 teneremus,
765 1439 860 1504 qui
897 1451 1107 1504 quoquo
1135 1434 1290 1488 modo
1330 1436 1508 1502 ipsam
1535 1433 1734 1498 faciem
1762 1432 2036 1501 publicam
2065 1438 2114 1486 et

417 1527 755 1580 honesto-rum
785 1525 1261 1593 reprehensionem,
1289 1525 1338 1575 et
1357 1524 1407 1575 si
1433 1536 1538 1574 non
1569 1523 1777 1586 timore,
1800 1521 1881 1575 vel
1907 1520 2114 1589 pudore

414 1617 560 1682 ferre
586 1617 768 1668 nolitis
788 1616 816 1666 ?
845 1614 1061 1680 (Contra
1092 1614 1321 1666 Litteras
1353 1610 1624 1673 Petiliani,
1659 1609 1751 1662 lib.
1786 1610 1837 1673 2,
1873 1623 1929 1662 η.
1969 1608 2108 1678 184).

486 1708 538 1757 2.
573 1705 685 1757 Hoc
706 1701 828 1772 ipso
859 1701 1051 1754 forsan
1079 1703 1334 1769 tempore
1356 1702 1488 1767 post
1516 1697 1915 1751 demandatam
1943 1697 2112 1751 variis

415 1790 713 1863 episcopis,
747 1793 799 1842 et
830 1788 980 1842 haud
1011 1787 1179 1842 dubie
1211 1787 1269 1839 in
1301 1785 1501 1855 primis
1527 1785 1867 1855 Augustino,
1901 1784 2109 1855 praedi-

411 1880 604 1934 candm
627 1875 996 1932 schismaticis
1024 1874 1343 1928 concordiae
1365 1889 1559 1926 curam
1592 1873 1805 1943 (Codice
1836 1874 2109 1929 Canonum

409 1969 616 2036 Afric.,
657 1982 777 2021 can.
811 1966 917 2032 69),
960 1964 1106 2022 idem
1151 1967 1375 2016 sanctus
1405 1961 1650 2016 Antistes
1689 1961 1748 2015 in
1787 1961 2108 2033 periculum

409 2056 651 2111 minime
681 2053 904 2109 silentio
925 2051 1483 2124 praetermittendum
1509 2050 1762 2104 incurrit.
1793 2050 2108 2104 Catholicos

408 2143 604 2213 plebes
633 2158 752 2195 non
790 2141 1202 2211 infrequenter,
1229 2144 1292 2192 ut
1329 2155 1423 2192 eas
1449 2139 1756 2192 instrueret
1794 2144 1966 2209 atque
2008 2139 2107 2193 ad-

407 2230 691 2284 hortando
721 2229 1102 2294 conﬁrmaret,
1134 2231 1361 2297 rogatus
1383 2226 1680 2280 invisebat.
1707 2226 1828 2290 Qua
1856 2243 1918 2281 re
1945 2227 2110 2281 intel-

407 2316 553 2370 lecta
583 2315 1077 2370 Circumcelliones
1098 2312 1303 2367 armati
1333 2312 1447 2366 vias
1481 2313 1802 2366 obsidentes
1834 2312 1953 2382 ejus
1977 2315 2106 2368 cha-

408 2404 559 2458 ritati
587 2403 892 2475 aliquoties
922 2401 1170 2455 insidiati
1201 2405 1350 2456 sunt.
1384 2403 1455 2454 At
1483 2417 1610 2454 cum
1641 2401 1944 2472 aliquando
1974 2419 2106 2458 eum

406 2493 487 2546 ita
514 2492 772 2547 instructi
813 2493 1201 2562 exspectarent
1239 2489 1368 2543 illac
1405 2489 1802 2554 transiturum,
1845 2507 1959 2561 qua
2002 2507 2106 2546 nec

406 2581 529 2652 ipse
554 2597 654 2634 nec
680 2580 775 2634 alii
805 2579 1025 2634 itineris
1046 2578 1282 2633 comites
1302 2577 1537 2632 illorum
1555 2593 1759 2631 manus
1787 2579 1903 2632 ullo
1935 2580 2103 2634 modo

403 2669 635 2724 vitaturi
666 2673 872 2735 essent,
913 2666 1190 2737 singulari
1227 2667 1328 2719 Dei
1365 2666 1720 2736 providentia
1752 2666 1965 2721 factum
1997 2673 2100 2735 est,

405 2761 468 2810 ut
497 2756 622 2810 falsi
649 2756 707 2810 in
738 2755 888 2810 bivio
916 2754 1166 2809 ductoris
1199 2770 1388 2808 errore
1427 2754 1494 2808 de
1525 2759 1678 2807 recta
1706 2754 1796 2808 via
1834 2755 2100 2809 deﬂecte-

400 2848 546 2899 rent.
579 2847 763 2915 Atque
791 2844 858 2898 ad
889 2859 1020 2897 eum
1051 2842 1289 2896 modum
1320 2842 1669 2907 deerrantes,
1703 2859 1818 2914 quo
1850 2843 2100 2897 destina-

398 2932 558 2999 bant,
591 2949 694 3003 per
735 2932 962 2986 devium
993 2931 1101 2985 iter
1143 2947 1471 3002 pervenere,
1515 2947 1576 2984 ac
1617 2931 1963 2986 furiosorum
2003 2933 2102 2986 ho-

398 3021 623 3075 minum
640 3020 874 3075 insidias
895 3036 1140 3074 evasere.
1161 3020 1449 3073 Intellecto
1461 3024 1658 3088 postea
1677 3020 2098 3076 Donatistarum

400 3108 656 3174 consilio,
689 3108 804 3162 laeti
851 3108 922 3162 ob
961 3112 1078 3162 tam
1120 3112 1510 3177 opportunum
1549 3124 1825 3175 errorem,
1875 3110 1987 3162 Deo
2029 3110 2097 3164 de

397 3195 655 3266 periculo
687 3195 756 3249 ab
783 3195 922 3264 ipsis
951 3195 1284 3264 pr0pulsato
1311 3194 1522 3265 gratias
1549 3196 1920 3249 reddiderunt
1946 3199 2096 3264 (Pos-

397 3285 598 3354 sidius,
641 3287 701 3337 in
765 3286 894 3339 Vita
951 3284 1271 3352 Augustini,
1320 3299 1361 3337 c.
1412 3285 1504 3349 1'2;
1553 3282 1863 3350 Enchirid.,
1913 3301 1966 3338 η.
2019 3289 2093 3355 5).

396 3374 601 3429 Contra
638 3389 770 3428 vero
815 3371 1312 3428 Circumcelliones
1353 3371 1412 3425 in
1456 3371 1686 3425 clericos
1728 3372 1966 3426 laicosve
2001 3390 2095 3428 ca-

394 3464 636 3518 tholicos
664 3463 827 3517 solita
856 3479 956 3516 sua
987 3460 1320 3515 crudelitate
1352 3460 1497 3514 iram
1528 3477 1756 3515 omnem
1801 3467 2095 3517 converte-

392 3558 542 3608 runt.
579 3555 650 3608 Ex
681 3569 794 3624 quo
825 3551 1032 3618 evenit,
1055 3555 1121 3605 ut
1150 3549 1210 3603 in
1239 3566 1365 3604 eam
1396 3566 1518 3604 rem
1547 3549 1920 3621 inquisitione
1949 3551 2094 3608 facta

389 3641 684 3712 publicum
740 3641 1191 3694 instrumentum
1248 3639 1515 3693 adversus
1565 3655 1662 3692 eos
1717 3641 2093 3696 conﬁceretur

391 3730 704 3800 (Possidius,
733 3732 793 3781 in
829 3731 955 3782 Vita
984 3729 1304 3794 Augustini,
1338 3743 1380 3781 c.
1420 3729 1530 3795 12).

460 3820 516 3870 3.
558 3817 951 3886 Hipponenses
988 3815 1196 3880 clerici,
1247 3831 1376 3884 qua:
1419 3818 1552 3868 ante
1604 3815 1837 3870 Honorii
1885 3817 2085 3885 edicta,

389 3909 443 3958 et
472 3904 617 3958 forte
648 3903 818 3956 etiam
859 3908 990 3955 ante
1028 3902 1198 3972 hujus
1228 3901 1365 3955 anni
1400 3901 1724 3969 concilium,
1759 3920 1792 3957 a
1833 3905 2086 3960 Circum-

388 3991 724 4048 cellionibus
754 3994 974 4063 patrata
999 3990 1227 4043 fuerant
1253 3995 1672 4045 memorantes:
1707 3993 1963 4061 Insidias,
1989 3994 2085 4048 in-

386 4083 611 4155 quiunt,
645 4083 702 4134 in
731 4081 1017 4134 itineribus
1042 4081 1244 4133 nostris
1279 4082 1543 4148 episcopis
1573 4080 1924 4148 tetenderunt,
1957 4097 2083 4136 con-

383 4174 599 4227 clericos
626 4174 836 4225 nostros
856 4169 1040 4238 plagis
1059 4169 1467 4222 immanissimis
1492 4174 1905 4236 quassaverunt,
1929 4171 2082 4226 laicis

386 4276 594 4330 quoque
622 4265 673 4315 et
703 4261 899 4330 plagas
929 4257 1285 4326 gravissimas
1322 4259 1660 4325 inﬂiwerunt,
1692 4263 1742 4312 et
1780 4261 2083 4315 intulerunt

382 4367 562 4404 eorum
600 4349 845 4418 aediﬁciis
874 4346 1124 4401 incendia
1158 4345 1354 4416 (Epist.
1389 4348 1478 4414 88,
1508 4363 1562 4400 η.
1601 4348 1673 4417 6).
1708 4347 1802 4401 His
1825 4348 2083 4419 jungunt

381 4439 662 4493 celebrem
691 4437 842 4508 apud
870 4434 1253 4506 Augustinum
1275 4434 1538 4489 Restituti
1560 4435 1878 4505 presbyteri
1910 4438 2081 4492 histo-

377 4525 544 4579 riam.
596 4525 910 4580 Restitutus
956 4525 1052 4578 ille
1104 4523 1172 4578 de
1223 4526 1374 4576 secta
1406 4523 1825 4578 Donatistarum
1869 4526 2074 4594 fuerat,

375 4612 711 4667 Victorianus
739 4612 798 4666 in
830 4611 1180 4684 Hipponensi
1213 4610 1436 4665 dioecesi
1468 4611 1588 4665 sitae
1619 4613 1944 4683 presbyter;
1975 4617 2076 4687 qui

376 4700 629 4756 veritatis
658 4700 710 4754 vi
738 4705 1052 4771 permotus,
1076 4699 1350 4754 electione
1380 4699 1616 4753 omnino
1643 4701 1985 4770 voluntaria,
2009 4722 2072 4759 ac

377 4791 498 4845 sine
542 4789 660 4844 ulla
697 4788 1359 4859 cujusquam-coactione
1402 4787 1684 4842 unitatem
1733 4790 2072 4848 catholicam

373 4883 498 4933 erat
526 4876 849 4947 amplexus;
881 4892 994 4946 quo
1032 4882 1288 4948 tempore
1327 4877 1501 4946 leges,
1530 4876 1739 4948 quibus
1765 4877 1911 4947 jussi
1938 4888 2072 4938 sunt

372 4965 682 5022 Donatista:
712 4962 1001 5017 schismati
1032 4964 1320 5018 remittere
1342 4964 1626 5027 nuntium,
1650 4967 1894 5021 necdum
1922 4972 2069 5024 tule-

368 5061 458 5112 rat
497 5052 780 5111 Honorius
831 5052 1050 5121 (Contra
1100 5053 1457 5119 Crcsconium,
1504 5055 1595 5107 lib.
1641 5056 1702 5118 3;
1745 5056 1922 5123 Epist.
1975 5059 2062 5122 88,

365 5163 421 5202 η,
457 5147 517 5211 6;
552 5145 727 5214 Epist.
773 5142 913 5210 105).
959 5140 1100 5194 Cum
1148 5140 1323 5210 igitur
1371 5141 1640 5196 Restituti
1685 5143 2066 5199 mutationem

363 5234 599 5305 indigne
626 5233 840 5287 ferrent
875 5228 1050 5283 iidem
1079 5228 1353 5295 hieretici,
1387 5245 1587 5284 eorum
1625 5231 1813 5285 clerici
1845 5247 1909 5286 ac
1937 5233 2065 5287 Cir-

362 5323 761 5376 cumcelliones
799 5321 951 5375 hunc
992 5316 1164 5372 domo
1204 5316 1549 5372 abstractum
1586 5318 1839 5374 interdiu
1881 5319 1941 5374 in
1978 5322 2061 5376 vi-

359 5411 552 5466 cinum
581 5413 897 5478 castellum,
930 5401 1219 5481 spectante
1256 5409 1646 5474 multitudine,
1678 5427 1866 5483 neque
1907 5412 2059 5467 obsi-

362 5504 510 5555 stere
546 5503 808 5565 audente,
849 5499 1114 5566 fustibus,
1149 5497 1336 5570 quoad
1387 5502 1740 5555 exsaturatus
1782 5505 1930 5556 esset
1967 5516 2056 5556 eo-

1633 243 1803 298 VITA
1862 243 1915 296 s.
1987 241 2371 298 AUGUSTINI
2427 243 2763 300 EPISCOPI.
3739 265 3812 314 33.,

2235 381 2364 422 rum
2391 367 2572 434 furor,
2588 367 3045 434 verberarunt,in
3067 366 3334 424 lutulenta
3348 369 3528 427 lacuna
3545 375 3818 446 volutaruut,

2234 471 2298 509 ac
2325 462 2476 510 veste
2501 458 2730 528 juncea,
2763 473 2935 528 quam
2978 457 3186 512 budam
3226 460 3499 525 vocabant,
3536 462 3816 522 induerunt:

2233 561 2476 616 cumque
2505 547 2668 600 illum
2699 547 2807 600 hoc
2839 551 3047 601 ornatu
3077 547 3468 618 aliquantisper
3507 551 3706 608 aliorum
3733 558 3821 626 qui-

2233 633 2362 687 dem
2388 635 2553 711 jqcis,
2597 635 2843 690 aliorum
2892 652 3026 690 vero
3069 636 3247 690 dolori
3290 639 3647 708 exposuissent,
3673 660 3822 713 quem-

2231 723 2362 776 dam
2423 724 2483 777 in
2540 725 2728 778 locum
2778 723 3158 789 abduxerunt,
3209 724 3362 795 cujus
3408 727 3547 781 aditu
3592 730 3824 786 Catholicis

2230 811 2496 866 omnibus
2538 813 2901 867 interdictum
2948 817 3088 877 erat,
3140 817 3196 867 et
3242 813 3330 866 vix
3357 819 3476 884 post
3501 815 3822 874 duodecimum

2230 899 2380 952 diem
2434 900 2776 954 dimiserunt
2817 903 3035 972 (Contra
3077 903 3422 969 Cresconium,
3463 904 3544 958 lib.
3593 908 3636 971 3,
3668 923 3711 962 η.
3739 908 3820 975 ‘53).

2230 989 2422 1059 Neque
2451 990 2625 1044 etiam
2666 991 2811 1045 forte
2856 990 3021 1045 illum
3069 990 3303 1046 omnino
3340 991 3484 1046 abire
3510 993 3638 1062 passi
3662 1001 3818 1060 essent,

2225 1077 2288 1131 ni
2334 1079 2742 1132 Proculeianus
2795 1095 2993 1134 eorum
3048 1081 3304 1151 Hippone
3357 1080 3620 1151 episcopus
3661 1083 3821 1137 veritus

2225 1165 2440 1233 fuisset,
2473 1183 2544 1222 ne
2573 1183 2641 1222 ea
2669 1168 2736 1222 de
2767 1185 2934 1222 causa
2979 1169 3036 1222 in
3074 1171 3167 1240 jus
3197 1171 3498 1224 traheretur
3528 1173 3692 1240 (Epist.
3733 1173 3820 1238 105,

2223 1270 2278 1308 η.
2314 1255 2388 1324 3).
2422 1257 2497 1309 De
2528 1257 2634 1310 hac
2663 1257 2955 1326 violentia,
2987 1258 3173 1327 deque
3203 1263 3286 1312 tot
3313 1258 3450 1323 aliis,
3481 1259 3660 1329 quibus
3685 1261 3820 1313 Dona-

2224 1344 2370 1397 tista:
2414 1344 2733 1399 Catholicos
2779 1363 2896 1400 suae
2944 1347 3196 1402 dioecesis
3235 1347 3512 1414 vexabant,
3541 1349 3820 1417 expostulare

2223 1433 2377 1502 apud
2408 1434 2685 1488 Cmsarem
2735 1436 2924 1489 noluit
2951 1436 3302 1506 Augustinus
3330 1439 3516 1506 (Epist.
3558 1438 3633 1503 88,
3665 1451 3709 1490 η.
3743 1437 3817 1505 7):

2223 1537 2420 1575 verum
2461 1526 2695 1593 questus
2726 1527 2810 1576 est
2843 1526 3236 1579 tantummodo
3276 1524 3420 1595 apud
3446 1523 3820 1592 Proculeianum,

2222 1609 2332 1676 cui,
2383 1627 2454 1664 ne
2501 1609 2882 1681 ignorantiam
2913 1613 3214 1667 ostendere
3264 1618 3464 1684 posset,
3493 1613 3605 1666 illas
3640 1612 3818 1665 authen-

2219 1699 2330 1752 tico
2375 1703 2522 1769 actu,
2555 1716 2668 1771 quo
2710 1700 2778 1754 de
2808 1704 2967 1757 tanta
3010 1702 3304 1756 sarcienda
3341 1701 3540 1772 injuria
3566 1716 3679 1755 eum
3709 1715 3819 1753 com-

2220 1788 2489 1858 pellabat,
2514 1789 2852 1860 signiﬁcavit
2875 1790 3095 1861 (Contra
3125 1792 3473 1857 Cresconium,
3497 1790 3580 1844 lib.
3606 1792 3650 1854 3,
3675 1805 3718 1842 η.
3746 1787 3818 1853 53).

2221 1876 2441 1946 Scripto
2472 1879 2742 1932 mandata
2763 1883 2845 1932 est
2866 1879 3226 1933 Proculeiani
3250 1879 3526 1950 responsio
3557 1894 3569 1932 ε
3599 1876 3746 1948 qualis
3759 1890 3823 1928 au-

2218 1969 2335 2018 tem
2383 1982 2448 2019 ea
2495 1965 2687 2033 fuerit,
2733 1983 3014 2038 nusquam
3064 1968 3325 2039 legimus.
3369 1968 3428 2022 Id
3455 1967 3620 2020 solum
3646 1968 3820 2025 constat,

2220 2052 2303 2106 illi
2332 2055 2490 2108 nullo
2534 2055 2704 2109 modo
2741 2055 3070 2110 violentiam
3116 2058 3264 2111 hanc
3300 2056 3484 2111 ulcisci
3530 2071 3659 2108 cura:
3683 2053 3822 2119 fuisse,

2220 2141 2335 2194 imo
2376 2147 2430 2196 et
2476 2143 2546 2196 ab
2577 2160 2643 2198 ea
2686 2144 3026 2216 inquirenda
3055 2163 3293 2217 prorsus
3339 2145 3702 2200 dissimulasse.
3741 2141 3824 2204 Qua

2219 2245 2386 2282 causa
2417 2247 2547 2284 cum
2577 2233 2930 2302 Augustinus
2961 2235 3034 2289 ad
3063 2235 3388 2291 iterandum
3416 2234 3593 2289 statim
3617 2230 3818 2287 eumdem

2219 2321 2407 2372 actum
2438 2318 2720 2390 impulsus
2765 2321 2982 2390 fuisset,
3029 2323 3126 2378 ille
3157 2323 3301 2378 nihil
3331 2321 3563 2395 amplius
3605 2338 3655 2375 se
3691 2319 3824 2374 dictu-

2218 2422 2346 2460 rum
2390 2424 2510 2463 esse
2557 2409 2738 2463 Gestis
2781 2411 3103 2466 declaravit.
3161 2415 3243 2467 Ac
3280 2417 3473 2484 postea
3496 2409 3691 2464 sceleris
3711 2407 3822 2460 istius

2217 2512 2340 2549 reos
2379 2496 2438 2550 in
2477 2499 2943 2568 presbyterorum
2972 2500 3168 2555 ordine
3197 2501 3390 2556 videre
3417 2503 3548 2561 erat.
3573 2497 3658 2570 qui
3683 2496 3823 2552 Catho-

2216 2582 2336 2637 licis
2367 2586 2620 2655 quotidie
2643 2587 2828 2641 minas
2856 2589 3228 2656 intentarent,
3262 2606 3466 2661 eosque
3487 2603 3689 2660 quoquo
3715 2588 3821 2654 ροῐε·

2215 2677 2340 2726 raut
2384 2675 2554 2728 modo
2585 2681 2852 2730 vexarent
2882 2676 3087 2746 (Epist.
3128 2681 3219 2744 88,
3260 2695 3354 2733 nn.
3397 2682 3444 2742 6,
3489 2679 3556 2745 '7).
3586 2673 3824 2730 Restitutus

2213 2763 2318 2815 hac
2344 2761 2405 2815 in
2437 2763 2728 2818 occasione
2775 2765 3028 2835 primum
3058 2767 3295 2838 quidem
3327 2766 3654 2830 confessoris,
3680 2764 3727 2816 in
3749 2761 3821 2813 alia

2213 2853 2401 2903 autem
2433 2852 2696 2922 martyris
2719 2870 2950 2924 quoque
2965 2856 3200 2910 titulum
3226 2855 3532 2926 promeruit
3547 2855 3715 2926 (Epist.
3741 2851 3822 2912 133,

2195 2939 2266 2993 ἠ.
2306 2939 2356 3008 1)
2389 2955 2401 2992 :
2435 2956 2633 2994 verum
2663 2940 2721 2995 id
2751 2959 2866 2996 non
2895 2943 3155 3014 contigit,
3188 2945 3299 2999 nisi
3330 2945 3538 3016 aliquot
3563 2947 3673 3013 post
3694 2937 3822 3002 anuis,

2211 3028 2694 3096 quemadmodum
2719 3047 2820 3084 suo
2850 3031 2967 3086 loco
2986 3033 3277 3088 narraturi
3297 3032 3751 3087 sumus.Cazterum
3766 3039 3826 3078 ex-

2209 3115 2497 3183 ploratum
2522 3133 2637 3171 non
2657 3118 2952 3183 habemus,
2979 3137 3117 3175 num
3139 3123 3406 3192 quaedam
3419 3138 3518 3192 per
3535 3121 3637 3174 vim
3656 3135 3684 3172 a
3702 3118 3827 3170 Dona-

2207 3204 2352 3257 tistis
2382 3205 2549 3276 facta,
2581 3224 2848 3278 quorum,
2882 3209 3026 3265 sicut
3056 3215 3112 3266 et
3141 3212 3414 3268 Restituti
3452 3211 3758 3266 mentionem
3780 3203 3826 3255 si-

2209 3293 2328 3346 mul
2357 3293 2490 3348 facit
2518 3299 2888 3366 Augustinus,
2923 3299 2996 3354 ad
3033 3299 3141 3354 hoc
3171 3305 3400 3373 tempus
3428 3297 3695 3355 referenda
3733 3293 3824 3347 sint.

2207 3380 2446 3444 Quidam
2490 3383 2985 3454 Casphalianensis
3027 3389 3349 3462 presbyter,
3391 3389 3613 3444 nomine
3647 3385 3824 3443 Marcus:

2206 3485 2304 3523 sua
2323 3477 2527 3541 sponte
2557 3489 2621 3527 ac
2647 3476 2879 3530 nemine
2906 3482 3143 3548 cogente
3165 3479 3240 3534 ad
3263 3479 3590 3534 catholicam
3613 3474 3827 3530 unitatem

2204 3559 2451 3614 redierat
2485 3577 2497 3615 :
2531 3578 2664 3616 eum
2700 3564 2840 3619 adeo
2884 3567 3168 3635 persecuti
3193 3573 3330 3623 sunt
3361 3567 3667 3632 Donatistae,
3692 3566 3743 3617 ut
3761 3557 3826 3612 ali-

2203 3649 2431 3717 quando
2476 3650 2710 3722 jamjam
2759 3653 2989 3709 illorum
3030 3655 3302 3711 manibus
3342 3661 3484 3712 esset
3511 3649 3824 3710 trucidandus,

2201 3733 2261 3786 ni
2295 3736 2440 3789 Deus
2465 3737 2725 3807 ipsorum
2752 3741 2867 3795 vim
2890 3745 3308 3800 nonnullorum
3330 3746 3619 3800 hominum
3638 3740 3826 3795 adventu

2199 3826 2626 3893 compressisset
2673 3828 2868 3898 (Epist.
2910 3834 3030 3896 105,
3077 3849 3132 3887 η.
3177 3834 3253 3903 3).
3299 3835 3632 3890 Marcianum
3656 3838 3825 3901 quoque

2200 3910 2511 3980 Urgensem
2537 3915 2650 3970 sive
2679 3919 3098 3989 presbyterum,
3133 3922 3250 3978 sive
3283 3924 3626 3995 episcopum,
3651 3932 3755 3972 cum
3777 3910 3826 3964 ad

2195 3999 2531 4056 catholicam
2589 4007 3055 4063 communionem
3111 4027 3170 4064 se
3222 4013 3545 4083 recepisset,
3596 4010 3711 4079 fuga
3754 3997 3829 4056 sibi

2194 4090 2492 4143 consulere
2532 4100 2877 4162 coegerunt;
2907 4113 2970 4151 ac
3006 4102 3129 4152 tum
3169 4099 3406 4155 illorum
3438 4099 3617 4155 clerici
3642 4097 3827 4150 interce-

2193 4180 2354 4245 ptum
2387 4177 2562 4248 ipsius
2591 4182 3023 4254 subdiaconum,
3059 4193 3117 4241 et
3139 4204 3320 4260 prope
3352 4206 3529 4261 usque
3553 4188 3618 4242 ad
3644 4184 3828 4239 mortem

2192 4280 2400 4320 caesum
2436 4268 2672 4340 ingestis
2720 4274 2870 4327 saxis
2919 4275 3235 4332 obruerunt
3292 4296 3306 4333 :
3359 4294 3598 4351 quorum
3641 4267 3829 4329 aadesin

2188 4353 2423 4410 admissi
2453 4357 2706 4414 criminis
2737 4379 2964 4434 pinnam
2996 4366 3116 4419 solo
3148 4371 3393 4438 aequatas:
3417 4373 3550 4423 sunt
3577 4363 3750 4435 (Ibid).

2258 4445 2310 4499 4.
2363 4446 2433 4499 Ex
2475 4447 2542 4500 iis
2591 4465 2732 4520 quos
2776 4452 3202 4510 Donatistarum
3246 4473 3472 4512 errores
3517 4452 3756 4510 tenebant
3775 4445 3829 4498 ir-

2187 4533 2402 4603 retitos,
2454 4551 2569 4590 non
2619 4539 2788 4608 pauci
2843 4557 2950 4596 nec
3014 4543 3581 4601 Circumcellionibus
3630 4532 3830 4606 neqnilia

2184 4636 2349 4690 pares
2381 4630 2566 4693 erant,
2615 4642 2720 4681 nec
2757 4645 2862 4699 per
2891 4646 2949 4684 se
2980 4632 3115 4686 satis
3141 4635 3411 4690 valebant
3433 4632 3660 4706 judicio,
3689 4631 3739 4682 ut
3763 4637 3831 4676 ex-

2181 4711 2398 4780 templo
2429 4713 2723 4769 veritatem
2752 4718 3265 4788 amplecterentur;
3293 4727 3544 4777 attamen
3573 4720 3638 4774 ab
3663 4733 3720 4771 ea
3742 4724 3830 4766 non

2183 4799 2413 4854 omnino
2442 4817 2500 4855 se
2530 4804 2861 4873 praebebant
2885 4807 3104 4862 alienos
3136 4826 3149 4864 :
3185 4811 3282 4865 sed
3323 4811 3547 4883 quoties
3576 4826 3607 4864 a
3634 4799 3830 4862 Catholi-

2180 4886 2258 4941 cis
2279 4889 2655 4961 urgebantur,
2685 4893 3020 4951 dictitabant
3040 4913 3105 4953 ea
3129 4898 3198 4953 de
3215 4915 3276 4954 re
3297 4916 3435 4955 cum
3470 4899 3582 4954 suis
3603 4887 3831 4967 episcopi5

2179 4991 2299 5030 esse
2343 4977 2782 5049 disputandum;
2828 5001 2888 5038 se
2927 5001 3062 5040 vero
3107 4987 3166 5041 in
3206 4988 3351 5042 votis
3382 4989 3609 5053 habere,
3639 4986 3697 5038 ut
3722 4978 3830 5034 inito

2175 5064 2328 5118 inter
2354 5071 2659 5140 utramque
2683 5076 2905 5140 partem
2935 5075 3243 5147 colloquio,
3270 5077 3588 5132 rationibus
3617 5075 3750 5128 ultro
3775 5065 3833 5120 ci-

2174 5157 2378 5224 troque
2399 5158 2723 5228 perpensis,
2755 5160 2937 5215 utrius
2953 5164 3131 5232 partis
3160 5171 3307 5219 esset
3329 5166 3558 5231 veritas,
3579 5151 3832 5232 dijudical'i

2171 5249 2364 5310 posset
2404 5245 2626 5312 (Contra
2676 5249 3033 5319 Cresconium,
3090 5254 3184 5309 lib.
3237 5257 3288 5320 3,
3342 5270 3400 5308 n.
3456 5256 3570 5324 49).
3619 5252 3832 5314 Quorum

2172 5328 2394 5384 animos
2439 5348 2570 5387 cum
2618 5333 2696 5388 ita
2735 5343 3093 5407 comparatos
3124 5339 3521 5411 intelligerent
3557 5329 3830 5393 orthodoxi.

2170 5416 2240 5468 ad
2255 5418 2574 5473 coeundam
2603 5424 3082 5480 concertationem
3113 5426 3271 5481 illam
3300 5427 3635 5492 incubuere,
3655 5440 3712 5477 ac
3737 5415 3832 5491 qui-

2165 5503 2270 5559 bus
2299 5506 2405 5562 viis
2435 5507 2493 5563 id
2519 5511 2875 5567 commodius
2893 5513 3075 5583 ﬁeret,
3096 5514 3156 5570 in
3179 5516 3434 5587 generali
3468 5513 3696 5571 concilio
3723 5510 3826 5564 Car-
