4008 6184
114 300 209 351 333

107 417 335 486 thagiue
382 416 441 469 in
473 416 708 470 basilica
739 415 999 471 secundas
1040 413 1288 485 regionis
1320 418 1516 469 octavo
1548 413 1815 467 kalendas

116 507 457 577 septembres
477 506 615 559 anni
648 506 944 576 praesentis
970 504 1520 575 quadringentesimi
1541 502 1693 557 tertii
1714 503 1817 555 ha-

120 597 222 650 bito
247 595 597 649 discussere.
640 596 893 649 Adeeant
920 595 1069 647 inter
1097 594 1237 647 alios
1264 593 1520 664 Alypius,
1552 590 1818 661 Augusti-

122 702 207 739 nus
228 690 283 738 et
314 684 634 738 Possidius.
668 686 873 737 Eorum
894 700 1022 754 quaa
1039 684 1145 737 hoc
1177 683 1236 736 in
1267 682 1503 736 concilio
1529 684 1655 752 post
1685 696 1812 733 exa-

124 776 351 828 minatos
382 774 611 843 legatos
635 777 756 827 acta
786 777 940 837 sunt,
966 772 1107 825 nihil
1132 772 1253 842 jam
1285 776 1484 837 exstat,
1518 770 1671 841 quod
1701 785 1819 822 non

123 862 393 933 pertineat
418 862 494 915 ad
520 861 861 915 Donatistas.
892 862 967 915 De
996 860 1085 914 his
1105 860 1286 931 pridie
1309 860 1431 929 ejus
1453 858 1566 913 diei
1591 857 1819 912 habitus

120 966 287 1004 sermo
322 950 539 1015 fuerat,
569 954 961 1020 statutumque
1002 964 1117 1002 uno
1140 948 1402 1001 omnium
1424 962 1725 1011 consensu,
1760 948 1823 998 ut

115 1038 509 1109 unusquisque
532 1038 946 1108 episcoporum,
980 1038 1065 1091 vel
1096 1038 1271 1105 solus,
1303 1036 1388 1089 vel
1413 1036 1521 1089 sibi
1557 1035 1821 1105 adjuncto

116 1127 295 1181 vicino
332 1128 628 1197 episcopo,
654 1142 756 1197 per
784 1126 1149 1196 magistratus
1179 1130 1277 1180 aut
1297 1125 1553 1179 locorum
1571 1124 1823 1177 seniores

114 1218 445 1287 interpellet
484 1216 907 1270 Donatistarum
941 1216 1271 1281 antistitem,
1302 1219 1367 1269 ut
1396 1218 1519 1268 acto
1558 1230 1685 1267 cum
1717 1214 1826 1267 col-

115 1306 251 1375 legis
274 1310 569 1359 conventu
598 1305 923 1375 deligantur
946 1304 1015 1358 ab
1046 1304 1183 1375 ipsis
1226 1303 1445 1375 aliquot
1482 1319 1511 1356 e
1556 1319 1657 1358 suo
1715 1318 1823 1356 nu-

116 1415 293 1460 mero,
325 1397 430 1468 qui
459 1413 587 1450 cum
617 1396 1035 1451 Catholicorum
1062 1396 1260 1467 legatis
1282 1395 1592 1450 constituto
1625 1395 1746 1449 loco
1772 1399 1827 1449 et

116 1494 376 1558 tempore
421 1485 648 1540 discidii
678 1486 1122 1539 controversiam
1163 1501 1293 1539 cum
1322 1501 1459 1555 pace
1498 1484 1823 1551 discutiant,

116 1578 445 1647 faciantque
484 1580 545 1629 ut
583 1575 983 1629 molestissima
1009 1575 1104 1629 illa
1152 1574 1446 1637 dissensio,
1483 1590 1597 1645 qua
1632 1574 1827 1644 plebes

116 1681 315 1719 omnes
348 1665 781 1733 scindebantur,
834 1665 1066 1719 tandem
1115 1664 1425 1736 aliquando
1473 1668 1665 1734 optato
1714 1664 1827 1717 fine

116 1755 467 1809 terminetur
497 1754 705 1823 (Codice
743 1756 1016 1810 Canonum
1063 1755 1266 1823 Afric.,
1294 1770 1412 1807 can.
1467 1757 1525 1807 91
1557 1770 1570 1820 ;
1629 1754 1829 1810 Contra

116 1847 483 1911 Cresconium,
510 1845 605 1900 lib.
640 1847 690 1911 3,
719 1861 781 1899 η.
806 1845 913 1898 49).
947 1843 1221 1899 Catholici
1241 1859 1359 1897 suae
1388 1842 1444 1896 in
1474 1859 1673 1913 pacem
1703 1858 1830 1913 pro-

112 1934 414 2005 pensionis
437 1933 832 1987 testimonium
857 1933 963 1987 hoc
984 1933 1117 1988 dare
1138 1933 1477 2003 gestiebant,
1505 1932 1831 2002 sperabant-

111 2040 223 2095 que
254 2025 531 2078 futurum
560 2026 621 2077 ut
662 2022 990 2087 Donatistae,
1025 2022 1071 2075 si
1101 2021 1336 2093 quidem
1364 2021 1714 2091 colloquium
1744 2035 1832 2073 ac-

111 2114 399 2184 cipereut,
443 2114 604 2166 nullo
656 2111 887 2182 negotio
926 2111 1134 2165 erroris
1173 2110 1684 2177 convincerentur;
1737 2108 1826 2163 sin

113 2208 314 2256 autem
348 2201 495 2254 illud
522 2203 871 2266 recusarent,
904 2199 961 2253 id
992 2203 1329 2269 argumento
1358 2199 1500 2265 fore,
1524 2214 1697 2270 quam
1735 2214 1835 2267 pa-

113 2307 243 2344 rum
268 2305 462 2344 causae
494 2305 612 2343 suae
644 2288 884 2343 ﬁderent
911 2287 1187 2359 aequitati.
1239 2288 1375 2352 Quae
1419 2304 1508 2341 res
1539 2287 1609 2341 ad
1655 2287 1831 2341 abdu-

114 2379 333 2434 cendos
362 2379 439 2433 ab
480 2393 673 2432 errore
703 2378 946 2449 populos
976 2393 1173 2432 eorum
1216 2393 1486 2448 sequaces
1534 2375 1832 2431 commode

118 2468 385 2523 adhiberi
419 2471 637 2537 posset.
670 2468 845 2521 Porro
875 2470 940 2521 ut
968 2466 1247 2537 episcopis
1271 2466 1538 2520 omnibus
1571 2464 1829 2519 eamdem

115 2557 172 2610 in
204 2574 276 2611 eo
310 2556 604 2611 rationem
634 2555 797 2625 sequi
824 2554 1043 2609 facilius
1088 2560 1253 2621 esset,
1295 2553 1561 2608 Aurelius
1590 2569 1831 2607 conven-

116 2647 317 2711 tionis,
355 2662 475 2717 qua
505 2648 824 2712 uterentur,
865 2644 1175 2698 formulam
1216 2642 1470 2710 obtulit;
1519 2657 1645 2712 qua:
1692 2642 1835 2695 lecta

116 2736 337 2806 pariter
365 2734 440 2787 ab
468 2733 739 2788 omnibus
764 2733 1134 2803 comprobata
1172 2736 1275 2787 est.
1336 2733 1411 2786 Ea
1441 2730 1691 2786 Concilio
1739 2730 1833 2783 iu-

118 2831 265 2879 serta
302 2823 481 2877 hodie
511 2822 740 2893 legitur.
784 2823 846 2876 In
877 2823 999 2893 ejus
1039 2826 1227 2876 autem
1266 2822 1451 2875 fronte
1496 2819 1834 2889 supplicatio

116 2913 505 2985 praemittitur
551 2914 824 2981 cujusque
879 2910 1035 2965 urbis
1100 2908 1457 2980 magistratui
1511 2907 1832 2963 deferenda.

118 3004 227 3067 Qui
260 3003 323 3057 in
357 3018 431 3055 ea
460 3000 723 3071 loquitur
752 2999 1062 3053 catholicus
1091 2999 1409 3070 episcopus,
1439 2998 1505 3052 ad
1541 2996 1598 3051 id
1625 3012 1683 3051 se
1713 3012 1838 3066 pro-

116 3094 320 3146 ﬁtetur
393 3090 723 3144 auctoritate
758 3089 903 3142 illius
947 3088 1297 3157 amplissima
1342 3087 1485 3141 sedis
1522 3084 1839 3156 jussionem

116 3184 269 3236 hanc
295 3177 661 3244 obtinuisse;
695 3193 823 3247 quae
849 3177 911 3230 in
942 3181 1127 3230 actum
1157 3175 1452 3230 referenda
1485 3178 1607 3228 erat
1635 3174 1841 3244 (Codice

116 3275 408 3328 Canonum
430 3269 641 3335 Afric.,
672 3282 789 3321 can.
825 3268 937 3335 92).
972 3267 1082 3319 Nec
1113 3281 1247 3319 sane
1279 3264 1388 3318 alia
1418 3264 1487 3318 de
1513 3279 1700 3327 causa,
1731 3260 1841 3315 nisi

119 3366 183 3415 ut
214 3360 682 3430 impetrarentur
706 3354 1100 3425 hujuscemodi
1116 3354 1413 3425 jussiones,
1436 3352 1739 3407 concilium
1773 3350 1841 3405 ad

117 3450 352 3521 jndices
386 3447 508 3500 sive
538 3445 948 3515 gubernatores
976 3444 1191 3498 litteras
1220 3444 1346 3498 illas
1377 3442 1603 3497 mittere
1634 3444 1843 3495 statue-

119 3548 230 3607 rat,
263 3554 418 3609 quas
443 3534 671 3590 concilii
700 3533 934 3588 nomine
962 3532 1251 3604 obsignari
1290 3533 1361 3587 ab
1409 3532 1675 3604 episcopo
1708 3531 1841 3585 Car-

118 3625 465 3698 thagiueusi
494 3624 670 3694 cupit.
707 3624 897 3677 Exstat
925 3622 1111 3677 adhuc
1140 3621 1373 3692 supplex
1406 3621 1629 3674 libellus
1656 3618 1845 3672 idibus

122 3713 479 3787 septembris
493 3712 628 3766 anni
643 3710 1196 3782 quadringentesimi
1208 3709 1362 3777 tertii
1376 3707 1694 3779 Septimino
1708 3708 1780 3761 Af
1782 3706 1845 3760 ri-

121 3822 205 3860 ca:
238 3802 581 3877 proconsuli
610 3800 834 3855 concilii
852 3798 1313 3871 Carthaginensis
1336 3798 1568 3853 nomine
1590 3797 1840 3852 oblatus:

122 3912 244 3967 quo
278 3893 579 3948 declarant
607 3889 887 3944 antistites
916 3906 994 3957 se,
1030 3889 1257 3944 tametsi
1278 3888 1555 3942 violenter
1590 3904 1622 3941 a
1652 3887 1845 3940 Dona-

124 3984 278 4038 tistis
300 3983 475 4049 facta,
504 3980 556 4033 vi
587 3980 778 4051 legum
800 3996 925 4033 eam
954 3979 1024 4033 ob
1045 3994 1276 4033 causam
1305 3978 1376 4031 ab
1400 3974 1845 4046 imperatoribus

123 4073 384 4127 latarum
423 4069 804 4140 comprimere
848 4072 1100 4139 possent,
1152 4066 1634 4138 quemadmodum
1681 4064 1733 4118 ei
1763 4063 1844 4117 illi

123 4162 239 4233 ipsi
274 4160 486 4215 iisdem
517 4158 736 4229 legibus
751 4158 821 4212 ad
842 4156 1185 4212 coercendos
1212 4153 1650 4210 Maximianistas
1681 4153 1843 4207 abusi

123 4253 406 4317 fuerant;
440 4248 610 4301 malle
639 4252 829 4301 tamen
858 4246 987 4300 illos
1029 4262 1157 4300 cum
1196 4242 1634 4298 mansuetudine
1684 4258 1846 4295 com-

124 4340 526 4405 monefacere,
548 4342 615 4391 ut
641 4338 725 4391 vel
745 4336 1042 4391 discidium
1063 4350 1231 4389 suum
1251 4332 1574 4403 repudient,
1596 4331 1685 4385 vel
1707 4330 1847 4385 illud

126 4446 254 4484 non
298 4426 837 4483 Circumcellionnm
867 4424 1243 4489 immanitate,
1279 4421 1376 4476 sed
1401 4420 1636 4493 paciﬁca
1669 4420 1759 4474 via
1788 4420 1849 4474 in

129 4517 406 4589 legitima
430 4514 868 4580 concertatione,
900 4512 946 4566 si
974 4512 1208 4583 quidem
1256 4511 1312 4565 id
1362 4526 1419 4565 se
1460 4524 1625 4580 posse
1671 4509 1848 4563 conﬁ-

129 4609 301 4669 dant,
332 4609 607 4659 tueantur
633 4620 645 4658 :
673 4607 845 4673 atque
896 4618 1021 4656 eam
1053 4601 1125 4654 ob
1165 4616 1285 4653 rem
1314 4598 1628 4670 postulant,
1663 4600 1725 4651 ut
1752 4612 1849 4651 eos

131 4713 245 4767 per
266 4696 526 4749 locorum
548 4692 931 4761 magistratus,
956 4693 1131 4761 prout
1148 4704 1375 4743 necesse
1396 4686 1700 4753 videbitur,
1716 4702 1848 4740 con-

129 4785 337 4839 venire
368 4781 480 4836 sibi
528 4781 691 4835 liceat
737 4782 945 4846 (Collat.
979 4778 1238 4845 Carthag.
1283 4780 1333 4845 3,
1366 4791 1493 4846 cap.
1560 4774 1700 4845 174).
1748 4774 1851 4829 Cui

132 4872 416 4945 petitioni
436 4870 734 4925 confestim
766 4884 1029 4923 assensus
1061 4870 1146 4921 est
1182 4864 1547 4936 Septiminus.

213 4968 266 5017 5.
302 4963 509 5031 Itaque
536 4958 851 5013 Donatistas
880 4958 1027 5011 hanc
1056 4955 1116 5009 in
1136 4970 1256 5009 rem
1279 4952 1577 5008 convenire
1592 4968 1705 5005 non
1724 4950 1857 5005 omi-

135 5056 348 5105 serunt
373 5046 648 5103 Catholici
676 5046 801 5099 :sed
824 5045 907 5099 illi
927 5042 1276 5115 colloquium
1305 5040 1605 5097 obﬁrmato
1632 5055 1858 5110 semper

134 5139 343 5194 animo
368 5137 761 5190 detrectarunt
782 5139 837 5189 et
854 5137 1214 5201 recusarunt;
1238 5131 1433 5201 quibus
1448 5130 1645 5195 verbis,
1671 5128 1861 5199 inquit

136 5226 533 5297 Augustinus,
560 5240 663 5294 quo
694 5223 836 5293 dolo,
855 5225 1244 5289 maledictione,
1267 5220 1638 5275 amaritudine
1661 5219 1857 5287 plenis,

132 5335 286 5373 nunc
317 5319 545 5385 longum
567 5320 647 5371 est
665 5314 1031 5369 demonstrare
1052 5314 1219 5383 (Cont.
1255 5312 1449 5375 Cresc.,
1480 5308 1575 5364 lib.
1600 5310 1723 5374 3,n.
1744 5309 1857 5377 49).

132 5407 566 5465 Obtendebant
594 5408 784 5458 autem
816 5400 1342 5457 manifestissimum
1368 5396 1742 5452 intoleranda:
1774 5413 1863 5450 su-

132 5498 365 5569 perbiae
384 5496 816 5565 argumentum,
839 5490 1100 5547 videlicet
1115 5488 1266 5560 quod
1290 5487 1397 5541 sibi
1418 5502 1547 5541 cum
1569 5486 1865 5557 peccatori-

136 5588 256 5641 bus
280 5586 343 5641 in
362 5582 713 5656 colloquium
741 5582 935 5636 venire
965 5579 1121 5634 nefas
1137 5580 1283 5632 esset
1302 5576 1497 5646 (Epist.
1526 5577 1648 5647 105,
1667 5590 1724 5629 n.
1756 5574 1861 5645 13).

1594 290 1804 346 LIBER
1844 287 2172 356 QUINTUS.

3524 302 3625 358 334

1926 412 2104 467 Testis
2133 414 2304 484 hujus
2347 415 2430 469 rei
2457 414 2729 470 Primiani
2778 418 3239 489 Carthaginensis
3287 424 3623 494 arrogantia

1924 501 2096 570 plena
2121 505 2446 573 responsio:
2474 505 2841 576 siquidemde
2861 509 3161 563 collatione
3182 510 3438 565 habenda
3468 529 3623 565 com-

1924 591 2188 661 pellatus,
2225 594 2508 659 Indignum
2528 600 2625 662 est,
2660 596 2755 662 ait,
2788 604 2847 651 ut
2872 600 2931 652 in
2959 614 3124 653 unum
3163 604 3478 655 conveniant
3524 604 3627 670 ﬁlii

1927 686 2232 749 martyrum
2259 687 2601 753 etprogenies
2643 687 2968 741 traditarum
2998 687 3114 759 (Ad
3152 692 3465 744 Donatistas
3499 695 3623 761 post

1929 770 2145 840 Collat.,
2191 788 2248 825 n.
2285 772 2356 838 l).
2402 774 2562 836 Quod
2612 790 2945 845 responsum
3005 778 3215 848 scripto
3265 778 3623 850 magistratui

1931 858 2287 931 Carthaginis
2316 861 2492 927 dedit,
2537 879 2599 917 ac
2636 880 2740 933 per
2768 865 3073 920 diaconum
3102 883 3268 921 suum
3300 868 3447 938 apud
3490 868 3624 921 scri-

1930 948 2052 1015 bas,
2084 950 2218 1017 sive,
2251 956 2313 1005 ut
2332 952 2587 1023 loquitur
2614 956 3149 1027 Augustinus,apud
3167 962 3289 1012 acta
3318 958 3623 1012 dicendum

1931 1039 2238 1094 mandavit.
2272 1041 2543 1111 Superius
2575 1049 2765 1097 autem
2797 1047 2952 1115 (Cap.
2997 1049 3051 1115 8,
3082 1064 3135 1101 η.
3168 1046 3215 1115 6)
3250 1047 3421 1100 verba
3460 1063 3621 1117 quaa-

1934 1127 2064 1182 dam
2095 1128 2339 1184 vidimus
2369 1146 2397 1183 e
2416 1130 2624 1201 scripto
2640 1132 3093 1204 decerpta,quod
3120 1134 3272 1189 idem
3308 1135 3628 1190 Primianus

1934 1217 2003 1270 ad
2038 1217 2282 1288 reliquos
2316 1219 2737 1274 Donatistarum
2769 1222 3065 1292 episcopos
3098 1224 3273 1290 misit,
3307 1228 3361 1278 et
3392 1241 3537 1295 quae,
3570 1228 3634 1279 ut

1934 1305 2167 1375 quidem
2206 1308 2614 1375 existimamus,
2663 1310 2936 1379 praedicta
2960 1312 3325 1381 responsione
3373 1312 3630 1367 contine-

1936 1396 2163 1452 bantur.
2200 1396 2452 1451 Diximus
2482 1413 2711 1467 quoqne
2741 1415 3106 1470 nequaquam
3136 1417 3256 1454 esse
3291 1418 3321 1454 a
3352 1400 3463 1455 ﬁde
3496 1401 3629 1454 alie-

1936 1503 2096 1552 num,
2122 1502 2236 1539 non
2267 1486 2345 1540 ita
2373 1486 2553 1540 multo
2585 1490 2714 1556 post
2742 1487 3150 1558 Augustinum,
3181 1489 3443 1559 proxime
3475 1495 3631 1544 ante-

1938 1593 2109 1647 quam
2134 1576 2453 1646 Hipponem
2482 1576 2708 1643 rediret,
2744 1577 3153 1647 expositionem
3184 1595 3347 1632 suam
3380 1578 3438 1631 in
3474 1578 3631 1632 Psal-

1936 1682 2097 1720 mnm
2126 1664 2483 1735 trigesimum
2516 1669 2736 1719 sextum
2770 1666 2921 1735 apud
2961 1667 3188 1735 plebem
3219 1666 3637 1737 Carthagiueu—

1938 1770 2057 1808 sem
2087 1754 2501 1824 pronuntiasse.
2528 1755 2580 1807 Is
2605 1754 2677 1807 ad
2707 1754 2900 1809 sedem
2932 1770 3093 1808 suam
3135 1771 3415 1823 reversus,
3447 1771 3510 1808 ex
3542 1770 3636 1824 sy-

1938 1844 2073 1898 nodi
2100 1843 2429 1913 praascripto
2463 1842 2901 1898 Proculeiannm
2934 1844 3226 1898 conveniri
3255 1844 3486 1897 curavit.
3524 1845 3634 1897 Re-

1941 1932 2171 2003 spondit
2202 1932 2296 1986 ille
2326 1948 2559 1986 suarum
2589 1931 2838 2003 partium
2873 1937 3127 1987 coactum
3174 1932 3245 1985 iri
3292 1932 3637 1997 concilium;

1941 2022 2000 2076 in
2028 2039 2141 2093 quo
2173 2021 2311 2092 quid
2343 2026 2489 2075 esset
2513 2022 2928 2092 reponendum,
2960 2022 3016 2075 in
3040 2021 3331 2076 communi
3362 2025 3638 2075 statuere-

1940 2116 2033 2167 tur
2063 2112 2261 2182 (Epist.
2309 2113 2396 2176 83,
2450 2127 2503 2165 n.
2535 2111 2612 2182 7).
2647 2112 2771 2165 Non
2812 2111 3053 2165 dubium
3101 2116 3185 2165 est
3223 2110 3364 2182 quin
3410 2109 3637 2164 habitus

1942 2200 2115 2256 fuerit
2138 2200 2231 2255 hic
2258 2200 2489 2254 illorum
2517 2204 2867 2267 conventus;
2899 2216 3095 2255 verum
3126 2217 3241 2255 non
3271 2199 3383 2254 alia
3420 2202 3634 2267 mente,

1943 2306 2117 2362 quam
2160 2294 2223 2344 ut
2263 2289 2612 2360 colloquium
2666 2290 3045 2344 recusandum
3087 2306 3208 2345 esse
3250 2290 3641 2344 decernerent.

1944 2378 2348 2434 Proculeianus
2371 2378 2655 2449 siquidem
2686 2378 2897 2434 iterum
2935 2379 3005 2433 de
3031 2383 3223 2434 mente
3253 2395 3375 2445 sua,
3400 2378 3487 2432 uti
3515 2394 3646 2448 pro-

1944 2470 2198 2535 miserat,
2250 2466 2557 2539 aperienda
2599 2468 2994 2538 compellatus,
3044 2485 3273 2523 omnem
3329 2466 3646 2522 collationis

1944 2557 2221 2612 habendae
2250 2556 2699 2628 spempraacidit.
2721 2557 2877 2621 Quod
2896 2573 3231 2627 responsum
3262 2556 3397 2611 satis
3425 2555 3645 2627 liquido

1945 2650 2167 2701 constat
2196 2662 2262 2699 ex
2292 2649 2601 2700 conventus
2630 2645 2863 2699 illorum
2892 2645 3098 2716 placito
3146 2645 3435 2699 redditum
3477 2659 3598 2698 esse
3624 2659 3637 2697 :

1946 2736 2093 2789 hanc
2113 2735 2265 2789 enim
2292 2750 2412 2788 rem
2434 2734 2576 2789 illud
2592 2734 2896 2804 Augustini
2921 2750 3038 2788 non
3058 2733 3293 2789 obscure
3322 2732 3633 2804 signiﬁcat:

1948 2826 2009 2880 Si
2037 2826 2153 2894 lupi
2179 2825 2480 2887 concilium,
2517 2822 2725 2894 inquit,
2765 2826 3029 2891 fecerunt,
3074 2828 3136 2877 ut
3176 2823 3492 2892 pastoribus
3534 2836 3641 2875 non

1944 2912 2301 2981 respondeant
2354 2911 2550 2983 (Epist.
2601 2914 2691 2977 76,
2718 2928 2775 2967 n.
2831 2912 2884 2982 4)
2912 2928 2925 2977 ;
2960 2928 3089 2983 qua:
3115 2912 3287 2966 verba
3315 2927 3383 2965 ex
3415 2908 3645 2975 litteris,

1948 3016 2088 3071 quas
2118 3000 2306 3053 forsan
2336 2999 2441 3053 hoc
2463 2998 2586 3070 ipso
2614 3003 2872 3070 tempore
2903 2999 2971 3053 de
2997 3004 3254 3054 recusato
3284 3016 3317 3053 a
3345 2996 3653 3053 Donatistis

1948 3087 2230 3159 colloquio
2262 3087 2500 3158 scripsit,
2526 3092 2814 3158 petuntur.
2850 3090 2958 3142 Has
2988 3104 3157 3160 porro
3194 3086 3472 3141 universis
3497 3086 3651 3140 illius

1951 3177 2268 3232 schismatis
2307 3178 2679 3232 sectatoribus
2710 3178 2989 3247 inscribit,
3028 3177 3127 3231 ubi
3155 3182 3528 3248 posteaquam
3550 3177 3650 3229 Ec-

1950 3267 2135 3322 clesiaa
2159 3266 2453 3321 catholicas
2487 3267 2782 3321 veritatem
2814 3266 2950 3337 ipsis
2981 3266 3411 3332 demonstravit,
3456 3265 3645 3336 primo

1952 3356 2187 3427 quidem
2211 3355 2347 3409 locis
2364 3371 2394 3409 e
2417 3355 2609 3410 divina
2621 3356 2911 3426 Scriptura
2931 3355 3181 3409 collectis
3206 3372 3219 3409 :
3245 3354 3450 3409 deinde
3471 3354 3652 3409 tribus

1953 3444 2244 3499 sententiis
2264 3445 2575 3498 secundum
2597 3445 2960 3499 Cmcilianum
2982 3444 3109 3497 latis
3131 3460 3143 3498 :
3165 3449 3287 3497 tum
3315 3442 3653 3497 criminibus

1954 3533 2143 3605 Optati
2171 3549 2367 3587 eorum
2385 3533 2667 3603 martyris,
2684 3549 2854 3603 quem
2877 3549 2909 3585 a
2936 3532 3338 3586 communione
3369 3547 3470 3585 sua
3490 3530 3655 3584 mini-

1954 3640 2046 3678 me
2086 3621 2616 3690 resecarant(1bid.,
2646 3637 2700 3675 n.
2734 3621 2820 3689 3):
2873 3625 3162 3691 postremo
3207 3620 3446 3674 historia
3485 3620 3653 3674 Maxi-

1956 3712 2374 3776 mianistarum,
2421 3724 2643 3763 necnon
2701 3708 3077 3778 indulgentia,
3132 3725 3248 3779 qua
3305 3707 3651 3762 Feliciannm

1956 3799 2307 3855 Mustitatum
2341 3799 2468 3866 (nec
2497 3797 2652 3850 enim
2682 3796 3009 3851 Praetextati
3048 3797 3329 3867 meminit)
3365 3814 3480 3852 una
3523 3814 3653 3853 cum

1957 3889 2067 3943 illis
2099 3904 2242 3959 quos
2272 3891 2429 3941 extra
2459 3902 2661 3941 eorum
2692 3886 2994 3940 Ecclesium
3041 3887 3377 3959 baptizarat,
3427 3904 3659 3958 excepe-

1954 3981 2102 4033 rant.
2123 3975 2443 4030 Donatistas
2468 3974 2640 4028 laicos
2667 3978 2862 4045 rogat;
2890 3975 2972 4029 uti
3000 3978 3272 4047 praesules
3294 3993 3447 4042 suos,
3474 3994 3648 4048 quan-

1954 4066 2263 4138 doquidem
2310 4081 2438 4119 cum
2479 4063 2782 4119 Catholicis
2813 4064 3032 4119 nollent
3080 4064 3141 4118 in
3162 4064 3507 4135 colloquium
3556 4080 3655 4118 ve-

1955 4155 2100 4221 nire,
2128 4154 2194 4208 ad
2217 4152 2509 4207 solvendas
2534 4152 2699 4206 hasce
2727 4152 3084 4207 difﬁcultates
3106 4157 3344 4224 urgeant
3367 4170 3380 4218 ;
3406 4151 3652 4206 videant-

1957 4260 2068 4315 que
2114 4242 2172 4295 in
2218 4242 2321 4295 hac
2361 4240 2483 4311 ipsa
2528 4241 2880 4296 recusatione
2919 4241 3301 4296 indubitatum
3351 4239 3656 4294 debilitatis

1955 4329 2351 4387 testimonium
2377 4328 2676 4384 contineri.
2703 4331 2827 4385 Haec
2857 4334 3047 4384 autem
3072 4329 3310 4400 epistola
3328 4329 3521 4401 legum
3540 4330 3647 4383 Ho-

1956 4419 2108 4475 norii
2140 4418 2492 4473 mentionem
2515 4418 2752 4472 omnino
2776 4419 2992 4472 nullam
3012 4418 3164 4472 facit.

2633 4508 2853 4562 CAPUT
2892 4507 2979 4560 ΧΙ.

1963 4600 2012 4651 l.
2053 4595 2335 4666 Crispinus
2365 4593 2440 4647 ad
2467 4593 2787 4662 colloquium
2813 4594 3133 4660 provocatus
3162 4591 3341 4649 verbis
3376 4589 3659 4660 respondet

2031 4685 2237 4736 amaris
2267 4686 2318 4736 et
2345 4681 2643 4735 maledicis.
2674 4683 2708 4733 2
2737 4682 3031 4734 Donatistae
3067 4680 3336 4735 invadunt
3372 4681 3431 4734 in
3479 4681 3659 4734 Possi-

2032 4770 2207 4826 dium.
2244 4774 2273 4825 3
2312 4773 2443 4825 Tum
2492 4770 2735 4825 Ecclesiae
2770 4769 3018 4835 defensor
3046 4770 3255 4824 mulctz
3284 4771 3520 4824 auraria:
3562 4769 3665 4823 ha:-

2032 4862 2215 4914 reticis
2246 4862 2500 4925 irrogata:
2547 4858 2804 4911 damnari
2840 4858 3151 4926 Crispinum
3189 4863 3365 4927 curat,
3417 4874 3572 4927 quem
3614 4864 3663 4913 et

2035 4948 2261 5003 subinde
2307 4946 2582 5002 Possidius
2636 4946 2830 5015 probat
2885 4948 3211 5002 hzreticum.
3255 4949 3289 5002 4
3343 4949 3433 5002 Illi
3487 4953 3663 5002 tamen

2032 5042 2221 5107 postea
2274 5037 2437 5105 hujus
2462 5050 2629 5104 poenae
2652 5034 3091 5090 condonationem
3134 5034 3429 5105 impetrant
3463 5038 3664 5092 Catho-

2039 5127 2150 5180 lici.
2180 5129 2209 5178 5
2242 5123 2469 5181 Concilii
2498 5125 2940 5189 Carthaginensis
2967 5124 3163 5193 legatio
3193 5124 3267 5179 ad
3294 5124 3549 5193 petendas
3596 5124 3664 5176 ab

2039 5216 2366 5283 Imperatore
2427 5212 2562 5279 leges
2630 5214 2687 5265 in
2742 5213 3131 5280 schismaticos,
3190 5212 3285 5267 sed
3338 5211 3662 5266 moderatas.

2042 5307 2072 5358 6
2102 5303 2323 5370 Legatio
2353 5301 2459 5355 haec
2506 5301 2729 5354 Theasio
2761 5304 2811 5355 et
2842 5303 3040 5355 Evasio
3069 5299 3449 5354 demandatur.
3488 5303 3518 5350 7
3565 5300 3669 5351 Do-

2041 5394 2372 5448 natistarum
2419 5392 2479 5445 in
2518 5390 2918 5445 Mamimianum
2954 5391 3285 5445 immanitas.
3311 5389 3426 5442 8In
3446 5387 3669 5442 Servum

2043 5496 2253 5553 quoque
2277 5482 2583 5550 episcopum
2612 5479 2899 5535 invadunt.

2050 5576 2106 5628 l.
2157 5572 2227 5626 Ut
2253 5569 2325 5626 ad
2353 5568 2810 5637 conventionem,
2834 5584 2947 5639 qua
2973 5565 3292 5622 Donatistas
3312 5582 3341 5622 a
3372 5565 3677 5645 Catholicis
