4008 6184
365 329 468 384 335

362 449 656 523 provacari
699 448 1016 519 oportebat,
1073 449 1403 504 redeamus:
1448 463 1581 503 cum
1627 461 1755 503 eam
1812 444 2063 499 curasset

365 539 653 596 Possidius
701 538 1047 594 Calamensis
1094 538 1394 611 episcopus
1441 536 1700 608 Crispino
1755 530 2063 605 signiﬁcari

364 628 790 685 Donatistarum
811 628 1068 698 ejusdem
1082 628 1241 682 urbis
1269 627 1555 698 episcopo,
1587 624 1688 696 qui
1707 627 1764 677 et
1791 622 2062 692 antiquus

243 713 261 724 ’
364 724 504 787 erat,
535 723 590 773 et
620 718 771 788 apud
809 734 940 771 suos
970 734 1177 789 magno
1210 716 1269 770 in
1299 731 1538 769 numero
1579 713 1899 767 habebatur
1926 726 1939 775 ;
1969 708 2063 763 hic

362 807 783 880 compellationi
796 807 1047 878 reposuit
1077 822 1155 872 se,
1179 803 1316 877 quid
1338 801 1598 874 responsi
1623 800 1877 856 dandum
1893 801 2061 867 esset,

363 899 620 953 visurum
646 914 776 951 cum
796 895 1048 966 collegis.
1081 894 1227 950 Satis
1248 894 1419 964 longo
1448 896 1578 962 post
1595 895 1875 961 tempore,
1908 903 2061 942 anno

358 984 479 1055 jam
508 980 716 1038 Christi
746 978 1318 1051 quadringentesimo
1367 981 1597 1049 quarto,
1633 976 1786 1031 idem
1818 973 2063 1045 repetita

364 1070 741 1126 conventione
767 1068 1181 1139 interpellatus,
1209 1067 1362 1121 istud
1384 1067 1535 1137 apud
1558 1069 1697 1119 Acta
1724 1078 2063 1135 responsum

362 1160 555 1216 dedit:
590 1159 806 1214 «Verba
842 1160 956 1213 viri
978 1158 1361 1226 peccatorisne
1405 1156 1682 1209 timueris»
1724 1154 1765 1222 (Ι
1812 1151 2058 1207 Machab.

363 1267 425 1317 ιι,
457 1251 569 1319 62).
602 1249 670 1302 Et
697 1248 945 1303 iterum:
988 1249 1052 1301 In
1098 1260 1256 1299 aures
1305 1243 1667 1313 imprudentis
1724 1257 1851 1295 cave
1895 1240 2062 1309 quid-

363 1355 528 1408 quam
557 1338 799 1402 direris;
830 1350 1067 1401 ne,‘cum
1099 1334 1361 1394 audierit,
1394 1332 1630 1386 irrideat
1665 1334 1906 1384 sensatos
1940 1344 2062 1384 ser-

364 1441 543 1481 mones
574 1429 691 1479 tuos
734 1445 756 1473 ι
808 1424 984 1493 (Prov.
1016 1437 1174 1491 xxm,
1222 1420 1295 1491 9).
1328 1422 1617 1482 Postremo,
1660 1419 1801 1473 hanc
1837 1432 2061 1487 respon-

366 1516 569 1569 sionem
589 1526 760 1566 meam
786 1510 1158 1581 patriarchali
1198 1524 1434 1564 sermone
1464 1509 1691 1577 deﬁnio:
1737 1506 2003 1562 Recedant
2032 1523 2064 1561 a

366 1618 450 1658 me
478 1604 658 1671 impii,
697 1603 817 1655 vias
844 1615 1024 1655 eorum
1057 1614 1213 1654 nosse
1269 1599 1389 1653 nolo
1439 1598 1656 1668 (Contra
1706 1596 2063 1661 Cresconium,

368 1692 466 1746 lib.
508 1694 559 1757 3,
589 1706 651 1744 n.
689 1692 801 1759 50).
844 1691 919 1744 Ea
949 1686 1195 1758 Crispini
1216 1685 1511 1757 responsio
1543 1684 1723 1740 doctis
1753 1689 1809 1737 et
1824 1680 2066 1736 indoctis

366 1779 547 1834 risum
578 1777 791 1832 movit:
825 1777 1038 1848 quippe
1078 1775 1179 1847 qui
1218 1791 1275 1829 se
1304 1775 1475 1829 verba
1520 1772 1830 1844 peccatoris
1878 1769 2065 1826 neuti-

367 1885 541 1941 quam
571 1868 773 1921 timere
792 1867 1070 1937 jactaret;
1104 1881 1233 1919 cum
1264 1870 1459 1919 tamen
1497 1862 1549 1916 ei
1577 1861 1921 1933 respondere
1950 1876 2065 1914 non

365 1956 620 2010 auderet.
653 1954 796 2010 Satis
829 1952 1063 2024 quidem
1093 1950 1629 2018 eratfmanifestum,
1663 1949 1765 2020 qui
1804 1948 1912 2003 sibi
1949 1948 2064 2001 vel-

362 2045 621 2111 letzfnec
651 2044 887 2097 deerant
917 2041 1018 2113 qui
1073 2040 1549 2102 demonstrarent,
1615 2054 1790 2109 quam
1845 2036 2066 2091 inutilis

366 2133 631 2189 essetista
648 2130 965 2203 responsio,
984 2146 1273 2201 quamque
1300 2133 1535 2200 propter
1571 2128 1875 2181 verborum
1904 2142 2063 2179 acer-

364 2222 624 2289 bitatem,
646 2219 757 2291 ipsi
788 2218 1158 2289 respondenti
1187 2217 1576 2287 noxia;atque
1595 2215 1729 2269 hinc
1741 2214 1912 2268 simul
1935 2214 2063 2268 uni-

367 2309 542 2364 versis
560 2307 805 2379 Crispini
821 2306 1075 2378 episcopi
1105 2305 1450 2373 doctissima,
1483 2309 1546 2358 ut
1563 2303 1717 2374 apud
1743 2303 2065 2357 Donatistas

364 2398 701 2464 habebatur,
734 2396 1027 2451 annositas
1059 2398 1255 2449 contra
1282 2398 1468 2448 stante
1509 2391 1705 2464 juveni
1747 2408 1811 2446 ac
1857 2392 2061 2458 tirone,

366 2488 553 2561 qualis
580 2486 866 2542 Possidius
891 2490 1030 2551 erat,
1064 2484 1209 2538 nihil
1239 2484 1536 2538 adversum
1566 2480 1864 2536 veritatem
1900 2497 2065 2551 posse

365 2578 732 2649 probabatur.

439 2669 491 2720 2.
520 2667 878 2736 Quapropter
919 2663 1148 2735 quando
1187 2662 1293 2717 hac
1330 2676 1449 2715 non
1483 2658 1768 2725 successit,
1822 2658 1931 2713 alia
1977 2658 2067 2713 via

369 2755 822 2826 aggrediendum
854 2753 991 2808 fuit:
1021 2753 1144 2806 haec
1171 2767 1305 2806 vero
1330 2750 1449 2803 visa
1480 2754 1564 2803 est
1589 2748 1850 2803 omnium
1886 2748 2064 2818 potis-

367 2845 530 2900 sima.
549 2843 802 2914 Contigit
820 2842 1014 2914 paucis
1042 2845 1173 2911 post
1201 2839 1420 2904 diebus,
1442 2844 1508 2893 ut
1529 2836 1811 2892 Possidius
1838 2837 2067 2893 Calama

367 2934 436 2988 ad
465 2933 826 2988 invisendum
864 2930 927 2985 in
957 2946 1059 2985 sua
1087 2928 1315 2984 dicecesi
1356 2926 1782 2998 Figulinensem
1821 2926 2065 2980 fundum

369 3014 826 3092 proficisceretur
853 3036 919 3075 eo
951 3018 1216 3085 consilio,
1272 3021 1336 3072 ut
1375 3016 1715 3082 Catholicos,
1757 3015 1857 3086 qui
1899 3014 2065 3085 pauci

366 3110 483 3163 illic
512 3113 694 3171 erant,
716 3108 1097 3172 conﬁrmaret,
1128 3107 1271 3160 alios
1298 3110 1490 3160 autem
1507 3106 1578 3159 ad
1600 3104 2062 3175 amplexandam,

366 3198 415 3251 si
459 3198 690 3263 vellent,
738 3196 1020 3250 unitatem
1072 3195 1484 3261 cohortaretur,
1518 3210 1581 3247 ac
1611 3193 1858 3263 denique
1912 3192 2065 3263 pacis

369 3284 710 3352 doctrinam,
742 3300 917 3356 quam
955 3285 1013 3337 iu
1072 3282 1378 3352 Augustini
1425 3280 1768 3335 monasterio
1807 3286 1864 3334 et
1893 3282 2064 3349 clero,

367 3374 521 3431 unde
570 3374 757 3428 fuerat
808 3372 878 3426 ad
934 3371 1325 3441 episcopatum
1375 3373 1717 3439 assumptus,
1772 3368 2062 3434 didicerat,

367 3463 635 3518 omnibus
664 3461 913 3517 traderet
951 3460 1268 3530 (Possidius,
1314 3461 1373 3512 in
1418 3461 1548 3514 Vita
1587 3458 1845 3524 August.,
1877 3473 1925 3511 c.
1960 3460 2061 3525 12;

367 3555 565 3611 Contra
601 3553 956 3616 Cresconium,
1003 3550 1096 3604 tib.
1133 3536 1260 3610 3,11.
1312 3552 1414 3616 50;
1458 3550 1639 3617 Epist.
1702 3549 1821 3612 ωδ,
1877 3562 1934 3601 η.
1987 3549 2060 3611 4).

364 3644 510 3697 Tum
531 3657 663 3695 vero
686 3639 1019 3694 Donastistae
1049 3638 1160 3692 alio
1179 3636 1439 3707 Crispino
1472 3635 1726 3707 episcopi
1773 3635 2065 3690 Calamen-

365 3732 443 3785 sis
471 3730 823 3801 presbytero,
857 3732 1026 3797 atque
1073 3727 1215 3797 ejus,
1265 3729 1330 3781 ut
1357 3726 1659 3789 ferebatur,
1716 3724 2061 3795 propinquo,

367 3820 600 3874 ductore
642 3816 759 3871 vias
789 3816 994 3869 armati
1030 3815 1321 3869 latronum
1360 3830 1520 3867 more
1567 3813 1846 3880 obsidere,
1894 3820 2064 3884 atque

364 3906 604 3962 insidias
631 3920 866 3975 ponere.
893 3905 957 3957 In
988 3921 1080 3958 eas
1106 3905 1226 3973 jam
1256 3919 1401 3973 pene
1438 3902 1717 3956 inciderat
1757 3903 2060 3970 Possidius,

364 4011 495 4049 cum
524 3992 695 4063 hujus
723 3991 807 4046 rei
837 3990 1045 4044 certior
1062 3991 1242 4044 factus
1272 3990 1384 4044 alio
1407 3989 1653 4050 divertit,
1681 4005 1856 4060 seque
1883 3989 1941 4043 in
1977 3990 2062 4044 lo-

364 4099 495 4138 cum
524 4082 756 4137 nomine
786 4081 1040 4135 Livetum
1062 4079 1308 4149 recepit;
1344 4079 1442 4133 ubi
1469 4078 1747 4133 nimirum
1796 4079 1892 4133 ille
1935 4079 2060 4135 Cri-

360 4173 561 4243 spinus
591 4170 734 4225 nihil
763 4169 1017 4233 auderet,
1053 4169 1139 4223 vel
1166 4185 1280 4222 non
1312 4169 1668 4238 praevaleret,
1710 4168 1798 4222 vel
1845 4167 1894 4221 si
1923 4168 2063 4239 quid

363 4263 538 4317 etiam
583 4260 829 4329 fecisset,
868 4274 1077 4329 negare
1122 4274 1238 4312 non
1279 4262 1470 4329 posset
1550 4261 1686 4312 Tum
1729 4258 1964 4323 domum,
2005 4260 2063 4312 in

363 4369 471 4421 qua
501 4367 620 4406 cum
648 4352 762 4406 suis
805 4363 859 4403 se
902 4348 1180 4402 Possidius
1223 4348 1537 4409 incluserat,
1586 4348 1760 4416 sepire
1812 4349 2058 4414 armatis,

364 4437 643 4504 lapidibus
690 4436 1136 4499 circumtundere,
1191 4436 1396 4490 ambire
1447 4438 1700 4504 flammis,
1752 4436 1964 4491 aditum
1995 4452 2062 4490 ea:

362 4525 508 4577 omni
533 4529 689 4593 parte
717 4526 918 4579 moliri.
961 4528 1091 4589 Quae
1117 4540 1240 4579 vero
1270 4525 1463 4578 aderat
1493 4526 1836 4579 incolentium
1871 4525 2059 4579 multi-

363 4611 513 4673 tudo,
543 4628 741 4667 memor
761 4614 995 4681 periculi
1022 4615 1130 4679 sui,
1169 4614 1220 4667 si
1264 4615 1325 4667 in
1350 4629 1406 4666 eo
1450 4614 1560 4667 loco
1599 4627 1911 4679 aggressum
1933 4617 2061 4667 tan-

363 4702 475 4752 tum
498 4700 715 4764 facinus
742 4701 1069 4769 impleretur,
1110 4700 1322 4769 partim
1366 4700 1520 4753 illum
1560 4699 1951 4768 deprecabatur
2000 4704 2063 4755 ut

357 4791 625 4856 parceret,
647 4802 802 4855 quem
822 4788 1114 4844 resistendo
1151 4804 1258 4844 non
1278 4788 1514 4843 audebat
1541 4788 1825 4856 offendere,
1856 4791 2062 4858 partim

360 4891 484 4930 vero
516 4877 667 4942 ignes
696 4879 1003 4945 suppositos
1030 4877 1435 4945 exstinguebat.
1473 4876 1708 4931 Eosdem
1748 4893 1927 4948 usque
1953 4882 2061 4932 ter-

359 4965 442 5020 tio
471 4965 849 5035 compressit;
882 4965 1034 5035 quod
1065 4966 1124 5020 ni
1172 4967 1414 5033 fecisset,
1449 4965 1733 5021 Possidius
1779 4982 1894 5020 una
1928 4983 2060 5021 cum

360 5054 531 5110 domo
562 5057 620 5107 et
638 5051 877 5120 reliquis
906 5052 967 5105 in
993 5068 1059 5107 ea
1076 5054 1312 5109 inclusis
1331 5053 1493 5108 vivus
1523 5053 1855 5108 combustus
1891 5058 2055 5108 esset.

356 5144 488 5200 Cum
515 5146 704 5199 aeutem
731 5142 823 5195 ille
849 5139 1188 5212 (Crispinus)
1215 5144 1388 5198 nihilo
1414 5145 1631 5210 segnius
1660 5143 1844 5212 coeptis
1883 5143 2059 5208 ferai.

356 5235 457 5290 dus
481 5239 649 5303 atque
678 5234 993 5286 inexoratus
1023 5234 1273 5298 instaret,
1310 5236 1464 5288 cessit
1506 5232 1808 5302 aliquando
1860 5232 2058 5287 ictibus

346 5324 544 5392 janua,
581 5323 814 5390 ingressi
840 5324 987 5385 sunt,
1023 5322 1392 5390 sauciatisque
1425 5323 1565 5376 ccede
1596 5323 1882 5391 jumentis,
1936 5336 2056 5388 quae

354 5413 414 5464 in
443 5413 700 5479 inferiore
718 5410 905 5465 domus
946 5411 1108 5477 parte
1140 5414 1539 5477 compererant;
1584 5409 1650 5463 de
1686 5408 2057 5478 superioribus

351 5501 657 5568 episcopum
683 5500 1062 5569 deposuerunt,
1081 5496 1381 5565 allicientes
1408 5498 1591 5566 plagis
1620 5502 1671 5552 et
1685 5498 2045 5552 contumeliis.

354 5586 458 5642 Ubi
482 5602 548 5642 ne
570 5591 794 5656 gravius
811 5588 1083 5652 saevirent,
1119 5588 1418 5644 intercessit
1443 5588 1557 5657 ipse
1576 5586 1881 5657 Crispinus,
1911 5587 2056 5643 velut

1542 321 1716 381 VITA
1767 319 1823 375 S.
1880 315 2268 375 AUGUSTINI
2325 318 2664 376 EPISCOPI.

3771 316 3871 369 336

2170 444 2297 499 aliis
2314 443 2634 511 rogantibus
2648 444 2842 512 ﬂemus,
2865 455 3095 511 quorum
3108 454 3216 495 non
3235 444 3347 494 tam
3360 437 3651 493 videbatur
3674 439 3741 492 in
3786 438 3874 490 ira

2169 547 2270 587 sua
2297 549 2487 588 curare
2508 532 2952 602 deprecationem,
2976 545 3140 599 quam
3158 531 3219 582 in
3236 529 3481 596 facinore
3509 527 3875 581 testimonium

2168 622 2471 690 formidare
2486 621 2706 693 (Contra
2735 622 3100 685 Cresconium,
3128 618 3228 671 lib.
3259 620 3311 683 3,
3338 633 3403 673 n.
3439 618 3548 685 50).
3584 614 3878 670 Possidius

2170 710 2290 781 ipse
2318 709 2809 780 eumdemzcasum
2864 707 3125 778 perinde,
3175 705 3339 776 quasi
3368 704 3533 759 alteri
3570 703 3879 769 evenisset,

2168 800 2439 867 referens,
2472 798 2606 853 satis
2644 798 2817 852 habet
2864 796 3073 863 dicere,
3125 794 3464 859 Donatistas,
3500 792 3598 848 ubi
3616 792 3787 847 illum
3820 791 3883 845 in

2167 888 2375 943 itinere
2401 887 2584 943 adorti
2605 890 2813 953 essent,
2836 886 3101 956 jumenta
3132 890 3189 939 et
3204 900 3293 937 res
3320 882 3501 954 ipsius
3544 879 3882 951 diripuisse,

2169 993 2392 1032 necnon
2436 976 2625 1047 ipsum
2654 975 2883 1047 injuriis
2924 979 2982 1029 et
3022 974 3175 1029 crede
3217 971 3554 1043 gravissima
3598 970 3881 1037 affecisse,

2171 1066 2494 1136 (Possidius,
2526 1067 2586 1119 in
2619 1067 2747 1121 Vita
2770 1065 3031 1133 August,
3062 1079 3109 1117 c.
3146 1064 3248 1131 12).

2241 1158 2294 1209 3.
2332 1157 2456 1210 Hzc
2481 1159 2855 1224 posteaquam,
2895 1151 3087 1223 pergit
3124 1150 3497 1221 Augustinus,
3541 1153 3676 1203 nota
3722 1149 3883 1215 facta

2169 1248 2298 1299 sunt
2324 1245 2385 1298 in
2412 1243 2612 1313 oppido
2641 1243 2965 1308 Calamensi,
2996 1240 3410 1310 exspectabatur
3438 1239 3732 1307 Crispinus
3757 1240 3883 1307 epi-

2171 1346 2363 1402 scopus
2389 1335 2562 1385 uester
2592 1329 2932 1397 (Donatistae
2961 1328 3296 1400 alloquitur)
3328 1325 3789 1397 quemadmodum
3822 1328 3879 1380 in

2170 1433 2328 1475 suum
2345 1419 2720 1489 presbyterum
2739 1418 3061 1473 vindicaret.
3094 1417 3337 1471 Accessit
3356 1417 3522 1471 etiam
3545 1416 3881 1485 protestatio

2169 1508 2593 1578 municipalibus
2617 1508 2781 1574 gestis
2810 1521 3095 1576 expressa:
3116 1505 3272 1574 cujus
3290 1506 3373 1559 vel
3402 1506 3614 1572 timore,
3646 1504 3733 1558 vel
3770 1519 3878 1573 pu-

2174 1598 2322 1664 dore,
2353 1602 2630 1666 cogeretur
2644 1611 2886 1651 emercere
2914 1596 3332 1650 ecclesiasticam
3350 1593 3684 1649 uindictam.
3724 1591 3885 1658 Quod

2173 1703 2293 1742 cum
2348 1688 2562 1741 omnino
2605 1688 2981 1750 contemneret,
3025 1688 3316 1752 tantusque
3367 1686 3519 1753 ﬁeret
3569 1686 3881 1736 vestrorum

2174 1776 2455 1842 tumultus,
2488 1779 2551 1829 ut
2577 1776 2801 1830 veritati
2826 1773 3211 1844 pradicanda’,
3258 1774 3347 1826 cui
3389 1771 3720 1840 respondere
3778 1786 3882 1825 non

2167 1868 2440 1934 poterant,
2458 1866 2659 1919 itinera
2678 1865 2919 1918 clausuri
2930 1866 3277 1932 putarentur,
3310 1863 3416 1916 imo
3434 1875 3562 1915 vero
3572 1860 3701 1929 jam
3717 1861 3883 1914 etiam

2173 1959 2515 2008 cernerentur
2539 1954 2757 2023 (Contra
2786 1950 3154 2017 Cresconium,
3185 1950 3281 2005 lib.
3314 1952 3367 2016 3,
3396 1965 3454 2003 n.
3475 1948 3565 2021 51)
3591 1965 3607 2002 :
3642 1948 3884 2003 demum

2173 2059 2246 2097 ne
2300 2041 2623 2097 istiusmodi
2661 2041 2947 2095 violentiae
2999 2039 3153 2111 pacis
3194 2038 3589 2093 ecclesiasticae
3642 2054 3884 2092 cursum

2173 2130 2562 2203 prohiberent,
2607 2130 2867 2185 Ecclesiae
2897 2129 3161 2185 defensor
3187 2144 3256 2182 ea
3282 2128 3352 2182 de
3384 2143 3446 2181 re
3474 2126 3881 2198 querimonias

2171 2221 2242 2275 ad
2272 2220 2667 2292 magistratum
2698 2222 2917 2273 servato
2939 2217 3087 2289 juris
3117 2233 3277 2272 more
3310 2216 3516 2272 detulit
3544 2215 3885 2287 (Possidius,

2181 2308 2309 2362 Vita
2361 2310 2620 2376 August.,
2665 2324 2710 2363 c.
2761 2312 2870 2375 12).
2932 2307 3417 2378 impetratumque
3446 2310 3537 2360 est
3587 2305 3823 2376 (forsan
3856 2320 3887 2358 a

2173 2396 2570 2450 Proconsulari
2613 2396 2916 2466 Numidiae)
2946 2400 3011 2450 ut
3052 2395 3349 2467 episcopus
3391 2392 3700 2465 Crispinus
3728 2394 3885 2449 mul-

2172 2488 2321 2537 ctam
2340 2483 2565 2553 legibus
2583 2484 2645 2537 in
2667 2484 2963 2538 haereticos
2980 2482 3365 2549 constitutam,
3380 2480 3666 2536 nimirum
3690 2482 3887 2537 decem

2172 2571 2297 2625 auri
2326 2572 2539 2643 pondo,
2571 2573 2811 2627 solveret
2840 2573 3032 2643 (Epist.
3072 2575 3192 2638 105,
3237 2587 3293 2625 η.
3329 2573 3364 2626 4
3378 2572 3623 2639 ;Contra
3667 2572 3887 2627 Cresco-

2171 2662 2342 2729 nium,
2387 2677 2435 2715 η.
2470 2660 2556 2732 51)
2589 2661 2794 2731 Legem
2823 2661 2970 2715 hanc
3001 2659 3350 2715 Theodosius
3380 2659 3506 2730 jam
3556 2658 3702 2714 inde
3733 2677 3773 2714 a
3803 2662 3891 2715 de-

2174 2749 2323 2803 cimo
2354 2751 2599 2821 septimo
2642 2750 2915 2805 kalendas
2937 2749 3073 2821 julii
3103 2749 3239 2804 anni
3269 2748 3666 2804 trecentesimi
3698 2766 3885 2804 nona-

2175 2838 2377 2908 gesimi
2399 2840 2629 2894 secundi
2659 2841 3125 2911 promulgaverat
3148 2839 3208 2893 in
3230 2838 3527 2893 haereticos
3555 2855 3797 2907 omnes,
3828 2844 3889 2893 ut

2173 2927 2275 2998 qui
2302 2928 2455 2999 apud
2486 2944 2581 2983 eos
2609 2928 2696 2982 vel
2727 2928 3053 2983 conferrent
3079 2928 3168 2982 vel
3202 2927 3525 2999 acciperent
3550 2927 3888 2982 clericalem

2174 3016 2534 3087 dignitatem,
2556 3017 2717 3072 denis
2738 3018 2862 3072 auri
2891 3016 3049 3072 libris
3079 3018 3530 3083 mulctarentur;
3556 3020 3622 3071 et
3669 3016 3891 3088 quaevis

2175 3106 2319 3175 loca,
2342 3106 2403 3161 in
2430 3122 2561 3178 qua:
2603 3107 2836 3161 domino
2865 3106 3100 3178 quidem
3153 3105 3547 3161 consentiente
3604 3106 3892 3160 convenio

2172 3198 2319 3259 rent,
2356 3194 2491 3249 fisco
2521 3194 2961 3262 addicerentur;
3008 3194 3096 3249 sin
3127 3198 3317 3249 autem
3348 3192 3447 3248 illo
3478 3191 3670 3247 inscio
3698 3194 3803 3249 vel
3838 3193 3892 3247 in

2174 3281 2313 3336 locis
2337 3283 2458 3353 jam
2487 3282 2622 3336 ﬁsco
2653 3282 2893 3339 addictis
2921 3282 2981 3338 id
3028 3283 3209 3349 ﬁeret,
3245 3282 3419 3337 denas
3464 3297 3712 3353 quoque
3764 3281 3888 3337 auri

2172 3368 2347 3423 libras
2375 3370 2538 3425 fundi
2564 3370 2899 3426 conductori
2928 3370 3249 3440 imperabat
3299 3369 3515 3439 (Codice
3566 3372 3791 3426 Theod.
3824 3371 3887 3426 de

2177 3459 2529 3529 Ilzeret.,.lege
2551 3458 2661 3529 21).
2695 3460 2966 3531 Ejusdem
2995 3459 3137 3531 legis
3180 3458 3443 3513 meminit
3490 3459 3731 3529 passim
3785 3463 3897 3517 Au-

2174 3545 2436 3616 gustinus
2493 3548 2709 3617 (Contra
2762 3548 2941 3617 Epist.
2989 3549 3357 3616 Parmeniani,
3392 3547 3484 3601 lib.
3536 3550 3586 3614 1,
3635 3565 3705 3603 η.
3772 3550 3895 3621 19);

2172 3638 2384 3704 printer
2408 3651 2581 3706 quam
2611 3635 2736 3691 aliae
2766 3652 2886 3691 non
2906 3652 3102 3708 paucae
3132 3636 3534 3707 suppetebant,
3557 3651 3637 3691 ex
3673 3638 3898 3709 quibus

2176 3723 2434 3777 Ecclesiae
2463 3739 2594 3779 cum
2632 3724 2915 3799 haereticis
2952 3741 3121 3797 agere
3159 3723 3386 3780 licebat.
3418 3726 3635 3779 Verum
3679 3742 3895 3798 quam-

2172 3812 2381 3867 tumvis
2411 3813 2668 3884 aequitati
2697 3814 3083 3869 consentirent
3109 3813 3246 3882 illm,
3276 3817 3434 3868 tanta
3460 3813 3661 3869 inerat
3689 3817 3897 3871 Catho-

2172 3900 2292 3954 licis
2321 3902 2719 3968 mansuetudo,
2766 3906 2827 3956 ut
2856 3918 2950 3957 eas
2984 3902 3362 3974 negligerent,
3393 3918 3458 3957 ac
3504 3902 3808 3970 dormire,
3848 3904 3892 3958 si

2170 3989 2252 4043 fas
2264 3990 2439 4045 estita
2455 3990 2635 4062 loqui,
2656 3991 2925 4057 sinentes,
2955 4008 3153 4046 earum
3174 3991 3456 4063 imperata
3482 3991 3618 4045 ﬁeri
3643 3994 3896 4048 minime

2168 4079 2738 4150 postularent(Epist.
2762 4082 2850 4147 88,
2883 4096 2939 4134 η.
2969 4085 3036 4149 7;
3064 4082 3264 4137 Contra
3286 4082 3660 4149 Cresconium,
3701 4084 3806 4137 lib.
3842 4086 3891 4148 3,

2168 4182 2222 4221 n.
2257 4167 2372 4238 51).
2414 4169 2525 4222 Nec
2553 4184 2688 4223 sane
2718 4168 2829 4223 alia
2859 4185 2948 4224 res
2985 4169 3056 4224 ad
3085 4185 3282 4223 earum
3311 4170 3504 4240 legum
3526 4171 3893 4226 recordatio—

2170 4272 2299 4310 nem
2328 4256 2596 4312 excitavit
2625 4257 3044 4312 Catholicorum
3072 4258 3315 4325 animos,
3346 4273 3522 4329 quam
3569 4262 3896 4315 necessitas

2170 4346 2545 4416 propulsandi
2608 4362 2750 4418 quas
2807 4346 3306 4402 Circumcelliones
3363 4346 3503 4417 ipsis
3577 4347 3897 4404 violentias

2169 4434 2501 4490 afferebant.
2536 4436 2662 4490 Istis
2689 4435 2944 4506 primum
2974 4436 3193 4507 legibus
3224 4436 3311 4490 usi
3334 4435 3572 4490 fuerunt
3605 4436 3899 4493 Catholici

2169 4524 2239 4579 ad
2270 4524 2666 4588 coercendam,
2699 4525 2746 4579 si
2776 4542 2890 4597 qua
2918 4529 3166 4596 possent,
3199 4523 3392 4595 Optati
3428 4524 3781 4581 Gildoniani
3808 4534 3897 4599 ty-

2169 4614 2484 4685 rannydem
2504 4615 2719 4682 (Contra
2746 4616 2936 4669 Littcr.
2966 4614 3241 4673 Petiliam.
3277 4614 3373 4669 lib.
3404 4615 3457 4679 3,
3488 4629 3546 4668 n.
3586 4615 3749 4685 184).
3792 4618 3899 4672 Eas

2168 4702 2341 4756 etiam
2376 4702 2619 4758 subinde
2659 4703 2931 4757 adversus
2960 4701 3286 4773 Crispinum
3315 4701 3667 4773 episcopum
3712 4705 3898 4759 adhi-

2168 4790 2451 4846 buerunt:
2480 4795 2537 4846 at
2572 4792 2753 4846 multo
2783 4791 2975 4846 minus
3018 4794 3083 4845 ut
3120 4791 3190 4845 de
3235 4788 3473 4862 patratis
3516 4790 3900 4849 facinoribus

2167 4883 2494 4948 repeterent
2520 4894 2737 4949 poenas,
2772 4895 2945 4950 quam
2985 4882 3048 4932 ut
3075 4877 3419 4933 documenta
3461 4878 3732 4936 lenitatis
3777 4899 3903 4936 suae

2167 4967 2529 5036 praeberent;
2571 4967 2923 5039 planumque
2966 4966 3220 5021 facerent
3267 4966 3602 5033 Ecclesiarn,
3655 4970 3897 5026 nedum

2167 5056 2277 5110 sibi
2305 5056 2504 5124 ullam,
2539 5055 3074 5113 Circumcelliouum
3103 5054 3303 5125 instar,
3333 5060 3695 5127 potestatem
3727 5075 3906 5115 usur-

2164 5149 2329 5214 paret
2355 5144 2673 5216 tyrannice,
2705 5162 2771 5200 ea
2799 5146 2970 5201 etiam
2996 5145 3147 5200 nolle
3168 5146 3255 5201 uti
3272 5146 3561 5209 facultate,
3598 5163 3801 5217 quam
3831 5149 3905 5204 ab

2165 5231 2423 5301 legitima
2454 5234 2791 5288 auctoritate
2821 5233 2929 5288 sibi
2951 5234 3115 5304 juxta
3145 5234 3536 5304 propheticam
3568 5236 3902 5292 veritatem

2162 5320 2475 5377 famulante
2516 5321 3066 5393 accepisset(Contra
3094 5324 3455 5391 Cresconium,
3471 5323 3569 5378 lib.
3598 5325 3739 5389 3,11.
3781 5329 3899 5388 51).

2161 5409 2379 5465 Judicio
2411 5410 2470 5465 in
2496 5427 2556 5465 se
2594 5412 2707 5465 lato
2736 5427 2938 5482 parere
2979 5411 3163 5467 noluit
3191 5411 3521 5483 Crispinus:
3578 5415 3758 5469 stetit
3800 5433 3903 5471 co-

2161 5514 2286 5554 ram
2314 5500 2675 5570 proconsule,
2707 5498 2933 5571 sibique
2963 5500 3182 5555 crimen
3209 5501 3496 5556 haereseos
3524 5501 3901 5575 neutiquam

2163 5587 2382 5646 haerere
2410 5587 2704 5648 contendit
2743 5589 3065 5661 (Possidius,
3095 5592 3157 5645 in
3195 5591 3327 5648 Vita
3353 5590 3624 5660 August.,
3673 5607 3735 5647 c.
3788 5597 3899 5649 12:
