4008 6184
166 234 247 287 337
1569 231 1774 285 LIBER
1813 230 2131 295 QUINTUS.

166 359 323 415 Contra
358 352 704 417 Cresconium,
737 352 830 406 lib.
872 354 925 419 3,
956 368 1012 406 η.
1041 353 1149 418 51).
1193 353 1352 408 Haud
1391 357 1511 408 erat
1551 354 1809 410 Ecclesiae

169 441 446 508 defensoris,
475 456 641 511 quem
684 456 787 494 nos
824 440 1058 510 quidem
1088 441 1274 496 virum
1304 458 1372 497 ex
1410 444 1605 498 ordine
1643 444 1808 499 laico-

176 550 268 588 rum
289 532 441 586 fuisse
464 530 785 601 opinamur,
807 530 862 584 id
884 530 1149 600 probare.
1174 531 1275 584 Illo
1293 530 1469 601 igitur
1486 533 1803 600 recedente,

177 624 221 677 in
240 638 331 675 eam
370 620 757 674 necessitatem
793 619 1067 673 adductus
1116 623 1200 672 est
1240 620 1549 685 Possidius,
1592 626 1651 675 ut
1694 623 1808 677 Cri-

179 712 292 781 spino
316 708 608 770 resisteret,
634 724 880 779 eumque
909 724 1104 762 revera
1133 708 1339 762 haeresi
1370 709 1655 764 irretitum
1687 727 1806 765 esse

177 799 471 853 ostenderet:
505 796 718 868 quippe
757 814 885 850 cum
921 797 1177 868 alioquin
1215 798 1624 853 ott‘endiculum
1662 816 1807 869 prae-

173 889 345 942 beretur
370 886 625 952 inﬁrmis,
658 903 723 940 ac
751 886 1069 956 periculum
1099 891 1268 956 esset,
1302 904 1372 941 ne
1397 888 1519 958 ipse
1545 889 1615 942 ab
1644 888 1805 958 igno-

168 976 371 1031 rantibus
426 975 730 1030 haereticus
785 976 1128 1030 crederetur.
1190 977 1315 1030 Non
1374 977 1543 1048 longe
1610 978 1806 1032 aberat

163 1065 483 1134 Augustinus;
521 1065 621 1135 qui
664 1081 766 1135 pro
806 1081 908 1119 sua
945 1065 1094 1119 virili
1134 1065 1389 1136 urgebat,
1420 1071 1481 1120 ut
1517 1071 1803 1122 concerta-

162 1156 327 1208 tionem
364 1154 513 1207 inter
550 1169 609 1207 se
649 1153 924 1207 haberent
969 1154 1080 1208 duo
1125 1155 1482 1209 Calamenses
1529 1156 1801 1227 episcopi.

161 1243 317 1297 Tribus
352 1258 481 1313 ergo
510 1242 597 1296 illi
648 1242 865 1297 vicibus
902 1242 963 1296 in
1008 1247 1297 1297 certamen
1326 1244 1688 1298 devenientes
1733 1246 1803 1300 de

159 1332 247 1402 ipsa
270 1332 467 1385 diversa
496 1332 922 1399 communione,
956 1349 1067 1403 qua
1096 1332 1309 1387 scilicet
1340 1351 1370 1387 a
1398 1350 1530 1387 vera
1560 1334 1802 1389 Ecclesia

158 1421 292 1473 avulsi
332 1424 486 1474 erant
534 1421 863 1489 Donatista,
908 1421 1299 1492 disceptarunt
1340 1439 1351 1476 :
1406 1439 1536 1475 cum
1582 1422 1802 1477 interea

158 1526 408 1563 numerosa
436 1509 741 1563 hominum
770 1510 1076 1564 multitudo
1115 1514 1236 1564 tum
1278 1510 1642 1581 Carthagine,
1669 1527 1799 1566 cum

156 1599 197 1651 in
221 1598 407 1669 reliqua
430 1598 622 1652 Africa
651 1599 734 1652 rei
763 1599 973 1653 exitum
1008 1599 1229 1653 intenta
1258 1604 1627 1670 exspectaret.
1653 1601 1798 1654 Tan-

158 1686 250 1739 dem
289 1687 425 1740 haud
468 1703 623 1757 regrc
668 1687 956 1742 convictus
1006 1687 1113 1741 fuit
1150 1689 1432 1742 haereseos
1482 1688 1795 1759 Crispinus,

156 1780 283 1845 atque
308 1792 337 1829 a
354 1777 692 1845 proconsule
722 1776 1001 1830 sententia
1020 1777 1232 1847 scripto
1258 1777 1505 1831 libellari
1534 1778 1649 1831 lata
1669 1777 1798 1832 talis

155 1864 414 1918 declaratus
442 1866 770 1933 (Possidius,
803 1869 860 1920 in
897 1869 1024 1921 Vita
1051 1867 1322 1933 August.,
1356 1882 1401 1921 ο.
1440 1866 1546 1937 12).

203 1954 244 2006 4.
271 1955 519 2007 Attamen
559 1970 629 2007 ea
672 1955 781 2008 fuit
819 1954 1063 2009 Possidii
1102 1955 1504 2022 mansuetudo,
1545 1958 1609 2008 ut
1638 1971 1799 2009 suam

151 2041 263 2109 apud
298 2042 691 2111 proconsulem
734 2043 1143 2113 interposuerit
1182 2043 1448 2113 gratiam,
1490 2043 1796 2114 quominus

151 2129 301 2184 decem
328 2131 443 2184 auri
474 2132 677 2202 pondo
702 2132 995 2202 Crispinus
1019 2133 1409 2197 mulctaretur,
1432 2132 1689 2202 hancque
1710 2132 1796 2186 illi

152 2218 513 2274 immunitatem
535 2220 731 2290 reipsa
752 2220 1061 2274 obtinuerit
1084 2221 1276 2291 (Epist.
1316 2223 1436 2285 105,
1468 2237 1523 2274 η.
1558 2223 1617 2287 4;
1654 2222 1790 2278 Con-

153 2312 215 2360 tra
240 2310 570 2376 Cresconium,
599 2310 693 2364 lib.
719 2313 770 2377 3,
797 2326 852 2365 η.
876 2314 971 2376 52;
996 2310 1357 2375 Possidius,in
1381 2312 1509 2365 Vita
1530 2310 1789 2378 August,

154 2412 185 2449 c.
227 2399 311 2459 12).
353 2399 557 2452 Verum
610 2397 974 2468 quantumvis
1016 2397 1382 2452 mitissimum
1434 2403 1579 2452 esset
1623 2399 1791 2452 hocce

150 2484 389 2554 judicium,
427 2486 477 2540 ei
523 2492 723 2541 tamen
765 2504 984 2541 morem
1024 2503 1221 2557 gerere
1261 2486 1448 2540 noluit
1496 2487 1790 2557 Crispinus

151 2573 319 2641 (Contra
357 2577 717 2642 Cresconium,
758 2576 852 2630 lib.
905 2580 956 2643 3,
996 2592 1051 2630 η.
1103 2576 1221 2645 51);
1266 2576 1361 2629 sed
1411 2576 1682 2645 majorem
1731 2577 1789 2630 in

152 2660 331 2715 modum
358 2679 471 2717 sese
503 2663 801 2733 ingratum
833 2664 1110 2733 praebens,
1148 2665 1555 2734 Imperatorem
1586 2665 1785 2734 appel-

152 2746 445 2818 lavit(Epist.
487 2754 585 2819 88,
616 2768 670 2806 η.
712 2757 765 2819 7,
799 2756 849 2807 et
892 2756 1069 2822 Epist.
1108 2756 1226 2815 105,
1268 2769 1323 2806 η.
1352 2754 1424 2821 4).
1484 2753 1790 2807 Ferebatur

150 2836 189 2888 id
210 2840 394 2892 ueteris
420 2840 782 2911 displicuisse
812 2842 1233 2895 Donatistarum
1263 2841 1541 2913 episcopis
1573 2842 1789 2911 (Contra

150 2920 442 2995 t‘resconium,
462 2930 536 2982 lib
554 2970 571 2983 .
608 2932 661 2996 3,
684 2946 737 2982 η.
772 2928 880 2999 51),
908 2945 1011 2983 nec
1033 2946 1167 2983 sane
1193 2930 1511 2996 immerito;
1535 2931 1787 3000 quando-

148 3012 323 3078 quidem
348 3017 577 3070 nonnisi
607 3033 927 3071 successum
959 3018 1259 3072 adversum
1281 3018 1413 3073 inde
1436 3035 1661 3090 sperare
1681 3036 1784 3089 po-

147 3104 299 3155 terant.
323 3105 379 3157 Et
401 3106 637 3175 quidem
668 3106 913 3160 admissa
932 3106 1041 3161 fuit
1060 3107 1365 3178 appellatio
1386 3128 1399 3176 ;
1422 3124 1785 3178 responsum-

147 3203 226 3254 que
249 3189 381 3246 dedit
407 3194 745 3265 Imperator,
779 3196 1114 3262 Donatistas,
1147 3196 1495 3267 ubicumque
1525 3197 1781 3251 locorum

147 3275 321 3346 degant,
342 3280 395 3335 in
423 3285 641 3337 mulcta
674 3283 868 3337 decem
899 3285 1022 3337 auri
1050 3285 1323 3339 librarum
1355 3286 1779 3356 comprehendi,

146 3379 229 3418 non
252 3384 387 3423 secus
414 3388 473 3425 ac
501 3371 573 3425 in
613 3372 958 3442 quibuslibet
987 3373 1113 3427 aliis
1152 3373 1395 3444 legibus,
1429 3391 1557 3445 qua:
1586 3378 1782 3428 contra

146 3452 382 3512 haereticos
410 3463 797 3531 promulgatae
828 3461 1083 3529 fuerant;
1118 3479 1210 3516 eas
1244 3464 1482 3534 proinde
1512 3463 1780 3516 adversus

146 3541 240 3597 illos
276 3549 609 3604 exsecutioni
657 3551 1008 3605 mandandas
1059 3568 1071 3605 :
1123 3568 1237 3605 non
1284 3553 1469 3606 solum
1508 3557 1700 3606 autem
1751 3570 1780 3606 a

150 3630 350 3702 Crispino
378 3640 675 3694 solvendas
708 3656 826 3693 esse
866 3641 1062 3694 decem
1092 3641 1215 3694 auri
1252 3641 1445 3708 libras,
1478 3642 1575 3695 sed
1608 3642 1780 3696 etiam

149 3720 199 3772 ab
222 3721 318 3792 ipso
346 3725 549 3795 judice,
584 3729 687 3799 qui
725 3728 810 3782 illi
841 3729 1082 3800 gratiam
1123 3730 1243 3799 ejus
1271 3731 1497 3784 mulctra
1535 3730 1776 3796 fecisset,

150 3823 319 3866 necnon
345 3815 408 3868 ab
436 3817 659 3883 Ofﬁcio,
690 3817 797 3871 hoc
826 3822 909 3871 est
933 3836 965 3871 a
994 3818 1214 3871 caeteris
1244 3819 1562 3873 forensibus
1592 3819 1649 3872 in
1681 3819 1778 3873 illo

145 3896 308 3961 judicio
341 3905 702 3972 administris,
737 3907 1039 3977 exigendas
1068 3908 1279 3977 (Codice
1311 3910 1531 3974 Theod.,
1566 3910 1631 3963 de
1658 3913 1778 3965 Hze-

149 3990 300 4057 reticis,
327 3994 425 4060 lege
460 3998 559 4061 39;
594 4001 647 4050 et
684 3996 981 4062 Possidius,
1013 3999 1070 4050 in
1115 4000 1243 4051 Vita
1278 3998 1550 4067 August.,
1577 4015 1622 4053 c.
1662 4000 1769 4065 1?).

147 4072 288 4142 Atque
312 4075 380 4130 ita
408 4080 611 4133 maluit
644 4079 931 4151 Crispinus
972 4080 1309 4151 periculum,
1342 4084 1496 4152 quod
1526 4083 1633 4137 sibi
1672 4083 1777 4137 soli

148 4157 464 4232 impendebat,
498 4174 555 4223 et
597 4169 750 4239 quod
790 4169 977 4239 ipsum
1021 4187 1049 4223 a
1090 4187 1147 4223 se
1187 4172 1340 4223 nullo
1378 4172 1608 4243 negotio
1647 4189 1777 4242 pro-

147 4251 322 4313 pulsare
355 4258 641 4325 potuisset.
683 4258 742 4311 in
783 4274 1012 4312 omnem
1059 4260 1435 4312 Donatianam
1476 4260 1777 4314 factionem

147 4348 432 4415 convertere,
455 4364 632 4418 quam
660 4347 720 4401 in
746 4348 1141 4418 presbyterum
1169 4364 1334 4401 suum
1366 4348 1568 4401 atrocis
1590 4349 1779 4403 delicti

148 4439 270 4482 reum
292 4431 682 4503 degradatione
706 4437 905 4489 saltem
932 4436 1381 4490 animadvertere
1409 4438 1632 4506 (Contra
1661 4438 1781 4492 Cre-

146 4518 349 4581 scrmium,
383 4524 472 4577 lib.
514 4528 568 4591 3,
608 4540 664 4578 τι.
709 4527 817 4592 52).
860 4524 1246 4579 Nihilominus
1285 4529 1479 4579 tamen
1514 4526 1779 4580 catholici

147 4601 384 4675 antistites,
414 4626 477 4665 ac
513 4613 572 4666 in
607 4613 807 4683 primis
835 4614 1208 4683 Augustinus,
1237 4615 1521 4684 praedictas
1550 4616 1777 4669 mulctae

146 4685 504 4754 immunitatem
535 4702 646 4756 illis
676 4703 746 4757 ab
777 4704 1140 4773 Imperatoris
1170 4704 1471 4758 clementia
1499 4704 1777 4775 impetra-

148 4785 245 4833 runt
268 4798 278 4836 :
300 4784 368 4839 ita
387 4794 448 4843 ut
467 4806 662 4846 eorum
689 4792 973 4861 praesidio,
993 4808 1063 4845 ne
1085 4791 1376 4862 Crispinus
1396 4792 1628 4863 quidem
1650 4809 1776 4846 eam

147 4870 342 4931 Pendere
377 4884 598 4933 coactus
644 4881 815 4935 fuerit
863 4881 1180 4952 (Possidius,
1228 4883 1286 4935 in
1340 4883 1467 4935 Vita
1512 4883 1774 4949 August,

146 4958 297 5041 911?).
335 4965 453 5020 Haec
500 4984 667 5037 porro
708 4969 1105 5039 episcoporum
1146 4969 1502 5041 indulgentia
1541 4986 1778 5040 magnas

148 5040 353 5103 Ecclesiae
375 5055 713 5110 accessiones
734 5057 1022 5111 afferebat.
1047 5061 1119 5112 At
1147 5058 1497 5129 Augustinus
1526 5060 1773 5129 palmam

146 5145 323 5217 θεωρεῖν
348 5141 471 5196 hinc
497 5146 843 5214 reportabat,
871 5147 931 5201 in
959 5148 1223 5201 omnibus
1251 5164 1380 5217 qua:
1412 5147 1564 5217 pacis
1593 5148 1777 5201 conci-

145 5214 305 5276 liandae
332 5243 489 5283 causa
523 5234 887 5301 gerebantur,
923 5234 1133 5305 primas
1172 5235 1486 5289 concedens
1517 5235 1771 5301 nemini;

145 5311 185 5356 rt
213 5309 276 5363 sic
298 5313 519 5381 justitiae
549 5337 830 5384 coronam,
858 5339 987 5393 quae
1027 5322 1133 5392 ipsi
1165 5324 1221 5376 in
1252 5323 1405 5377 coelis
1437 5341 1468 5377 ει
1510 5324 1623 5377 Deo
1657 5341 1774 5377 ser-

146 5393 351 5467 vehatur,
380 5406 554 5476 magis
580 5408 872 5481 magisque
902 5410 960 5463 in
988 5410 1107 5463 dies
1134 5410 1537 5480 ampliticabat.

199 5488 238 5536 5.
267 5487 381 5543 Post
407 5491 558 5548 illam
590 5498 829 5568 Crispini
861 5498 1154 5553 historiam
1198 5498 1479 5554 subnectit
1510 5501 1775 5569 Augusti-

3512 247 3615 300 338

1917 372 2026 411 nus
2052 356 2402 412 mentionem
2423 359 2931 431 legationis,quam
2951 360 3256 417 concilium
3276 363 3613 435 Carthagine

1918 448 2071 498 sexto
2111 445 2385 500 kalendas
2418 446 2591 517 julias
2628 448 2862 518 hujusce
2898 448 3035 501 anni
3064 450 3613 519 quadringentesimi

1920 533 2107 603 quarti
2136 533 2195 586 in
2228 535 2456 588 basilica
2483 538 2744 591 secundm
2771 538 3019 607 regionis
3048 538 3306 591 habitum
3340 540 3408 594 ad
3440 542 3615 611 Impe-

1918 626 2162 675 ratorem
2193 624 2347 677 misit
2386 626 2578 694 (Epist.
2624 628 2710 692 88,
2752 641 2787 680 η
2825 627 2900 695 7).
2940 628 3095 680 Tunc
3131 628 3407 697 temporis
3443 645 3615 683 vexa-

1918 711 2084 764 batur
2115 712 2303 766 dirum
2334 713 2393 765 in
2424 714 2659 767 modum
2692 716 2954 769 Ecclesia.
2988 716 3298 770 Donatista:
3329 717 3612 788 siquidem

1914 798 2152 870 indigne
2177 800 2441 867 ferentes,
2467 803 2623 872 quod
2642 803 2803 856 toties
2826 805 2896 857 ad
2924 804 3273 875 colloquium
3296 806 3609 875 provocati,

1917 889 2054 959 quid
2108 892 2540 960 responderent,
2597 909 2961 963 nequaquam
3022 895 3365 961 invenirent,
3426 897 3607 952 vicem

1915 996 2075 1034 suam
2104 981 2262 1034 novis
2291 998 2354 1035 ac
2380 999 2611 1051 prorsus
2641 983 2911 1037 inauditis
2940 984 3396 1040 immanitatibus
3418 987 3610 1041 ulcisci

1915 1069 2102 1121 conati
2141 1074 2271 1123 sunt
2312 1072 2503 1139 (Epist.
2554 1074 2672 1131 185,
2704 1088 2759 1125 η.
2808 1074 2909 1140 18).
2947 1075 3066 1127 Non
3108 1074 3275 1145 pauci
3314 1080 3510 1129 tamen
3542 1094 3610 1131 ex

1914 1172 2109 1209 eorum
2135 1158 2540 1212 communione
2562 1159 2733 1213 talem
2755 1162 3259 1231 agendirationem
3276 1165 3606 1235 horrebant,

1913 1246 2181 1316 quodque
2222 1263 2346 1299 eam
2388 1262 2615 1300 exesam
2653 1249 2951 1319 haberent,
2983 1267 3102 1304 sese
3143 1254 3309 1321 culpa
3338 1254 3495 1307 omni
3527 1272 3611 1309 so-

1912 1331 2059 1385 lutos
2090 1333 2488 1388 existimabant
2518 1335 2712 1405 (lbid.,
2746 1353 2801 1389 η.
2846 1339 2946 1405 16).
2985 1339 3166 1402 Quam
3203 1340 3261 1393 in
3300 1357 3424 1395 rem
3463 1342 3606 1413 obji-

1911 1420 2134 1475 ciebant
2163 1422 2241 1475 eis
2288 1424 2577 1491 Catholici,
2622 1424 2758 1478 sise
2800 1442 2831 1479 a
2869 1426 3204 1480 criminibus
3249 1428 3308 1481 in
3349 1446 3607 1483 commu-

1911 1509 2080 1564 nione
2129 1527 2227 1564 sua
2268 1513 2505 1582 patratis
2547 1513 2835 1568 immunes
2883 1532 3002 1568 esse
3049 1533 3216 1586 posse
3259 1518 3604 1586 judicarent,

1912 1616 2027 1653 non
2062 1599 2231 1653 licere
2271 1600 2408 1671 ipsis
2456 1602 2762 1668 affirmare,
2812 1603 3142 1658 universum
3191 1607 3389 1660 orbem
3434 1608 3607 1663 fuisse

1910 1688 2193 1743 Caeciliani
2223 1689 2574 1755 criminibus,
2612 1692 2699 1744 vel
2729 1691 2885 1745 falsis
2914 1693 3001 1745 vel
3027 1698 3180 1747 certe
3208 1693 3439 1765 ignotis,
3470 1714 3605 1751 con-

1906 1777 2269 1831 taminatum.
2289 1780 2360 1832 Ea
2383 1778 2525 1832 ratio
2551 1781 2859 1833 nonnullos
2880 1780 2960 1835 ita
2972 1784 3438 1851 permovebat,ut
3459 1785 3605 1838 schi-

1909 1880 2030 1918 sma
2060 1865 2337 1929 deserere,
2373 1881 2686 1936 omnesque
2721 1866 2977 1936 injurias,
3012 1884 3151 1938 quas
3193 1886 3223 1922 a
3251 1870 3444 1925 furore
3480 1872 3605 1941 Cir-

1907 1953 2347 2008 cumcellionum
2374 1953 2577 2007 timere
2615 1959 2899 2023 poterant,
2929 1956 3180 2025 perferre
3219 1960 3370 2028 apud
3400 1976 3457 2012 se
3488 1965 3602 2013 sta-

1906 2046 2151 2098 tuerent.
2195 2044 2267 2097 At
2306 2059 2528 2112 eorum,
2570 2044 2775 2114 quibus
2828 2045 3109 2099 redeundi
3154 2046 3225 2099 ad
3265 2047 3599 2102 catholicam

1908 2132 2183 2186 unitatem
2221 2132 2568 2186 desiderium
2608 2137 2749 2197 erat,
2792 2150 2921 2204 pars
2960 2134 3129 2205 longe
3156 2135 3417 2189 maxima
3454 2136 3598 2190 iram

1903 2219 2204 2274 hominum
2233 2220 2589 2290 perditorum
2622 2221 2893 2274 adversus
2935 2237 2993 2275 se
3035 2222 3319 2275 concitare
3350 2240 3467 2276 non
3499 2240 3599 2276 au-

1903 2308 2129 2371 debant,
2164 2310 2543 2379 quorumdam
2586 2310 2844 2380 exemplo
2876 2310 3150 2376 deterriti,
3181 2312 3280 2381 qui
3309 2312 3380 2365 ob
3419 2325 3596 2382 repu-

1903 2397 2118 2451 diatum
2149 2398 2453 2451 discidium
2486 2398 2693 2451 atrocia
2731 2398 2987 2469 perpessi
3016 2399 3260 2453 fuerant.
3292 2402 3355 2453 In
3384 2401 3473 2454 his
3504 2417 3601 2454 an-

1904 2486 2105 2557 gustiis
2136 2502 2249 2540 non
2280 2487 2579 2541 laudandae
2608 2486 2921 2557 patientiae,
2956 2488 3053 2540 sed
3084 2489 3381 2557 culpanda:
3413 2490 3597 2560 negli-

1901 2575 2109 2646 gentiae
2139 2580 2335 2630 notam
2365 2575 2737 2630 incurrissent
2774 2575 3036 2630 catholici
3073 2578 3366 2646 prsesules,
3402 2578 3448 2631 si
3477 2578 3598 2647 pati

1900 2664 2328 2735 oppressionem
2354 2666 2518 2730 hanc,
2547 2681 2719 2735 quam
2746 2665 2817 2718 ad
2838 2664 3172 2735 praesidium
3198 2666 3305 2718 sibi
3331 2666 3597 2721 divinitas

1898 2754 1959 2806 in
1996 2753 2280 2823 imperiali
2319 2754 2651 2807 auctoritate
2691 2753 2946 2807 oblatum
2985 2754 3290 2822 confugere
3337 2756 3592 2823 mallent,

1897 2859 2083 2913 neque
2114 2843 2551 2896 Christianorum
2586 2842 2906 2913 principum
2940 2843 3331 2897 defensionem
3364 2844 3471 2913 ipsi
3503 2847 3595 2898 Ec-

1896 2933 2100 2999 clesiae,
2134 2933 2293 3002 cujus
2324 2936 2378 2985 et
2407 2932 2490 2984 illi
2520 2931 2626 2984 ﬁlii
2656 2935 2836 2999 erant,
2868 2930 3262 3000 implorarent,
3294 2936 3356 2985 ut
3384 2949 3456 2985 ne
3488 2934 3591 2987 sub

1897 3038 2094 3075 eorum
2120 3020 2362 3091 imperio
2388 3019 2581 3073 liceret
2610 3020 2884 3089 improbis
2915 3020 3221 3074 debiliores
3246 3025 3588 3089 perterrere,

1896 3125 2107 3182 eosque
2138 3109 2208 3163 ad
2238 3109 2297 3164 id
2329 3111 2485 3162 metu
2513 3109 2875 3177 compellere,
2900 3109 3051 3179 quod
3081 3108 3192 3161 illis
3223 3110 3440 3163 ratione
3468 3128 3591 3180 per-

1895 3199 2121 3254 suaderi
2149 3215 2314 3269 posse
2342 3198 2720 3268 desperabaut
2749 3198 2928 3267 (Ibid.,
2959 3214 3013 3251 n.
3054 3197 3161 3268 18).
3197 3199 3467 3253 Pcrmulti
3494 3217 3590 3253 an-

1892 3288 2118 3357 tistites,
2150 3292 2205 3342 et
2242 3287 2282 3341 ii
2323 3287 2554 3358 quidem
2597 3290 2763 3340 mtate
2802 3286 3112 3356 graviores,
3155 3288 3430 3356 petendas
3469 3306 3590 3343 esse

1894 3376 2048 3445 leges
2095 3375 2420 3441 censebant,
2467 3374 2674 3444 quibus
2734 3390 2931 3427 omnes
2991 3374 3228 3428 omnino
3288 3376 3590 3432 Donatista:

1886 3464 2227 3533 juberentur
2251 3463 2717 3517 communionem
2743 3462 3079 3516 catholicam
3109 3463 3377 3531 amplecti
3400 3464 3586 3529 (Ibid.,

1890 3569 1946 3605 η.
1981 3551 2068 3623 25)
2106 3567 2118 3605 :
2148 3552 2408 3621 exempla
2442 3550 2845 3619 proponebant
2872 3550 3183 3602 multarum
3215 3549 3505 3603 civitatum
3534 3554 3589 3604 et

1892 3642 2169 3706 locorum,
2203 3656 2330 3710 quae
2359 3655 2478 3708 prze
2510 3639 2716 3692 timore
2746 3639 2940 3707 legum
2973 3637 3329 3692 Constantini
3360 3655 3422 3692 ac
3452 3639 3586 3693 sub-

1892 3728 2258 3799 sequentium
2297 3728 2708 3797 imperatorum
2748 3730 3064 3795 susceptam
3100 3726 3186 3779 vel
3226 3725 3401 3780 invite
3431 3744 3589 3781 com-

1892 3817 2224 3871 munionem
2239 3816 2574 3870 catholicam
2590 3830 2812 3868 summa
2826 3814 2885 3868 in
2898 3819 3187 3885 posterum
3202 3814 3519 3869 sinceritate
3533 3820 3589 3869 et

1891 3906 2210 3960 constantia
2239 3904 2602 3958 retinuerunt
2634 3904 2833 3973 (Epist.
2881 3906 3001 3968 185,
3042 3918 3099 3955 η.
3131 3906 3228 3969 '25;
3271 3904 3450 3972 Epist.
3495 3906 3583 3969 93,

1888 4011 1945 4049 η.
1965 3996 2067 4065 16).
2086 3993 2471 4049 Memorabant
2483 4008 2594 4063 que
2609 3991 2951 4045 nominatim
2972 3992 3290 4061 Tagastam,
3307 4008 3434 4062 quae
3456 4008 3587 4045 cum

1892 4084 2030 4137 olim
2060 4088 2178 4136 tota
2206 4100 2238 4135 a
2266 4084 2486 4136 Donato
2528 4081 2788 4147 stetisset,
2824 4080 2893 4134 ab
2923 4097 2989 4134 eo
3020 4083 3220 4149 postea
3260 4080 3451 4150 legum
3477 4080 3585 4133 im-

1889 4172 2191 4242 perialium
2220 4176 2434 4224 terrore
2463 4169 2774 4235 defecerat;
2817 4174 2873 4222 et
2900 4168 3179 4222 unitatem
3210 4168 3425 4221 sincere
3464 4184 3584 4221 am-

1889 4263 2077 4331 plexa,
2099 4260 2157 4313 in
2184 4259 2600 4313 Donatistarum
2623 4262 2835 4312 sectam
2856 4258 3049 4311 odium
3074 4260 3295 4309 tantum
3316 4271 3586 4325 concepe-

1890 4354 1996 4411 rat,
2028 4348 2177 4402 utin
2216 4350 2321 4401 hac
2356 4363 2654 4417 nunquam
2700 4346 2871 4400 fuisse
2918 4344 3263 4398 crederetur.
3296 4344 3369 4397 Eo
3417 4347 3582 4413 pacto

1890 4454 1991 4491 sua
2019 4436 2337 4507 Augustino
2368 4453 2487 4507 prie
2516 4434 2734 4489 caeteris
2766 4434 3193 4505 proponebatur
3222 4431 3435 4499 civitas,
3468 4449 3582 4503 quo

1889 4525 2105 4580 facilius
2148 4523 2219 4577 ad
2249 4524 2494 4578 aliorum
2535 4522 2805 4594 placitum
2846 4521 3223 4575 adduceretur
3252 4522 3445 4590 (Epist.
3492 4525 3581 4589 93,

1888 4632 1942 4669 η.
2009 4614 2111 4685 1'7).
2166 4614 2305 4667 Nam
2350 4613 2506 4683 illius
2553 4611 2820 4681 primitus
2872 4609 3154 4663 sententia
3210 4614 3350 4676 erat,
3404 4611 3584 4665 nemi-

1888 4719 2021 4756 nem
2048 4703 2119 4756 ad
2150 4702 2428 4756 unitatem
2468 4702 2674 4757 Christi
2705 4717 2823 4755 esse
2856 4700 3179 4770 cogendum
3210 4719 3225 4754 :
3262 4700 3433 4754 verbo
3464 4717 3584 4755 esse

1889 4792 2198 4861 agendum,
2238 4791 2623 4862 disputatione
2660 4789 3056 4859 pugnandum,
3090 4788 3311 4843 ratione
3349 4788 3583 4843 vincen-

1890 4881 2059 4946 dum;
2090 4895 2160 4932 ne
2192 4878 2309 4932 ﬁcti
2339 4878 2615 4933 Catholici
2644 4877 2703 4930 in
2744 4876 2985 4931 Ecclesia
3024 4880 3232 4943 essent,
3264 4876 3361 4947 qui
3402 4878 3584 4947 aperti

1887 4968 2048 5039 prius
2092 4967 2327 5038 notique
2358 4970 2521 5020 erant
2564 4964 2835 5020 haeretici.
2882 4965 3056 5035 Atqui
3102 4981 3306 5020 manus
3351 4966 3583 5019 tandem

1887 5057 2064 5126 dedit,
2095 5057 2442 5127 collegarum
2471 5070 2702 5107 suorum
2730 5058 2854 5107 tum
2879 5052 3215 5119 rationibus,
3242 5058 3362 5107 tum
3396 5068 3584 5106 exem-

1886 5146 1997 5216 plis
2041 5146 2220 5200 victus
2255 5161 2267 5198 :
2296 5143 2392 5197 sed
2426 5142 2715 5197 mitiorem
2746 5142 2896 5196 viam
2927 5142 3112 5196 adhuc
3140 5141 3375 5211 aggredi
3406 5140 3581 5193 satius

1889 5251 2007 5287 esse
2072 5232 2412 5287 existimavit
2467 5231 2664 5301 (lbid.,
2727 5249 2785 5286 η.
2858 5231 2963 5302 19).
3029 5231 3315 5287 Nonnullis
3379 5228 3579 5293 fratri-

1891 5324 2007 5390 bus,
2036 5321 2241 5393 inquit,
2268 5321 2572 5387 videbatur,
2612 5323 2669 5375 in
2700 5321 2894 5390 quibus
2921 5324 2970 5375 et
3012 5335 3104 5388 ego
3134 5333 3298 5384 eram,
3332 5317 3581 5383 quamvis

1893 5414 2299 5467 Donatistarum
2330 5412 2507 5466 rabies
2538 5425 2919 5481 usquequaque
2954 5409 3182 5471 saeviret,
3214 5420 3319 5458 non
3348 5420 3457 5459 esse
3481 5420 3578 5474 pe-

1892 5502 2109 5555 tendum
2157 5502 2223 5555 ab
2256 5502 2692 5571 Imperatoribus,
2727 5504 2786 5552 ut
2828 5501 3005 5567 ipsam
3052 5495 3292 5549 haeresim
3328 5494 3580 5561 juberent
