4008 6184
300 239 404 291 339

298 357 512 411 omnino
552 370 659 411 non
697 371 825 425 esse,
879 372 1093 426 pernam
1141 357 1509 414 constituendo
1539 359 1632 425 eis,
1666 356 1764 425 qui
1804 355 1864 408 in
1899 353 1998 407 illa

299 461 410 500 esse
435 446 763 513 voluissent;
795 447 890 501 sed
931 448 1027 502 hac
1059 449 1242 518 potius
1281 449 1682 511 constituerent,
1719 447 1779 498 ut
1817 457 1995 497 eorum

300 537 540 600 furiosas
570 536 850 590 violentias
877 552 982 591 non
1008 541 1341 606 paterentur,
1367 538 1463 606 qui
1480 537 1761 590 veritatem
1780 531 2000 585 catholi-

302 640 420 678 cam
446 625 530 678 vel
554 624 916 694 praedicarent
942 627 1224 696 loquendo,
1245 628 1328 681 vel
1349 628 1579 693 legerent
1607 620 1998 678 constituendo.

302 712 456 783 Quod
483 728 540 767 eo
578 712 732 768 modo
765 713 891 784 ﬁeri
918 716 1262 783 aliquatenus
1287 730 1444 785 posse
1485 712 1912 779 arbitrabamur,
1953 711 2004 765 si

305 803 468 869 legem
493 803 759 871 piissimae
785 803 1050 857 memoriae
1083 803 1389 870 Theodosii,
1415 818 1576 871 quam
1595 801 1918 870 generaliter
1945 800 2002 853 in

302 905 479 945 omnes
517 891 790 945 hereticos
823 894 1212 960 promulgavit.
1251 894 1318 947 Ut
1358 892 1607 960 quisquis
1655 905 1838 944 eorum
1882 889 2004 958 epi-

303 994 492 1049 scopus
522 981 606 1034 vel
634 981 855 1034 clericus
886 981 1111 1034 ubilibet
1143 985 1277 1036 esset
1307 982 1575 1047 inventus,
1629 979 1805 1034 decem
1850 978 2002 1032 libris

302 1069 430 1122 auri
457 1069 830 1137 mulctaretur,
862 1071 1171 1138 expressius
1202 1071 1261 1124 in
1290 1071 1625 1134 Donatistas,
1650 1070 1746 1137 qui
1765 1082 1819 1122 se
1846 1083 2006 1135 nega-

307 1157 436 1210 bant
461 1157 754 1224 hwreticos,
787 1159 868 1211 ita
896 1156 1298 1228 conﬁrmarent,
1322 1162 1382 1212 ut
1399 1173 1505 1212 non
1535 1172 1710 1212 omnes
1730 1172 1792 1210 ea
1808 1157 2008 1210 mulcta

304 1246 623 1312 ferirentur,
647 1245 740 1299 sed
769 1247 828 1299 in
857 1261 1084 1314 quorum
1107 1245 1413 1314 regionibus
1435 1247 1650 1314 aliquas
1669 1245 1952 1299 violentias
1975 1259 2008 1296 a

307 1335 532 1396 clericis,
567 1334 650 1387 vel
685 1349 718 1386 a
751 1335 1295 1402 Circumcellionibus,
1325 1334 1408 1388 vel
1442 1334 1660 1403 populis
1689 1347 1868 1387 eorum
1906 1335 2005 1387 Ec-

308 1425 470 1478 clesia
499 1424 764 1478 catholica
778 1427 1056 1492 pateretur
1079 1443 1096 1479 :
1119 1427 1180 1477 ut
1202 1424 1404 1478 scilicet
1427 1426 1548 1492 post
1570 1424 2011 1492 protestationcm

313 1513 728 1578 Catholicorum,
762 1513 859 1580 qui
885 1514 1120 1578 fuissent
1144 1514 1254 1566 ista
1297 1513 1563 1582 perpessi,
1590 1512 1712 1581 jam
1741 1527 1872 1567 cura
1911 1512 2009 1567 Or-

311 1601 500 1655 dinum
529 1601 604 1655 ad
626 1601 1039 1669 persolvendam
1067 1602 1322 1656 mulctam
1353 1603 1592 1672 episcopi
1619 1604 1732 1656 sive
1772 1603 2014 1656 ministri

312 1689 490 1743 caeteri
517 1691 840 1743 tenerentur.
867 1691 953 1743 Ita
973 1689 1114 1742 enim
1133 1689 1579 1743 emistimabamus
1607 1690 1682 1743 eis
1715 1690 1939 1755 territis,
1963 1692 2014 1742 et

313 1776 454 1831 nihil
484 1777 589 1831 tale
614 1778 794 1843 facere
822 1776 1162 1841 audentibus,
1191 1791 1344 1846 posse
1373 1777 1537 1832 libero
1559 1778 1739 1832 doceri
1765 1781 1816 1832 et
1845 1779 2015 1834 teneri

315 1865 634 1920 catholicam
662 1868 978 1933 veritatem;
1007 1871 1068 1920 ut
1113 1865 1188 1920 ad
1227 1881 1343 1920 eam
1381 1872 1657 1933 cogeretur
1699 1883 1870 1934 nemo,
1920 1868 2014 1922 sed

315 1968 431 2007 eam
462 1955 558 2023 qui
584 1955 698 2008 sine
742 1954 1038 2021 formidine
1082 1955 1236 2008 vellet
1279 1953 1702 2026 sequeretur,'ne
1750 1957 1920 2024 falsos
1966 1961 2015 2010 et

313 2041 653 2096 simulatores
675 2043 973 2098 Catholicos
998 2044 1525 2114 haberemus(Epist.
1549 2047 1670 2114 185,
1687 2061 1733 2100 c.
1755 2050 1811 2113 '7,
1828 2062 1881 2101 n.
1897 2047 2010 2113 ς25).

319 2128 461 2184 Huic
497 2129 732 2184 consilio
772 2131 1018 2185 aliorum
1056 2131 1453 2202 episcoporum
1494 2133 1794 2188 sententia:
1833 2149 2014 2188 cesse-

318 2221 473 2283 runt,
508 2233 570 2272 ac
617 2218 910 2273 decretum
939 2219 1002 2273 in
1050 2220 1289 2291 synodo,
1323 2220 1392 2274 de
1421 2236 1536 2290 qua
1575 2221 1887 2292 loquimur,
1931 2223 2016 2277 fa-

319 2309 473 2358 ctum
501 2307 606 2371 est,
638 2304 884 2377 lectique
929 2307 1124 2378 legati,
1161 2307 1261 2379 qui
1309 2309 1500 2363 aulam
1530 2310 1802 2364 adeuntes
1831 2311 2018 2381 legem

323 2391 600 2462 Ecclesiae,
633 2397 698 2448 ut
739 2394 1098 2462 credebatur,
1143 2396 1521 2452 necessariam
1559 2398 1628 2452 ab
1667 2400 2018 2469 Imperatore

323 2481 654 2553 suppliciter
690 2487 1011 2553 poscerent.
1048 2484 1314 2540 Exstabat
1343 2485 1457 2540 alia
1486 2487 1592 2554 lex,
1624 2503 1754 2558 quae
1792 2488 2017 2542 haereti-

323 2568 401 2622 cis
430 2569 518 2623 vel
539 2569 783 2626 faciendi
813 2565 1174 2634 testamenta,
1197 2573 1285 2627 vel
1311 2589 1411 2644 per
1442 2574 1776 2630 donationes
1806 2577 2020 2648 aliquid

326 2654 675 2726 conferendi,
715 2659 803 2713 vel
843 2676 912 2714 ex
948 2660 1356 2715 donationibus
1393 2667 1492 2716 aut
1529 2665 1882 2719 testamentis
1917 2667 2021 2719 ali-

324 2744 461 2814 quid
491 2745 753 2817 capiendi
779 2747 1106 2803 facultatem
1136 2749 1445 2804 adimebat.
1474 2751 1659 2822 Atque
1689 2750 1760 2805 ob
1791 2768 1917 2806 eam
1947 2753 2022 2807 le-

327 2849 475 2904 gem,
512 2851 641 2905 quae
686 2851 838 2890 nunc
868 2836 927 2890 in
968 2835 1170 2891 Codice
1214 2835 1594 2905 desideratur,
1627 2843 1758 2893 ante
1808 2856 2023 2895 annum

326 2921 952 2994 quadringentesimum
985 2925 1301 2996 Imperator
1324 2925 1555 2981 feminae
1581 2927 1878 2998 cujusdam
1915 2929 2022 2983 Do-

325 3012 550 3067 natista:
571 3016 974 3069 testamentum
996 3013 1305 3069 resciderat
1328 3014 1534 3081 edicto,
1557 3013 1617 3069 in
1637 3031 1751 3086 quo
1772 3015 2024 3070 furorem

329 3100 502 3154 etiam
533 3101 1067 3157 Circumcellionum
1098 3103 1382 3173 tangebat.
1410 3104 1718 3160 Constituit
1737 3104 1914 3175 igitur
1940 3122 2025 3177 sy-

329 3188 509 3242 nodus
530 3188 1009 3260 Carthaginensis,
1035 3194 1096 3244 ut
1118 3191 1354 3261 hujusce
1371 3191 1512 3262 legis
1529 3191 2025 3247 conﬁrmationem

327 3280 630 3347 rogaretur
653 3278 995 3347 Imperator;
1023 3278 1123 3332 sed
1150 3282 1342 3333 tamen
1367 3295 1496 3333 cum
1519 3296 1585 3333 ea
1608 3280 2023 3349 moderatione,

333 3367 393 3421 ut
412 3366 474 3421 in
493 3365 618 3422 illos
639 3370 860 3422 tantum
882 3368 1116 3436 valeret,
1141 3369 1241 3440 qui
1265 3368 1632 3440 pertinaciter
1661 3369 1723 3424 in
1752 3371 2025 3426 schisma-

328 3455 438 3510 tica
465 3454 706 3511 factione
737 3461 1168 3528 perseverarent
1197 3472 1210 3510 :
1243 3454 1344 3528 qui
1374 3471 1504 3510 vero
1533 3456 1596 3510 in
1624 3457 1868 3528 gratiam
1897 3475 2028 3512 cum

333 3546 577 3602 Ecclesia
612 3546 886 3614 redirent,
919 3546 987 3601 iis
1010 3547 1104 3617 jus
1142 3544 1338 3617 fasque
1378 3548 1526 3598 esset
1562 3561 1628 3599 ea
1665 3561 2025 3617 recuperare,

332 3650 462 3706 quas
481 3634 588 3690 sibi
608 3639 739 3690 ante
759 3633 1281 3690 reconciliationem
1303 3631 1668 3689 obvenissent
1687 3633 2027 3702 ;dummodo

334 3740 448 3778 non
486 3728 618 3794 post
653 3727 866 3778 motam
907 3725 977 3778 de
1015 3724 1200 3790 bonis,
1231 3739 1360 3793 quae
1398 3721 1507 3776 sibi
1544 3722 1928 3792 vindicabant,
1971 3726 2032 3780 li-

333 3815 449 3865 tem
473 3811 546 3865 ad
576 3811 854 3866 unitatem
883 3810 1218 3865 catholicam
1246 3809 1572 3865 transirent.
1599 3811 1756 3864 Tunc
1781 3811 1936 3866 enim
1962 3814 2032 3868 ad

336 3899 392 3954 id
423 3898 634 3954 terreni
665 3898 859 3969 potius
883 3900 1189 3965 commodi,
1239 3915 1414 3970 quam
1460 3899 1561 3954 Dei
1607 3905 1765 3955 metu
1812 3901 2032 3957 inducti

337 3990 724 4041 censerentur.
775 3985 1025 4042 Concilio
1074 4003 1304 4058 quoque
1350 3985 1536 4041 visum
1582 3992 1686 4054 est,
1736 3995 1930 4058 petere
1969 3995 2035 4045 ut

339 4075 571 4132 urbium
609 4073 867 4139 Ordines,
901 4079 958 4129 et
993 4073 1058 4144 ii,
1091 4075 1299 4146 quibus
1343 4075 1528 4129 vicina
1566 4079 1754 4129 essent
1795 4076 2030 4147 praedia,

341 4163 642 4219 tuitionem
677 4161 935 4216 Ecclesiis
963 4166 1156 4218 contra
1195 4162 1730 4218 Circumcellionum
1759 4163 2030 4233 furorem,

338 4251 784 4324 imperatoribus
813 4251 949 4306 satis
993 4255 1218 4318 notum,
1249 4267 1314 4306 ac
1360 4269 1512 4324 saepe
1560 4253 1782 4324 legibus
1825 4255 2036 4310 conde-

339 4346 623 4409 mnatum,
655 4340 912 4413 prtebere
933 4343 1270 4396 tenerentur
1292 4357 1304 4396 :
1330 4343 1499 4413 atque
1517 4340 1770 4410 interim,
1794 4343 1931 4398 dum
1952 4359 2037 4397 re-

341 4431 532 4486 dirent
559 4430 752 4502 legati,
777 4447 808 4485 a
831 4429 1253 4502 provinciarum
1274 4429 1556 4500 praefectis
1575 4429 1727 4484 idem
1748 4431 2034 4502 postulare

341 4519 486 4589 (Cod.
521 4520 721 4576 Canon.
753 4520 960 4587 Afric.,
993 4535 1111 4574 can.
1148 4518 1253 4589 93).

414 4610 465 4662 6.
503 4609 578 4661 Ea
605 4607 814 4677 legatio
858 4607 1096 4662 Theasio
1138 4609 1194 4661 et
1234 4605 1439 4662 Evodio
1477 4606 1756 4680 episcopis
1801 4607 2037 4663 deman-

345 4696 477 4750 data
512 4694 622 4749 fuit
651 4694 856 4766 (Ibid.).
891 4694 1117 4750 Theasii
1156 4695 1450 4768 cujusdam
1477 4696 1947 4752 Memblositensis
1977 4697 2036 4752 in

343 4782 735 4855 proconsulari
791 4782 1043 4854 episcopi
1099 4787 1277 4838 exstat
1338 4783 1396 4838 in
1455 4784 1764 4840 Collatione
1820 4785 2035 4840 mentio

343 4873 552 4945 (Collat.
585 4871 843 4940 Carthag.
885 4875 934 4935 t,
964 4888 1083 4942 cap.
1131 4872 1275 4942 133).
1326 4873 1566 4928 Evodius
1596 4875 1741 4929 forte
1772 4873 1925 4930 idem
1955 4878 2039 4929 est

342 4979 405 5018 ac
437 4959 742 5028 Uzalensis,
778 4959 876 5031 qui
924 4959 984 5014 in
1015 4960 1253 5031 epistola
1293 4960 1361 5016 ad
1391 4961 1774 5033 Augustinum
1815 4961 2038 5017 Theasii

342 5049 596 5124 episcopi
621 5048 906 5116 meminit,
936 5065 1106 5120 quem
1137 5066 1331 5105 senem
1366 5049 1592 5118 vocitat,
1624 5056 1793 5120 atque
1824 5050 1885 5105 in
1913 5067 2037 5105 mo-

344 5138 592 5196 nasterio
615 5137 802 5194 vivere
823 5137 1073 5209 quodam
1096 5138 1263 5193 modo
1285 5138 1475 5193 innuit
1495 5139 1695 5210 (Epist.
1722 5141 1840 5208 158,
1855 5155 1911 5195 n.
1932 5138 2037 5211 10).

341 5232 408 5286 In
442 5234 751 5300 utrumque
781 5226 1094 5282 Petilianus
1133 5227 1221 5280 his
1251 5227 1630 5283 debacchatur
1657 5227 1842 5283 verbis
1870 5244 1883 5281 :
1914 5229 2039 5283 Illos

343 5322 563 5388 scilicet,
597 5334 728 5389 quos
755 5331 1113 5389 praecursores
1143 5332 1205 5371 ac
1232 5319 1578 5385 navigatores
1603 5334 1807 5388 semper
1824 5317 2039 5384 habent,

343 5411 618 5480 furizque
644 5424 754 5464 sua
784 5409 1006 5477 legatos,
1029 5408 1125 5475 qui
1144 5411 1400 5476 expetant
1422 5409 1761 5477 sanguinem,
1789 5411 2043 5478 expetant

342 5501 785 5569 proscriptiones,
827 5497 1095 5552 incutiant
1136 5501 1327 5567 metus,
1352 5499 1598 5568 pericula
1640 5500 1908 5564 ingerunt,
1953 5497 2044 5551 ho-

1509 231 1683 292 VITA
1721 229 1775 287 S.
1818 225 2206 286 AUGUSTINI
2255 227 2595 286 EPISCOPI.

3707 221 3808 276 3&0

2105 353 2274 407 mines
2287 368 2390 422 per
2394 350 2706 423 provincias
2727 350 2968 406 diversas
2983 347 3231 404 occidunt
3245 345 3453 417 (Collat.
3475 346 3738 413 Carthag.
3757 347 3809 411 3,

2107 457 2226 511 cap.
2266 443 2404 512 141).
2431 443 2614 497 Ambo
2643 445 2877 513 propter
2921 437 3267 503 vexationes,
3302 451 3442 507 quas
3484 451 3633 490 anno
3667 449 3811 504 qua-

2109 529 2556 600 dringentesimo
2583 537 2779 586 octavo
2811 528 2944 584 fidei
2973 543 3143 582 causa
3175 526 3480 596 pertulere,
3522 524 3814 578 confesso-

2109 619 2186 674 ris
2217 620 2449 676 titulum
2477 619 2761 676 consecuti
2791 623 2924 674 sunt
2954 617 3104 688 (Cod.
3147 618 3318 673 Cann.
3348 616 3553 680 Afric.,
3589 616 3647 667 in
3678 627 3815 668 con-

2110 711 2194 765 cil.
2231 711 2489 780 Carthag.
2525 713 2658 766 anni
2687 711 2811 777 408,
2855 713 2980 779 post
3008 723 3127 762 can.
3183 705 3328 776 106).
3376 705 3672 775 Hodieque
3720 719 3819 756 su-

2110 804 2348 870 persunt
2374 799 2643 854 mandata
2672 799 2784 852 illis
2820 797 2890 852 de
2921 795 3205 866 legatione
3241 810 3273 847 a
3303 793 3544 847 concilio
3577 791 3817 858 tradita,

2112 889 2342 961 quibus,
2370 890 2510 961 quid
2541 890 2610 944 ab
2639 891 2988 960 Imperatore
3015 903 3082 940 ex
3114 887 3344 940 Patrum
3371 883 3582 954 placito
3613 887 3820 952 peten-

2115 979 2250 1033 dum
2283 979 2373 1046 sit,
2404 980 2483 1034 ita
2503 978 2912 1050 praescribitur,
2938 981 3000 1030 ut
3028 980 3222 1031 tamen
3248 973 3384 1045 ipsis
3411 973 3694 1045 quidquid
3717 973 3817 1026 Ec-

2113 1067 2298 1122 clesiae
2329 1067 2561 1122 utilitati
2589 1067 2903 1122 conducere
2927 1063 3332 1137 judicaverint,
3367 1061 3599 1134 petendi
3637 1063 3818 1132 plena

2115 1157 2346 1212 libertas
2378 1157 2737 1227 relinquatur
2768 1155 2947 1224 (lbid.,
2996 1169 3116 1209 can.
3150 1152 3258 1223 93).
3307 1151 3522 1206 Placuit
3563 1166 3821 1222 quoque,

2115 1251 2181 1300 ut
2207 1247 2459 1300 Romano
2485 1245 2743 1312 antistiti,
2778 1249 2834 1299 et
2858 1245 3111 1298 locorum
3141 1242 3200 1296 in
3222 1240 3430 1312 quibus
3459 1241 3605 1295 forte
3635 1255 3824 1294 versa-

2116 1341 2275 1390 retur
2306 1336 2638 1406 Imperator,
2667 1332 2946 1405 episcopis
2975 1348 3080 1404 per
3109 1331 3323 1386 litteras
3353 1329 3826 1384 commendaren-

2117 1429 2230 1479 tur.
2267 1425 2491 1479 Eisdem
2522 1424 2695 1478 etiam
2724 1423 2926 1494 legatis
2955 1420 3178 1475 traditas
3209 1423 3343 1474 sunt
3372 1419 3498 1473 alias
3527 1418 3598 1472 ad
3633 1418 3824 1487 Impe-

2119 1518 2368 1568 ratorem
2397 1529 2459 1566 ac
2488 1513 2806 1584 praecipuos
2827 1511 2980 1565 illius
3003 1509 3296 1564 ministros
3322 1507 3598 1580 epistolm,
3625 1507 3775 1560 datis
3795 1523 3825 1560 a

2122 1603 2338 1674 synodo
2392 1601 2672 1656 mandatis
2724 1601 2897 1655 ﬁdem
2948 1600 3311 1670 adrogantes,
3366 1613 3507 1668 quas
3557 1594 3826 1650 Aurelius

2122 1694 2354 1746 Patrum
2383 1690 2639 1745 omnium
2671 1689 2901 1744 nomine
2941 1689 3095 1742 solus
3133 1686 3471 1756 obsignavit.
3510 1685 3608 1739 Hae
3649 1683 3825 1739 dubio

2120 1781 2319 1851 procul
2352 1779 2421 1833 ab
2451 1779 2768 1850 Augustino
2799 1777 3128 1849 perscriptae
3158 1780 3291 1829 sunt
3323 1791 3336 1829 :
3371 1773 3601 1845 quando
3632 1772 3827 1827 Possi-

2123 1869 2252 1924 dius
2281 1869 2343 1923 in
2373 1868 2730 1923 recensendis
2759 1868 2881 1938 ejus
2912 1865 3166 1936 epistolis
3198 1868 3444 1935 quatuor
3472 1862 3598 1915 illas
3642 1859 3827 1914 conti-

2123 1975 2240 2012 nua
2268 1958 2410 2012 serie
2433 1957 2593 2029 ponit
2616 1973 2628 2011 :
2652 1955 2986 2011 Innocentio
3019 1954 3315 2025 episcopo;
3345 1950 3825 2021 Imperatoribus;

2123 2045 2411 2112 Stiliconi;
2471 2045 2756 2100 Prsefectis
2810 2044 3006 2099 Italiae.
3067 2043 3321 2108 Quarum
3372 2039 3605 2112 quidem
3671 2037 3830 2091 nulla

2126 2134 2291 2189 nobis
2319 2138 2510 2189 restat.

2195 2227 2250 2276 7.
2279 2224 2350 2276 At
2380 2225 2530 2276 certe
2551 2222 2831 2276 habemus
2851 2220 2910 2274 in
2941 2217 3347 2290 superioribus,
3380 2231 3510 2286 quae
3541 2214 3826 2270 Africana:

2127 2311 2385 2366 Ecclesiae
2440 2310 2678 2365 consilia
2734 2309 3012 2364 afflaverit
3059 2305 3367 2378 Augustini
3421 2303 3827 2358 mansuetudo.

2128 2401 2234 2456 Sed
2262 2403 2359 2455 Dei
2384 2401 2560 2470 major
2596 2399 2991 2463 misericordia,
3032 2396 3220 2467 inquit
3259 2395 3406 2450 idem
3449 2399 3704 2456 sanctus,
3741 2395 3831 2460 qui

2127 2490 2309 2557 sciret,
2337 2490 2531 2542 harum
2560 2489 2735 2557 legum
2765 2492 2957 2553 terror,
2989 2490 3039 2540 et
3071 2485 3319 2554 quaedam
3347 2482 3695 2537 medicinalis
3721 2497 3829 2535 mo-

2130 2579 2286 2632 lestia
2315 2593 2478 2646 quam
2505 2578 2795 2632 multorum
2818 2581 2950 2631 esset
2967 2576 3159 2644 pravis
3179 2574 3262 2627 vel
3278 2571 3514 2640 frigidis
3531 2572 3741 2624 animis
3756 2585 3830 2622 ne-

2129 2668 2385 2730 cessaria,
2412 2670 2463 2719 et
2489 2666 2575 2719 illi
2601 2665 2821 2719 duritiae
2850 2678 2968 2733 quae
2995 2663 3172 2716 verbis
3202 2660 3475 2715 emendari
3505 2675 3613 2713 non
3637 2660 3830 2727 potest,

2128 2754 2223 2808 sed
2248 2759 2424 2808 tamen
2471 2753 2818 2822 aliquantula
2858 2753 3140 2806 severitate
3185 2750 3489 2818 disciplinae
3534 2750 3734 2816 potest,
3777 2744 3832 2798 id

2131 2845 2260 2908 egit,
2304 2847 2363 2896 ut
2411 2843 2576 2910 legali
2618 2843 2794 2896 nostri
2840 2841 2984 2910 quod
3033 2842 3398 2908 susceperant,
3453 2837 3697 2892 obtinere
3733 2850 3832 2888 non

2128 2935 2366 3002 possent.
2395 2933 2516 2985 Jam
2545 2931 2686 2984 enim
2712 2944 2807 2984 nos
2842 2932 3215 2998 prmoenerant
3245 2943 3310 2980 ea:
3353 2927 3477 2980 aliis
3521 2927 3654 2979 locis
3699 2939 3833 2994 quae-

2133 3020 2261 3073 dam
2285 3021 2653 3088 episcoporum
2677 3020 2901 3087 querela:
2929 3020 3286 3086 gravissima,
3319 3019 3415 3088 qui
3433 3016 3581 3070 mala
3608 3016 3833 3081 fuerant

2134 3108 2200 3161 ab
2231 3109 2364 3178 ipsis
2381 3109 2553 3162 multa
2566 3109 2833 3178 perpessi,
2864 3112 2915 3162 et
2939 3124 2972 3161 a
2998 3109 3112 3162 suis
3132 3107 3347 3161 sedibus
3373 3105 3676 3160 cmturbati.
3703 3105 3834 3156 Prat-

2133 3198 2288 3266 cipue
2313 3197 2583 3251 horrenda
2611 3202 2663 3250 et
2689 3197 3022 3251 incredibilis
3043 3196 3207 3251 caedes
3236 3195 3572 3251 Maximiani
3600 3192 3836 3262 episcopi

2135 3286 2387 3339 catholici
2431 3286 2675 3340 Ecclesia
2715 3286 3032 3352 Bagaiensis
3065 3284 3254 3352 effecit,
3308 3287 3368 3337 ut
3405 3286 3593 3336 nostra
3642 3281 3835 3347 legatio

2129 3374 2250 3443 jam
2280 3373 2415 3443 quid
2443 3378 2642 3442 ageret,
2675 3390 2781 3428 non
2823 3374 3041 3427 haberet
3078 3373 3275 3442 (Epist.
3321 3373 3438 3439 185,
3475 3385 3533 3423 n.
3577 3370 3694 3440 26).
3741 3368 3836 3421 Hic

2138 3463 2287 3516 dicta
2307 3462 2456 3516 inter
2475 3466 2666 3532 partes
2686 3461 2988 3533 judiciaria
3013 3460 3290 3515 sententia
3309 3459 3458 3531 apud
3477 3457 3835 3512 ordinarium

2133 3550 2386 3622 judicem
2413 3551 2705 3606 basilicam
2734 3551 2898 3606 fundi
2941 3548 3324 3606 Calvianensis
3365 3547 3630 3612 evicerat,
3667 3561 3832 3616 quam

2141 3640 2465 3707 Donatistae,
2522 3657 2652 3695 cum
2702 3639 2978 3694 catholica
3032 3642 3199 3708 esset,
3257 3636 3453 3691 illicite
3523 3633 3831 3705 aliquando

2139 3732 2572 3798 usurpaverant.
2610 3729 2763 3782 Hanc
2801 3743 2932 3781 cum
2955 3727 3085 3798 jure
3115 3725 3416 3796 perspicuo
3447 3723 3749 3784 retineret,
3782 3722 3836 3775 in

2140 3833 2207 3871 ea
2235 3816 2359 3886 ipsa
2388 3820 2634 3870 stantem
2666 3815 2738 3870 ad
2767 3816 2944 3870 altare
2983 3813 3336 3879 invaserunt,
3380 3813 3668 3867 irruentes
3705 3811 3836 3865 hor-

2138 3902 2319 3958 rendo
2345 3902 2568 3973 impetu
2590 3907 2645 3956 et
2673 3902 2864 3956 furore
2891 3901 3129 3967 crudeli,
3153 3903 3217 3954 ut
3247 3900 3351 3954 sub
3383 3898 3550 3954 altari
3575 3913 3694 3970 quo
3716 3913 3834 3951 con-

2139 3991 2381 4062 fugerat,
2414 3990 2618 4045 eodem
2647 4006 2820 4060 supra
2845 4005 2902 4044 se
2943 3989 3140 4055 fracto,
3173 3988 3410 4059 ejusque
3458 3985 3656 4057 lignis,
3689 3984 3835 4038 aliis-

2141 4097 2253 4152 que
2291 4079 2556 4144 fustibus,
2587 4079 2738 4133 ferro
2781 4077 2955 4132 etiam
2997 4076 3300 4131 crudeliter
3341 4090 3539 4142 cassus,
3567 4077 3752 4127 totum
3782 4071 3839 4126 il-

2140 4169 2260 4224 lum
2296 4168 2486 4222 locum
2525 4165 2809 4236 sanguine
2853 4164 3186 4236 oppieverit.
3215 4166 3524 4233 Acceperat
3563 4166 3762 4216 autem
3789 4164 3838 4213 et

2141 4258 2357 4329 grande
2385 4258 2593 4312 vulnus
2630 4257 2692 4311 in
2737 4255 2976 4327 inguine
3018 4253 3272 4326 pugione
3321 4267 3647 4324 percussus,
3693 4249 3837 4305 unde

2141 4363 2344 4402 cruore
2373 4345 2586 4417 largius
2610 4345 2879 4400 affluente
2908 4343 3181 4398 continuo
3212 4345 3552 4406 moreretur,
3585 4339 3702 4393 nisi
3731 4354 3840 4392 ma-

2135 4436 2231 4508 jor
2259 4450 2458 4490 eorum
2488 4433 2793 4488 crudelitas
2822 4448 2924 4505 per
2952 4432 3229 4487 occultam
3262 4430 3361 4484 Dei
3393 4428 3838 4483 misericordiam

2140 4523 2462 4595 profuisset.
2493 4522 2634 4576 Nam
2664 4536 2796 4575 cum
2814 4519 3089 4574 membris
3115 4535 3182 4572 ex
3213 4534 3278 4572 ea
3308 4520 3468 4588 parte
3496 4516 3736 4571 nudatis
3765 4529 3840 4568 se-

2143 4611 2386 4666 mivivus
2429 4609 2685 4680 insuper,
2730 4623 3060 4678 pronusque
3107 4606 3450 4671 traheretur,
3484 4604 3839 4658 exundantes

2142 4715 2314 4754 venas
2337 4699 2582 4752 latenter
2606 4696 2792 4769 pulvis
2822 4695 3112 4751 obstrusit.
3147 4694 3360 4749 Deinde
3388 4708 3520 4748 cum
3552 4691 3626 4746 ab
3659 4691 3741 4746 eis
3759 4706 3841 4745 re-

2144 4787 2342 4842 lictum
2382 4784 2654 4842 Catholici
2701 4800 2831 4839 cum
2879 4783 3114 4856 psalmis
3151 4782 3375 4836 auferre
3411 4783 3727 4847 tentarent,
3764 4777 3840 4832 illi

2144 4876 2230 4930 ira
2258 4875 2587 4930 ardentiore
2619 4873 2875 4929 succensi
2905 4889 3038 4928 eum
3069 4873 3138 4928 de
3177 4871 3533 4943 portantium
3575 4869 3841 4924 manibus

2145 4963 2520 5028 abstulerunt,
2578 4963 2725 5016 male
2790 4962 3080 5016 mulctatis
3135 4961 3460 5032 fugatisque
3517 4953 3839 5016 Catholicis,

2145 5068 2289 5124 quos
2332 5049 2552 5122 ingenti
2599 5049 2970 5104 multitudine
3018 5048 3384 5120 superabant,
3437 5049 3494 5100 et
3536 5045 3706 5100 facile
3741 5056 3839 5095 sse-

2144 5140 2349 5195 viendo
2371 5138 2678 5194 terrebant.
2710 5137 2798 5193 Sic
2819 5137 2931 5191 illis
2956 5135 3236 5190 violenter
3257 5137 3566 5199 extortum,
3595 5131 3843 5204 gravius-

2148 5246 2260 5302 que
2307 5229 2646 5283 mulctatum
2686 5227 2819 5282 inde
2848 5227 2910 5281 in
2957 5225 3262 5297 quamdam
3303 5229 3519 5279 turrem
3567 5222 3840 5276 excelsam

2149 5319 2422 5384 levatum,
2447 5314 2568 5386 jam
2615 5314 2885 5370 defecisse
2937 5313 3297 5379 arbitrantes,
3349 5327 3480 5366 cum
3523 5309 3622 5364 ille
3666 5308 3842 5363 adhuc

2150 5406 2385 5474 viveret,
2425 5404 2768 5474 abjecerunt.
2804 5402 2902 5458 Ille
2945 5401 3138 5455 subter
3177 5399 3366 5455 cinere
3405 5397 3674 5452 stercoris
3701 5393 3840 5448 mol-

2153 5493 2285 5549 liter
2325 5491 2550 5564 jacebat
2592 5492 2878 5560 exceptus,
2928 5504 3092 5542 sensu
3143 5485 3349 5541 amisso
3395 5484 3479 5539 vix
3524 5489 3840 5538 extremum
