4008 6184
175 229 258 282 341
1615 222 1828 278 LIBER

174 344 408 419 spiritum
440 346 654 397 tenens.
679 340 765 396 Ibi
786 357 917 396 eum
942 343 1225 397 transiens
1245 342 1480 415 quidam
1505 360 1724 416 pauper
1751 343 1837 399 in-

175 435 313 499 venit,
355 448 482 486 cum
523 430 734 486 ventris
776 433 1117 487 exonerandi
1158 449 1329 487 causa
1373 434 1444 488 ad
1481 450 1614 488 eum
1656 434 1834 489 diver-

181 528 299 580 tisset
324 524 530 577 locum.
564 520 804 592 Agnovit
829 526 1043 589 autem,
1076 539 1205 577 cum
1250 522 1489 593 pavidus
1518 540 1678 578 suam
1705 540 1835 578 con-

182 619 327 687 jugem
358 610 627 677 accersiit,
662 626 834 680 quam
886 613 1083 680 procul
1118 612 1458 666 verecundia
1499 612 1829 680 dimoverat,

188 705 421 757 lucernam
443 701 743 754 ferentem.
791 701 947 754 Tunc
978 716 1109 753 eum
1142 700 1308 754 ambo
1339 706 1718 769 perrexerunt
1738 701 1833 755 do-

188 806 317 853 mum,
361 787 444 840 vel
497 786 848 852 miserando,
900 788 987 841 vel
1031 787 1247 857 aliquid
1284 787 1455 841 etiam
1488 786 1677 842 lucelli
1704 804 1829 858 spe-

183 878 345 940 rando;
377 892 505 929 cum
545 875 659 929 sive
706 875 885 943 vivus,
934 876 1049 930 sive
1091 880 1373 943 mortuus,
1426 877 1694 931 collectus
1740 881 1831 930 ta-

180 982 278 1033 men
290 964 485 1020 nostris
506 964 921 1019 ostenderetur.
945 964 1087 1029 Quid
1112 965 1277 1035 plura
1293 966 1602 1020 ?Adhibita
1621 982 1831 1036 magna

174 1072 294 1120 cura,
324 1053 567 1109 mirabili
597 1052 889 1108 curatione
934 1057 1064 1124 post
1094 1050 1303 1108 multos
1335 1053 1455 1108 dies
1498 1054 1565 1108 ab
1602 1054 1701 1108 illa
1730 1055 1828 1109 de-

171 1144 447 1215 speratione
496 1146 783 1197 recreatus
832 1146 914 1197 est
954 1146 1009 1197 et
1055 1148 1301 1198 sanatus.
1357 1145 1516 1198 Hunc
1545 1145 1616 1198 ad
1644 1148 1827 1199 trans-

171 1233 374 1287 marinas
421 1236 602 1286 terras
663 1232 913 1286 occisum
966 1234 1118 1286 fama
1178 1232 1559 1299 nuntiaverat,
1607 1237 1663 1286 et
1708 1233 1829 1301 ejus

171 1320 389 1374 facinoris
416 1319 745 1373 immanitas
774 1320 1075 1391 gravisque
1114 1318 1444 1389 indignitas,
1481 1335 1829 1389 quaquaver-

170 1427 267 1463 sum
307 1408 484 1463 audiri
530 1408 742 1479 potuit,
794 1408 990 1463 dolore
1020 1408 1307 1462 horrendo
1339 1412 1543 1462 cuncta
1572 1424 1824 1463 commo-

170 1503 305 1553 verat.
329 1499 445 1562 Quo
474 1502 676 1567 postea
705 1514 877 1568 quam
920 1497 1042 1567 ipse
1073 1502 1299 1551 secutus
1329 1502 1431 1563 est,
1466 1500 1522 1551 et
1552 1497 1667 1550 vita
1706 1499 1826 1568 ejus

167 1586 574 1659 inopinatissima
616 1586 902 1657 apparuit,
944 1586 1299 1640 cicatricibus
1340 1584 1456 1639 suis
1481 1589 1596 1639 tam
1627 1585 1827 1656 ingen-

168 1678 298 1744 tibus,
328 1682 439 1731 tam
472 1677 691 1745 multis,
727 1682 843 1730 tam
865 1676 1209 1744 recentibus,
1238 1691 1355 1729 non
1379 1674 1590 1729 frustra
1610 1676 1825 1731 famam

168 1771 411 1820 mortuum
440 1782 498 1820 se
529 1764 829 1819 nuntiasse
857 1763 1220 1819 monstravit.
1276 1764 1419 1817 Nam
1469 1780 1642 1835 quem
1689 1769 1826 1819 tunc

168 1852 480 1923 inspicientes
527 1854 624 1908 vix
677 1854 974 1908 crederent
1032 1854 1246 1920 vivum,
1294 1869 1409 1907 non
1457 1858 1672 1908 temere
1725 1854 1825 1909 illa

166 1942 351 2008 iactasse
379 1942 679 1997 videbatur
717 1942 983 1997 occisum.
1019 1941 1311 1997 Auxilium
1353 1958 1489 2014 ergo
1521 1942 1724 2013 petivit
1752 1944 1820 1998 ab

165 2029 460 2099 lmperatore
492 2030 845 2097 Christiano,
879 2048 995 2084 non
1022 2035 1139 2084 tam
1166 2030 1251 2084 sui
1282 2030 1595 2084 ulciscendi
1634 2048 1819 2100 causa,

164 2134 299 2189 quam
328 2121 547 2175 tuenda:
587 2120 847 2175 Ecclesia:
896 2120 1003 2173 sibi
1042 2119 1271 2173 creditae
1316 2120 1477 2183 Quod
1510 2119 1558 2173 si
1584 2126 1821 2190 praeter-

165 2207 381 2275 misisset,
413 2226 529 2263 non
558 2208 687 2279 ejus
716 2208 916 2263 fuisset
944 2208 1231 2262 laudanda
1262 2208 1558 2278 patientia,
1593 2209 1692 2262 sed
1723 2226 1823 2263 ne-

163 2296 390 2365 gligentia
430 2298 643 2353 merito
675 2298 956 2368 culpanda
988 2299 1211 2367 (Contra
1250 2300 1608 2367 Cresconium,
1640 2299 1733 2353 lib.
1768 2304 1820 2366 3,

163 2402 203 2437 η.
244 2390 524 2457 5'2;Epist.
593 2391 708 2449 185,
755 2405 812 2443 n.
847 2387 1064 2457 26—28).
1114 2389 1187 2441 Ex
1236 2386 1543 2457 Augustini
1591 2386 1821 2457 quidem

165 2475 305 2528 verbis
333 2477 515 2548 colligi
558 2493 734 2548 posse
775 2476 1019 2542 videtur,
1065 2476 1227 2529 illum
1263 2477 1502 2529 Romam
1534 2476 1603 2530 ad
1635 2478 1821 2547 Impe-

166 2568 364 2619 ratorem
418 2565 632 2620 adiisse
681 2565 879 2635 (Epist.
940 2568 1029 2630 88,
1086 2581 1141 2618 η.
1191 2562 1245 2634 7)
1294 2580 1307 2617 :
1362 2568 1613 2618 attamen
1669 2566 1823 2635 leges

168 2668 318 2707 mense
342 2654 631 2709 februario
652 2670 803 2707 anno
830 2652 1394 2725 quadringentesimo
1420 2652 1619 2723 quinto
1640 2653 1822 2724 ipsius

167 2756 296 2795 causa
320 2743 440 2797 latae
470 2745 763 2798 Ravenna:
791 2742 921 2797 data
951 2746 1083 2796 sunt
1113 2741 1324 2812 (Codice
1356 2742 1575 2811 Theod.,
1603 2742 1668 2797 de
1697 2746 1820 2797 Ila:-

167 2832 326 2893 rcticis,
356 2832 460 2898 lege
489 2831 607 2902 58).
648 2832 814 2885 Anno
846 2830 1107 2901 proximo
1140 2832 1227 2884 vel
1256 2831 1538 2901 sequenti,
1565 2849 1677 2903 quo
1710 2832 1820 2885 sci-

167 2916 266 2973 licet
295 2925 505 2976 sanctus
551 2923 763 2976 Doctor
804 2920 1073 2975 adversus
1103 2920 1465 2975 Cresconium
1519 2920 1820 2989 scribebat,

166 3007 314 3063 adhuc
339 3010 427 3065 ille
454 3012 516 3064 in
546 3009 693 3063 vivis
722 3009 947 3080 agebat,
988 3025 1053 3063 ac
1083 3009 1276 3079 plures
1319 3008 1380 3062 in
1423 3009 1543 3079 ejus
1586 3026 1822 3079 corpore

164 3096 423 3166 cicatrices,
455 3115 634 3171 quam
669 3098 929 3152 membra
964 3096 1415 3151 numerabantur
1446 3096 1677 3166 (Contra
1706 3100 1823 3155 Cre-

163 3189 376 3254 sconium,
407 3189 495 3243 lib.
528 3192 582 3254 3,
618 3204 675 3241 η.
700 3188 807 3257 47).
833 3188 895 3240 In
918 3186 1222 3240 collatione
1247 3185 1681 3257 Carthaginensi
1704 3203 1822 3241 non

165 3275 403 3343 reperitur
442 3277 563 3346 ejus
614 3290 831 3329 nomen
882 3290 895 3329 :
929 3278 984 3328 at
1012 3273 1073 3327 in
1124 3276 1384 3328 Romano
1424 3274 1821 3345 Martyrologio

165 3364 328 3417 sanctis
345 3364 763 3420 confessoribus
785 3363 987 3434 quinto
1009 3378 1190 3416 nonas
1212 3361 1455 3416 octobris
1472 3363 1559 3433 adj
1569 3362 1818 3433 ungitur.

220 3454 264 3507 8.
283 3454 328 3506 Is
348 3454 401 3507 in
421 3456 613 3509 aulam
640 3452 967 3518 adveniens,
992 3450 1073 3506 ibi
1094 3467 1209 3505 non
1230 3466 1444 3521 paucos
1465 3450 1700 3518 invenit,
1722 3452 1821 3523 qui

165 3538 270 3594 illuc
283 3543 656 3614 perfugerant,
681 3542 880 3597 eadem
901 3557 1013 3612 qua
1033 3540 1279 3612 ipse,aut
1298 3543 1445 3594 certe
1463 3539 1615 3595 haud
1638 3542 1819 3594 multo

166 3626 444 3685 humaniori
462 3632 688 3686 ratione
715 3647 747 3683 a
768 3629 1073 3684 Donatistis
1095 3628 1314 3699 excepti
1340 3627 1538 3699 (Ibid).
1560 3628 1711 3693 Quos
1730 3629 1820 3683 in-

167 3718 233 3768 ter
245 3717 413 3773 aderat
424 3720 730 3791 episcopus
741 3717 1309 3788 Thubursicaz,quam
1325 3716 1817 3785 Buramdicebant,

168 3809 209 3856 et
226 3806 366 3861 unico
378 3809 652 3864 vocabulo
669 3807 1226 3862 Thubursicaburam
1242 3823 1254 3860 :
1273 3822 1401 3877 quae
1415 3806 1637 3860 videtur
1646 3806 1819 3861 fuisse

169 3890 212 3945 in
238 3896 608 3953 Proconsulari
639 3896 839 3968 posita.
876 3895 1016 3950 Huic
1045 3900 1237 3951 autem
1267 3894 1500 3965 praesuli
1521 3895 1821 3961 Servo,scu

168 3979 439 4053 Servo-Dei,
489 4003 709 4042 nomen
748 3989 887 4041 erat.
920 3988 1087 4040 Anno
1120 3984 1685 4055 quadringentesimo
1717 4002 1822 4040 un-

169 4064 347 4124 decimo
384 4070 820 4142 Carthaginensi
846 4069 1133 4124 collationi
1163 4069 1424 4123 interfuit
1449 4068 1661 4141 (Collat.
1692 4071 1819 4126 Car-

169 4156 286 4223 thug.
320 4164 361 4227 l,
391 4177 506 4230 cap.
562 4160 705 4230 121).
742 4159 841 4214 Hic
869 4159 1056 4213 locum
1096 4158 1389 4229 repetebat
1418 4162 1757 4227 occupatum
1789 4178 1821 4214 a

170 4242 429 4302 Donatistis
468 4251 689 4319 (Contra
716 4249 1072 4311 Cresconium,
1103 4248 1203 4303 lib.
1245 4250 1295 4313 3,
1326 4262 1380 4300 η.
1416 4247 1523 4316 37),
1555 4262 1661 4316 pro
1692 4247 1817 4318 qui-

170 4330 250 4386 bus
263 4338 379 4390 tunc
400 4337 697 4410 temporis,
718 4337 863 4391 forte
885 4340 1012 4407 post
1024 4335 1371 4407 Cyprianum
1394 4335 1466 4388 ob
1490 4336 1701 4389 scelera
1721 4353 1822 4391 sua

168 4425 559 4483 condemnatum
591 4429 821 4497 (Contra
849 4430 1078 4482 Litteras
1103 4427 1378 4491 Petiliani,
1413 4426 1506 4479 lib.
1540 4429 1592 4493 3,
1624 4443 1679 4480 η.
1712 4430 1818 4497 38),

172 4510 379 4569 Donatus
398 4518 631 4589 quidam
651 4516 946 4589 episcopus
969 4516 1315 4586 erat(Collat.
1338 4514 1595 4582 Carthag.
1628 4518 1671 4579 l,
1698 4530 1817 4584 cap.

175 4601 282 4669 12l).
303 4604 430 4659 Cum
446 4606 621 4677 igitur
642 4605 711 4660 de
733 4606 855 4659 loco
878 4603 1039 4657 illihi
1061 4603 1174 4657 duo
1207 4602 1478 4673 praesules
1507 4601 1819 4671 litigarent,

172 4690 487 4766 partiumque
515 4697 912 4766 procuratores
932 4692 1331 4764 proconsulare
1353 4691 1823 4762 praestolarentur

171 4790 387 4849 examen,
429 4783 634 4838 armati
667 4782 970 4838 Donatistae
1000 4781 1059 4835 in
1090 4785 1407 4835 memorato
1437 4780 1819 4835 Thubursicu-

171 4862 283 4922 bure
304 4871 503 4942 oppido
534 4877 769 4944 repente
800 4872 861 4926 in
907 4871 1141 4926 Servum
1183 4869 1495 4936 irruerunt,
1528 4868 1607 4923 ita
1636 4874 1701 4923 ut
1729 4868 1822 4923 vix

170 4952 295 5009 vivus
318 4960 614 5033 aufugerit.
654 4964 822 5017 Pater
853 4964 1042 5015 autem
1073 4959 1194 5030 ejus
1223 4958 1537 5028 presbyter,
1571 4960 1735 5011 astate
1758 4973 1823 5011 ac

172 5044 386 5102 moribus
413 5050 618 5120 gravis,
659 5066 726 5105 ea
772 5050 946 5116 caede,
976 5065 1089 5118 qua
1119 5048 1188 5102 ab
1214 5046 1417 5101 iisdem
1458 5046 1823 5100 vehementer

172 5132 379 5190 afflictus
420 5144 522 5206 est,
566 5145 691 5210 post
738 5140 859 5193 dies
889 5154 1099 5209 paucos
1139 5136 1375 5190 excessit
1400 5152 1429 5189 e
1462 5135 1572 5189 vita
1604 5134 1823 5206 (Contra

174 5218 491 5294 Cresconium,
542 5230 633 5283 lib.
685 5231 735 5295 3,
767 5245 812 5283 c.
846 5229 959 5297 43).
1016 5226 1230 5290 Quibus
1272 5242 1445 5295 porro
1495 5225 1714 5295 legibus
1763 5224 1822 5278 in

176 5317 323 5366 semet
345 5314 584 5371 ferendis
604 5333 833 5371 causam
862 5320 947 5371 tot
966 5315 1084 5370 suis
1108 5314 1452 5369 facinoribus
1467 5314 1825 5386 praebuerint

180 5394 465 5471 Donatistae,
495 5422 646 5461 anno
677 5404 939 5478 proximo
970 5404 1405 5461 declarabimus.

1890 222 2219 290 QUINTUS.

3547 237 3650 294 342

2601 352 2827 406 CAPUT
2865 353 2982 409 XII.

1945 439 1963 490 l
2003 437 2331 493 Scandalum
2361 442 2607 509 Hippone
2642 446 2868 511 propter
2897 444 3240 508 Boni/"actum
3267 447 3641 514 presbyterum

2012 532 2062 582 et
2088 528 2245 597 Spem
2284 534 2549 585 emortum.
2594 533 2624 581 2
2671 532 2973 597 Augustini
3013 530 3113 585 hac
3163 532 3227 586 de
3264 548 3321 587 re
3352 534 3425 587 ad
3454 539 3641 603 conﬁr-

2008 618 2234 671 mandos
2261 620 2626 687 IIipponenses
2675 620 2885 673 litterae.
2935 623 2964 673 3
3017 621 3239 673 Felicem
3283 623 3640 679 Martio/imum

2009 708 2271 760 convincit
2307 711 2357 760 et
2399 708 2466 760 ab
2514 724 2690 762 errore
2732 712 2963 762 revocat.
3006 710 3039 763 4
3068 710 3293 763 Librum
3324 711 3389 763 de
3421 713 3638 768 Natura

2012 795 2134 849 boni
2180 797 2368 850 scribit
2409 802 2595 850 contra
2636 798 3057 852 Manichaeorum
3104 798 3366 853 haresim.
3422 803 3451 853 5
3485 802 3638 857 Hanc

2008 884 2146 938 libro
2175 887 2476 953 praesertim
2523 886 2781 939 adversus
2810 886 3177 939 Secundinum
3207 888 3349 940 edito
3378 889 3635 954 funditus

2008 976 2218 1029 evertit.
2247 978 2275 1027 tl
2298 976 2695 1029 Eccacerbatum
2721 973 3037 1043 Hieronymi
3066 978 3307 1029 animum
3330 978 3637 1033 humilitate

2007 1076 2107 1113 sua
2147 1062 2383 1127 mitigat.
2416 1066 2445 1113 7
2483 1064 2679 1116 Eorum
2708 1063 2945 1130 epistola:
2983 1062 3123 1115 ultro
3167 1064 3406 1131 citroque
3433 1066 3633 1120 missae.

2014 1151 2058 1201 l.
2092 1148 2199 1201 Per
2228 1152 2454 1217 tempus
2484 1148 2634 1202 illius
2664 1148 2923 1214 forsitan,
2972 1149 3040 1202 de
3071 1165 3185 1219 quo
3226 1150 3632 1220 loquebamur,

1938 1234 2397 1305 Carthaginensis
2420 1236 2666 1302 concilii,
2691 1239 2821 1291 data
2843 1238 2951 1291 fuit
2977 1238 3045 1291 ab
3067 1242 3385 1308 Augustino
3407 1240 3474 1293 ad
3501 1257 3633 1295 suos

1937 1323 2325 1393 Hipponenses
2374 1341 2543 1395 super
2582 1325 2855 1379 Bonifacii
2884 1331 2937 1380 et
2967 1326 3097 1395 Spei
3135 1327 3364 1397 negotio
3395 1328 3636 1399 epistola

1938 1412 2140 1481 (Epist.
2167 1415 2260 1483 '78)
2293 1433 2309 1467 :
2344 1430 2471 1484 quae
2502 1418 2651 1468 certe
2682 1414 2909 1485 quidem
2942 1414 3149 1484 scripta
3179 1419 3262 1469 est
3289 1421 3417 1485 post
3445 1418 3635 1473 decre-

1934 1504 2057 1554 tum
2086 1501 2155 1554 de
2182 1501 2525 1571 recipiendis
2563 1501 2623 1555 in
2659 1520 2759 1556 suo
2791 1503 3007 1557 honore
3056 1504 3365 1558 Donatistis
3394 1506 3630 1573 clericis,

1931 1588 1991 1642 in
2017 1590 2445 1661 Carthaginensi
2476 1591 2714 1645 concilio
2747 1609 2895 1645 anno
2928 1592 3491 1663 quadringentesimo
3520 1594 3636 1664 pri-

1932 1694 2027 1731 mo
2056 1678 2303 1745 editum;
2348 1680 2443 1733 sed
2481 1684 2676 1734 tamen
2714 1696 2844 1734 cum
2891 1682 3075 1735 adhuc
3124 1681 3532 1735 Proculeianus
3571 1682 3632 1736 in

1931 1767 2070 1820 vivis
2118 1772 2329 1838 ageret.
2365 1769 2493 1821 Erat
2521 1767 2581 1822 in
2610 1768 2915 1838 Augustini
2954 1769 3173 1823 familia
3202 1770 3499 1841 presbyter
3528 1788 3631 1825 no-

1932 1855 2085 1909 mine
2118 1856 2455 1923 Bonifacius,
2489 1873 2606 1910 una
2635 1873 2764 1911 cum
2800 1856 2942 1910 laico
2976 1858 3229 1928 quodam
3262 1875 3432 1929 quem
3460 1859 3633 1928 Spem

1930 1944 2202 1998 vocabant
2229 1945 2430 2014 (Epist.
2464 1946 2553 2012 77,
2585 1961 2641 1999 η.
2674 1946 2747 2015 2).
2783 1947 2961 2016 Hujus
2990 1946 3063 2000 ad
3105 1946 3491 2016 Augustinum
3524 1948 3629 2002 de-

1931 2033 2063 2087 tulit
2093 2033 2412 2087 Bonifacius
2442 2050 2499 2088 se
2529 2037 2751 2088 motum
2783 2034 3024 2088 sensisse
3053 2035 3411 2105 impudicum
3441 2051 3505 2088 ac
3529 2036 3632 2089 im-

1932 2122 2234 2191 mundum,
2261 2123 2351 2176 cui
2386 2139 2488 2177 nec
2519 2140 2813 2177 assensum
2842 2128 3116 2193 praestare
3140 2124 3262 2194 ipse
3294 2125 3480 2191 vellet,
3526 2141 3632 2179 nec

1931 2210 2240 2265 silentium.
2297 2212 2435 2282 Spes
2478 2216 2673 2266 contra
2720 2211 3100 2265 contendebat
3147 2228 3205 2265 se
3262 2228 3295 2265 a
3348 2211 3631 2265 Bonifacio

1932 2299 2298 2354 sollicitatum
2348 2301 2419 2354 ad
2468 2300 2907 2371 impudicitiam,
2941 2304 3111 2370 atque
3136 2299 3299 2353 illum
3328 2300 3630 2371 proprium

1932 2389 2153 2443 crimen
2178 2387 2239 2441 in
2270 2405 2347 2451 se,
2374 2405 2545 2459 quem
2578 2388 2646 2442 ad
2677 2388 2959 2458 flagitium
2987 2389 3253 2459 pellicere
3274 2388 3629 2459 nequiverat,

1932 2478 2190 2531 conferre
2236 2477 2521 2531 statuisse.
2571 2476 2826 2531 Graviter
2855 2476 3169 2531 admodum
3199 2476 3418 2530 ferebat
3443 2478 3634 2547 Augu-

1932 2567 2132 2633 stinus,
2180 2565 2425 2619 duorum
2475 2583 2504 2620 e
2545 2566 2660 2620 suis
2713 2564 3036 2623 domesticis
3086 2569 3140 2619 et
3194 2564 3630 2633 convictoribus,

1933 2657 2178 2709 alterum
2203 2654 2521 2709 necessario
2551 2654 2789 2724 perditae
2818 2654 2948 2707 vita:
2980 2653 3292 2707 existimari
3320 2654 3632 2721 debere,al—

1932 2747 2119 2797 terum
2159 2743 2258 2814 qui
2297 2748 2444 2798 esset
2470 2744 2537 2797 ab
2569 2744 2777 2797 scelere
2808 2741 3048 2804 alienus,
3082 2744 3274 2794 tamen
3306 2741 3460 2812 apud
3490 2741 3629 2795 alio-

1930 2848 2059 2885 rum
2091 2832 2313 2885 animos
2358 2833 2715 2893 sceleratum,
2751 2831 2898 2901 apud
2928 2830 3167 2884 aliorum
3209 2830 3407 2883 saltem
3438 2846 3631 2900 suspe-

1932 2924 2088 2973 ctum
2114 2919 2333 2974 haberi.
2363 2921 2485 2989 lpse
2504 2919 2737 2990 quidem
2756 2916 3105 2971 Bonifacium
3127 2914 3367 2969 crimine
3389 2932 3630 2971 vacuum

1930 3008 2251 3078 reputabat,
2295 3023 2426 3061 cum
2470 3007 2539 3061 de
2587 3006 2695 3075 Spe
2739 3003 2881 3058 nihil
2922 3003 3057 3057 boni
3087 3002 3472 3073 suspicaretur
3512 3020 3524 3057 :
3576 3007 3633 3058 et

1930 3100 2078 3150 certe
2110 3096 2543 3167 proejudicatam
2565 3095 2711 3148 hanc
2734 3093 3063 3164 opinionem
3096 3092 3395 3162 utriusque
3423 3090 3630 3163 agendi

1931 3185 2073 3239 ratio
2105 3184 2497 3238 confirmabat.
2527 3184 2809 3237 Caeterum
2840 3181 3113 3253 quoniam
3143 3181 3398 3247 deerant,
3423 3180 3629 3251 quibus

1931 3291 2061 3329 reus
2089 3273 2343 3328 convinci
2373 3276 2585 3343 posset,
2618 3270 3014 3343 probationes;
3044 3287 3104 3324 re
3136 3269 3235 3323 diu
3267 3270 3631 3339 multumque

1930 3379 2231 3435 perpensa,
2277 3360 2570 3417 constituit
2608 3360 2767 3415 illam
2790 3359 3009 3430 judicio
3048 3357 3238 3412 divino
3270 3357 3627 3428 permittere,

1931 3453 2067 3507 dum
2098 3468 2270 3523 quem
2299 3454 2624 3521 suspectum
2645 3448 2913 3514 habebat,
2938 3447 3007 3501 de
3039 3463 3140 3500 sua
3168 3446 3336 3500 domo
3362 3446 3631 3517 ejiciendi

1923 3541 2076 3611 justa
2106 3540 2299 3611 aliqua
2328 3538 2741 3607 manifestaque
2772 3535 2880 3589 sibi
2919 3551 3087 3589 causa
3115 3535 3489 3605 prmberetur.
3533 3536 3626 3588 In-

1929 3633 2083 3683 terea
2110 3628 2264 3681 haud
2307 3643 2595 3697 quaquam
2631 3625 2824 3678 animo
2856 3629 2977 3678 erat
3018 3623 3097 3676 ita
3136 3626 3518 3693 comparatus,
3564 3626 3628 3677 ut

1930 3733 2082 3783 eum,
2116 3716 2215 3787 qui
2247 3715 2399 3785 apud
2432 3730 2489 3768 se
2537 3713 2682 3767 tanti
2722 3712 2925 3783 ﬂagitii
2956 3711 3274 3782 suspicione
3305 3704 3625 3779 laborabat,

1928 3805 1987 3858 in
2020 3805 2231 3858 clerum
2258 3802 2623 3872 allegendum
2642 3805 2872 3872 putaret
2902 3816 2915 3855 :
2947 3804 3006 3853 at
3034 3800 3149 3866 ille,
3177 3798 3292 3853 sive
3314 3798 3621 3870 Augustini

1928 3890 1989 3945 in
2020 3908 2076 3944 se
2101 3890 2358 3944 animum
2380 3887 2623 3959 experiri
2650 3888 2837 3953 vellet,
2869 3885 2982 3939 sive
3008 3884 3206 3938 innata
3231 3885 3478 3956 quadam
3508 3901 3626 3939 am-

1927 3979 2143 4035 bit-ioue
2176 3980 2497 4043 duceretur,
2530 3992 2759 4030 omnem
2799 3974 3121 4029 machinam
3148 3974 3426 4041 adhibuit,
3454 3977 3514 4028 ut
3542 3975 3631 4030 vel

1927 4086 2030 4140 per
2061 4073 2320 4122 sanctum
2352 4066 2678 4121 Antistitcm
2709 4065 3015 4119 referretur
3044 4063 3104 4117 in
3129 4064 3252 4133 ejus
3284 4063 3519 4129 clerum,
3542 4064 3631 4118 vel

1929 4157 2172 4227 acceptis
2220 4157 2290 4210 ab
2333 4156 2457 4226 ipso
2505 4152 2981 4209 commendatitiis
3032 4150 3237 4206 litteris
3289 4150 3397 4204 sibi
3434 4150 3630 4204 liceret

1928 4246 2063 4301 alibi
2095 4244 2515 4300 ordinationem
2558 4243 2862 4313 suscipere.
2912 4244 2984 4295 At
3028 4239 3380 4311 Augustinus
3425 4237 3631 4291 adduci

1930 4336 2085 4389 nullo
2135 4333 2300 4389 modo
2347 4331 2558 4403 potuit,
2606 4336 2672 4386 ut
2714 4334 2813 4384 aut
2838 4329 2889 4383 ei
2917 4344 3122 4382 manus
3154 4326 3498 4396 imponeret,
3534 4327 3632 4377 aut

1928 4423 2030 4479 ulli
2051 4441 2080 4477 e
2102 4421 2449 4493 coepiscopis
2474 4419 2592 4475 suis
2608 4436 2710 4491 per
2735 4416 3285 4473 commendationem
3308 4428 3469 4467 suam
3497 4427 3629 4467 eum

1929 4511 2445 4565 subintroduceret.
2479 4509 2660 4573 Quam
2693 4508 2766 4562 ob
2800 4505 3085 4576 repulsam
3115 4502 3211 4555 ille
3240 4497 3627 4556 turbulentius

1928 4617 2118 4672 agere,
2168 4599 2559 4669 dictitareque,
2595 4596 2641 4651 si
2690 4596 2801 4649 sibi
2839 4593 2910 4649 ad
2940 4594 3155 4647 clerum
3186 4588 3630 4660 praecluderetur

1930 4689 2142 4757 aditus,
2174 4686 2528 4741 Bonifacium
2553 4684 2767 4755 pariter
2788 4683 2856 4736 de
2878 4680 3059 4751 gradu
3078 4678 3462 4751 dejiciendum
3485 4692 3628 4731 esse.

1931 4780 2044 4833 Hoc
2073 4776 2365 4848 proposito
2388 4774 2532 4829 nihil
2554 4777 2676 4827 erat
2696 4770 2968 4841 iniquius.
2998 4770 3407 4822 Verumtamen
3424 4765 3474 4820 ei
3492 4780 3628 4820 con-

1929 4866 2137 4921 sentire
2167 4869 2429 4937 paratum
2475 4879 2532 4917 se
2576 4860 2955 4933 profitebatur
3004 4856 3346 4923 Bonifacius,
3378 4871 3444 4909 eo
3476 4853 3630 4926 quod

1931 4956 2125 5011 mallet
2142 4955 2358 5009 honore
2380 4949 2715 5023 presbyterii
2747 4948 2898 5019 apud
2922 4947 3186 5002 homines
3208 4944 3439 5017 privari,
3456 4958 3630 5013 quam

1933 5047 2107 5099 ullam
2146 5043 2279 5114 Spei
2326 5057 2524 5096 ansam
2570 5038 2824 5110 praebere
2865 5036 3169 5091 Ecclesiam
3222 5031 3618 5105 perturbandi.

1932 5136 2008 5188 Ea
2036 5134 2096 5187 in
2124 5149 2184 5187 re
2216 5130 2466 5186 mediam
2499 5127 2808 5199 quamdam
2839 5126 2988 5180 viam
3017 5124 3122 5179 sibi
3164 5122 3471 5177 ineundam
3506 5134 3629 5173 esse

1932 5220 2273 5277 existimavit
2313 5219 2690 5289 Augustinus,
2736 5214 2995 5270 videlicet
3043 5218 3102 5267 ut
3147 5216 3384 5281 uterque
3424 5210 3628 5277 scripto

1932 5310 2138 5381 placito
2171 5308 2602 5380 pollicerentur,
2637 5322 2695 5359 se
2727 5306 2914 5360 locum
2949 5303 3197 5373 aliquem
3226 5295 3515 5353 miraculis
3544 5312 3630 5350 ce-

1932 5400 2147 5455 lebrem
2187 5397 2485 5468 petituros,
2536 5394 2633 5449 ubi
2671 5412 2832 5449 reum
2863 5394 2980 5448 sive
3024 5394 3227 5454 metus,
3274 5386 3389 5439 sive
3440 5384 3630 5440 divina

1934 5488 2076 5543 ultio
2127 5486 2196 5542 ad
2225 5485 2609 5541 confitendam
2639 5485 2864 5556 culpam
2914 5480 3179 5550 adigeret.
3228 5475 3501 5541 Quocirca
3531 5490 3628 5529 eos
