4008 6184
334 218 437 273 343

335 340 536 396 Nolam
553 338 621 393 ad
647 338 824 394 sancti
844 337 1041 394 Felicis
1066 339 1354 394 tumulum
1374 338 1457 393 ire
1471 338 1676 410 jussit;
1725 341 2032 411 propterea

335 429 487 501 quod
518 428 599 484 ibi
627 429 857 498 certius,
886 444 1059 500 quam
1099 444 1362 500 usquam,
1403 444 1508 500 per
1535 427 1838 483 Paulinum
1867 426 2034 480 resci-

334 521 509 582 retur,
545 515 679 586 quid
699 516 977 571 ambobus
999 515 1343 587 contigisset.
1366 517 1433 570 Et
1447 532 1514 570 ea
1533 515 1766 587 quidem
1789 513 1896 568 fuit
1926 515 2032 567 Bo-

333 604 526 660 nifacii
555 605 850 670 modestia,
888 608 949 659 ut
986 604 1220 672 litteras,
1253 620 1380 676 quae
1419 621 1581 659 suam
1619 604 1678 658 in
1729 603 2028 660 Ecclesiam

335 693 675 766 dignitatern
728 693 1190 760 testiﬁcarentur,
1247 693 1434 747 nullas
1469 693 1812 764 postularet;
1873 694 2031 748 Nolae

335 799 466 838 cum
516 783 628 838 alio
673 780 833 854 juxta
871 782 1070 837 haberi
1112 799 1226 836 non
1270 797 1555 849 recusans,
1597 798 1712 853 quo
1741 782 1940 854 utique
1970 782 2030 837 in

335 873 460 927 loco
479 872 644 942 juxta
673 874 836 926 erant
862 869 1162 941 incogniti.

406 963 458 1014 2.
511 961 620 1014 Res
650 959 749 1014 illa
778 961 1100 1031 usquedum
1125 962 1270 1014 tecta
1295 964 1664 1028 remanserat,
1697 961 1750 1015 ei
1778 960 2032 1016 remedia

335 1049 529 1103 omnia
558 1048 637 1103 sic
664 1048 937 1103 adhibere
957 1049 1308 1120 Augustinus
1330 1049 1562 1115 studuit,
1596 1055 1661 1104 ut
1681 1053 1875 1105 tamen
1905 1067 2034 1122 gra-

334 1137 596 1192 vissimus
620 1136 804 1191 cordis
834 1138 957 1208 ejus
999 1138 1163 1192 dolor
1191 1137 1250 1191 in
1276 1138 1460 1209 plebis
1491 1137 1752 1192 notitiam
1785 1155 1899 1193 non
1930 1154 2032 1192 ve-

334 1226 509 1294 niret;
567 1225 704 1297 quia
740 1225 948 1281 merito
977 1227 1295 1293 verebatur,
1341 1243 1412 1280 ne
1462 1227 1597 1281 hinc
1644 1227 1814 1282 simul
1856 1231 1913 1281 et
1936 1226 2028 1281 in-

334 1314 620 1369 fructuose
645 1314 1034 1368 cruciarentur
1053 1314 1224 1382 firmi,
1250 1320 1308 1370 et
1326 1315 1643 1386 periculose
1661 1316 2034 1371 turbarentur

335 1401 582 1467 inﬁrmi;
627 1417 690 1456 ac
737 1401 872 1472 ipsis
930 1419 1159 1473 quoque
1213 1403 1581 1457 schismaticis
1623 1419 1762 1457 ansa
1803 1404 2034 1458 daretur

336 1491 612 1545 catholico
650 1491 864 1561 populo
915 1491 1216 1548 illudendi.
1251 1493 1480 1547 Factum
1531 1491 1909 1547 nihilominus
1941 1493 2031 1547 in-

337 1579 451 1634 vito
481 1579 580 1633 illo
618 1580 913 1651 vulgatum
962 1584 1064 1647 est,
1105 1597 1393 1653 quamque
1423 1580 1614 1636 animo
1643 1587 2030 1653 prospexerat,

337 1667 710 1722 offensionem
739 1669 996 1739 peperit;
1030 1673 1086 1723 et
1115 1687 1181 1724 eo
1208 1670 1442 1741 quidem
1472 1669 1846 1738 acerbiorem,
1878 1671 2033 1742 quod

337 1761 506 1812 antea
547 1758 823 1827 jactatum
853 1756 1058 1822 fuerat,
1091 1758 1396 1830 Augustini
1439 1758 1672 1812 clericos
1700 1758 1761 1813 in
1792 1759 2035 1815 crimina

336 1861 702 1918 nequaquam
739 1845 855 1900 labi
913 1845 1128 1912 solitos,
1178 1846 1662 1917 quemadmodum
1708 1846 1770 1913 ii,
1827 1848 2034 1919 quibus

337 1951 542 1988 manus
569 1935 922 2004 imposuerat
951 1934 1372 1990 Proculeianus.
1403 1937 1580 1991 Fuere
1613 1936 1784 1992 etiam
1815 1937 1916 2009 qui
1940 1954 2036 2009 pe-

337 2026 543 2089 terent,
567 2029 633 2078 ut
648 2023 919 2078 Bonifacii
943 2040 1151 2078 nomen
1169 2040 1234 2078 ex
1248 2025 1375 2079 albo
1391 2026 1877 2096 presbyterorum,
1892 2043 2036 2098 quos

336 2112 511 2166 moris
541 2117 664 2166 erat
689 2113 758 2166 ad
798 2114 977 2167 altare
1020 2113 1267 2181 recitari,
1317 2119 1742 2185 expungeretur
1773 2132 1786 2170 :
1821 2132 1892 2170 ne
1923 2116 2034 2170 sci-

337 2201 467 2254 licet
493 2201 612 2254 ulla
641 2200 948 2255 Donatistis
968 2202 1392 2272 relinqueretur
1421 2203 1638 2258 occasio
1661 2204 2031 2275 praedicandi,

338 2289 551 2342 scelera
598 2289 752 2359 apud
798 2289 1114 2344 Catholicos
1142 2290 1429 2359 impunita
1456 2307 1771 2346 remanere.
1807 2293 1870 2348 Id
1899 2310 2033 2348 vero

338 2377 602 2430 noluerat
629 2377 983 2448 Augustinus
1013 2395 1026 2432 :
1068 2395 1138 2432 ne
1167 2379 1274 2432 hoc
1303 2383 1465 2450 pacto
1490 2379 1607 2447 Dei,
1641 2381 1801 2451 cujus
1830 2382 1901 2436 ad
1932 2383 2037 2437 tri-

338 2464 512 2518 bunal
541 2478 710 2519 causa
737 2464 1012 2520 Bonifacii
1048 2467 1322 2520 translata
1340 2467 1548 2535 fuerat,
1571 2467 1855 2538 judicium
1885 2486 2034 2542 prae-

337 2557 681 2620 verteretur;
700 2568 842 2608 neve
862 2554 1173 2610 violaretur
1190 2555 1418 2610 concilii
1438 2560 1735 2624 statutum,
1757 2574 1863 2628 per
1882 2561 2033 2630 quod

344 2657 463 2696 non
499 2641 710 2698 licebat
755 2643 1046 2711 clericum,
1090 2643 1191 2714 qui
1237 2646 1497 2700 nondum
1539 2647 1830 2701 convictus
1877 2649 1971 2718 sit,
2003 2665 2036 2703 a

337 2731 745 2786 communione
775 2733 1066 2804 suspendi,
1110 2733 1220 2786 nisi
1260 2733 1478 2805 judicio
1526 2751 1583 2788 se
1628 2734 1826 2790 sistere
1872 2753 2030 2792 recu-

338 2823 514 2875 sasset
540 2820 764 2892 (Concil.
795 2822 1055 2890 Carthag.
1088 2825 1117 2876 3
1150 2824 1283 2875 anm‘
1313 2825 1434 2888 397,
1467 2838 1646 2898 cann.
1696 2828 1751 2891 7,
1785 2825 1856 2894 8).
1891 2826 2036 2881 Cleri

339 2912 530 2964 tamen
560 2910 877 2982 populique
893 2910 1107 2981 judicio
1135 2911 1241 2966 hoc
1272 2911 1444 2966 etiam
1470 2911 1752 2984 permisit,
1783 2913 1828 2967 si
1857 2913 1935 2968 ita
1956 2915 2036 2969 eis

340 2998 523 3053 visum
565 2998 765 3053 fuisset
804 3000 1094 3070 expedire,
1135 3016 1207 3054 ne
1237 2999 1306 3054 iis
1343 2999 1442 3070 qui
1469 3017 1600 3055 cum
1630 3001 1699 3056 ad
1731 3002 2035 3059 Ecclesiam

339 3087 554 3141 nollent
577 3088 863 3155 accedere,
889 3089 1224 3158 quaerebant
1241 3090 1434 3144 saltem
1455 3091 1605 3156 quod
1629 3095 2033 3161 prmtexerent,

341 3175 602 3244 qumdam
638 3175 770 3230 inde
801 3177 1159 3246 prmberetur
1186 3177 1500 3247 probabilis
1531 3180 1816 3234 excusatio
1849 3197 1863 3235 :
1898 3185 2035 3236 tunc

340 3279 470 3317 vero
498 3279 617 3317 non
643 3263 902 3335 ipsorum
947 3265 1208 3318 futurum
1257 3281 1375 3320 esse
1403 3266 1511 3320 hoc
1548 3267 1784 3335 factum,
1813 3270 1911 3325 sed
1937 3287 2035 3324 eo-

340 3367 468 3405 rum
512 3368 759 3424 quorum
791 3369 960 3408 causa
987 3353 1159 3409 fuerit
1185 3355 1430 3421 factum;
1461 3371 1648 3426 neque
1674 3356 1847 3411 etiam
1877 3358 2036 3415 illinc

339 3439 583 3510 homini,
633 3457 804 3512 quem
849 3459 966 3498 non
997 3442 1194 3514 iniqua
1223 3443 1568 3498 conscientia
1594 3444 1664 3498 de
1705 3444 1849 3499 libro
1877 3446 2035 3502 vivo-

339 3545 466 3583 rum
518 3530 806 3599 deleverit,
857 3531 1054 3587 damni
1105 3531 1416 3604 quidquam
1463 3549 1841 3590 accessurum.
1889 3537 2036 3592 Dum

337 3615 460 3671 haec
477 3616 556 3671 ita
587 3623 937 3688 gererentur,
972 3619 1233 3690 Hippone
1257 3619 1452 3675 aberat
1477 3620 1852 3692 Augustinus.
1885 3623 2034 3688 Qua-

337 3710 576 3776 propter
606 3707 754 3760 clero
801 3723 924 3775 suo,
956 3707 1298 3772 senioribus,
1345 3712 1402 3763 et
1434 3709 1714 3764 universae
1751 3711 1904 3780 plebi
1935 3713 2034 3767 Ec-

340 3793 524 3848 clesiaa
569 3794 944 3865 Hipponensis
982 3795 1283 3865 epistolam
1312 3795 1484 3862 misit,
1531 3813 1644 3868 qua
1681 3814 1778 3852 eos
1819 3799 1919 3870 qui
1948 3817 2034 3854 se-

341 3897 472 3936 cum
501 3881 785 3936 infelicem
829 3882 992 3937 illum
1019 3900 1212 3938 casum
1244 3886 1478 3940 moleste
1503 3885 1781 3952 ferebant,
1831 3904 2033 3958 quam-

341 3969 422 4023 vis
460 3969 594 4024 inde
640 3972 820 4025 multo
861 3971 1054 4026 minus
1097 3988 1269 4043 quam
1317 3972 1438 4042 ipse
1495 3973 1709 4028 doloris
1746 3982 2032 4046 caperent,

341 4059 512 4113 solari
542 4059 756 4127 studet;
794 4060 1069 4131 docetque
1108 4062 1232 4131 jam
1276 4062 1502 4133 pridem
1549 4079 1584 4117 a
1635 4063 1856 4119 Christo
1886 4082 2034 4136 prae-

342 4148 493 4202 dicta
517 4147 689 4204 fuisse
725 4149 1008 4220 ejusmodi
1042 4151 1308 4205 scandala
1351 4167 1364 4205 :
1407 4151 1544 4222 ipsis
1574 4152 1748 4207 etiam
1779 4170 2033 4210 summo-

341 4253 472 4308 pere
499 4237 811 4292 cavendum
856 4252 1001 4305 esse,
1033 4253 1106 4290 ne
1149 4236 1382 4291 fratrem
1413 4253 1478 4291 ex
1510 4237 1665 4291 falsis
1694 4239 2033 4311 suspicioni-

339 4326 446 4381 bus
478 4325 799 4397 judicantes
843 4324 904 4379 in
947 4325 1159 4379 diaboli
1203 4327 1436 4397 laqueos
1463 4326 1747 4395 incidant;
1780 4328 1936 4399 quod
1973 4328 2035 4384 in

340 4414 614 4468 Bonifacii
661 4414 903 4485 gratiam
956 4413 1110 4470 dicit.
1161 4415 1264 4468 Eos
1311 4413 1645 4482 obtestatur,
1677 4432 1750 4471 ne
1798 4417 2035 4472 vulnera

340 4502 456 4556 suis
486 4503 661 4574 ipsius
691 4503 1024 4559 vulneribus
1050 4519 1197 4558 nova
1217 4503 1624 4574 superaddant,
1653 4521 1724 4560 ne
1751 4506 2034 4561 cruciatus

341 4597 604 4662 augeant,
636 4609 710 4648 ne
741 4593 988 4666 denique
1030 4593 1286 4649 dolorem
1330 4592 1525 4647 dolore
1555 4594 1866 4661 cumulent,
1899 4594 2035 4648 defi-

340 4676 539 4733 ciendo
568 4681 656 4734 vel
687 4679 746 4734 in
776 4682 1196 4752 suspicionibus
1226 4682 1404 4750 falsis,
1432 4683 1521 4738 vel
1550 4682 1609 4737 in
1637 4683 1880 4754 peccatis
1899 4683 2034 4738 alie-

339 4766 456 4836 nis;
488 4767 600 4840 ipsi
620 4768 899 4838 videlicet,
926 4772 1028 4843 qui
1047 4787 1208 4843 spem
1229 4771 1481 4842 aliquam
1500 4770 1712 4827 habent
1734 4772 1805 4827 ad
1830 4773 2030 4840 Deum,

336 4873 442 4929 pro
465 4857 673 4929 quibus
692 4857 812 4928 ipse
833 4860 1116 4914 continuis
1139 4859 1406 4931 periculis
1426 4864 1594 4930 caput
1622 4859 1815 4930 objicit
1839 4876 1852 4915 :
1877 4861 2033 4932 quod

337 4945 494 5002 enim
523 4946 594 5002 ad
623 4945 1007 5003 schismaticos
1037 4949 1260 5016 attinet,
1291 4948 1390 5021 qui
1417 4948 1678 5019 nequitia
1713 4949 1882 5019 plane
1912 4948 2034 5004 dia-

336 5036 521 5092 bolica
550 5034 825 5107 gaudium
855 5051 886 5090 e
915 5040 1030 5090 tam
1062 5036 1333 5092 luctuosis
1362 5036 1583 5091 casibus
1612 5035 2029 5108 percipiebant;

339 5130 510 5198 atque
552 5125 614 5180 in
659 5124 919 5179 Ecclesiae
966 5126 1238 5180 membris
1268 5126 1402 5180 vitia
1433 5125 1696 5196 quaedam
1725 5125 2031 5196 investiga-

335 5213 494 5282 bant,
525 5213 679 5269 unde
726 5213 829 5267 toti
868 5211 1021 5266 illius
1051 5212 1278 5283 corpori
1306 5213 1634 5284 illuderent,
1664 5212 1773 5284 ipsi
1801 5212 2033 5284 quidem

338 5303 654 5375 expeditius
708 5301 1029 5368 videbatur,
1079 5318 1176 5355 eos
1213 5305 1597 5364 contemnere,
1643 5305 1701 5356 et
1742 5317 1970 5368 canum,
2001 5318 2034 5356 a

337 5393 547 5462 quibus
584 5394 822 5448 vulnera
852 5391 1045 5448 Lazari
1074 5390 1462 5461 lingebantur,
1492 5391 1616 5446 loco
1644 5391 1874 5446 habere.
1918 5392 2030 5446 Mo-

339 5486 435 5536 net
481 5483 893 5555 Hipponenses,
942 5484 1122 5538 Deum
1169 5478 1420 5537 fortassis
1456 5479 1583 5536 ideo
1627 5481 1877 5536 noluisse
1924 5482 2030 5536 hoc

1532 215 1706 272 VITA
1759 216 1816 272 S.
1876 209 2264 272 AUGUSTINI
2320 206 2660 266 EPISCOPI.

3741 204 3842 259 344

2141 350 2238 389 eos
2265 332 2595 388 scandalum
2619 332 2814 396 latere,
2860 333 2922 384 ut
2941 344 3136 384 secum
3168 327 3473 383 instantius
3501 325 3844 382 incumbant

2141 423 2514 490 orationibus,
2561 424 2626 475 ut
2669 420 2801 476 facti
2842 418 3050 474 veritas
3079 417 3273 472 divina
3299 417 3646 472 revelatione
3676 433 3840 471 com-

2138 512 2413 583 periatur.
2462 510 2698 566 Eosdem
2751 509 3120 563 vehementer
3159 507 3323 578 juxta
3369 523 3434 561 ac
3480 505 3726 561 demisse
3757 522 3844 559 re-

2137 599 2459 671 prehendit,
2512 599 2668 671 quod
2717 598 2983 652 adversus
3031 596 3466 651 Proculeianum
3513 595 3575 650 in
3623 611 3682 649 se
3713 595 3842 666 ipso

2137 689 2348 760 potius,
2382 703 2555 759 quam
2603 687 2662 742 in
2709 688 2822 741 Deo
2870 684 3100 757 gloriati
3144 685 3373 740 fuerant
3421 699 3434 738 :
3475 700 3618 738 neve
3663 684 3846 739 etiam

2137 776 2486 832 monasteria
2508 792 2574 830 eo
2604 775 2836 830 nomine
2875 773 3272 839 criminentur,
3304 773 3461 845 quod
3488 773 3548 827 in
3578 773 3690 827 illis
3737 773 3848 827 im-

2137 867 2348 938 probos
2394 866 2615 937 aliquos
2657 863 2908 936 reperire
2955 862 3046 926 sit,
3097 863 3448 918 adhortatur.
3504 862 3644 917 Cum
3686 861 3844 917 Felix

2140 955 2374 1027 quidam
2408 960 2576 1026 atque
2609 952 2895 1008 Hilarinus
2916 952 2984 1007 de
3005 953 3111 1006 hac
3131 968 3192 1006 re
3214 951 3285 1006 ad
3307 967 3438 1006 eum
3461 950 3844 1022 scripsissent,

2139 1043 2434 1114 respondit
2463 1043 2529 1097 ad
2561 1027 2772 1098 eorum
2795 1041 3033 1108 litteras,
3066 1039 3304 1095 minime
3334 1039 3547 1094 mirum
3597 1055 3742 1105 esse,
3795 1037 3847 1092 si

2141 1133 2276 1187 talia
2317 1136 2626 1187 nascantur
2671 1131 3031 1200 offendicula,
3064 1136 3161 1184 aut
3197 1133 3396 1185 contra
3425 1128 3524 1183 Dei
3549 1145 3745 1183 servos
3775 1128 3849 1182 si-

2140 1221 2307 1276 nistri
2335 1237 2593 1276 rumores
2615 1221 2672 1275 in
2693 1221 2894 1292 vulgus
2910 1223 3252 1292 spargantur
3284 1235 3298 1272 :
3328 1234 3500 1290 porro
3528 1233 3588 1272 se
3616 1232 3727 1272 nec
3742 1218 3846 1271 ﬂa-

2140 1309 2334 1382 gitiosi
2364 1310 2677 1382 quidquam
2703 1309 3143 1381 deprehendisse
3171 1309 3235 1363 in
3266 1307 3573 1375 Bonifacio,
3591 1323 3697 1361 nec
3724 1322 3850 1361 cre-

2140 1399 2378 1466 didisse;
2426 1399 2620 1470 itaque
2662 1415 2779 1453 non
2818 1397 3053 1469 jussisse
3094 1401 3155 1451 ut
3182 1397 3305 1468 ejus
3332 1412 3556 1458 nomen.
3581 1396 3652 1450 de
3693 1412 3845 1466 pra:-

2143 1488 2497 1559 sbyterorum
2537 1503 2779 1542 numero
2831 1487 3169 1553 auferretur,
3215 1486 3352 1558 quia
3393 1485 3652 1540 divinum
3699 1484 3848 1556 judi-

2141 1577 2315 1644 cium,
2373 1576 2445 1631 ad
2501 1577 2654 1648 qu)d
2693 1576 3009 1648 presbyteri
3051 1576 3222 1646 hujus
3269 1590 3436 1628 causa
3479 1575 3660 1628 relata
3702 1580 3842 1641 erat,

2143 1670 2498 1720 antevertere
2543 1682 2657 1720 non
2703 1665 2967 1720 audebat.
3015 1664 3136 1728 Quo
3165 1668 3422 1734 tempore
3453 1663 3684 1734 scripta:
3714 1666 3850 1716 sunt

2145 1770 2176 1808 a
2231 1754 2396 1808 beato
2442 1753 2573 1808 Viro
2630 1753 2743 1808 illas
2783 1753 3057 1825 epistolae,
3098 1753 3220 1823 jam
3265 1752 3375 1806 iter
3423 1751 3747 1806 Bonifacius
3787 1767 3848 1805 ac

2143 1846 2283 1916 Spes
2314 1846 2509 1899 Nolam
2541 1849 2926 1916 susceperant,
2956 1848 3055 1898 aut
3083 1844 3281 1897 saltem
3309 1843 3376 1897 ad
3408 1843 3547 1896 illud
3591 1846 3759 1896 erant
3786 1842 3846 1896 in

2144 1934 2462 2006 procinctu.
2501 1934 2679 1999 Quem
2710 1950 2842 1988 vero
2874 1933 3086 1987 exitum
3125 1948 3324 1986 eorum
3356 1948 3524 1985 causa
3554 1931 3848 1996 habuerit,

2144 2022 2492 2093 ignoramus.
2519 2023 2586 2076 Et
2615 2038 2719 2076 nos
2746 2021 2976 2093 quidem
3009 2020 3157 2074 infra
3187 2021 3256 2075 de
3283 2020 3531 2092 quodam
3555 2019 3849 2074 Bonifacio

2142 2110 2264 2166 viro
2297 2111 2538 2181 optimo,
2587 2115 2642 2164 et
2672 2110 2851 2165 sancti
2893 2109 3158 2165 Prmsulis
3206 2108 3574 2174 amicissimo,
3617 2108 3720 2178 qui
3752 2110 3850 2162 Ca-

2141 2200 2433 2272 taquensis
2471 2200 2772 2270 episcopus
2821 2216 2969 2254 anno
3009 2199 3232 2254 circiter
3273 2197 3847 2270 quadringentesimo

2143 2294 2340 2344 octavo
2367 2293 2723 2344 consecratus
2753 2293 2855 2356 est,
2887 2289 3091 2344 dicturi
3123 2304 3339 2342 sumus.
3374 2286 3623 2342 Tametsi
3656 2290 3849 2340 autem

2144 2382 2200 2432 et
2225 2377 2548 2432 humilitate
2581 2377 2899 2448 presbyteri
2941 2394 3056 2434 non
3086 2381 3301 2431 temere
3341 2375 3630 2446 conjicias,
3669 2377 3848 2430 Deum

2146 2471 2202 2524 et
2229 2468 2384 2522 illius
2412 2467 2800 2522 innocentiam
2820 2467 3038 2538 liquido
3062 2467 3394 2532 declarasse,
3429 2470 3485 2520 et
3511 2465 3682 2520 illum
3703 2470 3852 2536 post-

2149 2573 2322 2629 quam
2365 2556 2501 2611 fidei
2541 2557 2664 2628 ejus
2711 2573 2775 2611 ac
2818 2555 3112 2627 patientia:
3151 2555 3468 2628 periculum
3497 2553 3750 2620 fecisset,
3779 2553 3848 2608 ad

2145 2645 2528 2716 episcopalem
2571 2643 2907 2716 dignitatem
2939 2643 3186 2698 evexisse
3217 2659 3230 2697 :
3263 2647 3514 2696 attamen
3540 2657 3734 2697 unum
3763 2647 3847 2697 at-

2147 2749 2257 2806 que
2287 2734 2555 2789 eumdem
2584 2733 2756 2788 fuisse
2795 2733 2954 2786 nulla
2983 2731 3249 2786 evincunt
3278 2735 3644 2803 argumenta.

2217 2825 2269 2877 3.
2317 2822 2462 2876 Ante
2498 2821 2670 2893 hujus
2716 2821 2854 2875 anni
2902 2821 3078 2876 linem
3107 2821 3348 2891 contigit
3374 2819 3692 2892 Augustini
3721 2834 3848 2874 cum

2149 2911 2326 2965 Felice
2352 2910 2684 2981 disputatio.
2724 2910 2853 2964 Erat
2882 2909 2928 2963 is
2952 2925 3098 2963 unus
3123 2925 3153 2962 e
3171 2909 3619 2964 Manichaeorum
3648 2907 3850 2964 Electis

2146 2999 2397 3070 (Possid.,
2425 3002 2481 3053 in
2516 3001 2647 3055 Vita
2670 2999 2926 3066 August,
2959 3013 3004 3052 ο.
3035 2998 3114 3065 16)
3143 3014 3207 3052 ac
3235 2997 3491 3067 ipsorum
3518 2997 3850 3053 doctoribus

2146 3087 2404 3156 (Retract.
2427 3089 2464 3142 ι.
2486 3091 2542 3158 2,
2565 3104 2685 3158 cap.
2711 3088 2786 3158 8),
2812 3086 3134 3142 liberalium
3157 3087 3390 3158 quidem
3411 3086 3848 3158 disciplinarum

2145 3175 2473 3247 imperitus;
2505 3181 2758 3231 attamen
2797 3178 3125 3245 Fortunato,
3158 3191 3332 3247 quem
3359 3175 3725 3247 Augustinus
3754 3175 3850 3230 ad-

2143 3265 2254 3320 huc
2279 3266 2574 3336 presbyter
2600 3265 2660 3319 in
2689 3265 2917 3336 publica
2949 3264 3358 3336 disceptatione
3388 3281 3540 3319 anno
3572 3269 3851 3320 trecente-

2143 3355 2287 3409 simo
2325 3354 2697 3424 nonagesimo
2735 3354 2902 3408 tertio
2942 3354 3279 3421 convicerat,
3332 3355 3499 3425 longe
3531 3354 3842 3408 versutior.

2151 3445 2472 3515 Hipponem
2500 3447 2734 3497 venerat
2778 3459 2998 3497 errores
3028 3459 3162 3497 suos
3193 3443 3695 3497 disseminatums.
3763 3445 3850 3496 An

2142 3537 2336 3586 autem
2365 3531 2410 3586 is
2443 3531 2593 3586 idem
2626 3530 2777 3586 Felix
2807 3531 2996 3598 fuerit,
3030 3531 3100 3586 ad
3128 3547 3300 3603 quem
3329 3534 3514 3586 exstat
3538 3529 3850 3600 Augustini

2144 3620 2386 3691 epistola
2415 3619 2620 3691 (Epist.
2646 3622 2740 3689 79)
2769 3635 2898 3691 quae
2919 3620 3249 3690 presbytero
3279 3619 3590 3674 Manichaee
3622 3625 3848 3675 tantum

2143 3709 2488 3773 inscribitur,
2520 3709 2674 3764 haud
2701 3713 2853 3762 certo
2881 3708 3110 3763 scimus.
3147 3709 3223 3762 Ex
3255 3723 3323 3762 ea
3351 3708 3724 3778 intelligitur,
3758 3709 3847 3763 ho-

2143 3798 2360 3852 minem
2381 3798 2543 3852 illum
2568 3797 2752 3868 qualis
2769 3802 2916 3852 esset
2932 3796 3292 3852 dissimulare
3311 3801 3612 3862 conatum;
3640 3803 3701 3853 at
3721 3814 3848 3852 cum

2144 3887 2491 3957 colloquium
2521 3903 2649 3940 cum
2682 3887 3023 3958 quibusdam
3051 3886 3356 3941 Catholicis
3383 3887 3706 3954 habuisset,
3738 3893 3845 3942 sta-

2143 3975 2246 4029 tim
2285 3975 2354 4030 ab
2400 3974 2514 4028 illis
2557 3975 2977 4045 deprehensum
3009 3974 3203 4041 fuisse,
3246 3991 3309 4029 ac
3340 3979 3534 4029 sancto
3586 3974 3848 4030 Antistiti

2143 4064 2416 4119 delatum.
2451 4065 2686 4118 Mortem
2729 4081 2760 4118 a
2786 4080 2845 4118 se
2884 4063 3096 4135 despici
3126 4064 3489 4134 prazdicabat,
3520 4063 3844 4119 dictitabat-

2144 4169 2256 4224 quc
2293 4169 2352 4207 se
2403 4152 2553 4223 apud
2582 4152 2964 4222 Augustinum
3015 4169 3223 4223 magno
3255 4153 3316 4206 in
3352 4169 3596 4207 numero
3623 4153 3842 4212 haberi.

2143 4241 2606 4313 quandoquidem
2639 4241 2708 4295 de
2737 4241 2850 4294 suis
2873 4241 3317 4312 comprimendis
3355 4241 3660 4296 conatibus
3693 4241 3846 4296 solli-

2142 4330 2284 4384 citus
2313 4334 2477 4384 esset.
2500 4329 2583 4384 Ad
2615 4345 2746 4383 eum
2776 4345 2913 4400 ergo
2941 4330 3240 4401 epistolam
3272 4329 3429 4384 dedit
3455 4331 3840 4400 Augustinus,

2141 4419 2368 4474 brevem
2415 4418 2572 4473 illam
2615 4418 2869 4490 quidem,
2917 4423 2976 4472 at
3017 4420 3455 4474 vehementem:
3489 4419 3552 4472 in
3579 4435 3700 4490 qua
3723 4420 3840 4490 ejus

2143 4507 2585 4562 ostentationem
2624 4507 2839 4572 irridet,
2891 4507 3269 4578 eamdemque
3323 4506 3838 4572 ratiocinationem,

2142 4612 2315 4667 quam
2338 4595 2554 4650 diluere
2576 4595 2912 4667 nequiverat
2931 4595 3111 4666 ipsius
3132 4611 3444 4666 praecessor
3473 4597 3842 4664 Fortunatus,

2139 4685 2222 4740 illi
2268 4684 2556 4756 proponit,
2590 4684 2935 4740 denuntians
2983 4689 3048 4739 ut
3084 4686 3172 4739 vel
3203 4701 3328 4738 eam
3359 4685 3558 4752 solvat,
3591 4687 3683 4740 vel
3713 4685 3845 4740 inde

2141 4773 2422 4828 abscedat.
2476 4773 2534 4828 Si
2580 4773 2816 4844 quidem
2862 4773 3156 4844 presbyter
3179 4772 3277 4827 ille
3309 4773 3661 4828 Manichaeus
3691 4773 3843 4828 idem

2141 4863 2232 4930 sit,
2273 4861 2374 4933 qui
2421 4865 2478 4915 et
2524 4861 2703 4929 Felix;
2766 4861 2888 4915 haec
2940 4861 3025 4915 illi
3071 4861 3376 4933 contigisse
3432 4863 3842 4933 comperimus.

2141 4952 2335 5007 Oblata
2364 4953 2497 5004 sunt
2530 4949 2582 5004 ei
2608 4965 2711 5004 sua
2738 4950 2967 5020 scripta,
3001 4950 3110 5004 hoc
3139 4954 3244 5016 est,
3278 4966 3408 5021 quae
3437 4967 3634 5005 secum
3669 4951 3843 5006 habe-

2139 5039 2237 5094 bat
2284 5037 2608 5093 Manichaea:
2653 5038 2928 5092 doctrinm
2979 5023 3269 5092 volumina
3301 5054 3544 5093 numero
3602 5039 3844 5094 forsitan

2139 5128 2416 5199 quinque,
2463 5142 2686 5181 necnon
2739 5127 2844 5182 sub
2899 5126 3128 5197 publico
3177 5126 3362 5198 sigillo
3406 5126 3696 5181 custodita
3749 5125 3845 5196 (De

2139 5219 2292 5273 Actis
2315 5231 2433 5270 cum
2459 5217 2649 5281 Felice,
2675 5216 2767 5270 lib.
2796 5219 2845 5280 l,
2878 5231 2999 5286 cap.
3033 5216 3106 5285 l).
3142 5215 3348 5270 Octavo
3369 5214 3496 5269 idus
3522 5214 3843 5270 decembris

2142 5305 2279 5361 adiit
2307 5306 2638 5360 Curatorem
2668 5320 2768 5358 seu
2797 5305 3065 5374 Majorem
3108 5303 3286 5372 urbis,
3318 5303 3486 5375 eique
3516 5303 3840 5374 supplicem

2141 5392 2400 5447 libellum
2419 5392 2647 5460 obtulit,
2672 5391 2895 5463 publice
2917 5392 3238 5458 clamitans,
3260 5408 3390 5446 cum
3409 5392 3702 5447 codicibus
3722 5391 3840 5444 suis

2144 5498 2202 5536 se
2230 5484 2493 5554 paratum
2521 5497 2643 5538 esse
2681 5481 2928 5545 incendi,
2968 5482 3014 5537 si
3043 5481 3262 5554 aliquid
3285 5481 3422 5537 mali
3450 5487 3745 5553 repertum
3773 5479 3839 5534 in
