4008 6184
160 247 258 302 345
1605 246 1820 304 LIBER
1860 245 2187 315 QUINTUS.

153 369 282 441 ipsis
308 368 514 423 fuisset
540 368 725 438 (Ibid.,
758 382 876 438 cap.
905 366 1015 438 l2).
1048 368 1191 423 Cum
1221 383 1288 422 eo
1314 366 1567 423 fortassis
1598 368 1705 422 hoc
1732 368 1859 439 ipso

158 458 613 529 dieialiquantum
633 456 946 511 collocutus
960 460 1045 511 est
1065 456 1448 527 Augustinus;
1476 457 1701 528 quando
1726 459 1859 511 Pos-

167 547 321 601 sidius
363 546 453 600 bis
484 551 581 601 aut
616 551 703 600 ter
750 562 846 600 eos
892 545 1209 615 disputasse
1236 546 1486 600 afﬁrmat
1510 546 1763 615 (Possz‘d.,
1802 550 1861 601 in

179 639 278 690 Vita
298 638 565 703 August,
600 652 625 689 c
694 636 799 705 l6),
833 635 1059 689 tametsi
1084 634 1143 689 in
1167 635 1320 690 Actis
1351 651 1416 688 ea
1442 636 1510 690 de
1543 652 1602 689 re
1628 636 1861 706 perscri—

167 727 258 796 ptis
277 725 493 796 duplex
520 728 745 778 tantum
776 723 1095 778 dissertatio
1126 724 1421 779 habeatur.
1454 725 1666 778 Harum
1697 725 1857 795 prior

166 815 389 885 septimo
424 814 555 869 idus
594 814 941 881 decembres,
974 830 1102 884 quae
1127 818 1331 885 quarta
1358 819 1481 867 erat
1507 814 1669 881 feria,
1702 831 1854 868 anno

162 902 719 973 quadringentesimo
748 908 952 973 quarto
982 908 1105 957 acta
1132 906 1216 956 est
1246 903 1305 956 in
1354 903 1594 956 ecclesia
1644 903 1857 973 Hippo-

154 991 302 1045 nensi
330 994 430 1060 (De
458 994 578 1045 Act.
608 1008 727 1046 cum
752 993 885 1059 Fel.,
919 993 1013 1046 lib.
1055 997 1104 1057 1,
1132 1008 1253 1061 cap.
1290 992 1362 1063 1),
1390 993 1607 1063 populo
1627 993 1696 1047 ad
1723 1008 1855 1047 can-

147 1080 354 1133 cellum
385 1080 647 1133 adstante
676 1080 1001 1150 (1bid.,cap.
1026 1080 1112 1150 20)
1144 1086 1195 1135 et
1219 1097 1349 1134 cum
1377 1097 1603 1135 summo
1632 1082 1855 1135 silentio

144 1172 192 1222 et
218 1167 509 1221 modestia
539 1168 829 1234 audiente,
851 1184 911 1222 ac
941 1168 1195 1235 notariis,
1228 1168 1328 1240 qui
1359 1169 1528 1222 verba
1557 1170 1855 1241 utriusque

144 1256 493 1327 exciperent,
512 1257 888 1327 praesentibus
908 1256 1098 1325 (Ibid,,
1130 1272 1249 1326 cap.
1278 1256 1380 1325 l2).
1416 1257 1466 1311 Is
1484 1257 1591 1311 fuit
1620 1274 1855 1312 concer—

143 1346 376 1401 tationis
397 1346 602 1412 exitus,
628 1350 712 1413 ut,
741 1363 869 1400 cum
887 1346 971 1400 illi
993 1346 1344 1416 Augustinus
1365 1346 1518 1400 idem
1543 1363 1851 1417 argumen-

142 1440 284 1503 tum,
304 1436 468 1506 quod
500 1440 669 1490 antea
692 1437 1013 1502 Fortunato,
1047 1435 1366 1506 objecisset,
1404 1435 1681 1490 nimirum
1733 1453 1848 1507 qua

139 1524 364 1578 ratione
398 1525 536 1590 Deo,
572 1524 619 1578 si
666 1524 899 1595 quidem
950 1528 1100 1578 esset
1128 1529 1337 1578 natura
1381 1524 1853 1595 incorruptibilis,

140 1629 346 1667 nocere
374 1629 521 1684 gens
552 1614 919 1669 tenebrarum
956 1615 1203 1681 valeret;
1256 1614 1343 1667 sin
1374 1617 1566 1668 autem
1612 1614 1664 1667 ei
1713 1614 1853 1667 nihil

139 1701 480 1756 detrimenti
529 1702 731 1757 afferre
778 1707 989 1772 posset,
1051 1702 1190 1773 quid
1218 1706 1338 1755 erat
1387 1703 1541 1773 quod
1588 1704 1855 1757 adversus

136 1791 306 1844 istam
341 1790 426 1844 ita
455 1789 800 1858 dimicasset,
842 1795 905 1844 ut
930 1794 1148 1844 naturas
1177 1807 1289 1844 sua!
1314 1795 1535 1862 partem
1576 1792 1687 1845 huc
1718 1790 1853 1845 mis-

135 1893 251 1931 sam
286 1877 388 1930 isti
415 1877 785 1931 tenebrarum
810 1877 967 1948 genti
989 1877 1237 1945 misceri,
1269 1894 1486 1949 perque
1517 1894 1641 1932 eam
1674 1878 1852 1948 pollui

133 1971 439 2035 pateretur
460 1965 646 2035 (Ibid.,
680 1981 796 2035 cap.
822 1966 899 2034 t9)
928 1982 940 2031 ;
974 1970 1193 2038 peteret
1216 1967 1368 2021 Felix
1399 1966 1506 2021 sibi
1532 1971 1757 2037 tempus
1781 1968 1850 2021 ad

133 2054 635 2126 respondendum,
655 2070 836 2125 usque
859 2054 926 2108 ad
955 2054 1263 2108 secundam
1283 2055 1480 2109 feriam
1504 2056 1849 2125 proximam,

132 2143 326 2213 pridie
342 2143 478 2196 idus
493 2143 751 2213 ejusdem
783 2143 1015 2209 mensis,
1033 2143 1300 2215 quintum
1327 2144 1540 2199 scilicet
1561 2149 1687 2214 post
1704 2145 1853 2198 diem

132 2231 446 2302 prorogari
469 2232 655 2301 (Ibid.,
681 2232 773 2285 lib.
798 2234 849 2285 2.
882 2248 1004 2302 cap.
1038 2232 1107 2301 1).
1128 2233 1285 2287 Notae
1308 2233 1421 2286 illa:
1447 2238 1561 2286 tam
1578 2237 1852 2286 accurata».

133 2320 352 2373 erroris
391 2318 547 2373 circa
593 2319 863 2390 colloquii
917 2324 1145 2390 tempus
1192 2320 1572 2391 suspicionem
1622 2337 1851 2374 omnem

133 2412 463 2462 removent.
499 2407 766 2462 Promisit
799 2408 947 2462 Felix
980 2425 1036 2461 se
1080 2426 1184 2480 per
1213 2409 1354 2463 illud
1401 2410 1671 2480 spatium,
1720 2425 1851 2463 cum

132 2496 454 2551 christiano
486 2497 763 2568 quodam,
790 2513 963 2569 quem
993 2513 1061 2551 ex
1091 2498 1449 2565 adstantibus
1473 2498 1663 2568 elegit,
1698 2515 1853 2552 man-

132 2602 378 2639 surum:
434 2585 527 2639 sin
573 2601 705 2639 vero
752 2585 992 2656 fugeret,
1036 2602 1223 2658 neque
1271 2586 1424 2640 enim
1480 2587 1846 2650 retinebatur,

133 2674 453 2743 consensit,
491 2690 608 2727 non
639 2673 874 2745 quidem
903 2679 967 2728 ut
1008 2674 1379 2729 Manichseum
1425 2676 1844 2739 anathemasse,

133 2780 333 2818 verum
369 2768 441 2817 ut
463 2762 684 2832 judicio
716 2762 947 2834 proprio
974 2762 1173 2829 victus,
1207 2764 1345 2835 legis
1376 2780 1491 2817 sum
1521 2746 1854 2834 praevarica;

134 2858 240 2919 tor,
267 2858 452 2923 atque
486 2852 547 2905 in
578 2852 1003 2922 Hipponensem
1034 2850 1312 2906 civitatem
1335 2869 1467 2906 reus
1506 2853 1853 2907 existimare-

128 2944 222 2995 tur
240 2940 441 3011 (Ibid.,
466 2940 560 2994 lib.
591 2943 641 3007 1,
671 2955 790 3009 cap.
818 2939 927 3012 20).
954 2939 1162 3011 Reipsa
1179 2940 1250 2994 ad
1266 2940 1591 2995 condictum
1615 2942 1769 2995 diem
1790 2940 1851 2995 in

132 3030 444 3084 ecclesiam
471 3028 631 3083 Pacis
655 3028 827 3094 venit,
854 3028 950 3082 ubi
968 3029 1181 3099 populo
1198 3034 1482 3098 praesente
1506 3030 1714 3084 iterum
1736 3047 1851 3085 coe-

129 3126 229 3191 pta
263 3122 356 3172 est
404 3117 714 3187 disputatio
745 3118 931 3188 (Ibid.,
963 3119 1056 3173 lib.
1088 3121 1141 3185 2,
1179 3135 1297 3188 cap.
1338 3118 1406 3188 1.)
1431 3122 1851 3189 Argumentum

130 3222 307 3261 suum
342 3205 657 3276 resumpsit
685 3205 1075 3276 Augustinus:
1109 3223 1239 3261 cum
1271 3224 1402 3261 vero
1433 3208 1579 3262 Felix
1620 3209 1851 3265 eludere

130 3295 308 3349 vellet
338 3294 745 3348 necessitatem
773 3295 1177 3366 respondendi,
1226 3300 1488 3349 causatus
1529 3313 1657 3350 suos
1695 3297 1851 3352 codi-

130 3400 224 3437 ces
258 3383 518 3438 redditos
547 3398 664 3437 non
716 3382 908 3448 fuisse,
961 3384 1091 3438 illos
1131 3401 1189 3438 se
1235 3390 1517 3456 repetere,
1567 3401 1629 3439 ac
1675 3386 1851 3441 biduo

131 3477 267 3543 post
298 3473 375 3526 ad
408 3471 766 3542 colloquium
810 3472 1163 3540 rediturum;
1212 3476 1449 3528 testatus
1497 3478 1581 3527 cst
1627 3480 1854 3529 sanctus

134 3563 356 3616 Doctor
386 3560 555 3615 illum
595 3560 819 3614 codices
849 3560 1007 3626 istos,
1042 3561 1090 3615 si
1119 3562 1465 3615 necessarios
1494 3562 1601 3616 sibi
1632 3563 1854 3618 futuros

133 3654 422 3723 putasset,
446 3654 643 3721 petere
677 3650 938 3705 debuisse
961 3658 1105 3719 tum,
1138 3668 1267 3706 cum
1298 3652 1630 3707 dilationem
1662 3659 1854 3723 postu-

133 3742 303 3794 laret.
336 3740 538 3810 Itaque
569 3738 881 3809 disputatio
912 3740 1299 3811 redintegrata
1328 3746 1429 3807 est,
1470 3758 1532 3796 ac
1562 3742 1849 3813 praecipue

132 3830 287 3882 circa
307 3827 559 3882 liberum
582 3827 908 3895 arbitrium,
931 3845 1046 3899 quo
1069 3828 1284 3883 bonum
1316 3830 1600 3883 malumve
1632 3830 1845 3899 agitur,

134 3920 402 3972 versata:
436 3916 509 3971 de
539 3916 723 3987 gratia
753 3920 964 3984 tamen,
1014 3933 1128 3989 qua
1173 3917 1232 3971 in
1263 3917 1583 3972 libertatem
1632 3920 1841 3973 asseri-

134 4023 289 4073 mur,
306 4005 651 4076 neutiquam
664 4009 964 4059 tractatum
978 4005 1111 4059 fuit:
1130 4006 1342 4076 quippe
1355 4006 1514 4075 cujus
1529 4007 1765 4077 quaestio
1780 4007 1853 4061 ad

134 4095 595 4149 Manichzeorum
616 4093 881 4147 haeresim
904 4094 1046 4148 nihil
1074 4098 1351 4166 spectaret
1382 4094 1636 4164 (Retract.
1656 4096 1751 4149 lib.
1796 4098 1851 4164 2,

132 4200 261 4253 cap.
293 4186 352 4248 8;
388 4182 469 4237 De
496 4185 618 4236 Act.
644 4197 763 4236 cum
789 4184 920 4247 1701.,
940 4183 1033 4236 lib.
1062 4186 1114 4250 2,
1144 4198 1301 4253 capp.
1328 4186 1382 4248 2,
1416 4186 1468 4250 3,
1494 4185 1575 4251 4).
1604 4184 1666 4237 Et
1699 4184 1853 4238 Felix

129 4271 380 4343 quidem
427 4271 616 4341 primo
659 4270 955 4337 concessit,
989 4271 1248 4343 quisquis
1284 4272 1463 4326 Deum
1504 4272 1855 4343 corruptioni

128 4358 463 4413 obnoxium
499 4357 734 4425 diceret,
776 4374 910 4412 eum
959 4360 1321 4413 anathemate
1360 4359 1679 4413 feriendum
1732 4376 1852 4413 esse

132 4451 231 4515 (De
258 4448 385 4502 Act.
420 4463 541 4501 cum
569 4448 702 4513 Fel.,
728 4447 820 4502 lib.
850 4451 905 4516 2,
934 4463 1056 4517 cap.
1094 4450 1202 4517 l4).
1229 4450 1301 4501 At
1334 4463 1464 4501 vero
1492 4464 1621 4501 cum
1648 4450 1852 4519 Augu-

130 4536 325 4590 stinus
358 4535 776 4605 blasphemiam
805 4536 953 4589 hanc
982 4553 1015 4590 a
1042 4536 1348 4591 Manichaee
1379 4536 1569 4591 doceri
1610 4537 1845 4607 planum

130 4625 385 4689 fecisset,
404 4624 569 4678 illum
588 4640 702 4678 non
715 4624 837 4678 sine
850 4624 1180 4679 difﬁcultate
1194 4641 1259 4680 eo
1280 4625 1576 4696 compulit,
1594 4624 1847 4696 ut,quid—

133 4714 276 4784 quid
330 4713 441 4767 sibi
483 4713 827 4784 imperatum
877 4718 1042 4780 esset,
1076 4713 1359 4768 facturum
1399 4731 1457 4769 se
1487 4713 1852 4786 profiteretur

132 4803 331 4871 (κίοι,
362 4818 484 4871 cap.
516 4802 629 4872 22).
652 4802 871 4872 Adjecit
908 4806 1137 4857 sanctus
1168 4802 1501 4877 Episcopus,
1537 4803 1643 4874 ipsi
1674 4802 1849 4857 Mani-

128 4893 368 4945 chaeum
400 4892 885 4947 anathemandum
914 4910 928 4957 ;
962 4909 1029 4946 ex
1061 4892 1253 4947 animo
1285 4893 1340 4948 id
1373 4893 1626 4965 quidem,
1659 4908 1851 4964 quan-

127 4981 207 5034 do
234 4982 305 5035 ad
344 4981 454 5035 hoc
483 4998 518 5035 a
545 4982 777 5035 nemine
800 4986 1117 5053 cogeretur.
1144 4984 1323 5037 Deum
1345 4988 1549 5037 testem
1568 4981 1842 5036 invocavit

134 5070 319 5136 Felix,
363 5087 425 5123 se
476 5069 669 5124 animo
714 5071 782 5125 ad
830 5071 937 5126 hoc
992 5072 1381 5141 praestandum
1423 5071 1847 5143 paratissimum

134 5174 263 5211 esse
292 5174 306 5211 :
337 5158 436 5213 sed
469 5159 579 5213 hoc
603 5174 827 5229 rogare,
860 5162 923 5213 ut
950 5158 1059 5213 sibi
1100 5159 1292 5228 Felici,
1322 5177 1436 5230 quo
1486 5160 1669 5231 magis
1712 5176 1845 5213 con-

134 5246 499 5315 ﬁrmaretur,
532 5248 763 5319 praeiret
790 5247 1165 5318 Augustinus,
1198 5264 1262 5302 ac
1288 5248 1677 5308 Manichasum,
1708 5264 1845 5301 nec-

124 5351 251 5389 non
283 5341 343 5390 et
372 5336 662 5408 spiritum.
698 5337 797 5407 qui
827 5337 885 5390 in
917 5352 984 5390 eo
1028 5337 1250 5391 locutus
1280 5337 1485 5406 fuerat,
1529 5338 1683 5407 prior
1713 5353 1845 5390 ana-

126 5425 441 5481 themaret.
498 5426 766 5481 Chartam
815 5428 1042 5480 sanctus
1096 5427 1310 5482 Prtesul
1358 5425 1549 5480 statim
1608 5426 1843 5496 accepit,

128 5518 313 5587 atque
353 5514 899 5572 anathematismum
953 5516 1237 5573 exaravit:
1284 5514 1436 5572 idem
1477 5514 1741 5587 praestitit
1790 5519 1849 5570 et

3557 249 3662 306 346

1974 368 2145 436 Felix,
2177 367 2277 423 sed
2307 365 2377 421 iis
2408 367 2591 422 verbis
2620 384 2778 435 usus,
2811 383 2938 439 qum
2969 372 3027 423 et
3071 371 3425 440 perspectam
3452 369 3506 424 ei
3545 370 3670 425 bla-

1970 458 2360 528 sphemiarum
2376 456 2700 512 istiusmodi
2724 456 3227 524 abominationem,
3260 462 3521 514 etrevera
3545 458 3672 512 hor.

1970 548 2088 602 rori
2136 565 2255 602 esse
2299 548 2610 603 declarent.
2663 551 2910 619 Uterque
2955 552 3158 619 postea
3199 548 3510 603 collationis
3548 552 3671 602 acta

1967 636 2306 707 obsignavit,
2336 654 2464 708 qua:
2490 638 2619 707 jure
2674 638 2880 692 merito
2910 636 3215 708 Augustini
3264 637 3553 707 opusculis
3586 636 3672 691 in-

1967 729 2116 780 serta
2160 730 2331 780 sunt:
2396 727 2861 797 quandoquidem
2919 727 3215 781 victoriam
3278 726 3668 792 testificantur,

1968 830 2141 885 quam
2164 814 2233 869 de
2264 814 2491 881 hazresi,
2529 832 2645 869 non
2671 820 2898 870 tantum
2913 832 3106 870 errore
3136 815 3314 886 ipsius
3337 815 3508 869 armis
3531 832 3664 868 con-

1965 903 2114 957 fosso
2148 904 2519 975 confusoque,
2550 905 2641 960 sed
2667 905 2837 959 etiam
2868 904 3000 973 illis,
3030 921 3064 958 a
3100 905 3307 975 quibus
3338 921 3667 975 propugna-

1964 991 2149 1058 batur,
2180 994 2251 1047 ad
2280 1009 2473 1047 veram
2500 994 2671 1047 ﬁdem
2708 994 3006 1058 traductis,
3056 992 3365 1063 reportavit
3405 992 3661 1064 (Possid.,

1965 1084 2021 1134 in
2049 1083 2176 1136 Vita
2204 1083 2464 1149 August.,
2498 1098 2543 1135 ε.
2591 1082 2695 1153 16).

2033 1171 2085 1223 4.
2120 1172 2254 1225 Post
2280 1170 2420 1224 illud
2448 1187 2577 1224 cum
2611 1170 2790 1224 Felice
2834 1170 3202 1242 colloquium,
3234 1170 3445 1224 librum
3494 1185 3662 1224 suum

1965 1258 2033 1312 de
2068 1261 2277 1313 Natura
2305 1258 2441 1312 boni
2492 1260 2727 1312 collocat
2757 1258 3005 1327 (Retract.
3043 1260 3135 1312 lib.
3186 1262 3239 1325 2,
3275 1275 3395 1328 cap.
3429 1260 3499 1327 9).
3548 1260 3664 1313 Hoc

1964 1348 2233 1402 adversus
2254 1348 2594 1402 Manichzeos
2616 1348 2882 1415 ostendit,
2918 1350 3096 1401 Deum
3128 1351 3388 1401 naturam
3416 1363 3533 1401 esse
3564 1347 3668 1401 im-

1963 1436 2360 1503 mulitabilem,
2386 1453 2449 1490 ac
2470 1452 2759 1491 summum
2790 1436 3027 1505 bonum,
3061 1441 3115 1490 et
3142 1441 3477 1490 caaterarum
3508 1440 3668 1490 natu-

1962 1541 2156 1580 rarum
2181 1530 2301 1579 tum
2327 1542 2734 1597 corporearum
2756 1529 2880 1579 tum
2902 1525 3305 1596 spiritualium,
3324 1541 3449 1595 quae
3467 1540 3667 1579 omnes

1961 1614 2020 1668 in
2052 1631 2109 1669 se
2140 1614 2277 1684 ipsis
2293 1614 2456 1668 boum
2483 1619 2634 1683 sunt,
2658 1620 2966 1667 auctorem.
2996 1614 3263 1667 Ibisimul
3286 1613 3661 1679 demonstrat,

1963 1704 2100 1775 quid
2131 1704 2203 1756 sit
2232 1704 2470 1765 malum,
2499 1704 2650 1757 unde
2680 1706 2964 1769 nascatur,
2998 1707 3139 1773 quot
3175 1703 3325 1755 bona
3364 1702 3422 1755 in
3461 1706 3667 1755 natura

1963 1792 2119 1858 mali,
2154 1808 2327 1863 quam
2357 1796 2581 1857 vocant,
2618 1795 2757 1861 quot
2779 1808 2808 1844 e
2839 1790 3125 1845 contrario
3157 1791 3306 1843 mala
3353 1790 3410 1843 in
3458 1794 3664 1843 natura

1961 1880 2116 1948 boni,
2147 1880 2374 1950 qualem
2407 1895 2531 1933 eam
2564 1878 2672 1932 sibi
2703 1882 2949 1948 tingunt,
2985 1878 3292 1932 involvant.
3340 1877 3660 1932 Horrendas

1964 1985 2192 2040 quoque
2240 1967 2624 2037 turpitudines
2657 1970 2955 2032 memorat,
2989 1982 3116 2035 quae
3141 1966 3367 2019 fuerant
3402 1964 3460 2017 in
3493 1965 3664 2033 hujus

1962 2062 2127 2111 sectae
2155 2055 2468 2120 nonnullis,
2502 2060 2625 2108 tum
2672 2054 2733 2107 in
2766 2052 3173 2123 Paphlagonia,
3204 2057 3327 2106 tum
3359 2051 3419 2105 in
3462 2050 3658 2106 Galliis

1961 2146 2334 2215 deprehensae
2354 2145 2449 2213 (De
2461 2146 2583 2200 Nat.
2605 2143 2749 2209 boni,
2766 2159 2884 2213 cap.
2906 2144 3020 2211 47).
3040 2143 3175 2206 Qua}.
3194 2146 3386 2194 autem
3401 2140 3459 2193 in
3473 2140 3661 2194 Africa

1962 2234 2225 2289 similiter
2245 2233 2585 2288 exsecranda
2616 2236 2835 2302 patrata
2866 2236 3015 2292 sunt,
3061 2230 3225 2284 silet:
3260 2229 3396 2301 quia
3432 2228 3510 2283 ibi
3549 2244 3667 2282 non

1963 2328 2094 2378 ante
2124 2338 2341 2377 annum
2375 2320 2600 2376 circiter
2646 2319 3277 2391 quadringentesimum
3324 2317 3667 2388 vigesimum

1962 2414 2215 2484 primum
2242 2412 2626 2483 contigerunt.
2656 2414 2727 2465 At
2747 2410 3202 2464 abominationes
3244 2408 3370 2462 illas
3387 2407 3524 2478 ipsis
3546 2410 3666 2463 Ma-

1965 2501 2171 2557 nichaei
2196 2501 2417 2572 placitis
2443 2500 2548 2554 niti
2567 2503 2978 2553 commonstrat
3002 2498 3185 2567 (1bid.,
3213 2513 3332 2567 cap.
3354 2498 3466 2567 46).
3492 2494 3662 2567 Operi

1964 2592 2139 2645 ﬁnem
2172 2590 2418 2661 imponit
2444 2589 2793 2660 precatione,
2829 2604 2942 2657 qua
2970 2587 3220 2642 divinam
3248 2585 3664 2656 benignitatem

1963 2680 2298 2745 obtestatur,
2331 2682 2395 2732 ut
2418 2694 2521 2749 per
2543 2693 2711 2731 suum
2742 2676 3125 2730 ministerium
3158 2716 3174 2745 ,
3197 2675 3340 2729 sicut
3359 2674 3531 2744 coepit
3543 2674 3663 2743 jam

1964 2783 2079 2820 non
2108 2782 2342 2838 paucos,
2372 2766 2450 2819 ita
2478 2769 2681 2835 pergat
2713 2764 2854 2818 alios
2884 2765 3121 2834 hujusce
3170 2762 3379 2817 erroris
3418 2761 3663 2816 irretitos

1967 2855 2182 2926 laqueis
2204 2855 2491 2908 exsolvere
2522 2853 2709 2923 (Ibid.,
2738 2868 2858 2921 cap.
2902 2851 3013 2922 48).

2033 2948 2082 2997 5.
2142 2944 2273 2996 Erat
2328 2941 2479 2995 inter
2506 2940 2943 2995 Manichzeorum
2969 2937 3271 2993 Auditores
3309 2936 3665 2991 Secundinus

1964 3030 2552 3103 (Retractationumlib.
2580 3033 2774 3098 2,cap.
2810 3028 2917 3098 10),
2963 3028 3134 3082 homo
3159 3026 3469 3090 Romanus,
3506 3018 3659 3080 unde

1966 3137 2321 3176 marmorum
2348 3119 2639 3174 Anicianae
2664 3120 2866 3172 domus
2898 3116 3251 3171 mentionem
3278 3115 3412 3170 facit
3444 3116 3660 3184 (Secun-

1962 3212 2082 3264 dini
2109 3212 2310 3279 Epist.,
2371 3225 2429 3263 η.
2472 3208 2550 3277 3),
2585 3212 2757 3278 atque
2792 3207 2863 3260 ad
2890 3205 3193 3260 Paulinum
3235 3204 3304 3257 ab
3341 3202 3663 3275 Augustino

1964 3300 2277 3354 remittitur
2330 3299 2547 3369 (Contra
2598 3296 2849 3363 Sccund.,
2894 3311 3013 3364 cap.
3068 3294 3171 3364 11).
3218 3295 3269 3347 Is
3318 3309 3447 3347 cum
3487 3291 3666 3347 sancti

1964 3388 2215 3444 Doctoris
2243 3387 2418 3442 libros
2450 3386 2729 3458 quosdam
2760 3385 3026 3438 adversus
3056 3382 3392 3437 Manicbaaos
3427 3381 3663 3435 evolvis-

1939 3484 2065 3544 ‘set,
2095 3478 2154 3531 in
2204 3477 2335 3543 illis,
2389 3480 2449 3529 ut
2488 3476 2715 3539 fatetur,
2767 3478 3049 3527 oratorem
3099 3470 3354 3524 numeris
3398 3469 3663 3523 omnibus

1963 3568 2309 3630 absolutum,
2342 3581 2406 3618 ac
2436 3578 2581 3633 pene
2611 3562 2785 3615 totius
2815 3558 3153 3631 eloquentiae
3185 3559 3357 3611 deum
3400 3557 3662 3611 animad-

1962 3654 2130 3708 vertit
2156 3671 2168 3708 :
2199 3659 2256 3707 at
2285 3669 2418 3707 vero
2451 3667 2582 3704 cum
2605 3654 2771 3703 sectae
2804 3665 2921 3701 suae
2955 3663 3177 3701 errores
3207 3660 3380 3716 quam
3423 3661 3666 3715 persua-

1963 3742 2215 3795 sissimos
2288 3740 2543 3805 haberet,
2602 3737 2903 3790 veritatem
2959 3734 3039 3789 ibi
3062 3733 3487 3804 deprehendere
3520 3748 3664 3787 nun-

1963 3846 2134 3901 quam
2170 3828 2356 3901 potuit
2384 3826 2708 3897 (Secundini
2731 3826 2936 3893 Epist.,
2968 3839 3025 3876 n.
3057 3822 3131 3887 3).
3167 3821 3526 3892 Quapropter
3552 3820 3661 3875 sibi

1960 3918 2259 3990 proposuit
2280 3917 2338 3971 in
2369 3932 2492 3971 eam
2526 3930 2648 3969 rem
2665 3911 3015 3983 Augustino,
3037 3910 3129 3964 cui
3158 3926 3229 3964 ne
3261 3910 3329 3964 de
3360 3909 3502 3964 facie
3533 3909 3660 3981 qui-

1963 4006 2095 4059 dem
2126 4009 2293 4059 notus
2324 4008 2465 4073 erat,
2496 4008 2771 4073 tanquam
2801 4002 2984 4055 amico
3035 3998 3282 4054 scribere
3309 4016 3321 4054 :
3358 3999 3435 4053 ita
3466 4003 3663 4053 tamen

1963 4094 2354 4149 uturhanitati
2384 4108 2501 4147 suae
2532 4108 2593 4146 ac
2636 4090 2821 4144 verbis
2871 4088 3136 4144 ofﬁciosis
3187 4088 3429 4143 subinde
3467 4103 3661 4157 repre-

1959 4183 2262 4237 hensiones
2286 4181 2439 4236 haud
2473 4195 2678 4251 parum
2726 4178 2957 4232 acerbas
3006 4177 3298 4241 insereret,
3351 4176 3662 4245 objurgans

1960 4273 2111 4345 quod
2135 4270 2571 4326 Manichaeorum
2600 4267 2811 4338 placita
2844 4266 3067 4337 scriptis
3113 4266 3230 4319 suis
3262 4265 3656 4318 insectaretur.

1960 4362 2045 4414 Ab
2085 4376 2152 4414 ea
2178 4374 2239 4413 rc
2268 4364 2335 4413 ut
2361 4356 2675 4423 desisteret,
2711 4361 2881 4427 atque
2932 4356 3102 4408 etiam
3144 4354 3215 4407 ad
3258 4352 3523 4408 eamdem
3571 4368 3658 4406 se-

1960 4454 2110 4503 ctam
2154 4448 2384 4510 rediret,
2433 4445 2779 4500 admonebat
2824 4445 3091 4513 (Retract.
3142 4442 3235 4496 lib.
3286 4444 3339 4508 2,
3382 4456 3503 4510 cap.
3544 4439 3651 4509 10).

1962 4540 2144 4602 Quam
2173 4537 2245 4591 ob
2267 4551 2493 4589 causam
2524 4538 2580 4589 et
2608 4534 2813 4588 iisdem
2842 4533 2938 4586 ille
2984 4530 3205 4602 placitis
3248 4530 3423 4584 ﬁdem
3473 4528 3655 4583 conci-

1960 4625 2119 4695 liare,
2154 4630 2209 4679 et
2227 4624 2517 4679 catholicae
2547 4622 2822 4677 doctrinas
2843 4620 3263 4683 auctoritatem,
3287 4622 3567 4689 quantum
3598 4618 3659 4671 in

1960 4732 2017 4770 se
2062 4718 2201 4780 erat,
2256 4714 2553 4768 detrahere
2622 4710 2980 4764 moliebatur.
3031 4708 3291 4779 Epistolas
3354 4705 3661 4761 Secundini

1959 4803 2131 4858 aliam
2171 4802 2353 4856 multo
2380 4800 2746 4872 prolixiorem
2792 4796 3042 4852 reddidit
3090 4796 3479 4868 Augustinus:
3529 4811 3660 4866 quae

1958 4893 2020 4947 in
2049 4894 2170 4963 ejus
2200 4891 2360 4945 libris
2386 4888 2590 4964 idcirco
2622 4890 2921 4942 numerata
2964 4889 3068 4949 est,
3103 4884 3237 4956 quia
3282 4884 3487 4939 usitata
3534 4882 3658 4955 epi-

1960 4982 2237 5036 stolarum
2267 4978 2635 5048 inscriptione
2677 4990 2802 5029 eam
2843 4989 2959 5027 non
2991 4976 3425 5045 prmnotaverat,
3475 4972 3573 5027 sed
3605 4970 3660 5026 ei

1958 5074 2183 5125 tantum
2212 5065 2520 5123 Secundini
2548 5065 2785 5131 litteras,
2820 5078 2960 5134 quas
2989 5062 3202 5118 ibidem
3229 5062 3545 5117 etiamnum
3576 5075 3661 5113 re-

1957 5160 2146 5232 perire
2174 5161 2277 5224 est,
2309 5154 2689 5227 prmmiserat.
2732 5154 2794 5207 In
2822 5152 2929 5206 hac
2978 5152 3343 5223 responsione
3393 5148 3656 5202 crimina-

1955 5248 2141 5302 tiones
2170 5244 2435 5318 privatim
2464 5242 2569 5296 sibi
2592 5259 2622 5295 a
2652 5240 2973 5297 Secundino
3001 5241 3184 5294 illatas
3204 5236 3400 5310 paucis
3423 5236 3655 5307 quidem

1957 5337 2077 5408 ipse
2132 5333 2318 5389 verbis
2356 5338 2412 5387 et
2458 5348 2587 5386 cum
2631 5334 2855 5386 summa
2897 5328 3192 5384 modestia:
3239 5324 3655 5397 significatione

1956 5424 2177 5497 depulit
2199 5424 2422 5494 (Contra
2459 5421 2711 5489 Secund.,
2740 5436 2900 5491 capp.
2938 5423 2985 5485 l,
3016 5422 3065 5485 2)
3095 5434 3107 5471 :
3153 5417 3212 5470 in
3254 5414 3496 5470 Ecclesia
3523 5431 3657 5470 vero

1958 5513 2312 5571 defendenda
2343 5511 2567 5583 longior
2585 5515 2641 5566 et
2659 5507 3050 5564 vehementior
3070 5504 3194 5571 fuit,
3226 5520 3288 5558 ac
3319 5501 3655 5562 Manichaeo-
