  <div class='ocr_page' id='page_1' title='image "/cluster/home/n/w/nwhite01/storage/ocr_20150623/32/hvd.32044096580550/183.png"; bbox 0 0 4008 6184; ppageno 0'>
   <div class='ocr_carea' id='block_1_1' title="bbox 357 233 456 289">
    <p class='ocr_par' dir='ltr' id='par_1_1' title="bbox 357 233 456 289">
     <span class='ocr_line' id='line_1_1' title="bbox 357 233 456 289; baseline -0.03 0"><span class='ocrx_word' id='word_1_1' title='bbox 357 233 456 289; x_wconf 78' lang='grc'>347</span> 
     </span>
    </p>
   </div>
   <div class='ocr_carea' id='block_1_2' title="bbox 355 354 2057 428">
    <p class='ocr_par' dir='ltr' id='par_1_2' title="bbox 355 354 2057 428">
     <span class='ocr_line' id='line_1_2' title="bbox 355 354 2057 428; baseline -0.002 -17"><span class='ocrx_word' id='word_1_2' title='bbox 355 372 483 411; x_wconf 91' lang='lat' dir='ltr'>rum</span> <span class='ocrx_word' id='word_1_3' title='bbox 509 354 742 411; x_wconf 71' lang='lat' dir='ltr'>haeresis</span> <span class='ocrx_word' id='word_1_4' title='bbox 771 354 1052 428; x_wconf 87' lang='lat' dir='ltr'>principia</span> <span class='ocrx_word' id='word_1_5' title='bbox 1069 355 1211 411; x_wconf 91' lang='lat' dir='ltr'>adeo</span> <span class='ocrx_word' id='word_1_6' title='bbox 1243 355 1445 410; x_wconf 82' lang='lat' dir='ltr'>evertit</span> <span class='ocrx_word' id='word_1_7' title='bbox 1468 354 1880 427; x_wconf 85' lang='lat' dir='ltr'>confregitque,</span> <span class='ocrx_word' id='word_1_8' title='bbox 1907 357 1972 408; x_wconf 90' lang='lat' dir='ltr'>ut</span> <span class='ocrx_word' id='word_1_9' title='bbox 1998 367 2057 408; x_wconf 91' lang='lat' dir='ltr'>se</span> 
     </span>
    </p>
   </div>
   <div class='ocr_carea' id='block_1_3' title="bbox 354 442 2061 518">
    <p class='ocr_par' dir='ltr' id='par_1_3' title="bbox 354 442 2061 518">
     <span class='ocr_line' id='line_1_3' title="bbox 354 442 2061 518; baseline -0.002 -19"><span class='ocrx_word' id='word_1_10' title='bbox 354 445 534 516; x_wconf 85' lang='lat' dir='ltr'>pluris</span> <span class='ocrx_word' id='word_1_11' title='bbox 566 445 748 500; x_wconf 85' lang='lat' dir='ltr'>facere</span> <span class='ocrx_word' id='word_1_12' title='bbox 787 446 1124 517; x_wconf 87' lang='lat' dir='ltr'>opusculum</span> <span class='ocrx_word' id='word_1_13' title='bbox 1156 444 1330 514; x_wconf 90' lang='lat' dir='ltr'>istud,</span> <span class='ocrx_word' id='word_1_14' title='bbox 1359 461 1531 518; x_wconf 88' lang='lat' dir='ltr'>quam</span> <span class='ocrx_word' id='word_1_15' title='bbox 1565 444 1718 500; x_wconf 84' lang='lat' dir='ltr'>aliud</span> <span class='ocrx_word' id='word_1_16' title='bbox 1751 442 2061 516; x_wconf 81' lang='lat' dir='ltr'>quodcum-</span> 
     </span>
    </p>
   </div>
   <div class='ocr_carea' id='block_1_4' title="bbox 361 532 2061 606">
    <p class='ocr_par' dir='ltr' id='par_1_4' title="bbox 361 532 2061 606">
     <span class='ocr_line' id='line_1_4' title="bbox 361 532 2061 606; baseline -0.002 -18"><span class='ocrx_word' id='word_1_17' title='bbox 361 551 471 606; x_wconf 85' lang='lat' dir='ltr'>que</span> <span class='ocrx_word' id='word_1_18' title='bbox 503 534 768 589; x_wconf 81' lang='lat' dir='ltr'>adversus</span> <span class='ocrx_word' id='word_1_19' title='bbox 808 535 962 588; x_wconf 82' lang='lat' dir='ltr'>illam</span> <span class='ocrx_word' id='word_1_20' title='bbox 1005 539 1225 605; x_wconf 89' lang='lat' dir='ltr'>pestem</span> <span class='ocrx_word' id='word_1_21' title='bbox 1275 551 1304 588; x_wconf 88' lang='lat' dir='ltr'>a</span> <span class='ocrx_word' id='word_1_22' title='bbox 1353 551 1412 589; x_wconf 91' lang='lat' dir='ltr'>se</span> <span class='ocrx_word' id='word_1_23' title='bbox 1454 534 1670 589; x_wconf 89' lang='lat' dir='ltr'>editum</span> <span class='ocrx_word' id='word_1_24' title='bbox 1724 532 2061 605; x_wconf 88' lang='lat' dir='ltr'>proﬁteatur</span> 
     </span>
    </p>
   </div>
   <div class='ocr_carea' id='block_1_5' title="bbox 360 624 1382 693">
    <p class='ocr_par' dir='ltr' id='par_1_5' title="bbox 360 624 1382 693">
     <span class='ocr_line' id='line_1_5' title="bbox 360 624 1382 693; baseline -0.002 -14"><span class='ocrx_word' id='word_1_25' title='bbox 360 624 871 693; x_wconf 80' lang='lat' dir='ltr'>(Rectructalionum</span> <span class='ocrx_word' id='word_1_26' title='bbox 902 625 994 678; x_wconf 96' lang='lat' dir='ltr'>lib.</span> <span class='ocrx_word' id='word_1_27' title='bbox 1029 626 1082 689; x_wconf 79' lang='lat'>2,</span> <span class='ocrx_word' id='word_1_28' title='bbox 1115 639 1236 692; x_wconf 90' lang='lat' dir='ltr'>cap.</span> <span class='ocrx_word' id='word_1_29' title='bbox 1275 626 1382 690; x_wconf 87' lang='lat' dir='ltr'>lO).</span> 
     </span>
    </p>
   </div>
   <div class='ocr_carea' id='block_1_6' title="bbox 430 708 2058 781">
    <p class='ocr_par' dir='ltr' id='par_1_6' title="bbox 430 708 2058 781">
     <span class='ocr_line' id='line_1_6' title="bbox 430 708 2058 781; baseline -0.002 -14"><span class='ocrx_word' id='word_1_30' title='bbox 430 717 479 768; x_wconf 87' lang='grc'>6.</span> <span class='ocrx_word' id='word_1_31' title='bbox 509 712 762 767; x_wconf 80' lang='lat' dir='ltr'>Asterius</span> <span class='ocrx_word' id='word_1_32' title='bbox 792 712 1190 779; x_wconf 86' lang='lat' dir='ltr'>subdiaconus,</span> <span class='ocrx_word' id='word_1_33' title='bbox 1225 712 1316 766; x_wconf 90' lang='lat' dir='ltr'>cui</span> <span class='ocrx_word' id='word_1_34' title='bbox 1336 711 1550 766; x_wconf 80' lang='lat' dir='ltr'>litteras</span> <span class='ocrx_word' id='word_1_35' title='bbox 1571 711 1641 766; x_wconf 89' lang='lat' dir='ltr'>ad</span> <span class='ocrx_word' id='word_1_36' title='bbox 1670 708 2058 781; x_wconf 77' lang='lat' dir='ltr'>Augustinum</span> 
     </span>
    </p>
   </div>
   <div class='ocr_carea' id='block_1_7' title="bbox 360 799 2056 872">
    <p class='ocr_par' dir='ltr' id='par_1_7' title="bbox 360 799 2056 872">
     <span class='ocr_line' id='line_1_7' title="bbox 360 799 2056 872; baseline -0.002 -15"><span class='ocrx_word' id='word_1_37' title='bbox 360 805 552 872; x_wconf 89' lang='lat' dir='ltr'>(Epist.</span> <span class='ocrx_word' id='word_1_38' title='bbox 585 805 669 867; x_wconf 90' lang='lat'>68)</span> <span class='ocrx_word' id='word_1_39' title='bbox 694 819 807 856; x_wconf 90' lang='lat' dir='ltr'>una</span> <span class='ocrx_word' id='word_1_40' title='bbox 856 817 986 856; x_wconf 93' lang='lat' dir='ltr'>cum</span> <span class='ocrx_word' id='word_1_41' title='bbox 1020 801 1266 855; x_wconf 88' lang='lat' dir='ltr'>secunda</span> <span class='ocrx_word' id='word_1_42' title='bbox 1312 817 1415 854; x_wconf 90' lang='lat' dir='ltr'>sua</span> <span class='ocrx_word' id='word_1_43' title='bbox 1460 801 1727 855; x_wconf 89' lang='lat' dir='ltr'>adversus</span> <span class='ocrx_word' id='word_1_44' title='bbox 1782 799 2056 854; x_wconf 89' lang='lat' dir='ltr'>Ruﬁnum</span> 
     </span>
    </p>
   </div>
   <div class='ocr_carea' id='block_1_8' title="bbox 359 889 2055 962">
    <p class='ocr_par' dir='ltr' id='par_1_8' title="bbox 359 889 2055 962">
     <span class='ocr_line' id='line_1_8' title="bbox 359 889 2055 962; baseline -0.001 -18"><span class='ocrx_word' id='word_1_45' title='bbox 359 891 635 962; x_wconf 77' lang='lat' dir='ltr'>Apologia</span> <span class='ocrx_word' id='word_1_46' title='bbox 665 890 1032 961; x_wconf 85' lang='lat' dir='ltr'>perferendas</span> <span class='ocrx_word' id='word_1_47' title='bbox 1074 891 1456 960; x_wconf 84' lang='lat' dir='ltr'>Hieronymus</span> <span class='ocrx_word' id='word_1_48' title='bbox 1486 889 1740 958; x_wconf 89' lang='lat' dir='ltr'>dederat,</span> <span class='ocrx_word' id='word_1_49' title='bbox 1780 893 2055 956; x_wconf 86' lang='lat' dir='ltr'>extremo,</span> 
     </span>
    </p>
   </div>
   <div class='ocr_carea' id='block_1_9' title="bbox 361 978 2057 1051">
    <p class='ocr_par' dir='ltr' id='par_1_9' title="bbox 361 978 2057 1051">
     <span class='ocr_line' id='line_1_9' title="bbox 361 978 2057 1051; baseline -0.002 -17"><span class='ocrx_word' id='word_1_50' title='bbox 361 986 422 1035; x_wconf 89' lang='lat' dir='ltr'>ut</span> <span class='ocrx_word' id='word_1_51' title='bbox 452 981 682 1051; x_wconf 87' lang='lat' dir='ltr'>quidem</span> <span class='ocrx_word' id='word_1_52' title='bbox 714 979 955 1046; x_wconf 82' lang='lat' dir='ltr'>videtur,</span> <span class='ocrx_word' id='word_1_53' title='bbox 990 995 1138 1032; x_wconf 86' lang='lat' dir='ltr'>anno</span> <span class='ocrx_word' id='word_1_54' title='bbox 1171 978 1734 1050; x_wconf 81' lang='lat' dir='ltr'>quadringentesimo</span> <span class='ocrx_word' id='word_1_55' title='bbox 1781 978 1950 1032; x_wconf 88' lang='lat' dir='ltr'>tertio</span> <span class='ocrx_word' id='word_1_56' title='bbox 1998 978 2057 1031; x_wconf 91' lang='lat' dir='ltr'>in</span> 
     </span>
    </p>
   </div>
   <div class='ocr_carea' id='block_1_10' title="bbox 359 1066 2054 1138">
    <p class='ocr_par' dir='ltr' id='par_1_10' title="bbox 359 1066 2054 1138">
     <span class='ocr_line' id='line_1_10' title="bbox 359 1066 2054 1138; baseline 0.001 -18"><span class='ocrx_word' id='word_1_57' title='bbox 359 1067 603 1121; x_wconf 86' lang='lat' dir='ltr'>Africam</span> <span class='ocrx_word' id='word_1_58' title='bbox 629 1066 921 1138; x_wconf 86' lang='lat' dir='ltr'>pervenit:</span> <span class='ocrx_word' id='word_1_59' title='bbox 954 1083 1017 1120; x_wconf 89' lang='lat' dir='ltr'>ac</span> <span class='ocrx_word' id='word_1_60' title='bbox 1048 1082 1162 1120; x_wconf 92' lang='lat' dir='ltr'>nou</span> <span class='ocrx_word' id='word_1_61' title='bbox 1201 1068 1384 1122; x_wconf 90' lang='lat' dir='ltr'>multo</span> <span class='ocrx_word' id='word_1_62' title='bbox 1428 1071 1555 1138; x_wconf 90' lang='lat' dir='ltr'>post</span> <span class='ocrx_word' id='word_1_63' title='bbox 1597 1066 1804 1122; x_wconf 89' lang='lat' dir='ltr'>ascitus</span> <span class='ocrx_word' id='word_1_64' title='bbox 1852 1070 1936 1122; x_wconf 88' lang='lat' dir='ltr'>est</span> <span class='ocrx_word' id='word_1_65' title='bbox 1985 1066 2054 1121; x_wconf 90' lang='lat' dir='ltr'>ad</span> 
     </span>
    </p>
   </div>
   <div class='ocr_carea' id='block_1_11' title="bbox 358 1155 2053 1228">
    <p class='ocr_par' dir='ltr' id='par_1_11' title="bbox 358 1155 2053 1228">
     <span class='ocr_line' id='line_1_11' title="bbox 358 1155 2053 1228; baseline -0.001 -18"><span class='ocrx_word' id='word_1_66' title='bbox 358 1156 742 1228; x_wconf 87' lang='lat' dir='ltr'>episcopatum</span> <span class='ocrx_word' id='word_1_67' title='bbox 779 1157 972 1227; x_wconf 87' lang='lat' dir='ltr'>(Epist.</span> <span class='ocrx_word' id='word_1_68' title='bbox 1006 1157 1094 1222; x_wconf 80' lang='lat'>82,</span> <span class='ocrx_word' id='word_1_69' title='bbox 1127 1171 1181 1210; x_wconf 84' lang='grc' dir='ltr'>η.</span> <span class='ocrx_word' id='word_1_70' title='bbox 1229 1157 1294 1226; x_wconf 81' lang='grc'>1).</span> <span class='ocrx_word' id='word_1_71' title='bbox 1329 1157 1471 1210; x_wconf 92' lang='lat' dir='ltr'>Tum</span> <span class='ocrx_word' id='word_1_72' title='bbox 1515 1157 1747 1211; x_wconf 88' lang='lat' dir='ltr'>demum</span> <span class='ocrx_word' id='word_1_73' title='bbox 1794 1155 2053 1226; x_wconf 85' lang='lat' dir='ltr'>perlectis</span> 
     </span>
    </p>
   </div>
   <div class='ocr_carea' id='block_1_12' title="bbox 361 1244 2055 1316">
    <p class='ocr_par' dir='ltr' id='par_1_12' title="bbox 361 1244 2055 1316">
     <span class='ocr_line' id='line_1_12' title="bbox 361 1244 2055 1316; baseline -0.002 -16"><span class='ocrx_word' id='word_1_74' title='bbox 361 1244 688 1316; x_wconf 84' lang='lat' dir='ltr'>Hieronymi</span> <span class='ocrx_word' id='word_1_75' title='bbox 736 1245 960 1311; x_wconf 82' lang='lat' dir='ltr'>litteris,</span> <span class='ocrx_word' id='word_1_76' title='bbox 993 1245 1112 1315; x_wconf 85' lang='lat' dir='ltr'>ejus</span> <span class='ocrx_word' id='word_1_77' title='bbox 1143 1261 1176 1298; x_wconf 90' lang='lat' dir='ltr'>a</span> <span class='ocrx_word' id='word_1_78' title='bbox 1222 1261 1279 1298; x_wconf 91' lang='lat' dir='ltr'>se</span> <span class='ocrx_word' id='word_1_79' title='bbox 1302 1245 1372 1298; x_wconf 95' lang='lat' dir='ltr'>ob</span> <span class='ocrx_word' id='word_1_80' title='bbox 1407 1245 1707 1314; x_wconf 84' lang='lat' dir='ltr'>epistolam</span> <span class='ocrx_word' id='word_1_81' title='bbox 1737 1261 1920 1309; x_wconf 87' lang='lat' dir='ltr'>suam,</span> <span class='ocrx_word' id='word_1_82' title='bbox 1956 1261 2055 1298; x_wconf 88' lang='lat' dir='ltr'>cu-</span> 
     </span>
    </p>
   </div>
   <div class='ocr_carea' id='block_1_13' title="bbox 351 1333 2054 1406">
    <p class='ocr_par' dir='ltr' id='par_1_13' title="bbox 351 1333 2054 1406">
     <span class='ocr_line' id='line_1_13' title="bbox 351 1333 2054 1406; baseline -0.001 -18"><span class='ocrx_word' id='word_1_83' title='bbox 351 1335 446 1406; x_wconf 87' lang='lat' dir='ltr'>jus</span> <span class='ocrx_word' id='word_1_84' title='bbox 474 1334 702 1388; x_wconf 89' lang='lat' dir='ltr'>initium</span> <span class='ocrx_word' id='word_1_85' title='bbox 734 1338 836 1400; x_wconf 87' lang='lat' dir='ltr'>est,</span> <span class='ocrx_word' id='word_1_86' title='bbox 880 1335 1058 1388; x_wconf 85' lang='lat' dir='ltr'>Habeo</span> <span class='ocrx_word' id='word_1_87' title='bbox 1079 1336 1319 1400; x_wconf 81' lang='lat' dir='ltr'>gratiam</span> <span class='ocrx_word' id='word_1_88' title='bbox 1359 1333 1554 1404; x_wconf 80' lang='lat' dir='ltr'>(Epist.</span> <span class='ocrx_word' id='word_1_89' title='bbox 1608 1334 1720 1405; x_wconf 86' lang='grc'>40),</span> <span class='ocrx_word' id='word_1_90' title='bbox 1771 1333 2054 1388; x_wconf 87' lang='lat' dir='ltr'>abaliena-</span> 
     </span>
    </p>
   </div>
   <div class='ocr_carea' id='block_1_14' title="bbox 361 1421 2056 1494">
    <p class='ocr_par' dir='ltr' id='par_1_14' title="bbox 361 1421 2056 1494">
     <span class='ocr_line' id='line_1_14' title="bbox 361 1421 2056 1494; baseline -0.003 -14"><span class='ocrx_word' id='word_1_91' title='bbox 361 1430 479 1480; x_wconf 87' lang='lat' dir='ltr'>tum</span> <span class='ocrx_word' id='word_1_92' title='bbox 507 1423 765 1478; x_wconf 86' lang='lat' dir='ltr'>animum</span> <span class='ocrx_word' id='word_1_93' title='bbox 796 1423 1147 1493; x_wconf 89' lang='lat' dir='ltr'>Augustinus</span> <span class='ocrx_word' id='word_1_94' title='bbox 1170 1423 1464 1478; x_wconf 81' lang='lat' dir='ltr'>intellexit.</span> <span class='ocrx_word' id='word_1_95' title='bbox 1487 1423 1848 1494; x_wconf 87' lang='lat' dir='ltr'>Quapropter</span> <span class='ocrx_word' id='word_1_96' title='bbox 1870 1421 2056 1493; x_wconf 89' lang='lat' dir='ltr'>prima</span> 
     </span>
    </p>
   </div>
   <div class='ocr_carea' id='block_1_15' title="bbox 359 1511 2056 1584">
    <p class='ocr_par' dir='ltr' id='par_1_15' title="bbox 359 1511 2056 1584">
     <span class='ocr_line' id='line_1_15' title="bbox 359 1511 2056 1584; baseline -0.001 -16"><span class='ocrx_word' id='word_1_97' title='bbox 359 1514 490 1569; x_wconf 85' lang='lat' dir='ltr'>data</span> <span class='ocrx_word' id='word_1_98' title='bbox 521 1513 838 1581; x_wconf 87' lang='lat' dir='ltr'>occasione,</span> <span class='ocrx_word' id='word_1_99' title='bbox 869 1529 974 1582; x_wconf 89' lang='lat' dir='ltr'>per</span> <span class='ocrx_word' id='word_1_100' title='bbox 1004 1512 1286 1582; x_wconf 88' lang='lat' dir='ltr'>quosdam</span> <span class='ocrx_word' id='word_1_101' title='bbox 1308 1529 1372 1566; x_wconf 92' lang='lat' dir='ltr'>ex</span> <span class='ocrx_word' id='word_1_102' title='bbox 1403 1511 1622 1578; x_wconf 86' lang='lat' dir='ltr'>amicis,</span> <span class='ocrx_word' id='word_1_103' title='bbox 1659 1512 1865 1584; x_wconf 88' lang='lat' dir='ltr'>quibus</span> <span class='ocrx_word' id='word_1_104' title='bbox 1906 1528 2056 1566; x_wconf 85' lang='lat' dir='ltr'>anno</span> 
     </span>
    </p>
   </div>
   <div class='ocr_carea' id='block_1_16' title="bbox 357 1600 2062 1673">
    <p class='ocr_par' dir='ltr' id='par_1_16' title="bbox 357 1600 2062 1673">
     <span class='ocr_line' id='line_1_16' title="bbox 357 1600 2062 1673; baseline -0.001 -17"><span class='ocrx_word' id='word_1_105' title='bbox 357 1603 502 1656; x_wconf 81' lang='lat' dir='ltr'>forte</span> <span class='ocrx_word' id='word_1_106' title='bbox 543 1601 1107 1673; x_wconf 74' lang='lat' dir='ltr'>quadringentesimo</span> <span class='ocrx_word' id='word_1_107' title='bbox 1166 1606 1368 1672; x_wconf 90' lang='lat' dir='ltr'>quarto</span> <span class='ocrx_word' id='word_1_108' title='bbox 1427 1600 1486 1655; x_wconf 92' lang='lat' dir='ltr'>in</span> <span class='ocrx_word' id='word_1_109' title='bbox 1543 1601 1902 1656; x_wconf 65' lang='lat' dir='ltr'>Palaestinam</span> <span class='ocrx_word' id='word_1_110' title='bbox 1953 1600 2062 1655; x_wconf 89' lang='lat' dir='ltr'>iter</span> 
     </span>
    </p>
   </div>
   <div class='ocr_carea' id='block_1_17' title="bbox 358 1689 2059 1762">
    <p class='ocr_par' dir='ltr' id='par_1_17' title="bbox 358 1689 2059 1762">
     <span class='ocr_line' id='line_1_17' title="bbox 358 1689 2059 1762; baseline -0.002 -16"><span class='ocrx_word' id='word_1_111' title='bbox 358 1695 500 1760; x_wconf 87' lang='lat' dir='ltr'>erat,</span> <span class='ocrx_word' id='word_1_112' title='bbox 534 1691 750 1745; x_wconf 86' lang='lat' dir='ltr'>litteras</span> <span class='ocrx_word' id='word_1_113' title='bbox 777 1690 828 1744; x_wconf 94' lang='lat' dir='ltr'>ei</span> <span class='ocrx_word' id='word_1_114' title='bbox 867 1689 1227 1744; x_wconf 89' lang='lat' dir='ltr'>demissionis</span> <span class='ocrx_word' id='word_1_115' title='bbox 1271 1706 1335 1744; x_wconf 90' lang='lat' dir='ltr'>ac</span> <span class='ocrx_word' id='word_1_116' title='bbox 1379 1690 1791 1744; x_wconf 63' lang='lat' dir='ltr'>benevolentia:</span> <span class='ocrx_word' id='word_1_117' title='bbox 1837 1691 2059 1762; x_wconf 85' lang='lat' dir='ltr'>plenas,</span> 
     </span>
    </p>
   </div>
   <div class='ocr_carea' id='block_1_18' title="bbox 358 1778 2056 1852">
    <p class='ocr_par' dir='ltr' id='par_1_18' title="bbox 358 1778 2056 1852">
     <span class='ocr_line' id='line_1_18' title="bbox 358 1778 2056 1852; baseline 0 -18"><span class='ocrx_word' id='word_1_118' title='bbox 358 1780 565 1852; x_wconf 89' lang='lat' dir='ltr'>quibus</span> <span class='ocrx_word' id='word_1_119' title='bbox 596 1780 850 1850; x_wconf 86' lang='lat' dir='ltr'>ejusdem</span> <span class='ocrx_word' id='word_1_120' title='bbox 883 1779 1138 1833; x_wconf 88' lang='lat' dir='ltr'>animum</span> <span class='ocrx_word' id='word_1_121' title='bbox 1170 1779 1538 1846; x_wconf 89' lang='lat' dir='ltr'>demulceret,</span> <span class='ocrx_word' id='word_1_122' title='bbox 1588 1778 1813 1849; x_wconf 86' lang='lat' dir='ltr'>scripsit</span> <span class='ocrx_word' id='word_1_123' title='bbox 1862 1780 2056 1849; x_wconf 83' lang='lat' dir='ltr'>(Epist.</span> 
     </span>
    </p>
   </div>
   <div class='ocr_carea' id='block_1_19' title="bbox 355 1867 2060 1939">
    <p class='ocr_par' dir='ltr' id='par_1_19' title="bbox 355 1867 2060 1939">
     <span class='ocr_line' id='line_1_19' title="bbox 355 1867 2060 1939; baseline -0.002 -16"><span class='ocrx_word' id='word_1_124' title='bbox 355 1869 466 1939; x_wconf 88' lang='lat'>’73).</span> <span class='ocrx_word' id='word_1_125' title='bbox 502 1871 563 1922; x_wconf 93' lang='lat' dir='ltr'>In</span> <span class='ocrx_word' id='word_1_126' title='bbox 593 1869 680 1923; x_wconf 89' lang='lat' dir='ltr'>his</span> <span class='ocrx_word' id='word_1_127' title='bbox 709 1869 778 1922; x_wconf 91' lang='lat' dir='ltr'>de</span> <span class='ocrx_word' id='word_1_128' title='bbox 817 1869 1126 1934; x_wconf 88' lang='lat' dir='ltr'>simultate,</span> <span class='ocrx_word' id='word_1_129' title='bbox 1161 1883 1274 1938; x_wconf 89' lang='lat' dir='ltr'>qua</span> <span class='ocrx_word' id='word_1_130' title='bbox 1307 1867 1686 1938; x_wconf 84' lang='lat' dir='ltr'>Hieronymus</span> <span class='ocrx_word' id='word_1_131' title='bbox 1718 1883 1781 1921; x_wconf 91' lang='lat' dir='ltr'>ac</span> <span class='ocrx_word' id='word_1_132' title='bbox 1821 1867 2060 1921; x_wconf 90' lang='lat' dir='ltr'>Ruﬁnus</span> 
     </span>
    </p>
   </div>
   <div class='ocr_carea' id='block_1_20' title="bbox 356 1955 2057 2028">
    <p class='ocr_par' dir='ltr' id='par_1_20' title="bbox 356 1955 2057 2028">
     <span class='ocr_line' id='line_1_20' title="bbox 356 1955 2057 2028; baseline -0.001 -17"><span class='ocrx_word' id='word_1_133' title='bbox 356 1957 507 2011; x_wconf 91' lang='lat' dir='ltr'>inter</span> <span class='ocrx_word' id='word_1_134' title='bbox 535 1975 592 2012; x_wconf 93' lang='lat' dir='ltr'>se</span> <span class='ocrx_word' id='word_1_135' title='bbox 620 1957 990 2026; x_wconf 85' lang='lat' dir='ltr'>dissidebant,</span> <span class='ocrx_word' id='word_1_136' title='bbox 1023 1955 1233 2010; x_wconf 89' lang='lat' dir='ltr'>mirum</span> <span class='ocrx_word' id='word_1_137' title='bbox 1265 1955 1324 2010; x_wconf 90' lang='lat' dir='ltr'>in</span> <span class='ocrx_word' id='word_1_138' title='bbox 1353 1956 1588 2010; x_wconf 91' lang='lat' dir='ltr'>modum</span> <span class='ocrx_word' id='word_1_139' title='bbox 1627 1955 1899 2028; x_wconf 88' lang='lat' dir='ltr'>loquitur.</span> <span class='ocrx_word' id='word_1_140' title='bbox 1934 1957 2057 2010; x_wconf 81' lang='lat' dir='ltr'>Non</span> 
     </span>
    </p>
   </div>
   <div class='ocr_carea' id='block_1_21' title="bbox 357 2045 2056 2117">
    <p class='ocr_par' dir='ltr' id='par_1_21' title="bbox 357 2045 2056 2117">
     <span class='ocr_line' id='line_1_21' title="bbox 357 2045 2056 2117; baseline 0 -17"><span class='ocrx_word' id='word_1_141' title='bbox 357 2050 578 2100; x_wconf 90' lang='lat' dir='ltr'>tantum</span> <span class='ocrx_word' id='word_1_142' title='bbox 605 2045 711 2100; x_wconf 86' lang='lat' dir='ltr'>sibi</span> <span class='ocrx_word' id='word_1_143' title='bbox 743 2050 986 2116; x_wconf 87' lang='lat' dir='ltr'>arrogat,</span> <span class='ocrx_word' id='word_1_144' title='bbox 1016 2045 1155 2099; x_wconf 91' lang='lat' dir='ltr'>utin</span> <span class='ocrx_word' id='word_1_145' title='bbox 1187 2046 1525 2100; x_wconf 89' lang='lat' dir='ltr'>alterutrum</span> <span class='ocrx_word' id='word_1_146' title='bbox 1553 2045 1896 2100; x_wconf 89' lang='lat' dir='ltr'>sententiam</span> <span class='ocrx_word' id='word_1_147' title='bbox 1924 2062 2056 2117; x_wconf 85' lang='lat' dir='ltr'>pro-</span> 
     </span>
    </p>
   </div>
   <div class='ocr_carea' id='block_1_22' title="bbox 357 2133 2052 2207">
    <p class='ocr_par' dir='ltr' id='par_1_22' title="bbox 357 2133 2052 2207">
     <span class='ocr_line' id='line_1_22' title="bbox 357 2133 2052 2207; baseline 0.001 -20"><span class='ocrx_word' id='word_1_148' title='bbox 357 2135 620 2188; x_wconf 89' lang='lat' dir='ltr'>nuntiet:</span> <span class='ocrx_word' id='word_1_149' title='bbox 653 2138 876 2189; x_wconf 89' lang='lat' dir='ltr'>tantum</span> <span class='ocrx_word' id='word_1_150' title='bbox 917 2133 977 2188; x_wconf 90' lang='lat' dir='ltr'>in</span> <span class='ocrx_word' id='word_1_151' title='bbox 1008 2133 1306 2206; x_wconf 90' lang='lat' dir='ltr'>utriusque</span> <span class='ocrx_word' id='word_1_152' title='bbox 1325 2134 1690 2206; x_wconf 71' lang='lat' dir='ltr'>praesentiam</span> <span class='ocrx_word' id='word_1_153' title='bbox 1739 2135 2052 2207; x_wconf 87' lang='lat' dir='ltr'>suspirans,</span> 
     </span>
    </p>
   </div>
   <div class='ocr_carea' id='block_1_23' title="bbox 356 2221 2054 2294">
    <p class='ocr_par' dir='ltr' id='par_1_23' title="bbox 356 2221 2054 2294">
     <span class='ocr_line' id='line_1_23' title="bbox 356 2221 2054 2294; baseline 0.001 -18"><span class='ocrx_word' id='word_1_154' title='bbox 356 2223 604 2277; x_wconf 83' lang='lat' dir='ltr'>declarat</span> <span class='ocrx_word' id='word_1_155' title='bbox 633 2223 767 2294; x_wconf 92' lang='lat' dir='ltr'>quid</span> <span class='ocrx_word' id='word_1_156' title='bbox 801 2222 968 2288; x_wconf 80' lang='lat' dir='ltr'>forte,</span> <span class='ocrx_word' id='word_1_157' title='bbox 1001 2221 1048 2276; x_wconf 91' lang='lat' dir='ltr'>si</span> <span class='ocrx_word' id='word_1_158' title='bbox 1077 2222 1199 2276; x_wconf 73' lang='lat' dir='ltr'>hazc</span> <span class='ocrx_word' id='word_1_159' title='bbox 1237 2221 1344 2276; x_wconf 91' lang='lat' dir='ltr'>sibi</span> <span class='ocrx_word' id='word_1_160' title='bbox 1377 2222 1628 2290; x_wconf 90' lang='lat' dir='ltr'>daretur,</span> <span class='ocrx_word' id='word_1_161' title='bbox 1671 2227 1865 2293; x_wconf 88' lang='lat' dir='ltr'>ageret</span> <span class='ocrx_word' id='word_1_162' title='bbox 1903 2222 2054 2277; x_wconf 89' lang='lat' dir='ltr'>dice—</span> 
     </span>
    </p>
   </div>
   <div class='ocr_carea' id='block_1_24' title="bbox 365 2312 2051 2384">
    <p class='ocr_par' dir='ltr' id='par_1_24' title="bbox 365 2312 2051 2384">
     <span class='ocr_line' id='line_1_24' title="bbox 365 2312 2051 2384; baseline 0 -18"><span class='ocrx_word' id='word_1_163' title='bbox 365 2317 535 2380; x_wconf 87' lang='lat' dir='ltr'>retve,</span> <span class='ocrx_word' id='word_1_164' title='bbox 565 2329 679 2384; x_wconf 93' lang='lat' dir='ltr'>quo</span> <span class='ocrx_word' id='word_1_165' title='bbox 711 2329 807 2366; x_wconf 93' lang='lat' dir='ltr'>eos</span> <span class='ocrx_word' id='word_1_166' title='bbox 864 2313 924 2366; x_wconf 92' lang='lat' dir='ltr'>in</span> <span class='ocrx_word' id='word_1_167' title='bbox 973 2312 1332 2367; x_wconf 87' lang='lat' dir='ltr'>concordiam</span> <span class='ocrx_word' id='word_1_168' title='bbox 1376 2329 1636 2367; x_wconf 88' lang='lat' dir='ltr'>revocare</span> <span class='ocrx_word' id='word_1_169' title='bbox 1689 2312 1795 2367; x_wconf 88' lang='lat' dir='ltr'>sibi</span> <span class='ocrx_word' id='word_1_170' title='bbox 1837 2312 2051 2367; x_wconf 89' lang='lat' dir='ltr'>liceret.</span> 
     </span>
    </p>
   </div>
   <div class='ocr_carea' id='block_1_25' title="bbox 357 2399 2056 2471">
    <p class='ocr_par' dir='ltr' id='par_1_25' title="bbox 357 2399 2056 2471">
     <span class='ocr_line' id='line_1_25' title="bbox 357 2399 2056 2471; baseline 0 -18"><span class='ocrx_word' id='word_1_171' title='bbox 357 2403 496 2466; x_wconf 69' lang='lat' dir='ltr'>Quae</span> <span class='ocrx_word' id='word_1_172' title='bbox 534 2404 726 2455; x_wconf 86' lang='lat' dir='ltr'>tamen</span> <span class='ocrx_word' id='word_1_173' title='bbox 769 2401 835 2455; x_wconf 88' lang='lat' dir='ltr'>ad</span> <span class='ocrx_word' id='word_1_174' title='bbox 868 2417 926 2455; x_wconf 90' lang='lat' dir='ltr'>se</span> <span class='ocrx_word' id='word_1_175' title='bbox 972 2400 1032 2454; x_wconf 90' lang='lat' dir='ltr'>in</span> <span class='ocrx_word' id='word_1_176' title='bbox 1078 2400 1185 2454; x_wconf 91' lang='lat' dir='ltr'>hoc</span> <span class='ocrx_word' id='word_1_177' title='bbox 1228 2403 1630 2471; x_wconf 86' lang='lat' dir='ltr'>argumentum</span> <span class='ocrx_word' id='word_1_178' title='bbox 1680 2399 2056 2470; x_wconf 73' lang='lat' dir='ltr'>Hieronymus</span> 
     </span>
    </p>
   </div>
   <div class='ocr_carea' id='block_1_26' title="bbox 358 2487 2056 2560">
    <p class='ocr_par' dir='ltr' id='par_1_26' title="bbox 358 2487 2056 2560">
     <span class='ocr_line' id='line_1_26' title="bbox 358 2487 2056 2560; baseline -0.002 -16"><span class='ocrx_word' id='word_1_179' title='bbox 358 2489 775 2559; x_wconf 87' lang='lat' dir='ltr'>transmiserat,</span> <span class='ocrx_word' id='word_1_180' title='bbox 818 2489 991 2560; x_wconf 86' lang='lat' dir='ltr'>legit:</span> <span class='ocrx_word' id='word_1_181' title='bbox 1035 2488 1188 2560; x_wconf 91' lang='lat' dir='ltr'>quod</span> <span class='ocrx_word' id='word_1_182' title='bbox 1219 2504 1352 2542; x_wconf 86' lang='lat' dir='ltr'>vero</span> <span class='ocrx_word' id='word_1_183' title='bbox 1395 2489 1462 2544; x_wconf 89' lang='lat' dir='ltr'>ad</span> <span class='ocrx_word' id='word_1_184' title='bbox 1501 2488 1708 2560; x_wconf 87' lang='lat' dir='ltr'>scripta</span> <span class='ocrx_word' id='word_1_185' title='bbox 1759 2487 1950 2543; x_wconf 88' lang='lat' dir='ltr'>Ruﬁni</span> <span class='ocrx_word' id='word_1_186' title='bbox 1995 2488 2056 2541; x_wconf 93' lang='lat' dir='ltr'>in</span> 
     </span>
    </p>
   </div>
   <div class='ocr_carea' id='block_1_27' title="bbox 307 2565 2056 2650">
    <p class='ocr_par' dir='ltr' id='par_1_27' title="bbox 307 2565 2056 2650">
     <span class='ocr_line' id='line_1_27' title="bbox 307 2565 2056 2650; baseline -0.002 -16"><span class='ocrx_word' id='word_1_187' title='bbox 307 2565 312 2570; x_wconf 55' lang='grc'><strong>’</strong></span> <span class='ocrx_word' id='word_1_188' title='bbox 359 2578 790 2650; x_wconf 69' lang='lat' dir='ltr'>Hieronymum,</span> <span class='ocrx_word' id='word_1_189' title='bbox 823 2577 1083 2650; x_wconf 88' lang='lat' dir='ltr'>quamvis</span> <span class='ocrx_word' id='word_1_190' title='bbox 1115 2577 1174 2632; x_wconf 92' lang='lat' dir='ltr'>in</span> <span class='ocrx_word' id='word_1_191' title='bbox 1212 2577 1459 2633; x_wconf 88' lang='lat' dir='ltr'>Africam</span> <span class='ocrx_word' id='word_1_192' title='bbox 1509 2578 1697 2633; x_wconf 88' lang='lat' dir='ltr'>delata</span> <span class='ocrx_word' id='word_1_193' title='bbox 1740 2582 1946 2642; x_wconf 91' lang='lat' dir='ltr'>essent,</span> <span class='ocrx_word' id='word_1_194' title='bbox 1998 2594 2056 2632; x_wconf 89' lang='lat' dir='ltr'>se</span> 
     </span>
    </p>
   </div>
   <div class='ocr_carea' id='block_1_28' title="bbox 359 2666 2056 2741">
    <p class='ocr_par' dir='ltr' id='par_1_28' title="bbox 359 2666 2056 2741">
     <span class='ocr_line' id='line_1_28' title="bbox 359 2666 2056 2741; baseline -0.002 -18"><span class='ocrx_word' id='word_1_195' title='bbox 359 2685 671 2741; x_wconf 89' lang='lat' dir='ltr'>numquam</span> <span class='ocrx_word' id='word_1_196' title='bbox 705 2685 771 2722; x_wconf 89' lang='lat' dir='ltr'>ea</span> <span class='ocrx_word' id='word_1_197' title='bbox 802 2667 1094 2734; x_wconf 80' lang='lat' dir='ltr'>evolvisse,</span> <span class='ocrx_word' id='word_1_198' title='bbox 1130 2666 1246 2722; x_wconf 91' lang='lat' dir='ltr'>imo</span> <span class='ocrx_word' id='word_1_199' title='bbox 1288 2684 1392 2722; x_wconf 93' lang='lat' dir='ltr'>nec</span> <span class='ocrx_word' id='word_1_200' title='bbox 1440 2684 1626 2735; x_wconf 91' lang='lat' dir='ltr'>nosse,</span> <span class='ocrx_word' id='word_1_201' title='bbox 1661 2667 1795 2721; x_wconf 89' lang='lat' dir='ltr'>satis</span> <span class='ocrx_word' id='word_1_202' title='bbox 1839 2666 2056 2738; x_wconf 90' lang='lat' dir='ltr'>liquido</span> 
     </span>
    </p>
   </div>
   <div class='ocr_carea' id='block_1_29' title="bbox 357 2756 2056 2829">
    <p class='ocr_par' dir='ltr' id='par_1_29' title="bbox 357 2756 2056 2829">
     <span class='ocr_line' id='line_1_29' title="bbox 357 2756 2056 2829; baseline -0.002 -16"><span class='ocrx_word' id='word_1_203' title='bbox 357 2759 656 2829; x_wconf 87' lang='lat' dir='ltr'>signiﬁcat.</span> <span class='ocrx_word' id='word_1_204' title='bbox 706 2757 1044 2812; x_wconf 63' lang='lat' dir='ltr'>Praesidium</span> <span class='ocrx_word' id='word_1_205' title='bbox 1084 2757 1434 2828; x_wconf 86' lang='lat' dir='ltr'>episcopum,</span> <span class='ocrx_word' id='word_1_206' title='bbox 1471 2774 1642 2828; x_wconf 88' lang='lat' dir='ltr'>quem</span> <span class='ocrx_word' id='word_1_207' title='bbox 1689 2756 1740 2810; x_wconf 89' lang='lat' dir='ltr'>ei</span> <span class='ocrx_word' id='word_1_208' title='bbox 1767 2756 2056 2828; x_wconf 85' lang='lat' dir='ltr'>quondam</span> 
     </span>
    </p>
   </div>
   <div class='ocr_carea' id='block_1_30' title="bbox 358 2845 2056 2918">
    <p class='ocr_par' dir='ltr' id='par_1_30' title="bbox 358 2845 2056 2918">
     <span class='ocr_line' id='line_1_30' title="bbox 358 2845 2056 2918; baseline -0.002 -15"><span class='ocrx_word' id='word_1_209' title='bbox 358 2848 737 2918; x_wconf 81' lang='lat' dir='ltr'>Hieronymus</span> <span class='ocrx_word' id='word_1_210' title='bbox 765 2851 1038 2918; x_wconf 87' lang='lat' dir='ltr'>tanquam</span> <span class='ocrx_word' id='word_1_211' title='bbox 1061 2845 1335 2918; x_wconf 82' lang='lat' dir='ltr'>singulari</span> <span class='ocrx_word' id='word_1_212' title='bbox 1356 2846 1772 2901; x_wconf 85' lang='lat' dir='ltr'>necessitudine</span> <span class='ocrx_word' id='word_1_213' title='bbox 1796 2845 1902 2900; x_wconf 86' lang='lat' dir='ltr'>sibi</span> <span class='ocrx_word' id='word_1_214' title='bbox 1930 2863 2056 2899; x_wconf 86' lang='lat' dir='ltr'>con-</span> 
     </span>
    </p>
   </div>
   <div class='ocr_carea' id='block_1_31' title="bbox 353 2936 2055 3009">
    <p class='ocr_par' dir='ltr' id='par_1_31' title="bbox 353 2936 2055 3009">
     <span class='ocr_line' id='line_1_31' title="bbox 353 2936 2055 3009; baseline -0.001 -18"><span class='ocrx_word' id='word_1_215' title='bbox 353 2939 617 3009; x_wconf 88' lang='lat' dir='ltr'>junctum</span> <span class='ocrx_word' id='word_1_216' title='bbox 645 2938 1077 2992; x_wconf 85' lang='lat' dir='ltr'>commendarat</span> <span class='ocrx_word' id='word_1_217' title='bbox 1108 2937 1370 3007; x_wconf 82' lang='lat' dir='ltr'>(Hieron.,</span> <span class='ocrx_word' id='word_1_218' title='bbox 1399 2937 1550 3008; x_wconf 87' lang='lat' dir='ltr'>apud</span> <span class='ocrx_word' id='word_1_219' title='bbox 1583 2936 1728 3006; x_wconf 84' lang='lat' dir='ltr'>Aug.</span> <span class='ocrx_word' id='word_1_220' title='bbox 1761 2939 1939 3006; x_wconf 87' lang='lat' dir='ltr'>Epist.</span> <span class='ocrx_word' id='word_1_221' title='bbox 1968 2939 2055 3003; x_wconf 87' lang='lat'>39,</span> 
     </span>
    </p>
   </div>
   <div class='ocr_carea' id='block_1_32' title="bbox 357 3023 2056 3097">
    <p class='ocr_par' dir='ltr' id='par_1_32' title="bbox 357 3023 2056 3097">
     <span class='ocr_line' id='line_1_32' title="bbox 357 3023 2056 3097; baseline -0.002 -15"><span class='ocrx_word' id='word_1_222' title='bbox 357 3043 414 3082; x_wconf 85' lang='grc' dir='ltr'><strong>η.</strong></span> <span class='ocrx_word' id='word_1_223' title='bbox 454 3026 529 3097; x_wconf 80' lang='grc'>1),</span> <span class='ocrx_word' id='word_1_224' title='bbox 563 3025 750 3080; x_wconf 77' lang='lat' dir='ltr'>verbis</span> <span class='ocrx_word' id='word_1_225' title='bbox 800 3026 1002 3092; x_wconf 83' lang='lat' dir='ltr'>oravit,</span> <span class='ocrx_word' id='word_1_226' title='bbox 1049 3029 1112 3079; x_wconf 86' lang='lat' dir='ltr'>ut</span> <span class='ocrx_word' id='word_1_227' title='bbox 1166 3025 1463 3096; x_wconf 89' lang='lat' dir='ltr'>epistolam</span> <span class='ocrx_word' id='word_1_228' title='bbox 1517 3043 1678 3080; x_wconf 85' lang='lat' dir='ltr'>suam</span> <span class='ocrx_word' id='word_1_229' title='bbox 1728 3027 1922 3095; x_wconf 83' lang='lat' dir='ltr'>(Epist.</span> <span class='ocrx_word' id='word_1_230' title='bbox 1966 3023 2056 3096; x_wconf 79' lang='grc'>74)</span> 
     </span>
    </p>
   </div>
   <div class='ocr_carea' id='block_1_33' title="bbox 365 3113 2060 3186">
    <p class='ocr_par' dir='ltr' id='par_1_33' title="bbox 365 3113 2060 3186">
     <span class='ocr_line' id='line_1_33' title="bbox 365 3113 2060 3186; baseline -0.001 -17"><span class='ocrx_word' id='word_1_231' title='bbox 365 3114 551 3169; x_wconf 89' lang='lat' dir='ltr'>eidem</span> <span class='ocrx_word' id='word_1_232' title='bbox 583 3113 928 3184; x_wconf 71' lang='lat' dir='ltr'>Hieronymo</span> <span class='ocrx_word' id='word_1_233' title='bbox 957 3113 1321 3168; x_wconf 82' lang='lat' dir='ltr'>deferendam</span> <span class='ocrx_word' id='word_1_234' title='bbox 1353 3119 1593 3181; x_wconf 89' lang='lat' dir='ltr'>curaret,</span> <span class='ocrx_word' id='word_1_235' title='bbox 1643 3114 1922 3186; x_wconf 90' lang='lat' dir='ltr'>illumque</span> <span class='ocrx_word' id='word_1_236' title='bbox 1963 3115 2060 3168; x_wconf 89' lang='lat' dir='ltr'>ad-</span> 
     </span>
    </p>
   </div>
   <div class='ocr_carea' id='block_1_34' title="bbox 360 3201 2058 3273">
    <p class='ocr_par' dir='ltr' id='par_1_34' title="bbox 360 3201 2058 3273">
     <span class='ocr_line' id='line_1_34' title="bbox 360 3201 2058 3273; baseline -0.001 -16"><span class='ocrx_word' id='word_1_237' title='bbox 360 3203 490 3258; x_wconf 91' lang='lat' dir='ltr'>ditis</span> <span class='ocrx_word' id='word_1_238' title='bbox 525 3201 648 3255; x_wconf 87' lang='lat' dir='ltr'>aliis</span> <span class='ocrx_word' id='word_1_239' title='bbox 676 3201 882 3256; x_wconf 84' lang='lat' dir='ltr'>litteris</span> <span class='ocrx_word' id='word_1_240' title='bbox 908 3207 1256 3272; x_wconf 87' lang='lat' dir='ltr'>precaretur,</span> <span class='ocrx_word' id='word_1_241' title='bbox 1291 3207 1352 3256; x_wconf 93' lang='lat' dir='ltr'>ut</span> <span class='ocrx_word' id='word_1_242' title='bbox 1382 3203 1503 3273; x_wconf 83' lang='lat' dir='ltr'>ejus</span> <span class='ocrx_word' id='word_1_243' title='bbox 1531 3203 1917 3257; x_wconf 80' lang='lat' dir='ltr'>excusationes</span> <span class='ocrx_word' id='word_1_244' title='bbox 1957 3203 2058 3256; x_wconf 84' lang='lat' dir='ltr'>ad-</span> 
     </span>
    </p>
   </div>
   <div class='ocr_carea' id='block_1_35' title="bbox 358 3290 2050 3362">
    <p class='ocr_par' dir='ltr' id='par_1_35' title="bbox 358 3290 2050 3362">
     <span class='ocr_line' id='line_1_35' title="bbox 358 3290 2050 3362; baseline 0 -18"><span class='ocrx_word' id='word_1_245' title='bbox 358 3291 630 3344; x_wconf 88' lang='lat' dir='ltr'>mitteret.</span> <span class='ocrx_word' id='word_1_246' title='bbox 666 3290 750 3343; x_wconf 88' lang='lat' dir='ltr'>Ad</span> <span class='ocrx_word' id='word_1_247' title='bbox 789 3290 1052 3344; x_wconf 91' lang='lat' dir='ltr'>eumdem</span> <span class='ocrx_word' id='word_1_248' title='bbox 1107 3290 1440 3345; x_wconf 64' lang='lat' dir='ltr'>Praesidium</span> <span class='ocrx_word' id='word_1_249' title='bbox 1473 3296 1669 3360; x_wconf 90' lang='lat' dir='ltr'>postea</span> <span class='ocrx_word' id='word_1_250' title='bbox 1717 3291 2050 3362; x_wconf 82' lang='lat' dir='ltr'>Hieronymi</span> 
     </span>
    </p>
   </div>
   <div class='ocr_carea' id='block_1_36' title="bbox 356 3377 2054 3449">
    <p class='ocr_par' dir='ltr' id='par_1_36' title="bbox 356 3377 2054 3449">
     <span class='ocr_line' id='line_1_36' title="bbox 356 3377 2054 3449; baseline -0.002 -16"><span class='ocrx_word' id='word_1_251' title='bbox 356 3377 659 3448; x_wconf 80' lang='lat' dir='ltr'>epistolam</span> <span class='ocrx_word' id='word_1_252' title='bbox 691 3393 821 3431; x_wconf 93' lang='lat' dir='ltr'>cum</span> <span class='ocrx_word' id='word_1_253' title='bbox 847 3394 963 3431; x_wconf 66' lang='lat' dir='ltr'>suae</span> <span class='ocrx_word' id='word_1_254' title='bbox 1004 3378 1262 3449; x_wconf 87' lang='lat' dir='ltr'>exemplo</span> <span class='ocrx_word' id='word_1_255' title='bbox 1293 3377 1466 3442; x_wconf 88' lang='lat' dir='ltr'>misit,</span> <span class='ocrx_word' id='word_1_256' title='bbox 1500 3380 1561 3431; x_wconf 92' lang='lat' dir='ltr'>ut</span> <span class='ocrx_word' id='word_1_257' title='bbox 1590 3393 1702 3448; x_wconf 88' lang='lat' dir='ltr'>qua</span> <span class='ocrx_word' id='word_1_258' title='bbox 1729 3379 1944 3431; x_wconf 82' lang='lat' dir='ltr'>ratione</span> <span class='ocrx_word' id='word_1_259' title='bbox 1984 3378 2054 3431; x_wconf 87' lang='lat' dir='ltr'>ad</span> 
     </span>
    </p>
   </div>
   <div class='ocr_carea' id='block_1_37' title="bbox 357 3463 2062 3538">
    <p class='ocr_par' dir='ltr' id='par_1_37' title="bbox 357 3463 2062 3538">
     <span class='ocr_line' id='line_1_37' title="bbox 357 3463 2062 3538; baseline -0.001 -19"><span class='ocrx_word' id='word_1_260' title='bbox 357 3469 616 3520; x_wconf 89' lang='lat' dir='ltr'>sanctum</span> <span class='ocrx_word' id='word_1_261' title='bbox 647 3464 811 3519; x_wconf 88' lang='lat' dir='ltr'>illum</span> <span class='ocrx_word' id='word_1_262' title='bbox 839 3464 1238 3538; x_wconf 87' lang='lat' dir='ltr'>presbyterum</span> <span class='ocrx_word' id='word_1_263' title='bbox 1267 3463 1512 3520; x_wconf 89' lang='lat' dir='ltr'>scribere</span> <span class='ocrx_word' id='word_1_264' title='bbox 1559 3465 1810 3532; x_wconf 88' lang='lat' dir='ltr'>deberet,</span> <span class='ocrx_word' id='word_1_265' title='bbox 1841 3464 2062 3519; x_wconf 86' lang='lat' dir='ltr'>facilius</span> 
     </span>
    </p>
   </div>
   <div class='ocr_carea' id='block_1_38' title="bbox 1559 228 3862 291">
    <p class='ocr_par' dir='ltr' id='par_1_38' title="bbox 1559 228 3862 291">
     <span class='ocr_line' id='line_1_38' title="bbox 1559 228 3862 291; baseline 0.001 -3"><span class='ocrx_word' id='word_1_266' title='bbox 1559 231 1733 288; x_wconf 85' lang='lat' dir='ltr'>VITA</span> <span class='ocrx_word' id='word_1_267' title='bbox 1787 231 1841 286; x_wconf 92' lang='lat' dir='ltr'>S.</span> <span class='ocrx_word' id='word_1_268' title='bbox 1884 228 2269 290; x_wconf 86' lang='lat' dir='ltr'>AUGUSTINI</span> <span class='ocrx_word' id='word_1_269' title='bbox 2328 231 2665 288; x_wconf 90' lang='lat' dir='ltr'>EPISCOPI.</span> <span class='ocrx_word' id='word_1_270' title='bbox 3768 237 3862 291; x_wconf 71' lang='grc'>348</span> 
     </span>
    </p>
   </div>
   <div class='ocr_carea' id='block_1_39' title="bbox 2172 353 3866 427">
    <p class='ocr_par' dir='ltr' id='par_1_39' title="bbox 2172 353 3866 427">
     <span class='ocr_line' id='line_1_39' title="bbox 2172 353 3866 427; baseline 0.004 -22"><span class='ocrx_word' id='word_1_271' title='bbox 2172 357 2394 408; x_wconf 89' lang='lat' dir='ltr'>nosset:</span> <span class='ocrx_word' id='word_1_272' title='bbox 2427 354 2581 410; x_wconf 91' lang='lat' dir='ltr'>hunc</span> <span class='ocrx_word' id='word_1_273' title='bbox 2608 354 2782 410; x_wconf 89' lang='lat' dir='ltr'>etiam</span> <span class='ocrx_word' id='word_1_274' title='bbox 2813 353 2981 410; x_wconf 91' lang='lat' dir='ltr'>simul</span> <span class='ocrx_word' id='word_1_275' title='bbox 3009 353 3342 417; x_wconf 86' lang='lat' dir='ltr'>obsecravit,</span> <span class='ocrx_word' id='word_1_276' title='bbox 3376 358 3439 410; x_wconf 90' lang='lat' dir='ltr'>ut</span> <span class='ocrx_word' id='word_1_277' title='bbox 3471 354 3518 409; x_wconf 89' lang='lat' dir='ltr'>si</span> <span class='ocrx_word' id='word_1_278' title='bbox 3575 355 3716 427; x_wconf 89' lang='lat' dir='ltr'>quid</span> <span class='ocrx_word' id='word_1_279' title='bbox 3764 356 3866 412; x_wconf 85' lang='lat' dir='ltr'>mi-</span> 
     </span>
    </p>
   </div>
   <div class='ocr_carea' id='block_1_40' title="bbox 2170 443 3866 516">
    <p class='ocr_par' dir='ltr' id='par_1_40' title="bbox 2170 443 3866 516">
     <span class='ocr_line' id='line_1_40' title="bbox 2170 443 3866 516; baseline 0.004 -21"><span class='ocrx_word' id='word_1_280' title='bbox 2170 457 2279 496; x_wconf 90' lang='lat' dir='ltr'>nus</span> <span class='ocrx_word' id='word_1_281' title='bbox 2303 443 2570 514; x_wconf 88' lang='lat' dir='ltr'>probaret</span> <span class='ocrx_word' id='word_1_282' title='bbox 2597 444 2656 498; x_wconf 91' lang='lat' dir='ltr'>in</span> <span class='ocrx_word' id='word_1_283' title='bbox 2696 460 2798 498; x_wconf 89' lang='lat' dir='ltr'>sua</span> <span class='ocrx_word' id='word_1_284' title='bbox 2827 444 2898 500; x_wconf 91' lang='lat' dir='ltr'>ad</span> <span class='ocrx_word' id='word_1_285' title='bbox 2938 444 3350 516; x_wconf 87' lang='lat' dir='ltr'>Hieronymum</span> <span class='ocrx_word' id='word_1_286' title='bbox 3390 443 3631 514; x_wconf 90' lang='lat' dir='ltr'>epistola</span> <span class='ocrx_word' id='word_1_287' title='bbox 3672 447 3866 516; x_wconf 80' lang='lat' dir='ltr'>(Epist.</span> 
     </span>
    </p>
   </div>
   <div class='ocr_carea' id='block_1_41' title="bbox 2168 530 3643 605">
    <p class='ocr_par' dir='ltr' id='par_1_41' title="bbox 2168 530 3643 605">
     <span class='ocr_line' id='line_1_41' title="bbox 2168 530 3643 605; baseline 0.003 -20"><span class='ocrx_word' id='word_1_288' title='bbox 2168 530 2282 598; x_wconf 83' lang='lat'>73),</span> <span class='ocrx_word' id='word_1_289' title='bbox 2312 531 2367 586; x_wconf 90' lang='lat' dir='ltr'>id</span> <span class='ocrx_word' id='word_1_290' title='bbox 2399 532 2526 599; x_wconf 89' lang='lat' dir='ltr'>sibi,</span> <span class='ocrx_word' id='word_1_291' title='bbox 2562 550 2676 604; x_wconf 93' lang='lat' dir='ltr'>quo</span> <span class='ocrx_word' id='word_1_292' title='bbox 2699 537 2888 605; x_wconf 87' lang='lat' dir='ltr'>posset</span> <span class='ocrx_word' id='word_1_293' title='bbox 2917 535 3244 603; x_wconf 90' lang='lat' dir='ltr'>emendare,</span> <span class='ocrx_word' id='word_1_294' title='bbox 3277 533 3643 605; x_wconf 88' lang='lat' dir='ltr'>signiﬁcaret.</span> 
     </span>
    </p>
   </div>
   <div class='ocr_carea' id='block_1_42' title="bbox 2239 622 3870 693">
    <p class='ocr_par' dir='ltr' id='par_1_42' title="bbox 2239 622 3870 693">
     <span class='ocr_line' id='line_1_42' title="bbox 2239 622 3870 693; baseline 0.004 -20"><span class='ocrx_word' id='word_1_295' title='bbox 2239 624 2292 674; x_wconf 82' lang='lat'>7.</span> <span class='ocrx_word' id='word_1_296' title='bbox 2325 622 2633 692; x_wconf 83' lang='lat' dir='ltr'>Augustini</span> <span class='ocrx_word' id='word_1_297' title='bbox 2664 622 2986 693; x_wconf 89' lang='lat' dir='ltr'>epistolam,</span> <span class='ocrx_word' id='word_1_298' title='bbox 3017 624 3180 693; x_wconf 86' lang='lat' dir='ltr'>cujus</span> <span class='ocrx_word' id='word_1_299' title='bbox 3210 623 3510 678; x_wconf 80' lang='lat' dir='ltr'>exordium</span> <span class='ocrx_word' id='word_1_300' title='bbox 3549 627 3634 678; x_wconf 90' lang='lat' dir='ltr'>est</span> <span class='ocrx_word' id='word_1_301' title='bbox 3662 627 3870 693; x_wconf 79' lang='lat' dir='ltr'>Quam-</span> 
     </span>
    </p>
   </div>
   <div class='ocr_carea' id='block_1_43' title="bbox 2168 709 3871 786">
    <p class='ocr_par' dir='ltr' id='par_1_43' title="bbox 2168 709 3871 786">
     <span class='ocr_line' id='line_1_43' title="bbox 2168 709 3871 786; baseline 0.003 -23"><span class='ocrx_word' id='word_1_302' title='bbox 2168 709 2251 762; x_wconf 82' lang='lat' dir='ltr'>vis</span> <span class='ocrx_word' id='word_1_303' title='bbox 2299 712 2601 765; x_wconf 69' lang='lat' dir='ltr'>existimem</span> <span class='ocrx_word' id='word_1_304' title='bbox 2659 711 2862 783; x_wconf 87' lang='lat' dir='ltr'>(Ibid.),</span> <span class='ocrx_word' id='word_1_305' title='bbox 2924 712 3170 767; x_wconf 89' lang='lat' dir='ltr'>necdum</span> <span class='ocrx_word' id='word_1_306' title='bbox 3243 716 3536 784; x_wconf 85' lang='lat' dir='ltr'>acceperat</span> <span class='ocrx_word' id='word_1_307' title='bbox 3588 713 3871 786; x_wconf 81' lang='lat' dir='ltr'>Hierony-</span> 
     </span>
    </p>
   </div>
   <div class='ocr_carea' id='block_1_44' title="bbox 2169 799 3873 872">
    <p class='ocr_par' dir='ltr' id='par_1_44' title="bbox 2169 799 3873 872">
     <span class='ocr_line' id='line_1_44' title="bbox 2169 799 3873 872; baseline 0.002 -20"><span class='ocrx_word' id='word_1_308' title='bbox 2169 813 2318 869; x_wconf 90' lang='lat' dir='ltr'>mus,</span> <span class='ocrx_word' id='word_1_309' title='bbox 2349 815 2478 854; x_wconf 92' lang='lat' dir='ltr'>cum</span> <span class='ocrx_word' id='word_1_310' title='bbox 2510 817 2540 854; x_wconf 93' lang='lat' dir='ltr'>e</span> <span class='ocrx_word' id='word_1_311' title='bbox 2571 800 2686 854; x_wconf 89' lang='lat' dir='ltr'>suis</span> <span class='ocrx_word' id='word_1_312' title='bbox 2717 799 2872 854; x_wconf 91' lang='lat' dir='ltr'>illam</span> <span class='ocrx_word' id='word_1_313' title='bbox 2905 817 3034 872; x_wconf 75' lang='lat' dir='ltr'>quae</span> <span class='ocrx_word' id='word_1_314' title='bbox 3059 800 3277 872; x_wconf 77' lang='lat' dir='ltr'>incipit,</span> <span class='ocrx_word' id='word_1_315' title='bbox 3315 803 3440 856; x_wconf 83' lang='lat' dir='ltr'>Tres</span> <span class='ocrx_word' id='word_1_316' title='bbox 3477 803 3642 856; x_wconf 85' lang='lat' dir='ltr'>simul</span> <span class='ocrx_word' id='word_1_317' title='bbox 3671 804 3873 871; x_wconf 74' lang='lat' dir='ltr'>episto-</span> 
     </span>
    </p>
   </div>
   <div class='ocr_carea' id='block_1_45' title="bbox 2168 889 3870 961">
    <p class='ocr_par' dir='ltr' id='par_1_45' title="bbox 2168 889 3870 961">
     <span class='ocr_line' id='line_1_45' title="bbox 2168 889 3870 961; baseline 0.001 -18"><span class='ocrx_word' id='word_1_318' title='bbox 2168 890 2248 944; x_wconf 90' lang='lat' dir='ltr'>las</span> <span class='ocrx_word' id='word_1_319' title='bbox 2280 889 2468 959; x_wconf 86' lang='lat' dir='ltr'>(Apud</span> <span class='ocrx_word' id='word_1_320' title='bbox 2495 890 2756 957; x_wconf 85' lang='lat' dir='ltr'>August.,</span> <span class='ocrx_word' id='word_1_321' title='bbox 2787 893 2964 960; x_wconf 83' lang='lat' dir='ltr'>Epist.</span> <span class='ocrx_word' id='word_1_322' title='bbox 2989 893 3098 955; x_wconf 73' lang='lat'>&#39;75),</span> <span class='ocrx_word' id='word_1_323' title='bbox 3134 890 3204 945; x_wconf 90' lang='lat' dir='ltr'>ad</span> <span class='ocrx_word' id='word_1_324' title='bbox 3232 906 3386 959; x_wconf 92' lang='lat' dir='ltr'>eum,</span> <span class='ocrx_word' id='word_1_325' title='bbox 3409 891 3530 961; x_wconf 88' lang='lat' dir='ltr'>jam</span> <span class='ocrx_word' id='word_1_326' title='bbox 3569 891 3870 946; x_wconf 87' lang='lat' dir='ltr'>exturbato</span> 
     </span>
    </p>
   </div>
   <div class='ocr_carea' id='block_1_46' title="bbox 2165 977 3870 1051">
    <p class='ocr_par' dir='ltr' id='par_1_46' title="bbox 2165 977 3870 1051">
     <span class='ocr_line' id='line_1_46' title="bbox 2165 977 3870 1051; baseline 0.002 -19"><span class='ocrx_word' id='word_1_327' title='bbox 2165 993 2194 1032; x_wconf 87' lang='lat' dir='ltr'>e</span> <span class='ocrx_word' id='word_1_328' title='bbox 2223 977 2354 1032; x_wconf 88' lang='lat' dir='ltr'>sede</span> <span class='ocrx_word' id='word_1_329' title='bbox 2385 977 2808 1049; x_wconf 85' lang='lat' dir='ltr'>Chrysostomo,</span> <span class='ocrx_word' id='word_1_330' title='bbox 2842 982 2898 1033; x_wconf 89' lang='lat' dir='ltr'>et</span> <span class='ocrx_word' id='word_1_331' title='bbox 2927 978 3170 1050; x_wconf 89' lang='lat' dir='ltr'>proinde</span> <span class='ocrx_word' id='word_1_332' title='bbox 3197 979 3460 1048; x_wconf 84' lang='lat' dir='ltr'>subanni</span> <span class='ocrx_word' id='word_1_333' title='bbox 3479 979 3870 1051; x_wconf 72' lang='lat' dir='ltr'>quadringen-</span> 
     </span>
    </p>
   </div>
   <div class='ocr_carea' id='block_1_47' title="bbox 2163 1066 3874 1140">
    <p class='ocr_par' dir='ltr' id='par_1_47' title="bbox 2163 1066 3874 1140">
     <span class='ocr_line' id='line_1_47' title="bbox 2163 1066 3874 1140; baseline 0.002 -19"><span class='ocrx_word' id='word_1_334' title='bbox 2163 1066 2351 1121; x_wconf 90' lang='lat' dir='ltr'>tesimi</span> <span class='ocrx_word' id='word_1_335' title='bbox 2394 1066 2582 1139; x_wconf 89' lang='lat' dir='ltr'>quarti</span> <span class='ocrx_word' id='word_1_336' title='bbox 2611 1066 2807 1137; x_wconf 83' lang='lat' dir='ltr'>tinem,</span> <span class='ocrx_word' id='word_1_337' title='bbox 2841 1067 3090 1138; x_wconf 89' lang='lat' dir='ltr'>scripsit.</span> <span class='ocrx_word' id='word_1_338' title='bbox 3137 1069 3202 1122; x_wconf 94' lang='lat' dir='ltr'>In</span> <span class='ocrx_word' id='word_1_339' title='bbox 3249 1084 3314 1122; x_wconf 90' lang='lat' dir='ltr'>ea</span> <span class='ocrx_word' id='word_1_340' title='bbox 3366 1069 3532 1122; x_wconf 83' lang='lat' dir='ltr'>variis</span> <span class='ocrx_word' id='word_1_341' title='bbox 3562 1069 3874 1140; x_wconf 78' lang='lat' dir='ltr'>Augustini</span> 
     </span>
    </p>
   </div>
   <div class='ocr_carea' id='block_1_48' title="bbox 2166 1155 3873 1229">
    <p class='ocr_par' dir='ltr' id='par_1_48' title="bbox 2166 1155 3873 1229">
     <span class='ocr_line' id='line_1_48' title="bbox 2166 1155 3873 1229; baseline 0.002 -19"><span class='ocrx_word' id='word_1_342' title='bbox 2166 1155 2581 1228; x_wconf 62' lang='lat' dir='ltr'>quaestionibus</span> <span class='ocrx_word' id='word_1_343' title='bbox 2608 1156 2984 1228; x_wconf 88' lang='lat' dir='ltr'>respondere,</span> <span class='ocrx_word' id='word_1_344' title='bbox 3016 1173 3243 1211; x_wconf 90' lang='lat' dir='ltr'>necnon</span> <span class='ocrx_word' id='word_1_345' title='bbox 3289 1156 3349 1211; x_wconf 92' lang='lat' dir='ltr'>in</span> <span class='ocrx_word' id='word_1_346' title='bbox 3379 1157 3578 1228; x_wconf 89' lang='lat' dir='ltr'>primis</span> <span class='ocrx_word' id='word_1_347' title='bbox 3629 1159 3754 1229; x_wconf 91' lang='lat' dir='ltr'>ejus</span> <span class='ocrx_word' id='word_1_348' title='bbox 3803 1158 3873 1214; x_wconf 90' lang='lat' dir='ltr'>de</span> 
     </span>
    </p>
   </div>
   <div class='ocr_carea' id='block_1_49' title="bbox 2166 1245 3875 1317">
    <p class='ocr_par' dir='ltr' id='par_1_49' title="bbox 2166 1245 3875 1317">
     <span class='ocr_line' id='line_1_49' title="bbox 2166 1245 3875 1317; baseline 0.001 -17"><span class='ocrx_word' id='word_1_349' title='bbox 2166 1245 2455 1300; x_wconf 88' lang='lat' dir='ltr'>mendatio</span> <span class='ocrx_word' id='word_1_350' title='bbox 2488 1245 2760 1314; x_wconf 85' lang='lat' dir='ltr'>ofﬁcioso,</span> <span class='ocrx_word' id='word_1_351' title='bbox 2795 1246 2981 1317; x_wconf 89' lang='lat' dir='ltr'>deque</span> <span class='ocrx_word' id='word_1_352' title='bbox 3011 1245 3163 1300; x_wconf 89' lang='lat' dir='ltr'>Petri</span> <span class='ocrx_word' id='word_1_353' title='bbox 3191 1262 3257 1300; x_wconf 89' lang='lat' dir='ltr'>ac</span> <span class='ocrx_word' id='word_1_354' title='bbox 3293 1245 3453 1300; x_wconf 89' lang='lat' dir='ltr'>Pauli</span> <span class='ocrx_word' id='word_1_355' title='bbox 3483 1247 3875 1302; x_wconf 83' lang='lat' dir='ltr'>controversia</span> 
     </span>
    </p>
   </div>
   <div class='ocr_carea' id='block_1_50' title="bbox 2169 1334 3873 1406">
    <p class='ocr_par' dir='ltr' id='par_1_50' title="bbox 2169 1334 3873 1406">
     <span class='ocr_line' id='line_1_50' title="bbox 2169 1334 3873 1406; baseline 0 -16"><span class='ocrx_word' id='word_1_356' title='bbox 2169 1334 2404 1406; x_wconf 88' lang='lat' dir='ltr'>objectis</span> <span class='ocrx_word' id='word_1_357' title='bbox 2435 1334 2757 1390; x_wconf 84' lang='lat' dir='ltr'>satisfacere</span> <span class='ocrx_word' id='word_1_358' title='bbox 2788 1335 3009 1389; x_wconf 89' lang='lat' dir='ltr'>nititur.</span> <span class='ocrx_word' id='word_1_359' title='bbox 3041 1335 3155 1406; x_wconf 88' lang='lat' dir='ltr'>Ipsi</span> <span class='ocrx_word' id='word_1_360' title='bbox 3195 1339 3323 1406; x_wconf 89' lang='lat' dir='ltr'>post</span> <span class='ocrx_word' id='word_1_361' title='bbox 3359 1335 3480 1388; x_wconf 85' lang='lat' dir='ltr'>haec</span> <span class='ocrx_word' id='word_1_362' title='bbox 3528 1335 3755 1390; x_wconf 87' lang='lat' dir='ltr'>reddita</span> <span class='ocrx_word' id='word_1_363' title='bbox 3787 1341 3873 1390; x_wconf 86' lang='lat' dir='ltr'>est</span> 
     </span>
    </p>
   </div>
   <div class='ocr_carea' id='block_1_51' title="bbox 2168 1422 3868 1496">
    <p class='ocr_par' dir='ltr' id='par_1_51' title="bbox 2168 1422 3868 1496">
     <span class='ocr_line' id='line_1_51' title="bbox 2168 1422 3868 1496; baseline 0.001 -18"><span class='ocrx_word' id='word_1_364' title='bbox 2168 1440 2342 1496; x_wconf 91' lang='lat' dir='ltr'>supra</span> <span class='ocrx_word' id='word_1_365' title='bbox 2369 1428 2686 1478; x_wconf 88' lang='lat' dir='ltr'>memorata</span> <span class='ocrx_word' id='word_1_366' title='bbox 2715 1423 3020 1494; x_wconf 89' lang='lat' dir='ltr'>Augustini</span> <span class='ocrx_word' id='word_1_367' title='bbox 3049 1422 3286 1494; x_wconf 89' lang='lat' dir='ltr'>epistola</span> <span class='ocrx_word' id='word_1_368' title='bbox 3321 1422 3518 1493; x_wconf 89' lang='lat' dir='ltr'>(Epist.</span> <span class='ocrx_word' id='word_1_369' title='bbox 3567 1425 3682 1493; x_wconf 82' lang='grc'>73),</span> <span class='ocrx_word' id='word_1_370' title='bbox 3735 1441 3868 1496; x_wconf 65' lang='lat' dir='ltr'>quae</span> 
     </span>
    </p>
   </div>
   <div class='ocr_carea' id='block_1_52' title="bbox 2168 1511 3874 1584">
    <p class='ocr_par' dir='ltr' id='par_1_52' title="bbox 2168 1511 3874 1584">
     <span class='ocr_line' id='line_1_52' title="bbox 2168 1511 3874 1584; baseline 0.001 -18"><span class='ocrx_word' id='word_1_371' title='bbox 2168 1513 2365 1584; x_wconf 91' lang='lat' dir='ltr'>procul</span> <span class='ocrx_word' id='word_1_372' title='bbox 2396 1512 2568 1567; x_wconf 90' lang='lat' dir='ltr'>dubio</span> <span class='ocrx_word' id='word_1_373' title='bbox 2600 1516 2943 1567; x_wconf 90' lang='lat' dir='ltr'>commotam</span> <span class='ocrx_word' id='word_1_374' title='bbox 2963 1512 3084 1583; x_wconf 89' lang='lat' dir='ltr'>ejus</span> <span class='ocrx_word' id='word_1_375' title='bbox 3103 1516 3355 1566; x_wconf 89' lang='lat' dir='ltr'>mentem</span> <span class='ocrx_word' id='word_1_376' title='bbox 3387 1511 3638 1566; x_wconf 87' lang='lat' dir='ltr'>sedavit:</span> <span class='ocrx_word' id='word_1_377' title='bbox 3664 1528 3874 1584; x_wconf 81' lang='lat' dir='ltr'>quam-</span> 
     </span>
    </p>
   </div>
   <div class='ocr_carea' id='block_1_53' title="bbox 2169 1597 3874 1666">
    <p class='ocr_par' dir='ltr' id='par_1_53' title="bbox 2169 1597 3874 1666">
     <span class='ocr_line' id='line_1_53' title="bbox 2169 1597 3874 1666; baseline 0.002 -16"><span class='ocrx_word' id='word_1_378' title='bbox 2169 1597 2253 1651; x_wconf 89' lang='lat' dir='ltr'>vis</span> <span class='ocrx_word' id='word_1_379' title='bbox 2279 1598 2384 1652; x_wconf 90' lang='lat' dir='ltr'>hac</span> <span class='ocrx_word' id='word_1_380' title='bbox 2411 1597 2496 1652; x_wconf 90' lang='lat' dir='ltr'>illi</span> <span class='ocrx_word' id='word_1_381' title='bbox 2525 1597 2816 1651; x_wconf 84' lang='lat' dir='ltr'>occasione</span> <span class='ocrx_word' id='word_1_382' title='bbox 2841 1597 3268 1652; x_wconf 89' lang='lat' dir='ltr'>rescribendum</span> <span class='ocrx_word' id='word_1_383' title='bbox 3289 1613 3404 1651; x_wconf 91' lang='lat' dir='ltr'>non</span> <span class='ocrx_word' id='word_1_384' title='bbox 3425 1599 3732 1666; x_wconf 87' lang='lat' dir='ltr'>putaverit.</span> <span class='ocrx_word' id='word_1_385' title='bbox 3765 1599 3874 1653; x_wconf 90' lang='lat' dir='ltr'>Sed</span> 
     </span>
    </p>
   </div>
   <div class='ocr_carea' id='block_1_54' title="bbox 2170 1685 3874 1758">
    <p class='ocr_par' dir='ltr' id='par_1_54' title="bbox 2170 1685 3874 1758">
     <span class='ocr_line' id='line_1_54' title="bbox 2170 1685 3874 1758; baseline 0 -17"><span class='ocrx_word' id='word_1_386' title='bbox 2170 1686 2558 1758; x_wconf 90' lang='lat' dir='ltr'>responsionis</span> <span class='ocrx_word' id='word_1_387' title='bbox 2583 1687 2726 1754; x_wconf 91' lang='lat' dir='ltr'>loco,</span> <span class='ocrx_word' id='word_1_388' title='bbox 2747 1703 2876 1741; x_wconf 87' lang='lat' dir='ltr'>cum</span> <span class='ocrx_word' id='word_1_389' title='bbox 2911 1686 3131 1741; x_wconf 83' lang='lat' dir='ltr'>Firmus</span> <span class='ocrx_word' id='word_1_390' title='bbox 3163 1685 3338 1740; x_wconf 91' lang='lat' dir='ltr'>sancti</span> <span class='ocrx_word' id='word_1_391' title='bbox 3369 1686 3634 1741; x_wconf 72' lang='lat' dir='ltr'>Prsesulis</span> <span class='ocrx_word' id='word_1_392' title='bbox 3679 1703 3874 1741; x_wconf 88' lang='lat' dir='ltr'>neces-</span> 
     </span>
    </p>
   </div>
   <div class='ocr_carea' id='block_1_55' title="bbox 2173 1774 3877 1846">
    <p class='ocr_par' dir='ltr' id='par_1_55' title="bbox 2173 1774 3877 1846">
     <span class='ocr_line' id='line_1_55' title="bbox 2173 1774 3877 1846; baseline 0.001 -17"><span class='ocrx_word' id='word_1_393' title='bbox 2173 1777 2352 1832; x_wconf 88' lang='lat' dir='ltr'>sarius</span> <span class='ocrx_word' id='word_1_394' title='bbox 2383 1793 2451 1830; x_wconf 85' lang='lat' dir='ltr'>ex</span> <span class='ocrx_word' id='word_1_395' title='bbox 2482 1775 2671 1830; x_wconf 88' lang='lat' dir='ltr'>Africa</span> <span class='ocrx_word' id='word_1_396' title='bbox 2697 1775 2816 1830; x_wconf 91' lang='lat' dir='ltr'>sine</span> <span class='ocrx_word' id='word_1_397' title='bbox 2846 1775 2978 1830; x_wconf 91' lang='lat' dir='ltr'>ullis</span> <span class='ocrx_word' id='word_1_398' title='bbox 3009 1775 3286 1843; x_wconf 86' lang='lat' dir='ltr'>ejusdem,</span> <span class='ocrx_word' id='word_1_399' title='bbox 3319 1774 3417 1846; x_wconf 89' lang='lat' dir='ltr'>qui</span> <span class='ocrx_word' id='word_1_400' title='bbox 3446 1775 3658 1829; x_wconf 88' lang='lat' dir='ltr'>scilicet</span> <span class='ocrx_word' id='word_1_401' title='bbox 3706 1775 3877 1830; x_wconf 89' lang='lat' dir='ltr'>amici</span> 
     </span>
    </p>
   </div>
   <div class='ocr_carea' id='block_1_56' title="bbox 2176 1865 3877 1939">
    <p class='ocr_par' dir='ltr' id='par_1_56' title="bbox 2176 1865 3877 1939">
     <span class='ocr_line' id='line_1_56' title="bbox 2176 1865 3877 1939; baseline -0.001 -18"><span class='ocrx_word' id='word_1_402' title='bbox 2176 1866 2582 1939; x_wconf 86' lang='lat' dir='ltr'>profectionem</span> <span class='ocrx_word' id='word_1_403' title='bbox 2609 1865 2992 1937; x_wconf 88' lang='lat' dir='ltr'>ignoraverat,</span> <span class='ocrx_word' id='word_1_404' title='bbox 3036 1865 3240 1920; x_wconf 89' lang='lat' dir='ltr'>litteris</span> <span class='ocrx_word' id='word_1_405' title='bbox 3284 1865 3344 1918; x_wconf 92' lang='lat' dir='ltr'>in</span> <span class='ocrx_word' id='word_1_406' title='bbox 3391 1865 3741 1920; x_wconf 87' lang='lat' dir='ltr'>Palestinam</span> <span class='ocrx_word' id='word_1_407' title='bbox 3782 1881 3877 1919; x_wconf 79' lang='lat' dir='ltr'>ve-</span> 
     </span>
    </p>
   </div>
   <div class='ocr_carea' id='block_1_57' title="bbox 2169 1953 3874 2025">
    <p class='ocr_par' dir='ltr' id='par_1_57' title="bbox 2169 1953 3874 2025">
     <span class='ocr_line' id='line_1_57' title="bbox 2169 1953 3874 2025; baseline -0.001 -15"><span class='ocrx_word' id='word_1_408' title='bbox 2169 1957 2365 2023; x_wconf 85' lang='lat' dir='ltr'>nisset,</span> <span class='ocrx_word' id='word_1_409' title='bbox 2398 1955 2531 2009; x_wconf 84' lang='lat' dir='ltr'>huic</span> <span class='ocrx_word' id='word_1_410' title='bbox 2558 1954 2820 2009; x_wconf 89' lang='lat' dir='ltr'>redeunti</span> <span class='ocrx_word' id='word_1_411' title='bbox 2851 1954 3146 2025; x_wconf 90' lang='lat' dir='ltr'>epistolam</span> <span class='ocrx_word' id='word_1_412' title='bbox 3177 1953 3368 2024; x_wconf 82' lang='lat' dir='ltr'>(Apud</span> <span class='ocrx_word' id='word_1_413' title='bbox 3396 1957 3662 2023; x_wconf 85' lang='lat' dir='ltr'>August.,</span> <span class='ocrx_word' id='word_1_414' title='bbox 3691 1958 3874 2024; x_wconf 83' lang='lat' dir='ltr'>Epist.</span> 
     </span>
    </p>
   </div>
   <div class='ocr_carea' id='block_1_58' title="bbox 2165 2041 3877 2117">
    <p class='ocr_par' dir='ltr' id='par_1_58' title="bbox 2165 2041 3877 2117">
     <span class='ocr_line' id='line_1_58' title="bbox 2165 2041 3877 2117; baseline -0.002 -17"><span class='ocrx_word' id='word_1_415' title='bbox 2165 2044 2252 2117; x_wconf 79' lang='lat' dir='ltr'>8t)</span> <span class='ocrx_word' id='word_1_416' title='bbox 2284 2045 2353 2098; x_wconf 90' lang='lat' dir='ltr'>ad</span> <span class='ocrx_word' id='word_1_417' title='bbox 2381 2043 2767 2115; x_wconf 87' lang='lat' dir='ltr'>Augustinum</span> <span class='ocrx_word' id='word_1_418' title='bbox 2791 2041 3000 2097; x_wconf 90' lang='lat' dir='ltr'>amoris</span> <span class='ocrx_word' id='word_1_419' title='bbox 3028 2041 3560 2114; x_wconf 55' lang='lat' dir='ltr'>benevolentiaque</span> <span class='ocrx_word' id='word_1_420' title='bbox 3601 2043 3877 2097; x_wconf 81' lang='lat' dir='ltr'>suavissi-</span> 
     </span>
    </p>
   </div>
   <div class='ocr_carea' id='block_1_59' title="bbox 2168 2131 3875 2204">
    <p class='ocr_par' dir='ltr' id='par_1_59' title="bbox 2168 2131 3875 2204">
     <span class='ocr_line' id='line_1_59' title="bbox 2168 2131 3875 2204; baseline 0 -16"><span class='ocrx_word' id='word_1_421' title='bbox 2168 2151 2260 2188; x_wconf 89' lang='lat' dir='ltr'>ma</span> <span class='ocrx_word' id='word_1_422' title='bbox 2287 2133 2615 2188; x_wconf 88' lang='lat' dir='ltr'>testimonia</span> <span class='ocrx_word' id='word_1_423' title='bbox 2643 2133 3043 2204; x_wconf 87' lang='lat' dir='ltr'>praeferentem</span> <span class='ocrx_word' id='word_1_424' title='bbox 3085 2132 3282 2198; x_wconf 90' lang='lat' dir='ltr'>dedit;</span> <span class='ocrx_word' id='word_1_425' title='bbox 3314 2131 3372 2186; x_wconf 91' lang='lat' dir='ltr'>in</span> <span class='ocrx_word' id='word_1_426' title='bbox 3406 2148 3520 2203; x_wconf 91' lang='lat' dir='ltr'>qua</span> <span class='ocrx_word' id='word_1_427' title='bbox 3565 2131 3875 2204; x_wconf 86' lang='lat' dir='ltr'>epistolam</span> 
     </span>
    </p>
   </div>
   <div class='ocr_carea' id='block_1_60' title="bbox 2165 2220 3878 2293">
    <p class='ocr_par' dir='ltr' id='par_1_60' title="bbox 2165 2220 3878 2293">
     <span class='ocr_line' id='line_1_60' title="bbox 2165 2220 3878 2293; baseline -0.001 -16"><span class='ocrx_word' id='word_1_428' title='bbox 2165 2239 2327 2277; x_wconf 90' lang='lat' dir='ltr'>suam</span> <span class='ocrx_word' id='word_1_429' title='bbox 2359 2223 2429 2277; x_wconf 89' lang='lat' dir='ltr'>ad</span> <span class='ocrx_word' id='word_1_430' title='bbox 2476 2222 2664 2293; x_wconf 89' lang='lat' dir='ltr'>ipsum</span> <span class='ocrx_word' id='word_1_431' title='bbox 2704 2221 2965 2276; x_wconf 90' lang='lat' dir='ltr'>ultimam</span> <span class='ocrx_word' id='word_1_432' title='bbox 3009 2220 3212 2291; x_wconf 87' lang='lat' dir='ltr'>(Epist.</span> <span class='ocrx_word' id='word_1_433' title='bbox 3273 2221 3359 2290; x_wconf 82' lang='grc'>’75)</span> <span class='ocrx_word' id='word_1_434' title='bbox 3408 2221 3738 2289; x_wconf 85' lang='lat' dir='ltr'>excusabat,</span> <span class='ocrx_word' id='word_1_435' title='bbox 3787 2225 3878 2276; x_wconf 87' lang='lat' dir='ltr'>at—</span> 
     </span>
    </p>
   </div>
   <div class='ocr_carea' id='block_1_61' title="bbox 2165 2308 3878 2382">
    <p class='ocr_par' dir='ltr' id='par_1_61' title="bbox 2165 2308 3878 2382">
     <span class='ocr_line' id='line_1_61' title="bbox 2165 2308 3878 2382; baseline 0 -18"><span class='ocrx_word' id='word_1_436' title='bbox 2165 2327 2276 2382; x_wconf 91' lang='lat' dir='ltr'>que</span> <span class='ocrx_word' id='word_1_437' title='bbox 2305 2310 2364 2364; x_wconf 91' lang='lat' dir='ltr'>in</span> <span class='ocrx_word' id='word_1_438' title='bbox 2393 2314 2688 2380; x_wconf 90' lang='lat' dir='ltr'>posterum</span> <span class='ocrx_word' id='word_1_439' title='bbox 2717 2310 2788 2363; x_wconf 90' lang='lat' dir='ltr'>ab</span> <span class='ocrx_word' id='word_1_440' title='bbox 2817 2308 3099 2379; x_wconf 89' lang='lat' dir='ltr'>ejusmodi</span> <span class='ocrx_word' id='word_1_441' title='bbox 3129 2308 3538 2380; x_wconf 65' lang='lat' dir='ltr'>quaestionibus</span> <span class='ocrx_word' id='word_1_442' title='bbox 3585 2309 3878 2364; x_wconf 84' lang='lat' dir='ltr'>abstinere</span> 
     </span>
    </p>
   </div>
   <div class='ocr_carea' id='block_1_62' title="bbox 2165 2397 3877 2469">
    <p class='ocr_par' dir='ltr' id='par_1_62' title="bbox 2165 2397 3877 2469">
     <span class='ocr_line' id='line_1_62' title="bbox 2165 2397 3877 2469; baseline 0 -17"><span class='ocrx_word' id='word_1_443' title='bbox 2165 2415 2224 2454; x_wconf 90' lang='lat' dir='ltr'>se</span> <span class='ocrx_word' id='word_1_444' title='bbox 2254 2399 2396 2454; x_wconf 82' lang='lat' dir='ltr'>velle</span> <span class='ocrx_word' id='word_1_445' title='bbox 2409 2399 2738 2452; x_wconf 87' lang='lat' dir='ltr'>testabatur.</span> <span class='ocrx_word' id='word_1_446' title='bbox 2763 2397 3030 2468; x_wconf 82' lang='lat' dir='ltr'>Alypium</span> <span class='ocrx_word' id='word_1_447' title='bbox 3061 2413 3289 2469; x_wconf 90' lang='lat' dir='ltr'>quoque</span> <span class='ocrx_word' id='word_1_448' title='bbox 3316 2397 3395 2450; x_wconf 89' lang='lat' dir='ltr'>ibi</span> <span class='ocrx_word' id='word_1_449' title='bbox 3423 2397 3729 2452; x_wconf 82' lang='lat' dir='ltr'>salutabat.</span> <span class='ocrx_word' id='word_1_450' title='bbox 3765 2399 3877 2453; x_wconf 84' lang='lat' dir='ltr'>Hoc</span> 
     </span>
    </p>
   </div>
   <div class='ocr_carea' id='block_1_63' title="bbox 2165 2485 3876 2558">
    <p class='ocr_par' dir='ltr' id='par_1_63' title="bbox 2165 2485 3876 2558">
     <span class='ocr_line' id='line_1_63' title="bbox 2165 2485 3876 2558; baseline -0.001 -16"><span class='ocrx_word' id='word_1_451' title='bbox 2165 2492 2356 2542; x_wconf 89' lang='lat' dir='ltr'>tamen</span> <span class='ocrx_word' id='word_1_452' title='bbox 2385 2486 2772 2558; x_wconf 87' lang='lat' dir='ltr'>Augustinum</span> <span class='ocrx_word' id='word_1_453' title='bbox 2790 2503 2906 2540; x_wconf 91' lang='lat' dir='ltr'>non</span> <span class='ocrx_word' id='word_1_454' title='bbox 2922 2485 3219 2558; x_wconf 87' lang='lat' dir='ltr'>prohibuit</span> <span class='ocrx_word' id='word_1_455' title='bbox 3240 2486 3546 2558; x_wconf 89' lang='lat' dir='ltr'>quominus</span> <span class='ocrx_word' id='word_1_456' title='bbox 3569 2503 3677 2556; x_wconf 89' lang='lat' dir='ltr'>per</span> <span class='ocrx_word' id='word_1_457' title='bbox 3708 2503 3876 2558; x_wconf 90' lang='lat' dir='ltr'>quos-</span> 
     </span>
    </p>
   </div>
   <div class='ocr_carea' id='block_1_64' title="bbox 2163 2575 3878 2648">
    <p class='ocr_par' dir='ltr' id='par_1_64' title="bbox 2163 2575 3878 2648">
     <span class='ocr_line' id='line_1_64' title="bbox 2163 2575 3878 2648; baseline -0.001 -16"><span class='ocrx_word' id='word_1_458' title='bbox 2163 2577 2347 2632; x_wconf 88' lang='lat' dir='ltr'>dame</span> <span class='ocrx_word' id='word_1_459' title='bbox 2378 2577 2494 2630; x_wconf 90' lang='lat' dir='ltr'>suis</span> <span class='ocrx_word' id='word_1_460' title='bbox 2540 2575 2938 2644; x_wconf 82' lang='lat' dir='ltr'>familiaribus,</span> <span class='ocrx_word' id='word_1_461' title='bbox 2991 2576 3272 2646; x_wconf 80' lang='lat' dir='ltr'>prolixam</span> <span class='ocrx_word' id='word_1_462' title='bbox 3318 2575 3623 2646; x_wconf 88' lang='lat' dir='ltr'>epistolam</span> <span class='ocrx_word' id='word_1_463' title='bbox 3671 2581 3878 2648; x_wconf 86' lang='lat' dir='ltr'>postea</span> 
     </span>
    </p>
   </div>
   <div class='ocr_carea' id='block_1_65' title="bbox 2167 2665 3878 2738">
    <p class='ocr_par' dir='ltr' id='par_1_65' title="bbox 2167 2665 3878 2738">
     <span class='ocr_line' id='line_1_65' title="bbox 2167 2665 3878 2738; baseline 0 -17"><span class='ocrx_word' id='word_1_464' title='bbox 2167 2667 2513 2738; x_wconf 87' lang='lat' dir='ltr'>Hieronymo</span> <span class='ocrx_word' id='word_1_465' title='bbox 2539 2665 2808 2720; x_wconf 89' lang='lat' dir='ltr'>scriberet</span> <span class='ocrx_word' id='word_1_466' title='bbox 2834 2666 3038 2735; x_wconf 87' lang='lat' dir='ltr'>(Epist.</span> <span class='ocrx_word' id='word_1_467' title='bbox 3064 2668 3176 2733; x_wconf 82' lang='grc'>82),</span> <span class='ocrx_word' id='word_1_468' title='bbox 3219 2665 3276 2718; x_wconf 92' lang='lat' dir='ltr'>in</span> <span class='ocrx_word' id='word_1_469' title='bbox 3305 2681 3416 2736; x_wconf 86' lang='lat' dir='ltr'>qua</span> <span class='ocrx_word' id='word_1_470' title='bbox 3445 2665 3570 2719; x_wconf 86' lang='lat' dir='ltr'>fuse</span> <span class='ocrx_word' id='word_1_471' title='bbox 3587 2665 3658 2719; x_wconf 93' lang='lat' dir='ltr'>de</span> <span class='ocrx_word' id='word_1_472' title='bbox 3677 2666 3878 2721; x_wconf 87' lang='lat' dir='ltr'>eadem</span> 
     </span>
    </p>
   </div>
   <div class='ocr_carea' id='block_1_66' title="bbox 2170 2753 3874 2825">
    <p class='ocr_par' dir='ltr' id='par_1_66' title="bbox 2170 2753 3874 2825">
     <span class='ocr_line' id='line_1_66' title="bbox 2170 2753 3874 2825; baseline 0 -16"><span class='ocrx_word' id='word_1_473' title='bbox 2170 2754 2320 2810; x_wconf 84' lang='lat' dir='ltr'>Petri</span> <span class='ocrx_word' id='word_1_474' title='bbox 2351 2759 2406 2809; x_wconf 90' lang='lat' dir='ltr'>et</span> <span class='ocrx_word' id='word_1_475' title='bbox 2434 2754 2595 2809; x_wconf 87' lang='lat' dir='ltr'>Pauli</span> <span class='ocrx_word' id='word_1_476' title='bbox 2636 2753 2995 2808; x_wconf 90' lang='lat' dir='ltr'>contentione</span> <span class='ocrx_word' id='word_1_477' title='bbox 3042 2753 3326 2823; x_wconf 87' lang='lat' dir='ltr'>disputat;</span> <span class='ocrx_word' id='word_1_478' title='bbox 3377 2770 3739 2825; x_wconf 83' lang='lat' dir='ltr'>magnopere</span> <span class='ocrx_word' id='word_1_479' title='bbox 3785 2771 3874 2809; x_wconf 86' lang='lat' dir='ltr'>ca-</span> 
     </span>
    </p>
   </div>
   <div class='ocr_carea' id='block_1_67' title="bbox 2167 2843 3873 2914">
    <p class='ocr_par' dir='ltr' id='par_1_67' title="bbox 2167 2843 3873 2914">
     <span class='ocr_line' id='line_1_67' title="bbox 2167 2843 3873 2914; baseline 0.001 -17"><span class='ocrx_word' id='word_1_480' title='bbox 2167 2860 2321 2905; x_wconf 89' lang='lat' dir='ltr'>vens,</span> <span class='ocrx_word' id='word_1_481' title='bbox 2352 2844 2505 2898; x_wconf 86' lang='lat' dir='ltr'>salva</span> <span class='ocrx_word' id='word_1_482' title='bbox 2536 2847 2728 2897; x_wconf 89' lang='lat' dir='ltr'>tamen</span> <span class='ocrx_word' id='word_1_483' title='bbox 2750 2859 2856 2914; x_wconf 89' lang='lat' dir='ltr'>pro</span> <span class='ocrx_word' id='word_1_484' title='bbox 2884 2859 2997 2914; x_wconf 90' lang='lat' dir='ltr'>qua</span> <span class='ocrx_word' id='word_1_485' title='bbox 3025 2843 3277 2898; x_wconf 89' lang='lat' dir='ltr'>certabat</span> <span class='ocrx_word' id='word_1_486' title='bbox 3307 2843 3565 2909; x_wconf 85' lang='lat' dir='ltr'>veritate,</span> <span class='ocrx_word' id='word_1_487' title='bbox 3627 2860 3705 2898; x_wconf 92' lang='lat' dir='ltr'>ne</span> <span class='ocrx_word' id='word_1_488' title='bbox 3740 2845 3873 2899; x_wconf 85' lang='lat' dir='ltr'>Ilie-</span> 
     </span>
    </p>
   </div>
   <div class='ocr_carea' id='block_1_68' title="bbox 2165 2934 3878 3006">
    <p class='ocr_par' dir='ltr' id='par_1_68' title="bbox 2165 2934 3878 3006">
     <span class='ocr_line' id='line_1_68' title="bbox 2165 2934 3878 3006; baseline 0.001 -17"><span class='ocrx_word' id='word_1_489' title='bbox 2165 2934 2393 3006; x_wconf 89' lang='lat' dir='ltr'>ronymi</span> <span class='ocrx_word' id='word_1_490' title='bbox 2423 2934 2682 2989; x_wconf 90' lang='lat' dir='ltr'>animum</span> <span class='ocrx_word' id='word_1_491' title='bbox 2711 2938 3069 3006; x_wconf 87' lang='lat' dir='ltr'>exasperaret</span> <span class='ocrx_word' id='word_1_492' title='bbox 3092 2951 3104 2989; x_wconf 91' lang='lat'>:</span> <span class='ocrx_word' id='word_1_493' title='bbox 3129 2934 3413 3006; x_wconf 91' lang='lat' dir='ltr'>simulque</span> <span class='ocrx_word' id='word_1_494' title='bbox 3443 2935 3516 2989; x_wconf 91' lang='lat' dir='ltr'>ad</span> <span class='ocrx_word' id='word_1_495' title='bbox 3546 2951 3685 2990; x_wconf 90' lang='lat' dir='ltr'>eum</span> <span class='ocrx_word' id='word_1_496' title='bbox 3718 2952 3878 2990; x_wconf 90' lang='lat' dir='ltr'>suam</span> 
     </span>
    </p>
   </div>
   <div class='ocr_carea' id='block_1_69' title="bbox 2167 3023 3878 3095">
    <p class='ocr_par' dir='ltr' id='par_1_69' title="bbox 2167 3023 3878 3095">
     <span class='ocr_line' id='line_1_69' title="bbox 2167 3023 3878 3095; baseline -0.001 -16"><span class='ocrx_word' id='word_1_497' title='bbox 2167 3025 2227 3080; x_wconf 92' lang='lat' dir='ltr'>in</span> <span class='ocrx_word' id='word_1_498' title='bbox 2259 3025 2526 3079; x_wconf 89' lang='lat' dir='ltr'>Faustum</span> <span class='ocrx_word' id='word_1_499' title='bbox 2556 3023 3044 3078; x_wconf 86' lang='lat' dir='ltr'>elucubrationem</span> <span class='ocrx_word' id='word_1_500' title='bbox 3063 3023 3240 3080; x_wconf 89' lang='lat' dir='ltr'>misit.</span> <span class='ocrx_word' id='word_1_501' title='bbox 3280 3026 3465 3095; x_wconf 87' lang='lat' dir='ltr'>Atque</span> <span class='ocrx_word' id='word_1_502' title='bbox 3485 3024 3641 3078; x_wconf 89' lang='lat' dir='ltr'>hunc</span> <span class='ocrx_word' id='word_1_503' title='bbox 3674 3025 3878 3081; x_wconf 86' lang='lat' dir='ltr'>habuit</span> 
     </span>
    </p>
   </div>
   <div class='ocr_carea' id='block_1_70' title="bbox 2167 3111 3877 3184">
    <p class='ocr_par' dir='ltr' id='par_1_70' title="bbox 2167 3111 3877 3184">
     <span class='ocr_line' id='line_1_70' title="bbox 2167 3111 3877 3184; baseline 0 -17"><span class='ocrx_word' id='word_1_504' title='bbox 2167 3113 2341 3168; x_wconf 89' lang='lat' dir='ltr'>ﬁnem</span> <span class='ocrx_word' id='word_1_505' title='bbox 2364 3111 2600 3166; x_wconf 89' lang='lat' dir='ltr'>celebris</span> <span class='ocrx_word' id='word_1_506' title='bbox 2630 3111 2728 3165; x_wconf 89' lang='lat' dir='ltr'>illa</span> <span class='ocrx_word' id='word_1_507' title='bbox 2758 3111 3068 3182; x_wconf 88' lang='lat' dir='ltr'>disputatio</span> <span class='ocrx_word' id='word_1_508' title='bbox 3097 3111 3403 3183; x_wconf 87' lang='lat' dir='ltr'>Augustini</span> <span class='ocrx_word' id='word_1_509' title='bbox 3431 3129 3562 3166; x_wconf 92' lang='lat' dir='ltr'>cum</span> <span class='ocrx_word' id='word_1_510' title='bbox 3595 3113 3877 3184; x_wconf 85' lang='lat' dir='ltr'>Hierony-</span> 
     </span>
    </p>
   </div>
   <div class='ocr_carea' id='block_1_71' title="bbox 2167 3199 3880 3273">
    <p class='ocr_par' dir='ltr' id='par_1_71' title="bbox 2167 3199 3880 3273">
     <span class='ocr_line' id='line_1_71' title="bbox 2167 3199 3880 3273; baseline 0 -17"><span class='ocrx_word' id='word_1_511' title='bbox 2167 3217 2298 3256; x_wconf 92' lang='lat' dir='ltr'>mo:</span> <span class='ocrx_word' id='word_1_512' title='bbox 2333 3201 2432 3273; x_wconf 91' lang='lat' dir='ltr'>qui</span> <span class='ocrx_word' id='word_1_513' title='bbox 2471 3199 2706 3271; x_wconf 91' lang='lat' dir='ltr'>quidem</span> <span class='ocrx_word' id='word_1_514' title='bbox 2762 3204 2818 3255; x_wconf 91' lang='lat' dir='ltr'>et</span> <span class='ocrx_word' id='word_1_515' title='bbox 2874 3199 2995 3271; x_wconf 90' lang='lat' dir='ltr'>ipse</span> <span class='ocrx_word' id='word_1_516' title='bbox 3050 3199 3110 3254; x_wconf 89' lang='lat' dir='ltr'>in</span> <span class='ocrx_word' id='word_1_517' title='bbox 3162 3200 3468 3272; x_wconf 87' lang='lat' dir='ltr'>Augustini</span> <span class='ocrx_word' id='word_1_518' title='bbox 3525 3202 3880 3256; x_wconf 86' lang='lat' dir='ltr'>sententiam</span> 
     </span>
    </p>
   </div>
   <div class='ocr_carea' id='block_1_72' title="bbox 2169 3289 3879 3364">
    <p class='ocr_par' dir='ltr' id='par_1_72' title="bbox 2169 3289 3879 3364">
     <span class='ocr_line' id='line_1_72' title="bbox 2169 3289 3879 3364; baseline 0.001 -19"><span class='ocrx_word' id='word_1_519' title='bbox 2169 3290 2444 3358; x_wconf 89' lang='lat' dir='ltr'>discessit,</span> <span class='ocrx_word' id='word_1_520' title='bbox 2471 3307 2601 3344; x_wconf 91' lang='lat' dir='ltr'>cum</span> <span class='ocrx_word' id='word_1_521' title='bbox 2629 3289 2896 3345; x_wconf 88' lang='lat' dir='ltr'>adversus</span> <span class='ocrx_word' id='word_1_522' title='bbox 2924 3289 3260 3360; x_wconf 88' lang='lat' dir='ltr'>Pelagianos</span> <span class='ocrx_word' id='word_1_523' title='bbox 3299 3307 3450 3345; x_wconf 89' lang='lat' dir='ltr'>anno</span> <span class='ocrx_word' id='word_1_524' title='bbox 3480 3291 3879 3364; x_wconf 85' lang='lat' dir='ltr'>quadringen-</span> 
     </span>
    </p>
   </div>
   <div class='ocr_carea' id='block_1_73' title="bbox 2168 3378 3416 3450">
    <p class='ocr_par' dir='ltr' id='par_1_73' title="bbox 2168 3378 3416 3450">
     <span class='ocr_line' id='line_1_73' title="bbox 2168 3378 3416 3450; baseline 0.002 -16"><span class='ocrx_word' id='word_1_525' title='bbox 2168 3381 2370 3435; x_wconf 90' lang='lat' dir='ltr'>tesimo</span> <span class='ocrx_word' id='word_1_526' title='bbox 2401 3379 2619 3435; x_wconf 87' lang='lat' dir='ltr'>decimo</span> <span class='ocrx_word' id='word_1_527' title='bbox 2648 3379 2850 3450; x_wconf 90' lang='lat' dir='ltr'>quinto</span> <span class='ocrx_word' id='word_1_528' title='bbox 2875 3378 3261 3435; x_wconf 89' lang='lat' dir='ltr'>dimicandum</span> <span class='ocrx_word' id='word_1_529' title='bbox 3283 3379 3416 3436; x_wconf 88' lang='lat' dir='ltr'>fuit.</span> 
     </span>
    </p>
   </div>
   <div class='ocr_carea' id='block_1_74' title="bbox 1474 3731 2758 3856">
    <p class='ocr_par' dir='ltr' id='par_1_74' title="bbox 1474 3731 2758 3856">
     <span class='ocr_line' id='line_1_74' title="bbox 1474 3731 2758 3856; baseline 0 -2"><span class='ocrx_word' id='word_1_530' title='bbox 1474 3732 1990 3856; x_wconf 80' lang='lat' dir='ltr'>LIBER</span> <span class='ocrx_word' id='word_1_531' title='bbox 2091 3731 2758 3856; x_wconf 88' lang='lat' dir='ltr'>SEXTUS.</span> 
     </span>
    </p>
   </div>
   <div class='ocr_carea' id='block_1_75' title="bbox 455 3914 3791 3982">
    <p class='ocr_par' dir='ltr' id='par_1_75' title="bbox 455 3914 3791 3982">
     <span class='ocr_line' id='line_1_75' title="bbox 455 3914 3791 3982; baseline 0.001 -19"><span class='ocrx_word' id='word_1_532' title='bbox 455 3915 513 3963; x_wconf 89' lang='lat' dir='ltr'>In</span> <span class='ocrx_word' id='word_1_533' title='bbox 545 3930 646 3979; x_wconf 87' lang='lat' dir='ltr'>quo</span> <span class='ocrx_word' id='word_1_534' title='bbox 670 3922 950 3966; x_wconf 86' lang='lat' dir='ltr'>narrantur</span> <span class='ocrx_word' id='word_1_535' title='bbox 972 3932 1088 3980; x_wconf 79' lang='lat' dir='ltr'>quae</span> <span class='ocrx_word' id='word_1_536' title='bbox 1117 3916 1440 3981; x_wconf 85' lang='lat' dir='ltr'>Augustinus</span> <span class='ocrx_word' id='word_1_537' title='bbox 1469 3916 1633 3980; x_wconf 85' lang='lat' dir='ltr'>gessit</span> <span class='ocrx_word' id='word_1_538' title='bbox 1661 3931 1692 3964; x_wconf 91' lang='lat' dir='ltr'>a</span> <span class='ocrx_word' id='word_1_539' title='bbox 1715 3915 1849 3965; x_wconf 89' lang='lat' dir='ltr'>datis</span> <span class='ocrx_word' id='word_1_540' title='bbox 1876 3931 2012 3966; x_wconf 87' lang='lat' dir='ltr'>anno</span> <span class='ocrx_word' id='word_1_541' title='bbox 2042 3915 2556 3980; x_wconf 85' lang='lat' dir='ltr'>quadringentesimo</span> <span class='ocrx_word' id='word_1_542' title='bbox 2580 3916 2760 3980; x_wconf 89' lang='lat' dir='ltr'>quinto</span> <span class='ocrx_word' id='word_1_543' title='bbox 2791 3915 2938 3965; x_wconf 85' lang='lat' dir='ltr'>novis</span> <span class='ocrx_word' id='word_1_544' title='bbox 2963 3914 3165 3980; x_wconf 85' lang='lat' dir='ltr'>legibus</span> <span class='ocrx_word' id='word_1_545' title='bbox 3194 3914 3244 3964; x_wconf 88' lang='lat' dir='ltr'>in</span> <span class='ocrx_word' id='word_1_546' title='bbox 3266 3914 3590 3982; x_wconf 0' lang='lat' dir='ltr'>(Donatistas,</span> <span class='ocrx_word' id='word_1_547' title='bbox 3620 3929 3791 3980; x_wconf 88' lang='lat' dir='ltr'>usque</span> 
     </span>
    </p>
   </div>
   <div class='ocr_carea' id='block_1_76' title="bbox 1269 3995 2964 4060">
    <p class='ocr_par' dir='ltr' id='par_1_76' title="bbox 1269 3995 2964 4060">
     <span class='ocr_line' id='line_1_76' title="bbox 1269 3995 2964 4060; baseline -0.001 -15"><span class='ocrx_word' id='word_1_548' title='bbox 1269 3995 1334 4045; x_wconf 87' lang='lat' dir='ltr'>ad</span> <span class='ocrx_word' id='word_1_549' title='bbox 1365 3995 1707 4045; x_wconf 86' lang='lat' dir='ltr'>Collationem</span> <span class='ocrx_word' id='word_1_550' title='bbox 1739 4011 1854 4045; x_wconf 89' lang='lat' dir='ltr'>cum</span> <span class='ocrx_word' id='word_1_551' title='bbox 1884 3996 2072 4045; x_wconf 87' lang='lat' dir='ltr'>iisdem</span> <span class='ocrx_word' id='word_1_552' title='bbox 2102 3996 2448 4046; x_wconf 86' lang='lat' dir='ltr'>schismaticis</span> <span class='ocrx_word' id='word_1_553' title='bbox 2477 3996 2964 4060; x_wconf 83' lang='lat' dir='ltr'>Carthaginensem.</span> 
     </span>
    </p>
   </div>
   <div class='ocr_carea' id='block_1_77' title="bbox 938 4181 1493 4238">
    <p class='ocr_par' dir='ltr' id='par_1_77' title="bbox 938 4181 1493 4238">
     <span class='ocr_line' id='line_1_77' title="bbox 938 4181 1493 4238; baseline 0.005 -3"><span class='ocrx_word' id='word_1_554' title='bbox 938 4181 1160 4237; x_wconf 85' lang='lat' dir='ltr'>CAPUT</span> <span class='ocrx_word' id='word_1_555' title='bbox 1197 4183 1493 4238; x_wconf 80' lang='lat' dir='ltr'>PRIMUM.</span> 
     </span>
    </p>
   </div>
   <div class='ocr_carea' id='block_1_78' title="bbox 428 4270 2059 4328">
    <p class='ocr_par' dir='ltr' id='par_1_78' title="bbox 428 4270 2059 4328">
     <span class='ocr_line' id='line_1_78' title="bbox 428 4270 2059 4328; baseline 0 -2"><span class='ocrx_word' id='word_1_556' title='bbox 428 4270 622 4326; x_wconf 84' lang='lat' dir='ltr'>Severa</span> <span class='ocrx_word' id='word_1_557' title='bbox 651 4270 738 4327; x_wconf 70' lang='lat' dir='ltr'>lea)</span> <span class='ocrx_word' id='word_1_558' title='bbox 767 4270 834 4325; x_wconf 89' lang='lat' dir='ltr'>ab</span> <span class='ocrx_word' id='word_1_559' title='bbox 859 4273 1094 4326; x_wconf 85' lang='lat' dir='ltr'>Honorio</span> <span class='ocrx_word' id='word_1_560' title='bbox 1125 4272 1240 4327; x_wconf 88' lang='lat' dir='ltr'>lata</span> <span class='ocrx_word' id='word_1_561' title='bbox 1271 4278 1454 4328; x_wconf 85' lang='lat' dir='ltr'>contra</span> <span class='ocrx_word' id='word_1_562' title='bbox 1494 4273 1824 4328; x_wconf 84' lang='lat' dir='ltr'>Donatistas.</span> <span class='ocrx_word' id='word_1_563' title='bbox 1856 4273 1889 4326; x_wconf 81' lang='lat'><strong>2</strong></span> <span class='ocrx_word' id='word_1_564' title='bbox 1917 4272 2059 4326; x_wconf 74' lang='lat' dir='ltr'>Aliae</span> 
     </span>
    </p>
   </div>
   <div class='ocr_carea' id='block_1_79' title="bbox 428 4360 2056 4432">
    <p class='ocr_par' dir='ltr' id='par_1_79' title="bbox 428 4360 2056 4432">
     <span class='ocr_line' id='line_1_79' title="bbox 428 4360 2056 4432; baseline 0.002 -20"><span class='ocrx_word' id='word_1_565' title='bbox 428 4361 483 4413; x_wconf 82' lang='lat' dir='ltr'>in</span> <span class='ocrx_word' id='word_1_566' title='bbox 512 4360 718 4416; x_wconf 78' lang='lat' dir='ltr'>eosdem</span> <span class='ocrx_word' id='word_1_567' title='bbox 766 4361 922 4428; x_wconf 85' lang='lat' dir='ltr'>leges.</span> <span class='ocrx_word' id='word_1_568' title='bbox 957 4363 987 4417; x_wconf 86' lang='lat'><strong>3</strong></span> <span class='ocrx_word' id='word_1_569' title='bbox 1013 4362 1315 4432; x_wconf 84' lang='lat' dir='ltr'>Augustini</span> <span class='ocrx_word' id='word_1_570' title='bbox 1370 4362 1444 4418; x_wconf 87' lang='lat' dir='ltr'>ad</span> <span class='ocrx_word' id='word_1_571' title='bbox 1495 4364 1788 4418; x_wconf 85' lang='lat' dir='ltr'>Paulinum</span> <span class='ocrx_word' id='word_1_572' title='bbox 1845 4363 2056 4417; x_wconf 59' lang='lat' dir='ltr'>littera.</span> 
     </span>
    </p>
   </div>
   <div class='ocr_carea' id='block_1_80' title="bbox 425 4449 2059 4521">
    <p class='ocr_par' dir='ltr' id='par_1_80' title="bbox 425 4449 2059 4521">
     <span class='ocr_line' id='line_1_80' title="bbox 425 4449 2059 4521; baseline 0.002 -20"><span class='ocrx_word' id='word_1_573' title='bbox 425 4449 459 4502; x_wconf 85' lang='grc'>4</span> <span class='ocrx_word' id='word_1_574' title='bbox 487 4452 740 4504; x_wconf 84' lang='lat' dir='ltr'>Fructum</span> <span class='ocrx_word' id='word_1_575' title='bbox 771 4467 934 4519; x_wconf 88' lang='lat' dir='ltr'>quam</span> <span class='ocrx_word' id='word_1_576' title='bbox 965 4453 1263 4506; x_wconf 65' lang='lat' dir='ltr'>maximum</span> <span class='ocrx_word' id='word_1_577' title='bbox 1292 4470 1358 4507; x_wconf 70' lang='lat' dir='ltr'>em</span> <span class='ocrx_word' id='word_1_578' title='bbox 1392 4454 1622 4508; x_wconf 79' lang='lat' dir='ltr'>Honorii</span> <span class='ocrx_word' id='word_1_579' title='bbox 1657 4453 1861 4520; x_wconf 81' lang='lat' dir='ltr'>legibus</span> <span class='ocrx_word' id='word_1_580' title='bbox 1911 4453 2059 4521; x_wconf 89' lang='lat' dir='ltr'>capit</span> 
     </span>
    </p>
   </div>
   <div class='ocr_carea' id='block_1_81' title="bbox 434 4537 2059 4610">
    <p class='ocr_par' dir='ltr' id='par_1_81' title="bbox 434 4537 2059 4610">
     <span class='ocr_line' id='line_1_81' title="bbox 434 4537 2059 4610; baseline 0.003 -21"><span class='ocrx_word' id='word_1_581' title='bbox 434 4537 686 4592; x_wconf 82' lang='lat' dir='ltr'>Ecclesia.</span> <span class='ocrx_word' id='word_1_582' title='bbox 709 4541 739 4592; x_wconf 77' lang='grc' dir='ltr'>ὅ</span> <span class='ocrx_word' id='word_1_583' title='bbox 762 4540 1056 4595; x_wconf 82' lang='lat' dir='ltr'>Concilium</span> <span class='ocrx_word' id='word_1_584' title='bbox 1073 4540 1403 4609; x_wconf 84' lang='lat' dir='ltr'>Carthagine</span> <span class='ocrx_word' id='word_1_585' title='bbox 1427 4545 1552 4610; x_wconf 89' lang='lat' dir='ltr'>post</span> <span class='ocrx_word' id='word_1_586' title='bbox 1580 4541 1800 4596; x_wconf 82' lang='lat' dir='ltr'>restitui</span> <span class='ocrx_word' id='word_1_587' title='bbox 1831 4544 2059 4610; x_wconf 64' lang='lat' dir='ltr'>coeptam</span> 
     </span>
    </p>
   </div>
   <div class='ocr_carea' id='block_1_82' title="bbox 430 4624 1145 4683">
    <p class='ocr_par' dir='ltr' id='par_1_82' title="bbox 430 4624 1145 4683">
     <span class='ocr_line' id='line_1_82' title="bbox 430 4624 1145 4683; baseline 0.008 -6"><span class='ocrx_word' id='word_1_588' title='bbox 430 4624 510 4678; x_wconf 91' lang='lat' dir='ltr'>ibi</span> <span class='ocrx_word' id='word_1_589' title='bbox 539 4628 801 4682; x_wconf 86' lang='lat' dir='ltr'>unitatem</span> <span class='ocrx_word' id='word_1_590' title='bbox 831 4629 1145 4683; x_wconf 86' lang='lat' dir='ltr'>celebratur.</span> 
     </span>
    </p>
   </div>
   <div class='ocr_carea' id='block_1_83' title="bbox 432 4713 2057 4788">
    <p class='ocr_par' dir='ltr' id='par_1_83' title="bbox 432 4713 2057 4788">
     <span class='ocr_line' id='line_1_83' title="bbox 432 4713 2057 4788; baseline 0.002 -22"><span class='ocrx_word' id='word_1_591' title='bbox 432 4715 479 4767; x_wconf 82' lang='lat' dir='ltr'>l.</span> <span class='ocrx_word' id='word_1_592' title='bbox 514 4713 762 4784; x_wconf 88' lang='lat' dir='ltr'>Digressi</span> <span class='ocrx_word' id='word_1_593' title='bbox 809 4731 1120 4787; x_wconf 89' lang='lat' dir='ltr'>parumper</span> <span class='ocrx_word' id='word_1_594' title='bbox 1167 4733 1201 4770; x_wconf 90' lang='lat' dir='ltr'>a</span> <span class='ocrx_word' id='word_1_595' title='bbox 1228 4732 1398 4771; x_wconf 88' lang='lat' dir='ltr'>causa</span> <span class='ocrx_word' id='word_1_596' title='bbox 1443 4715 1890 4787; x_wconf 87' lang='lat' dir='ltr'>Donatistarum,</span> <span class='ocrx_word' id='word_1_597' title='bbox 1937 4716 2057 4788; x_wconf 88' lang='lat' dir='ltr'>jam</span> 
     </span>
    </p>
   </div>
   <div class='ocr_carea' id='block_1_84' title="bbox 350 4800 2059 4872">
    <p class='ocr_par' dir='ltr' id='par_1_84' title="bbox 350 4800 2059 4872">
     <span class='ocr_line' id='line_1_84' title="bbox 350 4800 2059 4872; baseline 0.004 -17"><span class='ocrx_word' id='word_1_598' title='bbox 350 4809 510 4856; x_wconf 76' lang='lat' dir='ltr'>nunc</span> <span class='ocrx_word' id='word_1_599' title='bbox 538 4800 662 4872; x_wconf 90' lang='lat' dir='ltr'>ipso</span> <span class='ocrx_word' id='word_1_600' title='bbox 691 4804 960 4858; x_wconf 88' lang='lat' dir='ltr'>narrandi</span> <span class='ocrx_word' id='word_1_601' title='bbox 988 4805 1188 4859; x_wconf 86' lang='lat' dir='ltr'>ordine</span> <span class='ocrx_word' id='word_1_602' title='bbox 1231 4805 1304 4860; x_wconf 89' lang='lat' dir='ltr'>ad</span> <span class='ocrx_word' id='word_1_603' title='bbox 1343 4821 1472 4860; x_wconf 88' lang='lat' dir='ltr'>eam</span> <span class='ocrx_word' id='word_1_604' title='bbox 1521 4821 1870 4861; x_wconf 89' lang='lat' dir='ltr'>revocamur.</span> <span class='ocrx_word' id='word_1_605' title='bbox 1918 4807 2059 4862; x_wconf 91' lang='lat' dir='ltr'>Cum</span> 
     </span>
    </p>
   </div>
   <div class='ocr_carea' id='block_1_85' title="bbox 356 4888 2061 4967">
    <p class='ocr_par' dir='ltr' id='par_1_85' title="bbox 356 4888 2061 4967">
     <span class='ocr_line' id='line_1_85' title="bbox 356 4888 2061 4967; baseline 0.004 -23"><span class='ocrx_word' id='word_1_606' title='bbox 356 4888 427 4944; x_wconf 88' lang='lat' dir='ltr'>ad</span> <span class='ocrx_word' id='word_1_607' title='bbox 451 4888 782 4944; x_wconf 88' lang='lat' dir='ltr'>comitatum</span> <span class='ocrx_word' id='word_1_608' title='bbox 813 4891 1173 4948; x_wconf 90' lang='lat' dir='ltr'>devenissent</span> <span class='ocrx_word' id='word_1_609' title='bbox 1225 4893 1474 4966; x_wconf 80' lang='lat' dir='ltr'>episcopi</span> <span class='ocrx_word' id='word_1_610' title='bbox 1526 4895 1723 4966; x_wconf 89' lang='lat' dir='ltr'>legati,</span> <span class='ocrx_word' id='word_1_611' title='bbox 1764 4895 1972 4967; x_wconf 89' lang='lat' dir='ltr'>quibus</span> <span class='ocrx_word' id='word_1_612' title='bbox 2028 4912 2061 4950; x_wconf 89' lang='lat' dir='ltr'>a</span> 
     </span>
    </p>
   </div>
   <div class='ocr_carea' id='block_1_86' title="bbox 357 4978 2062 5052">
    <p class='ocr_par' dir='ltr' id='par_1_86' title="bbox 357 4978 2062 5052">
     <span class='ocr_line' id='line_1_86' title="bbox 357 4978 2062 5052; baseline 0.002 -17"><span class='ocrx_word' id='word_1_613' title='bbox 357 4978 790 5050; x_wconf 83' lang='lat' dir='ltr'>Carthaginensi</span> <span class='ocrx_word' id='word_1_614' title='bbox 809 4981 1048 5038; x_wconf 90' lang='lat' dir='ltr'>concilio</span> <span class='ocrx_word' id='word_1_615' title='bbox 1065 4985 1463 5040; x_wconf 87' lang='lat' dir='ltr'>commendata</span> <span class='ocrx_word' id='word_1_616' title='bbox 1478 4989 1616 5052; x_wconf 87' lang='lat' dir='ltr'>erat,</span> <span class='ocrx_word' id='word_1_617' title='bbox 1637 4984 1781 5039; x_wconf 88' lang='lat' dir='ltr'>nihil</span> <span class='ocrx_word' id='word_1_618' title='bbox 1802 4988 1925 5040; x_wconf 89' lang='lat' dir='ltr'>tum</span> <span class='ocrx_word' id='word_1_619' title='bbox 1947 4985 2062 5039; x_wconf 89' lang='lat' dir='ltr'>illic</span> 
     </span>
    </p>
   </div>
   <div class='ocr_carea' id='block_1_87' title="bbox 355 5069 2057 5144">
    <p class='ocr_par' dir='ltr' id='par_1_87' title="bbox 355 5069 2057 5144">
     <span class='ocr_line' id='line_1_87' title="bbox 355 5069 2057 5144; baseline 0.002 -19"><span class='ocrx_word' id='word_1_620' title='bbox 355 5085 391 5125; x_wconf 90' lang='lat' dir='ltr'>a</span> <span class='ocrx_word' id='word_1_621' title='bbox 425 5069 888 5140; x_wconf 59' lang='lat' dir='ltr'>sefprazstandum</span> <span class='ocrx_word' id='word_1_622' title='bbox 913 5085 1032 5126; x_wconf 86' lang='lat' dir='ltr'>esse</span> <span class='ocrx_word' id='word_1_623' title='bbox 1059 5079 1461 5143; x_wconf 87' lang='lat' dir='ltr'>compererunt</span> <span class='ocrx_word' id='word_1_624' title='bbox 1487 5073 1686 5144; x_wconf 86' lang='lat' dir='ltr'>(Epist.</span> <span class='ocrx_word' id='word_1_625' title='bbox 1724 5077 1842 5142; x_wconf 84' lang='lat' dir='ltr'>l85,</span> <span class='ocrx_word' id='word_1_626' title='bbox 1862 5089 1919 5128; x_wconf 75' lang='grc' dir='ltr'>τι.</span> <span class='ocrx_word' id='word_1_627' title='bbox 1944 5075 2057 5144; x_wconf 83' lang='grc'>26).</span> 
     </span>
    </p>
   </div>
   <div class='ocr_carea' id='block_1_88' title="bbox 357 5157 2061 5234">
    <p class='ocr_par' dir='ltr' id='par_1_88' title="bbox 357 5157 2061 5234">
     <span class='ocr_line' id='line_1_88' title="bbox 357 5157 2061 5234; baseline 0.002 -21"><span class='ocrx_word' id='word_1_628' title='bbox 357 5157 580 5213; x_wconf 88' lang='lat' dir='ltr'>Etenim</span> <span class='ocrx_word' id='word_1_629' title='bbox 609 5159 700 5213; x_wconf 86' lang='lat' dir='ltr'>lex</span> <span class='ocrx_word' id='word_1_630' title='bbox 720 5157 990 5214; x_wconf 90' lang='lat' dir='ltr'>adversus</span> <span class='ocrx_word' id='word_1_631' title='bbox 1019 5161 1220 5216; x_wconf 88' lang='lat' dir='ltr'>Donati</span> <span class='ocrx_word' id='word_1_632' title='bbox 1240 5162 1544 5218; x_wconf 86' lang='lat' dir='ltr'>factionem</span> <span class='ocrx_word' id='word_1_633' title='bbox 1555 5165 1675 5234; x_wconf 90' lang='lat' dir='ltr'>jam</span> <span class='ocrx_word' id='word_1_634' title='bbox 1702 5168 1830 5218; x_wconf 89' lang='lat' dir='ltr'>ante</span> <span class='ocrx_word' id='word_1_635' title='bbox 1863 5178 2061 5217; x_wconf 88' lang='lat' dir='ltr'>eorum</span> 
     </span>
    </p>
   </div>
   <div class='ocr_carea' id='block_1_89' title="bbox 357 5247 2064 5322">
    <p class='ocr_par' dir='ltr' id='par_1_89' title="bbox 357 5247 2064 5322">
     <span class='ocr_line' id='line_1_89' title="bbox 357 5247 2064 5322; baseline 0.002 -20"><span class='ocrx_word' id='word_1_636' title='bbox 357 5247 662 5303; x_wconf 86' lang='lat' dir='ltr'>adventum</span> <span class='ocrx_word' id='word_1_637' title='bbox 694 5249 826 5316; x_wconf 87' lang='lat' dir='ltr'>lata,</span> <span class='ocrx_word' id='word_1_638' title='bbox 861 5249 1340 5322; x_wconf 87' lang='lat' dir='ltr'>promulgataque</span> <span class='ocrx_word' id='word_1_639' title='bbox 1369 5251 1575 5309; x_wconf 86' lang='lat' dir='ltr'>fuerat.</span> <span class='ocrx_word' id='word_1_640' title='bbox 1608 5252 1732 5308; x_wconf 92' lang='lat' dir='ltr'>Toti</span> <span class='ocrx_word' id='word_1_641' title='bbox 1763 5268 1857 5306; x_wconf 91' lang='lat' dir='ltr'>eos</span> <span class='ocrx_word' id='word_1_642' title='bbox 1886 5251 2064 5306; x_wconf 90' lang='lat' dir='ltr'>homi-</span> 
     </span>
    </p>
   </div>
   <div class='ocr_carea' id='block_1_90' title="bbox 359 5337 2062 5410">
    <p class='ocr_par' dir='ltr' id='par_1_90' title="bbox 359 5337 2062 5410">
     <span class='ocr_line' id='line_1_90' title="bbox 359 5337 2062 5410; baseline 0.002 -19"><span class='ocrx_word' id='word_1_643' title='bbox 359 5350 499 5392; x_wconf 88' lang='lat' dir='ltr'>num</span> <span class='ocrx_word' id='word_1_644' title='bbox 516 5339 786 5410; x_wconf 73' lang='lat' dir='ltr'>querelm,</span> <span class='ocrx_word' id='word_1_645' title='bbox 804 5337 904 5410; x_wconf 91' lang='lat' dir='ltr'>qui</span> <span class='ocrx_word' id='word_1_646' title='bbox 923 5338 1072 5392; x_wconf 91' lang='lat' dir='ltr'>male</span> <span class='ocrx_word' id='word_1_647' title='bbox 1091 5339 1347 5396; x_wconf 86' lang='lat' dir='ltr'>mulctati</span> <span class='ocrx_word' id='word_1_648' title='bbox 1364 5341 1599 5396; x_wconf 90' lang='lat' dir='ltr'>domum</span> <span class='ocrx_word' id='word_1_649' title='bbox 1620 5341 1804 5396; x_wconf 86' lang='lat' dir='ltr'>redire</span> <span class='ocrx_word' id='word_1_650' title='bbox 1826 5357 1940 5395; x_wconf 91' lang='lat' dir='ltr'>non</span> <span class='ocrx_word' id='word_1_651' title='bbox 1963 5357 2062 5394; x_wconf 88' lang='lat' dir='ltr'>au-</span> 
     </span>
    </p>
   </div>
   <div class='ocr_carea' id='block_1_91' title="bbox 358 5423 2063 5500">
    <p class='ocr_par' dir='ltr' id='par_1_91' title="bbox 358 5423 2063 5500">
     <span class='ocr_line' id='line_1_91' title="bbox 358 5423 2063 5500; baseline 0.004 -22"><span class='ocrx_word' id='word_1_652' title='bbox 358 5423 588 5496; x_wconf 86' lang='lat' dir='ltr'>debant,</span> <span class='ocrx_word' id='word_1_653' title='bbox 627 5444 691 5482; x_wconf 88' lang='lat' dir='ltr'>ac</span> <span class='ocrx_word' id='word_1_654' title='bbox 719 5427 781 5482; x_wconf 91' lang='lat' dir='ltr'>in</span> <span class='ocrx_word' id='word_1_655' title='bbox 809 5426 1013 5499; x_wconf 89' lang='lat' dir='ltr'>primis</span> <span class='ocrx_word' id='word_1_656' title='bbox 1042 5427 1368 5498; x_wconf 84' lang='lat' dir='ltr'>Bagaiensis</span> <span class='ocrx_word' id='word_1_657' title='bbox 1389 5428 1643 5500; x_wconf 88' lang='lat' dir='ltr'>episcopi</span> <span class='ocrx_word' id='word_1_658' title='bbox 1667 5429 1968 5486; x_wconf 71' lang='lat' dir='ltr'>horrendae</span> <span class='ocrx_word' id='word_1_659' title='bbox 1999 5445 2063 5484; x_wconf 87' lang='lat' dir='ltr'>ac</span> 
     </span>
    </p>
   </div>
   <div class='ocr_carea' id='block_1_92' title="bbox 360 5515 2067 5588">
    <p class='ocr_par' dir='ltr' id='par_1_92' title="bbox 360 5515 2067 5588">
     <span class='ocr_line' id='line_1_92' title="bbox 360 5515 2067 5588; baseline 0.005 -22"><span class='ocrx_word' id='word_1_660' title='bbox 360 5515 770 5574; x_wconf 82' lang='lat' dir='ltr'>recentissimae</span> <span class='ocrx_word' id='word_1_661' title='bbox 801 5516 1089 5574; x_wconf 86' lang='lat' dir='ltr'>cicatrices</span> <span class='ocrx_word' id='word_1_662' title='bbox 1103 5518 1516 5588; x_wconf 88' lang='lat' dir='ltr'>Imperatorem</span> <span class='ocrx_word' id='word_1_663' title='bbox 1535 5522 1979 5576; x_wconf 88' lang='lat' dir='ltr'>commoverant.</span> <span class='ocrx_word' id='word_1_664' title='bbox 2001 5519 2067 5574; x_wconf 87' lang='lat' dir='ltr'>Et</span> 
     </span>
    </p>
   </div>
   <div class='ocr_carea' id='block_1_93' title="bbox 2173 4182 3889 4255">
    <p class='ocr_par' dir='ltr' id='par_1_93' title="bbox 2173 4182 3889 4255">
     <span class='ocr_line' id='line_1_93' title="bbox 2173 4182 3889 4255; baseline 0.001 -17"><span class='ocrx_word' id='word_1_665' title='bbox 2173 4183 2328 4255; x_wconf 90' lang='lat' dir='ltr'>quia,</span> <span class='ocrx_word' id='word_1_666' title='bbox 2351 4189 2414 4238; x_wconf 93' lang='lat' dir='ltr'>ut</span> <span class='ocrx_word' id='word_1_667' title='bbox 2443 4183 2695 4255; x_wconf 87' lang='lat' dir='ltr'>loquitur</span> <span class='ocrx_word' id='word_1_668' title='bbox 2709 4182 3083 4254; x_wconf 86' lang='lat' dir='ltr'>Augustinus,</span> <span class='ocrx_word' id='word_1_669' title='bbox 3104 4183 3646 4240; x_wconf 87' lang='lat' dir='ltr'>Circumcellionum</span> <span class='ocrx_word' id='word_1_670' title='bbox 3671 4186 3889 4241; x_wconf 87' lang='lat' dir='ltr'>nobilis</span> 
     </span>
    </p>
   </div>
   <div class='ocr_carea' id='block_1_94' title="bbox 2171 4272 3890 4344">
    <p class='ocr_par' dir='ltr' id='par_1_94' title="bbox 2171 4272 3890 4344">
     <span class='ocr_line' id='line_1_94' title="bbox 2171 4272 3890 4344; baseline 0.001 -16"><span class='ocrx_word' id='word_1_671' title='bbox 2171 4273 2331 4328; x_wconf 83' lang='lat' dir='ltr'>furor</span> <span class='ocrx_word' id='word_1_672' title='bbox 2357 4273 2706 4328; x_wconf 91' lang='lat' dir='ltr'>horrendum</span> <span class='ocrx_word' id='word_1_673' title='bbox 2727 4272 2988 4344; x_wconf 74' lang='lat' dir='ltr'>prtebens</span> <span class='ocrx_word' id='word_1_674' title='bbox 3017 4272 3134 4326; x_wconf 90' lang='lat' dir='ltr'>suis</span> <span class='ocrx_word' id='word_1_675' title='bbox 3162 4272 3380 4328; x_wconf 90' lang='lat' dir='ltr'>clericis</span> <span class='ocrx_word' id='word_1_676' title='bbox 3409 4273 3771 4343; x_wconf 88' lang='lat' dir='ltr'>satellitium,</span> <span class='ocrx_word' id='word_1_677' title='bbox 3800 4291 3890 4330; x_wconf 89' lang='lat' dir='ltr'>us-</span> 
     </span>
    </p>
   </div>
   <div class='ocr_carea' id='block_1_95' title="bbox 2174 4361 3890 4434">
    <p class='ocr_par' dir='ltr' id='par_1_95' title="bbox 2174 4361 3890 4434">
     <span class='ocr_line' id='line_1_95' title="bbox 2174 4361 3890 4434; baseline 0.001 -17"><span class='ocrx_word' id='word_1_678' title='bbox 2174 4378 2516 4434; x_wconf 88' lang='lat' dir='ltr'>quequaque</span> <span class='ocrx_word' id='word_1_679' title='bbox 2546 4361 2899 4418; x_wconf 88' lang='lat' dir='ltr'>odiosissime</span> <span class='ocrx_word' id='word_1_680' title='bbox 2913 4361 3258 4429; x_wconf 89' lang='lat' dir='ltr'>innotuerat,</span> <span class='ocrx_word' id='word_1_681' title='bbox 3274 4361 3330 4415; x_wconf 90' lang='lat' dir='ltr'>in</span> <span class='ocrx_word' id='word_1_682' title='bbox 3338 4361 3548 4432; x_wconf 88' lang='lat' dir='ltr'>gensin</span> <span class='ocrx_word' id='word_1_683' title='bbox 3563 4364 3890 4419; x_wconf 79' lang='lat' dir='ltr'>Donstistas</span> 
     </span>
    </p>
   </div>
   <div class='ocr_carea' id='block_1_96' title="bbox 2172 4449 3893 4523">
    <p class='ocr_par' dir='ltr' id='par_1_96' title="bbox 2172 4449 3893 4523">
     <span class='ocr_line' id='line_1_96' title="bbox 2172 4449 3893 4523; baseline -0.001 -17"><span class='ocrx_word' id='word_1_684' title='bbox 2172 4452 2620 4523; x_wconf 86' lang='lat' dir='ltr'>conﬂagraverat</span> <span class='ocrx_word' id='word_1_685' title='bbox 2649 4450 2900 4506; x_wconf 89' lang='lat' dir='ltr'>invidia:</span> <span class='ocrx_word' id='word_1_686' title='bbox 2933 4453 3104 4522; x_wconf 89' lang='lat' dir='ltr'>atque</span> <span class='ocrx_word' id='word_1_687' title='bbox 3134 4449 3264 4505; x_wconf 90' lang='lat' dir='ltr'>inde</span> <span class='ocrx_word' id='word_1_688' title='bbox 3301 4451 3514 4505; x_wconf 84' lang='lat' dir='ltr'>factum</span> <span class='ocrx_word' id='word_1_689' title='bbox 3558 4456 3705 4521; x_wconf 85' lang='lat' dir='ltr'>erat,</span> <span class='ocrx_word' id='word_1_690' title='bbox 3739 4458 3810 4507; x_wconf 91' lang='lat' dir='ltr'>ut</span> <span class='ocrx_word' id='word_1_691' title='bbox 3836 4457 3893 4507; x_wconf 90' lang='lat' dir='ltr'>et</span> 
     </span>
    </p>
   </div>
   <div class='ocr_carea' id='block_1_97' title="bbox 2172 4538 3894 4611">
    <p class='ocr_par' dir='ltr' id='par_1_97' title="bbox 2172 4538 3894 4611">
     <span class='ocr_line' id='line_1_97' title="bbox 2172 4538 3894 4611; baseline 0.001 -16"><span class='ocrx_word' id='word_1_692' title='bbox 2172 4539 2480 4611; x_wconf 64' lang='lat' dir='ltr'>praeteritae</span> <span class='ocrx_word' id='word_1_693' title='bbox 2519 4556 2720 4595; x_wconf 89' lang='lat' dir='ltr'>omnes</span> <span class='ocrx_word' id='word_1_694' title='bbox 2765 4544 2961 4595; x_wconf 89' lang='lat' dir='ltr'>contra</span> <span class='ocrx_word' id='word_1_695' title='bbox 3011 4555 3106 4594; x_wconf 88' lang='lat' dir='ltr'>eos</span> <span class='ocrx_word' id='word_1_696' title='bbox 3155 4540 3307 4610; x_wconf 90' lang='lat' dir='ltr'>leges</span> <span class='ocrx_word' id='word_1_697' title='bbox 3362 4538 3781 4610; x_wconf 85' lang='lat' dir='ltr'>excitarentur,</span> <span class='ocrx_word' id='word_1_698' title='bbox 3837 4545 3894 4596; x_wconf 86' lang='lat' dir='ltr'>et</span> 
     </span>
    </p>
   </div>
   <div class='ocr_carea' id='block_1_98' title="bbox 2174 4628 3894 4702">
    <p class='ocr_par' dir='ltr' id='par_1_98' title="bbox 2174 4628 3894 4702">
     <span class='ocr_line' id='line_1_98' title="bbox 2174 4628 3894 4702; baseline 0.001 -19"><span class='ocrx_word' id='word_1_699' title='bbox 2174 4630 2556 4686; x_wconf 88' lang='lat' dir='ltr'>conderentur</span> <span class='ocrx_word' id='word_1_700' title='bbox 2583 4645 2745 4684; x_wconf 59' lang='lat' dir='ltr'>novae</span> <span class='ocrx_word' id='word_1_701' title='bbox 2771 4628 2990 4700; x_wconf 84' lang='lat' dir='ltr'>(Contra</span> <span class='ocrx_word' id='word_1_702' title='bbox 3020 4630 3284 4695; x_wconf 83' lang='lat' dir='ltr'>Crescon.,</span> <span class='ocrx_word' id='word_1_703' title='bbox 3308 4628 3401 4683; x_wconf 89' lang='lat' dir='ltr'>lib.</span> <span class='ocrx_word' id='word_1_704' title='bbox 3431 4631 3557 4693; x_wconf 65' lang='lat'>3,11.</span> <span class='ocrx_word' id='word_1_705' title='bbox 3588 4629 3707 4702; x_wconf 77' lang='grc'>47).</span> <span class='ocrx_word' id='word_1_706' title='bbox 3739 4631 3894 4685; x_wconf 85' lang='lat' dir='ltr'>Nam</span> 
     </span>
    </p>
   </div>
   <div class='ocr_carea' id='block_1_99' title="bbox 2176 4716 3896 4790">
    <p class='ocr_par' dir='ltr' id='par_1_99' title="bbox 2176 4716 3896 4790">
     <span class='ocr_line' id='line_1_99' title="bbox 2176 4716 3896 4790; baseline -0.001 -16"><span class='ocrx_word' id='word_1_707' title='bbox 2176 4721 2492 4790; x_wconf 87' lang='lat' dir='ltr'>Imperator</span> <span class='ocrx_word' id='word_1_708' title='bbox 2514 4717 2825 4790; x_wconf 90' lang='lat' dir='ltr'>religiosus</span> <span class='ocrx_word' id='word_1_709' title='bbox 2842 4723 2897 4773; x_wconf 92' lang='lat' dir='ltr'>et</span> <span class='ocrx_word' id='word_1_710' title='bbox 2909 4717 3058 4789; x_wconf 91' lang='lat' dir='ltr'>pius,</span> <span class='ocrx_word' id='word_1_711' title='bbox 3073 4717 3307 4788; x_wconf 89' lang='lat' dir='ltr'>perlatis</span> <span class='ocrx_word' id='word_1_712' title='bbox 3334 4717 3394 4772; x_wconf 93' lang='lat' dir='ltr'>in</span> <span class='ocrx_word' id='word_1_713' title='bbox 3420 4716 3690 4772; x_wconf 88' lang='lat' dir='ltr'>notitiam</span> <span class='ocrx_word' id='word_1_714' title='bbox 3717 4735 3896 4773; x_wconf 87' lang='lat' dir='ltr'>suam</span> 
     </span>
    </p>
   </div>
   <div class='ocr_carea' id='block_1_100' title="bbox 2174 4805 3899 4880">
    <p class='ocr_par' dir='ltr' id='par_1_100' title="bbox 2174 4805 3899 4880">
     <span class='ocr_line' id='line_1_100' title="bbox 2174 4805 3899 4880; baseline -0.001 -17"><span class='ocrx_word' id='word_1_715' title='bbox 2174 4808 2382 4863; x_wconf 89' lang='lat' dir='ltr'>talibus</span> <span class='ocrx_word' id='word_1_716' title='bbox 2419 4807 2623 4876; x_wconf 88' lang='lat' dir='ltr'>causis,</span> <span class='ocrx_word' id='word_1_717' title='bbox 2655 4807 2859 4862; x_wconf 90' lang='lat' dir='ltr'>maluit</span> <span class='ocrx_word' id='word_1_718' title='bbox 2891 4807 3132 4880; x_wconf 88' lang='lat' dir='ltr'>piisimis</span> <span class='ocrx_word' id='word_1_719' title='bbox 3172 4807 3393 4878; x_wconf 88' lang='lat' dir='ltr'>legibus</span> <span class='ocrx_word' id='word_1_720' title='bbox 3435 4805 3757 4878; x_wconf 87' lang='lat' dir='ltr'>impietatis</span> <span class='ocrx_word' id='word_1_721' title='bbox 3803 4824 3899 4862; x_wconf 87' lang='lat' dir='ltr'>er-</span> 
     </span>
    </p>
   </div>
   <div class='ocr_carea' id='block_1_101' title="bbox 2175 4895 3900 4968">
    <p class='ocr_par' dir='ltr' id='par_1_101' title="bbox 2175 4895 3900 4968">
     <span class='ocr_line' id='line_1_101' title="bbox 2175 4895 3900 4968; baseline 0 -17"><span class='ocrx_word' id='word_1_722' title='bbox 2175 4913 2364 4951; x_wconf 91' lang='lat' dir='ltr'>rorem</span> <span class='ocrx_word' id='word_1_723' title='bbox 2389 4895 2620 4951; x_wconf 90' lang='lat' dir='ltr'>omnino</span> <span class='ocrx_word' id='word_1_724' title='bbox 2649 4897 2954 4968; x_wconf 88' lang='lat' dir='ltr'>corrigere,</span> <span class='ocrx_word' id='word_1_725' title='bbox 2985 4900 3042 4951; x_wconf 93' lang='lat' dir='ltr'>et</span> <span class='ocrx_word' id='word_1_726' title='bbox 3069 4911 3164 4950; x_wconf 91' lang='lat' dir='ltr'>eos</span> <span class='ocrx_word' id='word_1_727' title='bbox 3211 4895 3311 4967; x_wconf 92' lang='lat' dir='ltr'>qui</span> <span class='ocrx_word' id='word_1_728' title='bbox 3342 4900 3539 4950; x_wconf 89' lang='lat' dir='ltr'>contra</span> <span class='ocrx_word' id='word_1_729' title='bbox 3587 4896 3900 4951; x_wconf 88' lang='lat' dir='ltr'>Christum</span> 
     </span>
    </p>
   </div>
   <div class='ocr_carea' id='block_1_102' title="bbox 2177 4984 3903 5057">
    <p class='ocr_par' dir='ltr' id='par_1_102' title="bbox 2177 4984 3903 5057">
     <span class='ocr_line' id='line_1_102' title="bbox 2177 4984 3903 5057; baseline -0.001 -15"><span class='ocrx_word' id='word_1_730' title='bbox 2177 4985 2380 5042; x_wconf 90' lang='lat' dir='ltr'>Christi</span> <span class='ocrx_word' id='word_1_731' title='bbox 2411 4985 2574 5057; x_wconf 88' lang='lat' dir='ltr'>signa</span> <span class='ocrx_word' id='word_1_732' title='bbox 2607 4990 2921 5057; x_wconf 87' lang='lat' dir='ltr'>portarent,</span> <span class='ocrx_word' id='word_1_733' title='bbox 2957 4986 3028 5041; x_wconf 89' lang='lat' dir='ltr'>ad</span> <span class='ocrx_word' id='word_1_734' title='bbox 3067 4985 3343 5040; x_wconf 89' lang='lat' dir='ltr'>unitatem</span> <span class='ocrx_word' id='word_1_735' title='bbox 3382 4984 3731 5040; x_wconf 84' lang='lat' dir='ltr'>catholicam</span> <span class='ocrx_word' id='word_1_736' title='bbox 3785 4991 3903 5041; x_wconf 81' lang='lat' dir='ltr'>ter-</span> 
     </span>
    </p>
   </div>
   <div class='ocr_carea' id='block_1_103' title="bbox 2177 5072 3903 5146">
    <p class='ocr_par' dir='ltr' id='par_1_103' title="bbox 2177 5072 3903 5146">
     <span class='ocr_line' id='line_1_103' title="bbox 2177 5072 3903 5146; baseline -0.001 -16"><span class='ocrx_word' id='word_1_737' title='bbox 2177 5075 2353 5130; x_wconf 89' lang='lat' dir='ltr'>rendo</span> <span class='ocrx_word' id='word_1_738' title='bbox 2377 5079 2434 5128; x_wconf 88' lang='lat' dir='ltr'>et</span> <span class='ocrx_word' id='word_1_739' title='bbox 2461 5074 2772 5130; x_wconf 89' lang='lat' dir='ltr'>coercendo</span> <span class='ocrx_word' id='word_1_740' title='bbox 2803 5074 3085 5146; x_wconf 88' lang='lat' dir='ltr'>redigere,</span> <span class='ocrx_word' id='word_1_741' title='bbox 3117 5089 3292 5145; x_wconf 90' lang='lat' dir='ltr'>quam</span> <span class='ocrx_word' id='word_1_742' title='bbox 3321 5072 3594 5128; x_wconf 68' lang='lat' dir='ltr'>saaviendi</span> <span class='ocrx_word' id='word_1_743' title='bbox 3626 5077 3903 5130; x_wconf 83' lang='lat' dir='ltr'>tantum-</span> 
     </span>
    </p>
   </div>
   <div class='ocr_carea' id='block_1_104' title="bbox 2179 5162 3903 5232">
    <p class='ocr_par' dir='ltr' id='par_1_104' title="bbox 2179 5162 3903 5232">
     <span class='ocr_line' id='line_1_104' title="bbox 2179 5162 3903 5232; baseline 0 -14"><span class='ocrx_word' id='word_1_744' title='bbox 2179 5164 2348 5218; x_wconf 90' lang='lat' dir='ltr'>modo</span> <span class='ocrx_word' id='word_1_745' title='bbox 2380 5163 2602 5218; x_wconf 89' lang='lat' dir='ltr'>auferre</span> <span class='ocrx_word' id='word_1_746' title='bbox 2620 5163 2932 5231; x_wconf 86' lang='lat' dir='ltr'>licentiam,</span> <span class='ocrx_word' id='word_1_747' title='bbox 2966 5167 3022 5218; x_wconf 91' lang='lat' dir='ltr'>et</span> <span class='ocrx_word' id='word_1_748' title='bbox 3050 5162 3278 5218; x_wconf 88' lang='lat' dir='ltr'>errandi</span> <span class='ocrx_word' id='word_1_749' title='bbox 3308 5178 3372 5216; x_wconf 89' lang='lat' dir='ltr'>ac</span> <span class='ocrx_word' id='word_1_750' title='bbox 3401 5163 3689 5232; x_wconf 85' lang='lat' dir='ltr'>pereundi</span> <span class='ocrx_word' id='word_1_751' title='bbox 3720 5164 3903 5218; x_wconf 53' lang='lat' dir='ltr'>relin.</span> 
     </span>
    </p>
   </div>
   <div class='ocr_carea' id='block_1_105' title="bbox 2178 5250 3904 5323">
    <p class='ocr_par' dir='ltr' id='par_1_105' title="bbox 2178 5250 3904 5323">
     <span class='ocr_line' id='line_1_105' title="bbox 2178 5250 3904 5323; baseline 0.002 -19"><span class='ocrx_word' id='word_1_752' title='bbox 2178 5267 2372 5321; x_wconf 90' lang='lat' dir='ltr'>quere.</span> <span class='ocrx_word' id='word_1_753' title='bbox 2401 5252 2544 5322; x_wconf 88' lang='lat' dir='ltr'>Ergo</span> <span class='ocrx_word' id='word_1_754' title='bbox 2573 5252 2662 5306; x_wconf 87' lang='lat' dir='ltr'>lex</span> <span class='ocrx_word' id='word_1_755' title='bbox 2675 5251 3042 5323; x_wconf 88' lang='lat' dir='ltr'>promulgata</span> <span class='ocrx_word' id='word_1_756' title='bbox 3059 5252 3187 5320; x_wconf 85' lang='lat' dir='ltr'>fuit,</span> <span class='ocrx_word' id='word_1_757' title='bbox 3217 5255 3283 5306; x_wconf 91' lang='lat' dir='ltr'>ut</span> <span class='ocrx_word' id='word_1_758' title='bbox 3301 5255 3474 5306; x_wconf 66' lang='lat' dir='ltr'>tanta:</span> <span class='ocrx_word' id='word_1_759' title='bbox 3503 5250 3904 5307; x_wconf 86' lang='lat' dir='ltr'>immanitatis</span> 
     </span>
    </p>
   </div>
   <div class='ocr_carea' id='block_1_106' title="bbox 2178 5339 3901 5412">
    <p class='ocr_par' dir='ltr' id='par_1_106' title="bbox 2178 5339 3901 5412">
     <span class='ocr_line' id='line_1_106' title="bbox 2178 5339 3901 5412; baseline 0.002 -19"><span class='ocrx_word' id='word_1_760' title='bbox 2178 5339 2412 5394; x_wconf 66' lang='lat' dir='ltr'>haeresis</span> <span class='ocrx_word' id='word_1_761' title='bbox 2441 5340 2886 5410; x_wconf 87' lang='lat' dir='ltr'>Donatistarum,</span> <span class='ocrx_word' id='word_1_762' title='bbox 2910 5341 3001 5396; x_wconf 89' lang='lat' dir='ltr'>cui</span> <span class='ocrx_word' id='word_1_763' title='bbox 3031 5339 3315 5396; x_wconf 88' lang='lat' dir='ltr'>crudelius</span> <span class='ocrx_word' id='word_1_764' title='bbox 3342 5340 3522 5412; x_wconf 66' lang='lat' dir='ltr'>{parci</span> <span class='ocrx_word' id='word_1_765' title='bbox 3559 5340 3901 5409; x_wconf 84' lang='lat' dir='ltr'>videbatur,</span> 
     </span>
    </p>
   </div>
   <div class='ocr_carea' id='block_1_107' title="bbox 2180 5429 3899 5501">
    <p class='ocr_par' dir='ltr' id='par_1_107' title="bbox 2180 5429 3899 5501">
     <span class='ocr_line' id='line_1_107' title="bbox 2180 5429 3899 5501; baseline 0.002 -18"><span class='ocrx_word' id='word_1_766' title='bbox 2180 5445 2353 5500; x_wconf 86' lang='lat' dir='ltr'>quam</span> <span class='ocrx_word' id='word_1_767' title='bbox 2383 5429 2506 5501; x_wconf 90' lang='lat' dir='ltr'>ipsa</span> <span class='ocrx_word' id='word_1_768' title='bbox 2535 5430 2821 5497; x_wconf 77' lang='lat' dir='ltr'>saeviebat,</span> <span class='ocrx_word' id='word_1_769' title='bbox 2877 5446 2992 5486; x_wconf 92' lang='lat' dir='ltr'>non</span> <span class='ocrx_word' id='word_1_770' title='bbox 3029 5434 3252 5486; x_wconf 86' lang='lat' dir='ltr'>tantum</span> <span class='ocrx_word' id='word_1_771' title='bbox 3296 5429 3548 5486; x_wconf 86' lang='lat' dir='ltr'>violenta</span> <span class='ocrx_word' id='word_1_772' title='bbox 3582 5447 3732 5498; x_wconf 87' lang='lat' dir='ltr'>esse,</span> <span class='ocrx_word' id='word_1_773' title='bbox 3790 5431 3899 5486; x_wconf 88' lang='lat' dir='ltr'>sed</span> 
     </span>
    </p>
   </div>
   <div class='ocr_carea' id='block_1_108' title="bbox 2181 5518 3902 5594">
    <p class='ocr_par' dir='ltr' id='par_1_108' title="bbox 2181 5518 3902 5594">
     <span class='ocr_line' id='line_1_108' title="bbox 2181 5518 3902 5594; baseline 0.002 -21"><span class='ocrx_word' id='word_1_774' title='bbox 2181 5518 2416 5574; x_wconf 90' lang='lat' dir='ltr'>omnino</span> <span class='ocrx_word' id='word_1_775' title='bbox 2449 5535 2572 5574; x_wconf 89' lang='lat' dir='ltr'>esse</span> <span class='ocrx_word' id='word_1_776' title='bbox 2599 5536 2716 5576; x_wconf 92' lang='lat' dir='ltr'>non</span> <span class='ocrx_word' id='word_1_777' title='bbox 2746 5519 3028 5576; x_wconf 85' lang='lat' dir='ltr'>sineretur</span> <span class='ocrx_word' id='word_1_778' title='bbox 3057 5519 3327 5593; x_wconf 88' lang='lat' dir='ltr'>impune:</span> <span class='ocrx_word' id='word_1_779' title='bbox 3363 5535 3480 5576; x_wconf 91' lang='lat' dir='ltr'>non</span> <span class='ocrx_word' id='word_1_780' title='bbox 3505 5523 3702 5576; x_wconf 84' lang='lat' dir='ltr'>tamen</span> <span class='ocrx_word' id='word_1_781' title='bbox 3749 5537 3902 5594; x_wconf 81' lang='lat' dir='ltr'>sup-</span> 
     </span>
    </p>
   </div>
  </div>
