4008 6184
158 259 264 313 349

153 382 314 454 plicio
337 381 843 454 capitali,propter
862 382 1200 439 servandam
1220 382 1394 439 etiam
1416 382 1562 438 circa
1584 382 1850 453 indignos

157 471 651 527 mansuetudinem
691 471 1077 536 christianam,
1111 474 1207 527 sed
1246 473 1590 543 pecuniariis
1630 472 1852 527 damnis

164 560 477 632 propositis,
520 565 576 614 et
603 562 663 615 in
694 562 987 632 episcOpos
1014 563 1105 617 vel
1143 562 1431 617 ministros
1469 580 1669 617 eorum
1709 561 1850 616 exsi-

167 653 231 706 lio
269 650 605 705 constituto.
659 651 941 705 Habemus
989 651 1167 721 igitur
1206 652 1454 706 edictum
1485 653 1555 706 ab
1601 651 1850 706 Honorio

167 743 339 797 datum
368 757 525 794 anno
560 741 1125 812 quadringentesimo
1166 741 1365 812 quinto
1396 742 1576 813 pridie
1606 742 1732 795 idus
1762 740 1848 795 fe-

166 828 381 895 bruarii,
444 846 560 900 quo
618 830 851 900 quidem
907 830 1157 884 declarat
1202 833 1541 901 Imperator,
1593 832 1743 885 nolle
1792 846 1850 885 se

161 934 343 971 eorum
373 918 478 989 qui
506 918 860 989 Baptismum
891 919 1192 987 iterabant,
1224 937 1443 975 errores
1472 919 1685 974 diutius
1720 920 1853 973 tole-

152 1023 289 1073 rare,
322 1012 424 1061 aut
452 1024 662 1061 nomen
696 1008 1118 1064 Donatistarum
1150 1009 1395 1080 amplius
1426 1009 1622 1064 audire
1649 1026 1661 1063 :
1690 1009 1853 1079 jubet

155 1111 304 1161 vero,
335 1101 403 1149 ut
435 1112 631 1150 omnes
652 1097 984 1151 catholicam
1016 1098 1292 1153 unitatem
1323 1102 1651 1169 sequantur.
1676 1098 1732 1152 Si
1753 1100 1851 1170 qui

148 1184 348 1239 illicita
376 1190 711 1256 perpetrare
739 1191 1001 1257 pergant,
1032 1204 1096 1240 ex
1138 1192 1335 1242 tenore
1367 1188 1731 1257 superiorum
1769 1190 1852 1241 le-

143 1290 303 1344 gum,
328 1291 557 1329 necnon
580 1275 733 1329 illius
755 1293 882 1347 qua:
914 1293 1030 1330 non
1052 1276 1274 1348 pridem
1297 1277 1554 1348 (forsitan
1584 1278 1850 1331 adversus

143 1362 499 1434 Crispinum)
533 1364 837 1419 constituta
858 1366 1060 1432 fuerat,
1084 1382 1280 1436 poenas
1307 1367 1466 1420 luant
1496 1383 1506 1421 :
1533 1366 1633 1437 qui
1658 1370 1850 1421 autem

140 1453 447 1507 seditiosos
477 1458 791 1508 conventus
822 1455 971 1509 coire
1014 1456 1504 1527 praesumpserint,
1545 1456 1730 1511 acrius
1762 1473 1847 1511 se-

139 1540 453 1611 veriusque
482 1546 872 1599 coerceantur.
911 1546 972 1598 Et
1009 1544 1132 1598 haec
1163 1544 1398 1598 omnino
1437 1550 1590 1611 sunt,
1624 1561 1751 1615 quae
1782 1561 1848 1599 ex

139 1626 227 1681 illo
261 1627 457 1681 edicto
488 1627 661 1683 scisso
710 1646 862 1684 nunc
894 1630 951 1685 in
1000 1631 1160 1699 duas,
1191 1636 1255 1686 ut
1302 1631 1630 1699 minimum,
1660 1637 1850 1703 partes

137 1715 396 1785 reperire
421 1721 508 1770 est
536 1716 596 1770 in
627 1716 839 1788 duplici
861 1719 1081 1773 Codicis
1103 1720 1245 1774 loco.
1274 1721 1415 1773 Nam
1434 1722 1555 1791 ejus
1581 1737 1697 1775 una
1718 1737 1849 1792 pars

136 1808 212 1855 est
244 1803 425 1870 tituli,
467 1805 549 1859 Ne
575 1810 821 1859 sanctum
852 1808 1135 1876 Baptisma
1189 1810 1430 1875 iteretur,
1487 1810 1611 1880 lege
1652 1811 1849 1878 tertia;

136 1890 337 1957 altera,
372 1890 553 1960 tituli,
585 1895 659 1948 De
689 1894 970 1959 haereticis,
1004 1894 1126 1965 lege
1157 1894 1451 1965 trigesima
1480 1902 1694 1952 octava.
1732 1899 1850 1953 Exi-

135 1978 334 2031 stimat
364 1994 487 2031 non
517 1996 687 2034 nemo
729 1980 810 2050 (In
842 1982 967 2037 Cod.
1015 1983 1232 2050 Theod.,
1278 1989 1401 2038 tom.
1436 1988 1487 2052 6,
1526 2004 1583 2055 p.
1623 1990 1736 2055 196)
1779 1987 1848 2040 ad

135 2069 240 2121 hoc
281 2068 481 2138 ipsum
534 2069 784 2123 edictum
827 2070 1027 2125 referri
1072 2072 1297 2139 debere,
1333 2092 1474 2145 quas
1518 2076 1587 2129 ad
1632 2093 1846 2129 annum

135 2157 369 2211 circiter
400 2157 1039 2230 quadringentesimum
1080 2178 1297 2215 nonum
1327 2162 1461 2216 citat
1497 2164 1849 2233 Augustinus

136 2264 199 2300 ex
231 2246 496 2317 quadam
529 2248 653 2318 lege
684 2249 1098 2319 pulcherrimas
1138 2250 1263 2304 illas
1301 2268 1463 2305 voces
1501 2271 1516 2306 :
1550 2255 1691 2308 Nam
1715 2256 1764 2307 si
1790 2256 1848 2307 in

135 2352 227 2400 eis,
265 2339 371 2405 qui
399 2338 580 2405 primo
612 2339 826 2392 initiati
851 2343 997 2404 sunt,
1028 2340 1230 2394 idcirco
1274 2341 1464 2408 religio
1493 2344 1848 2411 Baptismatis

128 2426 428 2493 judzcatur
456 2428 697 2494 inﬁrma,
731 2428 875 2497 quod
896 2430 939 2481 ii
956 2445 989 2481 (ι
1012 2429 1206 2496 quibus
1237 2432 1523 2499 accipitur,
1548 2436 1847 2499 peccatores

136 2520 418 2582 putentur,
454 2517 611 2568 toties
632 2520 885 2571 renovari
904 2533 1107 2572 necesse
1128 2521 1231 2571 erit
1254 2519 1515 2573 traditum
1535 2536 1848 2575 sacramen—

138 2608 270 2667 tum,
296 2604 515 2672 quoties
548 2603 807 2673 indignus
830 2607 999 2672 fuerit
1020 2609 1267 2661 inventus
1292 2608 1473 2662 collati
1494 2611 1846 2678 Buptismatis

135 2692 566 2746 administrator
601 2708 612 2746 :
645 2698 693 2747 et
717 2694 852 2763 ﬁdes
882 2700 1068 2749 nostra
1096 2712 1201 2749 non
1231 2712 1296 2749 ea:
1323 2700 1523 2751 nostrae
1552 2699 1847 2753 voluntatis

135 2782 396 2847 arbitrio,
431 2798 605 2849 neque
634 2798 700 2836 ea:
730 2784 907 2837 divini
932 2786 1166 2838 muneris
1195 2787 1398 2851 gratia,
1431 2785 1524 2839 sed
1546 2802 1612 2839 ea;
1640 2790 1848 2842 meritis

133 2868 483 2923 sacerdotum
514 2876 563 2923 et
591 2872 903 2925 clericorum
932 2873 1197 2940 qualitate
1218 2872 1489 2943 pendebit.
1516 2874 1645 2926 Post
1674 2890 1847 2944 quam

136 2957 520 3027 Imperatoris
549 2959 888 3014 sententiam
928 2960 1006 3014 ita
1045 2966 1269 3015 sanctus
1307 2961 1519 3014 Przesul
1555 2978 1568 3015 :
1599 2965 1844 3030 Faciant,

134 3045 349 3115 inquit,
384 3048 535 3100 mille
564 3049 791 3101 concilia
822 3051 1058 3119 episcopi
1081 3052 1267 3117 vestri,
1302 3051 1426 3104 huic
1456 3052 1553 3103 uni
1579 3054 1849 3106 sententiae

132 3134 536 3203 respondeant;
566 3140 614 3189 et
653 3135 727 3189 ad
775 3137 917 3204 quod
958 3139 1254 3204 volueritis,
1301 3143 1655 3194 Consentimus
1699 3141 1847 3195 vobis

131 3220 351 3290 (Epist.
402 3224 523 3287 105,
558 3238 613 3275 η.
654 3226 756 3286 l2).
791 3223 1047 3278 Edictum
1073 3224 1181 3278 hoc
1199 3227 1461 3280 nonnulli
1488 3228 1718 3281 Unionis
1747 3244 1849 3281 seu

134 3310 489 3365 Henoticum
521 3313 814 3383 appellant
844 3328 857 3366 :
892 3314 1044 3385 quod
1076 3314 1230 3369 idem
1260 3333 1293 3369 a
1331 3317 1568 3371 concilio
1610 3319 1846 3373 Cartha—

133 3399 373 3468 ginensi
417 3400 554 3453 anui
597 3401 1147 3473 quadringentesimi
1194 3404 1422 3474 septimi
1470 3407 1556 3459 lex
1605 3407 1847 3461 Unitatis

134 3489 377 3544 dicitur.
414 3492 598 3558 Atque
628 3490 771 3545 adeo
804 3492 1086 3546 Honorius
1108 3494 1229 3563 ipse
1262 3494 1511 3549 edictum
1540 3495 1607 3549 de
1630 3494 1846 3549 unitate

133 3582 430 3632 testatura
464 3594 522 3631 se
554 3578 793 3634 missum
812 3580 872 3634 in
892 3581 1161 3650 Africam,
1188 3586 1252 3637 ut
1269 3583 1536 3637 omnibus
1557 3582 1845 3654 signiﬁca-

134 3672 224 3720 ret
256 3683 437 3720 unam
470 3671 528 3721 et
556 3685 745 3723 veram
774 3670 943 3725 fidem
974 3672 1309 3726 catholicam
1339 3688 1458 3726 esse
1490 3672 1847 3727 retinendam

134 3755 294 3823 (Cod.
332 3756 558 3824 Theod.,
591 3758 655 3813 de
682 3760 876 3827 Relig.,
909 3761 1019 3829 lege
1040 3761 1117 3831 9.).

211 3849 269 3899 2.
304 3845 518 3899 Eodem
553 3847 665 3915 die,
697 3847 957 3902 videlicet
981 3848 1165 3920 pridie
1197 3848 1325 3903 idus
1364 3849 1695 3917 februarias,
1731 3851 1845 3903 Ho-

136 3933 341 3987 norius
370 3934 623 3988 Adriano
648 3936 903 4006 praetorii
934 3938 1203 4009 praefecto
1227 3938 1412 4008 legem
1435 3938 1608 4005 misit,
1634 3955 1747 4009 qua
1779 3939 1847 3993 de

136 4022 395 4076 tollenda
423 4022 687 4077 funditus
711 4026 1134 4081 Donatistarum
1161 4027 1366 4081 hazresi
1394 4028 1545 4098 apud
1568 4044 1626 4081 se
1646 4028 1849 4081 consti-

136 4116 337 4165 tutum
370 4128 495 4166 esse
527 4112 778 4168 afﬁrmat
809 4131 821 4168 :
860 4114 1032 4186 idque
1070 4115 1319 4169 maxime
1356 4116 1425 4170 ob
1460 4115 1704 4170 iterandi
1736 4118 1845 4170 Ba-

136 4199 431 4267 ptismatis
461 4200 848 4271 sacrilegium,
872 4204 940 4258 ad
970 4205 1120 4274 quod
1146 4204 1433 4274 mancipia
1452 4204 1707 4275 aliosque
1738 4204 1847 4259 sibi

133 4289 399 4342 subditos
430 4288 485 4343 vi
504 4292 923 4361 compellebant
953 4294 1149 4363 (Ibid.,
1182 4295 1260 4349 Ne
1287 4298 1531 4347 sanctum
1560 4295 1721 4361 Bapt.
1755 4295 1848 4347 ite-

133 4384 310 4444 retur,
337 4379 450 4445 lege
480 4380 513 4433 4
533 4387 583 4434 et
604 4381 713 4447 lege
733 4381 807 4451 5).
841 4382 999 4445 Quod
1021 4380 1253 4453 quidem
1275 4382 1343 4436 ad
1366 4381 1611 4452 Crispini
1632 4382 1849 4435 facinus

134 4466 439 4537 praecipuo
471 4467 719 4539 quodam
760 4470 929 4524 modo
958 4474 1209 4541 spectare
1249 4469 1557 4541 judicatur.
1592 4470 1642 4523 Is
1674 4468 1849 4540 igitur

136 4553 401 4608 decernit
430 4555 580 4623 illos,
608 4557 707 4627 qui
737 4556 805 4611 ab
833 4558 1068 4628 hujusce
1098 4556 1239 4628 legis
1263 4557 1725 4628 promulgatione
1750 4558 1847 4610 Ba-

137 4645 423 4712 ptismum
456 4647 701 4701 secundo
732 4648 1034 4702 contulisse
1060 4647 1583 4718 deprehendentur,
1607 4647 1848 4701 fortunis

137 4731 259 4783 suis
304 4732 579 4787 omnibus
626 4736 889 4805 spoliari;
922 4753 1051 4807 quas
1081 4741 1276 4791 tamen
1318 4752 1516 4789 eorum
1555 4735 1767 4802 liberis,
1801 4735 1849 4789 si

137 4820 425 4875 redierint
474 4822 546 4876 ad
594 4823 916 4891 Ecclesiam,
967 4825 1405 4880 restituerentur
1454 4840 1467 4879 :
1519 4824 1753 4895 prtedia,
1788 4824 1847 4879 in

136 4911 354 4980 quibus
378 4913 773 4978 convenerint,
794 4913 839 4967 si
854 4914 1064 4968 factum
1086 4914 1155 4969 sit
1174 4914 1411 4969 consciis
1428 4914 1699 4985 dominis,
1714 4915 1847 4969 ﬁsco

136 4998 363 5066 addici;
394 4999 443 5053 si
473 5016 653 5061 secus,
685 5018 778 5055 eos
812 5019 845 5056 a
874 5002 1081 5073 quibus
1109 5003 1432 5058 istiusmodi
1457 5008 1633 5059 coetus
1671 5004 1846 5059 habe-

137 5094 367 5154 rentur,
400 5089 713 5158 plumbatis
732 5090 1032 5161 ﬁagellari,
1058 5107 1121 5144 ac
1145 5096 1486 5162 perpetuum
1502 5093 1563 5147 in
1586 5092 1846 5147 exsilium

135 5178 445 5234 amaudari
502 5194 516 5231 :
559 5196 757 5234 eorum
799 5180 1053 5249 clientes,
1097 5182 1180 5233 vel
1220 5197 1428 5248 servos,
1478 5198 1619 5252 quos
1658 5182 1845 5237 denuo

132 5266 437 5338 baptizare
466 5268 770 5336 voluerint,
803 5269 861 5323 in
901 5270 1159 5323 ecclesias
1199 5271 1610 5326 Catholicorum
1651 5272 1845 5326 confu-

135 5372 273 5425 gere
321 5372 505 5426 posse,
552 5362 723 5428 atque
759 5359 829 5413 ab
871 5358 1006 5412 hinc
1039 5358 1315 5413 libertatis
1355 5361 1487 5431 jura
1528 5359 1788 5414 obtinere
1832 5378 1843 5415 :

138 5444 442 5515 repetendi
496 5444 770 5516 Baptismi
818 5452 1075 5503 auctores
1120 5447 1462 5511 consciosve,
1498 5464 1614 5502 non
1660 5450 1845 5503 solum

138 5534 410 5601 testandi,
443 5550 645 5590 verum
676 5535 845 5591 etiam
883 5535 1229 5608 adipiscendi
1260 5535 1477 5609 aliquid
1522 5536 1625 5592 sub
1658 5537 1843 5609 specie

1645 258 1859 316 LIBER
1898 255 2194 314 SEXTUS.
3563 268 3666 323 350

1966 381 2307 449 donationis,
2340 398 2561 436 necnon
2592 385 2913 438 contractus
2946 384 3155 453 agendi
3182 385 3667 456 facultate,donec

1963 469 2226 524 haeresim
2253 470 2656 536 abdicaverint,
2684 472 2897 542 privari
2924 489 2936 526 :
2963 473 3309 545 quicumque
3336 476 3448 530 illis
3478 476 3666 547 opitu-

1963 556 2063 610 lati
2090 557 2322 625 fuerint,
2355 559 2539 613 eidem
2568 577 2752 629 poena:
2784 561 2986 632 subjici
3015 582 3030 616 :
3065 563 3490 632 provinciarum
3521 582 3664 635 pras-

1961 645 2156 713 fectos,
2199 648 2299 717 qui
2336 664 2672 703 consensum
2722 666 3005 721 opemque
3047 651 3127 704 eis
3170 652 3425 721 tulerint,
3465 652 3665 724 viginti

1962 734 2087 788 auri
2114 736 2303 805 pondo
2334 738 2578 804 solvere;
2616 754 2930 809 eorumque
2963 739 3179 807 Ofﬁcia,
3212 740 3319 793 hoc
3350 745 3434 795 est
3470 741 3662 795 foren-

1962 841 2050 877 ses
2074 825 2460 894 administros,
2488 827 2727 881 totidem
2761 845 2773 883 :
2806 828 3035 882 urbium
3076 829 3323 900 denique
3364 830 3663 899 magistra-

1962 918 2051 968 tus
2080 931 2143 968 ac
2175 915 2522 983 defensores,
2556 916 2602 969 si
2632 917 2716 970 vel
2746 933 2812 970 ea
2842 919 3109 971 mandata
3141 935 3363 972 servare
3395 921 3664 990 neglexe-

1960 1002 2093 1068 rint,
2126 1004 2214 1057 vel
2245 1005 2514 1059 Ecclesias
2544 1005 2682 1075 ipsis
2712 1006 3087 1076 praesentibus
3128 1008 3318 1061 vexari
3353 1008 3505 1078 passi
3534 1008 3660 1062 fue-

1961 1092 2094 1154 rint,
2129 1094 2326 1147 eadem
2357 1096 2568 1147 mulcta
2596 1095 2874 1149 damnari.
2918 1096 3078 1159 Quod
3118 1097 3385 1151 ultimum
3415 1098 3487 1151 ad
3528 1114 3655 1151 eam

1961 1197 2096 1235 sane
2126 1183 2376 1251 pertinet
2416 1184 2877 1253 Cartliaginensis
2922 1185 3144 1238 concilii
3194 1186 3661 1256 postulationem,

1962 1285 2073 1339 qua
2117 1270 2368 1325 civitates
2409 1272 2481 1325 ad
2524 1272 2940 1342 suscipiendam
2996 1274 3369 1329 Ecclesiarum
3423 1276 3662 1329 tutelam

1961 1358 2199 1429 obligari
2216 1360 2476 1429 petierat.
2506 1362 2579 1414 Ea
2594 1363 2683 1415 lex
2698 1362 2916 1416 nullam
2941 1363 3219 1416 universae
3240 1364 3660 1418 Donatistarum

1961 1453 2127 1502 sectre
2157 1465 2384 1519 pmuam
2416 1450 2651 1520 irrogat,
2674 1467 2777 1505 nec
2809 1467 3005 1505 omnes
3037 1468 3232 1505 eorum
3265 1453 3497 1507 clericos
3525 1452 3665 1506 exsi-

1960 1536 2060 1601 lio,
2094 1539 2584 1609 quemadmodum
2612 1540 2682 1593 ab
2714 1541 2960 1594 Honorio
2992 1545 3264 1595 statutum
3296 1541 3470 1596 fuisse
3501 1542 3667 1595 docet

1959 1627 2331 1696 Augustinus,
2369 1628 2564 1683 afficit.
2610 1631 2807 1683 Utrum
2839 1631 2962 1683 haec
2990 1630 3049 1683 in
3090 1630 3270 1683 edicto
3309 1630 3418 1684 alio
3460 1629 3661 1701 praeci-

1960 1731 2095 1785 pere
2127 1722 2211 1770 sat
2240 1717 2523 1784 habuerit,
2560 1734 2632 1771 an
2660 1735 2794 1771 vero
2825 1735 2952 1788 quae
2985 1722 3163 1773 exstat
3204 1719 3557 1787 constitutio,
3589 1719 3661 1772 ad

1961 1808 2215 1859 nostram
2262 1810 2487 1859 aetatem
2519 1822 2634 1859 non
2684 1806 2905 1876 integra
2956 1806 3302 1877 pervenerit,
3349 1806 3516 1860 nobis
3549 1824 3665 1861 non

1961 1898 2194 1960 constat.
2231 1896 2443 1948 Praeter
2475 1896 2627 1965 leges
2659 1895 2841 1965 pridie
2871 1895 2998 1949 idus
3028 1895 3298 1949 februarii
3335 1911 3484 1948 anno
3516 1912 3660 1965 qua-

1960 1982 2407 2053 dringentesimo
2439 1984 2637 2054 quinto
2670 1986 2848 2051 datas,
2882 2001 3022 2055 quas
3043 2001 3158 2038 non
3188 1985 3425 2039 obscure
3451 1983 3665 2038 iudiea-

1961 2072 2056 2125 bat
2088 2072 2389 2139 Honorius,
2417 2090 2545 2127 cum
2569 2074 2815 2127 secundo
2835 2079 2962 2144 post
2989 2090 3138 2126 anno
3166 2073 3303 2143 quid
3329 2074 3397 2126 de
3418 2071 3663 2128 factione

1962 2160 2164 2214 Donati
2182 2162 2436 2229 sentiret,
2460 2179 2517 2215 se
2541 2178 2726 2232 nuper
2747 2162 3061 2215 ostendisse
3074 2162 3450 2232 proﬁtebatur
3472 2161 3660 2229 (Ibid.,

1960 2249 2025 2302 de
2058 2252 2276 2318 Haeret,
2310 2252 2420 2318 lege
2446 2252 2569 2321 40);
2594 2250 2765 2305 aliam
2790 2268 3017 2322 quoque
3047 2250 3213 2304 tertio
3237 2267 3411 2304 nonas
3434 2249 3665 2303 martias

1963 2340 2216 2409 ejusdem
2249 2341 2384 2395 anni
2415 2341 2969 2412 quadringentesimi
3001 2340 3188 2412 quinti
3228 2340 3297 2395 ad
3330 2338 3662 2393 Diotimium

1959 2429 2161 2483 Africa:
2193 2431 2593 2499 proconsulem
2628 2430 2803 2491 misit,
2836 2447 2949 2501 qua
2986 2431 3039 2483 ei
3071 2429 3398 2496 mandabat,
3432 2433 3495 2483 ut
3526 2428 3663 2481 mis-

1963 2535 2085 2572 sum
2118 2536 2151 2572 a
2184 2535 2241 2572 se
2272 2518 2331 2572 in
2360 2519 2608 2573 Africam
2644 2519 2881 2573 Unitatis
2927 2519 3198 2586 edictum,
3248 2536 3361 2589 quo
3394 2517 3663 2572 omnibus

1960 2607 2699 2677 innotesceret,variislocis
2722 2608 2878 2679 afﬁgi
2901 2612 3125 2662 curaret
3148 2608 3335 2678 (Ibid.,
3364 2607 3429 2661 de
3458 2608 3653 2673 Relig.,

1960 2697 2071 2764 lege
2124 2697 2199 2766 ‘2).
2260 2697 2531 2767 Idemque
2580 2697 2895 2767 imperator
2946 2703 3101 2751 sexto
3154 2696 3284 2750 idus
3333 2696 3651 2750 decembris

1959 2784 2218 2855 proxime
2249 2786 2537 2855 sequentis
2561 2786 2831 2839 Diotimio
2860 2785 3105 2847 nuntiat,
3140 2785 3208 2839 ab
3236 2784 3525 2851 omnibus,
3560 2783 3661 2853 qui

1959 2874 2018 2926 in
2050 2872 2253 2927 haeresi
2287 2874 2715 2928 Donatistarum
2747 2873 3087 2944 deprehensi
3117 2872 3350 2937 fuerint,
3384 2872 3656 2925 mulctam

1959 2963 2084 3033 lege
2140 2962 2504 3016 constitutam
2561 2963 2682 3015 sine
2732 2964 2849 3015 ulla
2888 2960 3494 3031 comperendinatione
3540 2976 3660 3014 esse

1959 3050 2296 3122 exigendam
2328 3051 2509 3119 (Ibid.,
2545 3051 2610 3103 (le
2637 3053 2862 3117 Haeret,
2897 3052 3007 3119 lege
3034 3049 3142 3120 39).

2030 3144 2081 3195 3.
2128 3138 2350 3193 Theasii
2382 3145 2551 3209 atque
2582 3138 2792 3206 Evodii,
2828 3156 2969 3209 quos
3000 3142 3197 3193 contra
3228 3135 3651 3192 Donatistarum

1958 3227 2265 3282 factionem
2296 3244 2446 3281 anno
2479 3228 2771 3298 superiore
2812 3229 2883 3282 ad
2915 3227 3235 3282 Honorium
3266 3225 3499 3280 miserat
3528 3227 3661 3281 Car-

1957 3318 2291 3388 thagineuse
2305 3317 2630 3384 concilium,
2647 3318 2861 3372 reditus
2881 3319 2939 3371 in
2961 3317 3208 3371 Africam
3223 3317 3343 3387 jam
3366 3316 3663 3387 proximus

1958 3407 2283 3477 putabatur,
2316 3423 2447 3460 cum
2482 3407 2716 3461 Paulino
2754 3424 2858 3477 per
2896 3408 3120 3462 Celsum
3163 3406 3465 3476 epistolam
3505 3404 3664 3459 misit

1956 3495 2308 3566 Augustinus
2338 3498 2541 3565 (Epist.
2571 3498 2676 3565 80).
2708 3497 2757 3549 Is
2788 3496 2859 3549 ad
2890 3495 3158 3549 eumdem
3190 3498 3446 3547 sanctum
3476 3509 3663 3563 nuper

1958 3586 2257 3655 epistolam
2280 3584 2449 3637 aliam
2481 3585 2550 3637 de
2581 3585 2829 3654 quadam
2853 3583 3167 3654 quaestione
3196 3583 3450 3647 dederat,
3481 3597 3657 3652 quam

1958 3672 2053 3726 ille
2073 3672 2303 3743 quidem
2319 3672 2488 3725 nimis
2511 3672 2719 3725 cursim
2742 3677 2797 3725 et
2816 3671 3195 3740 breviter,sed
3216 3671 3385 3741 plane
3407 3669 3662 3723 christia-

1958 3778 2031 3815 na
2049 3764 2239 3814 mente
2262 3776 2323 3814 ac
2344 3760 2553 3830 pietate
2574 3760 2926 3827 dissolveret,
2944 3759 3282 3814 afﬁrmando
3306 3758 3385 3812 ita
3397 3774 3456 3812 se
3477 3759 3652 3826 Nalm,

1957 3850 2059 3905 ubi
2080 3850 2340 3920 degebat,
2361 3865 2589 3903 manere
2608 3849 2891 3913 statuisse,
2908 3848 3180 3920 utsiquid
3200 3848 3351 3902 aliud
3378 3863 3411 3901 a
3432 3863 3489 3901 se
3513 3848 3660 3901 Deus

1960 3943 2270 4010 expeteret,
2322 3939 2441 4009 ejus
2480 3939 2831 3993 voluntatem
2876 3955 2993 3992 suae
3039 3941 3382 4008 anteponere
3429 3941 3662 4006 paratus

1960 4034 2125 4085 esset.
2157 4028 2496 4083 Perbrevem
2536 4028 2747 4082 hancce
2786 4027 3222 4098 responsionem
3262 4026 3486 4080 videtur
3516 4027 3663 4079 Pau-

1958 4118 2110 4171 linus
2141 4117 2300 4171 Celso
2341 4117 2569 4171 cuidam
2608 4117 2935 4184 tradidisse;
2967 4133 3081 4188 qua
3120 4115 3362 4169 necdum
3407 4118 3655 4184 accepta,

1959 4208 2030 4261 ad
2083 4206 2352 4261 eumdem
2400 4223 2597 4260 rursus
2636 4206 2989 4276 Augustinus
3037 4222 3141 4275 per
3184 4203 3661 4258 Fortunatianum

1961 4296 2385 4366 Hipponensem
2411 4295 2807 4366 presbyterum
2837 4297 3071 4349 Romam
3096 4294 3153 4347 id
3176 4292 3446 4362 temporis
3465 4295 3661 4361 petenv

1958 4387 2075 4437 tem
2105 4383 2421 4454 scripserat.
2460 4383 2725 4454 Epistulae
2756 4388 2949 4437 autem
2988 4382 3100 4437 illas
3137 4386 3269 4446 tres,
3305 4379 3517 4433 scilicet
3546 4396 3662 4433 una

1960 4471 2201 4537 Paulini,
2225 4476 2281 4525 et
2298 4472 2599 4543 Augustini
2622 4474 2769 4540 dure,
2785 4472 3135 4528 exciderunt.
3167 4470 3358 4524 Celsus
3380 4485 3447 4523 ea
3468 4473 3660 4523 mente

1962 4560 2281 4631 Hipponem
2313 4567 2565 4628 venerat,
2600 4566 2662 4616 ut
2689 4562 2748 4615 in
2786 4559 3091 4631 Augustini
3120 4557 3508 4613 familiaritate
3538 4557 3660 4613 dies

1961 4649 2179 4721 aliquot
2208 4650 2550 4705 traduceret.
2584 4652 2789 4704 Verum
2812 4649 3168 4703 occasionem
3194 4646 3407 4717 navigii
3438 4650 3656 4713 nactus,

1960 4743 2218 4794 sanctum
2249 4741 2559 4794 Praesulem
2590 4756 2714 4793 sero
2744 4738 3052 4792 admodum
3086 4736 3331 4799 monuit,
3365 4753 3423 4790 se
3453 4736 3661 4808 postri-

1958 4828 2047 4883 die
2078 4827 2480 4897 discessurum,
2509 4844 2713 4900 rogans
2743 4832 2804 4882 ut
2834 4827 2941 4881 sibi
2978 4827 3051 4881 ad
3078 4825 3383 4881 Paulinum
3416 4840 3660 4896 respon—

1958 4917 2177 4971 sionem
2227 4917 2406 4971 daret.
2456 4916 2763 4986 Epistulam
2812 4932 2947 4986 ergo
2978 4932 3219 4987 propere
3264 4914 3497 4969 dictavit
3540 4916 3657 4968 Au-

1957 5006 2255 5077 gustinus:
2285 5005 2345 5058 in
2374 5020 2486 5076 qua
2514 5004 2816 5059 Paulinum
2851 5009 2992 5071 orat,
3022 5009 3098 5069 ut,
3130 5020 3244 5074 qua
3271 5004 3492 5059 ratione
3521 5002 3662 5057 divi-

1958 5112 2092 5148 nam
2118 5096 2467 5148 voluntatem
2493 5093 2873 5147 internoscere
2903 5094 3189 5164 possimus
3220 5093 3281 5146 in
3307 5093 3403 5146 illa
3434 5091 3657 5146 actione

1958 5182 2108 5236 inter
2126 5183 2316 5253 plures
2336 5180 2510 5235 bonas
2531 5182 2842 5252 seligenda,
2869 5199 3041 5253 quam
3055 5199 3087 5235 a
3108 5182 3271 5236 nobis
3287 5182 3433 5235 Deus
3451 5182 3658 5249 postu-

1958 5271 2055 5337 let,
2071 5275 2240 5341 atque
2252 5270 2391 5323 adeo
2406 5287 2577 5341 quam
2593 5287 2705 5325 non
2726 5273 2848 5342 ejus
2865 5271 3142 5325 voluntati
3164 5271 3657 5339 obtemperaturos

1958 5358 2179 5413 caeteris
2201 5358 2468 5429 praeferre
2499 5363 2776 5428 oporteat,
2802 5358 2907 5413 sibi
2926 5357 3218 5428 signiﬁcet
3248 5372 3260 5409 :
3293 5355 3353 5409 in
3375 5356 3481 5407 hoc
3502 5353 3656 5408 enim

1960 5464 2076 5500 non
2106 5447 2245 5513 falli,
2278 5451 2449 5518 atque
2476 5446 2537 5501 in
2560 5451 2804 5519 peccata,
2828 5462 2957 5518 qua:
2989 5446 3341 5517 ignoremus,
3369 5457 3487 5496 non
3517 5442 3655 5509 labi,

1960 5538 2168 5593 fatetur
2196 5537 2446 5594 difﬁcile.
2490 5538 2549 5592 Ei
2586 5555 2643 5593 se
2685 5537 2916 5593 uberius
2946 5534 3291 5605 scripturum
3330 5531 3653 5603 pollicetur,
