4008 6184
386 249 482 304 351

385 370 487 428 ubi
531 369 785 442 primum
830 365 1104 423 Theasius
1145 380 1208 419 ac
1257 361 1522 432 Evodius,
1569 376 1817 433 quorum
1861 359 1924 414 in
1967 359 2089 414 dies

389 461 650 530 singulos
689 455 1119 530 exspectabatur
1159 454 1455 519 adventus,
1487 449 1812 518 rediissent,
1853 448 2088 520 ipseque

389 565 522 605 eum
551 548 611 602 in
637 547 878 601 istorum
907 544 1306 615 episc0porum
1333 539 1620 594 mentibus
1643 554 1708 592 ac
1735 537 1922 592 verbis
1953 553 2089 590 con—

391 637 682 708 spexisset.
717 632 944 690 Reversi
975 637 1130 700 sunt,
1159 635 1224 684 ut
1260 629 1490 684 credere
1530 627 1680 694 licet,
1708 641 1906 680 mense
1936 641 2088 679 mar-

391 727 495 793 tio,
537 725 624 780 vel
675 724 877 778 saltem
924 719 1112 791 aprili,
1162 719 1390 790 quando
1449 717 1603 788 leges
1649 715 1709 770 in
1767 714 2088 770 Donatistas

390 814 573 886 pridie
604 813 730 868 idus
771 809 1045 866 februarii
1076 809 1198 880 jam
1237 822 1518 861 concessae
1559 809 1731 876 atque
1774 803 2088 877 obsignata:

389 907 573 958 erant.

458 993 517 1045 4.
582 992 850 1056 Jamvero,
911 988 1108 1039 narrat
1163 982 1536 1054 Augustinus,
1596 997 1715 1036 cum
1768 982 1900 1051 ipsa
1951 982 2089 1050 leges

387 1081 654 1134 venissent
667 1080 724 1131 in
735 1077 1012 1143 Africam,
1032 1075 1305 1144 praecipue
1316 1073 1400 1126 illi
1419 1074 1516 1140 qui
1535 1070 1844 1141 quaerebant
1856 1072 2088 1126 occasio-

388 1183 526 1233 nem,
559 1170 653 1219 aut
684 1166 948 1219 saevitiam
977 1165 1278 1230 furentium
1310 1160 1634 1222 metuebant,
1665 1163 1761 1214 aut
1793 1174 1915 1214 suos
1947 1175 2089 1214 vere-

387 1255 770 1310 cundabantur
812 1252 1100 1321 offendere,
1148 1251 1222 1304 ad
1266 1251 1561 1304 Ecclesiam
1604 1249 1853 1302 continuo
1901 1251 2088 1302 trans-

387 1347 585 1400 ierunt.
613 1340 772 1399 Multi
807 1343 993 1407 etiam,
1033 1341 1129 1411 qui
1161 1340 1275 1394 sola
1311 1339 1423 1393 illic
1462 1354 1496 1392 α
1529 1337 1848 1407 parentibus
1879 1337 2090 1392 tradita

387 1433 767 1488 consuetudine
793 1431 1126 1491 tenebantur,
1160 1429 1372 1497 qualem
1409 1441 1530 1482 vero
1575 1441 1794 1481 causam
1821 1427 1945 1496 ipsa
1974 1428 2088 1480 hm-

387 1524 522 1577 resis
567 1521 804 1586 haberet,
843 1533 1124 1586 nunquam
1163 1521 1323 1571 antea
1374 1517 1762 1584 cogitaverant,
1803 1530 2088 1586 nunquam

389 1626 624 1682 quaerere
667 1614 717 1664 et
763 1609 1102 1663 considerare
1149 1607 1460 1671 voluerant;
1512 1621 1639 1658 mox
1679 1605 1774 1658 ubi
1819 1608 2088 1674 coeperunt

388 1700 684 1761 advertere,
718 1701 768 1751 et
795 1697 937 1750 nihil
966 1699 1025 1749 in
1055 1711 1118 1749 ea
1147 1694 1373 1763 dignum
1412 1695 1669 1758 invenire,
1695 1697 1921 1762 propter
1945 1691 2089 1762 quod

391 1793 547 1843 tanta
585 1787 788 1841 damna
812 1789 1152 1854 paterentur,
1185 1785 1300 1838 sine
1337 1784 1451 1836 ulla
1477 1783 1803 1852 difﬁcultate
1839 1782 2091 1836 catholici

386 1879 528 1946 facti
549 1880 677 1930 sunt
701 1894 716 1929 :
751 1875 931 1928 docuit
959 1875 1102 1927 enim
1127 1888 1211 1927 eos
1240 1872 1562 1937 sollicitudo,
1602 1886 1734 1941 quos
1763 1872 2088 1940 negligentes

387 1968 646 2020 securitas
675 1967 898 2031 fecerat.
929 1963 1161 2017 Istorum
1207 1965 1384 2015 autem
1413 1963 1648 2015 omnium
1671 1961 2089 2030 przcedentium

388 2055 762 2108 auctoritatem
801 2056 850 2106 et
880 2052 1278 2120 persuasionem
1305 2052 1474 2104 secuti
1502 2054 1629 2104 sunt
1657 2050 1833 2115 multi,
1863 2051 1960 2118 qui
1982 2052 2086 2104 mi-

388 2157 490 2197 nus
519 2142 703 2197 idonei
733 2144 889 2194 erant
917 2155 1014 2208 per
1046 2154 1100 2192 se
1136 2141 1278 2207 ipsos
1320 2139 1634 2206 intelligere,
1681 2138 1816 2208 quid
1859 2138 2088 2193 distaret

389 2233 530 2285 inter
575 2231 985 2284 Donatistarum
1023 2242 1276 2293 errorem,
1323 2231 1374 2280 et
1421 2227 1738 2282 catholicam
1783 2228 2082 2282 veritatem.

390 2321 475 2374 Ita
498 2334 617 2373 cum
640 2333 842 2386 magna
871 2318 1092 2385 agmina
1112 2316 1435 2385 populorum
1462 2331 1590 2370 vera
1627 2319 1798 2368 mater
1822 2316 1879 2369 in
1908 2318 2088 2370 sinum

389 2406 630 2475 gaudens
659 2407 938 2474 reciperet,
969 2408 1343 2458 remanserunt
1388 2405 1557 2458 turba
1597 2404 1768 2468 durae,
1805 2409 1856 2457 et
1893 2406 1950 2482 in
1989 2404 2088 2457 illa

386 2500 537 2566 peste
564 2495 776 2561 infelici
803 2496 1148 2548 animositate
1174 2495 1440 2548 sistentes.
1474 2496 1562 2547 Ea:
1603 2493 1688 2546 his
1723 2508 1931 2561 quoque
1966 2494 2088 2562 plu-

389 2587 521 2640 rimi
548 2585 856 2640 simulando
894 2585 1434 2649 communicaverunt,
1467 2583 1570 2636 alii
1606 2585 1882 2652 paucitate
1911 2583 2088 2636 latue-

390 2679 538 2729 runt.
572 2673 682 2728 Sed
706 2676 793 2729 illi
819 2675 914 2743 qui
951 2672 1302 2738 simulabant,
1330 2673 1602 2742 paulatim
1640 2672 2006 2738 assuescendo,
2039 2676 2089 2726 et

386 2763 825 2834 pradicationem
860 2763 1106 2816 veritatis
1149 2761 1441 2830 audiendo,
1483 2762 1720 2814 mamime
1760 2763 1886 2830 post
1932 2759 2089 2812 colla-

391 2854 585 2905 tionem
637 2855 686 2904 et
731 2850 1152 2919 disputationem
1208 2865 1326 2919 quae
1370 2851 1511 2904 inter
1564 2863 1659 2904 nos
1714 2852 1765 2903 et
1818 2850 2091 2917 episcOpos

390 2955 570 2994 ecrum
599 2939 749 3008 apud
785 2939 1168 3005 Carthaginem
1195 2939 1328 3005 fuit,
1361 2953 1426 2992 ea:
1452 2953 1652 3004 magna
1674 2940 1836 3006 parte
1870 2937 2092 2990 correcti

391 3033 536 3084 sunt.
562 3030 626 3082 In
658 3027 985 3096 quibusdam
1022 3043 1144 3082 vero
1172 3028 1318 3093 locis,
1351 3027 1446 3080 ubi
1470 3027 1803 3095 pertinacior
1831 3029 1882 3080 et
1914 3027 2089 3094 impa-

393 3118 566 3170 catior
587 3115 881 3185 praevaluit
921 3114 1236 3177 multitudo,
1277 3116 1366 3168 cui
1408 3116 1654 3168 resistere
1693 3129 1799 3168 non
1838 3118 2091 3188 poterant

388 3205 692 3273 pauciores,
716 3218 943 3271 quorum
974 3206 1092 3256 erat
1119 3200 1306 3256 melior
1328 3201 1393 3256 de
1419 3203 1781 3257 communione
1804 3204 2089 3270 sententia,

392 3296 488 3346 aut
527 3291 696 3346 turbae
724 3292 1040 3344 auctoritati
1061 3305 1358 3359 paucorum
1383 3293 1742 3359 potentiorum
1772 3291 2002 3345 subdite
2032 3294 2090 3344 in

392 3381 594 3435 malam
616 3384 832 3450 partem
861 3380 1314 3449 obtemperarunt,
1339 3380 1623 3448 aliquanto
1642 3380 1850 3433 diutius
1875 3379 2088 3433 labora-

393 3473 507 3524 tum
547 3473 623 3523 est
662 3470 855 3540 (Epist.
903 3471 1019 3537 185,
1060 3483 1154 3522 nn.
1189 3469 1276 3535 29,
1310 3469 1418 3532 30).
1468 3468 1532 3522 In
1573 3466 1816 3538 epistola
1861 3482 2090 3538 quoque

390 3557 462 3613 ad
493 3556 852 3612 Vincentium
882 3561 1014 3611 ante
1055 3553 1453 3622 Collationem,
1484 3557 1550 3608 ut
1579 3552 1808 3624 quidem
1844 3553 2086 3619 videtur,

390 3645 617 3717 scripta,
682 3651 910 3700 sanctus
974 3645 1223 3700 Antistes
1286 3645 1472 3700 adhuc
1535 3645 1767 3700 uberius
1823 3645 2086 3716 explicat,

391 3737 673 3805 quantum
721 3733 986 3788 utilitatis
1029 3733 1288 3789 Ecclesia:
1337 3733 1606 3789 severitas
1651 3751 1849 3790 earum
1898 3736 2088 3805 legum

391 3820 650 3874 attulerit
704 3836 720 3875 :
758 3823 1022 3891 quaedam
1058 3822 1193 3877 inde
1244 3823 1416 3878 verba
1459 3823 1764 3894 subjecisse
1812 3823 2078 3878 sufﬁciet.

390 3909 464 3962 De
506 3908 819 3973 multorum,
856 3908 951 3973 ait,
974 3909 1098 3977 jam
1135 3913 1457 3964 correctione
1494 3911 1812 3980 gaudemus,
1855 3913 1953 3981 qui
1980 3916 2090 3965 tam

389 3998 655 4050 veraciter
682 3999 944 4051 unitatem
967 3998 1285 4053 catholicam
1309 4003 1482 4053 tenent
1512 4003 1674 4069 atque
1700 3999 2017 4067 defendunt,
2040 4005 2090 4055 et

391 4101 426 4138 a
445 4087 686 4155 pristino
715 4102 893 4141 errore
921 4101 972 4141 se
1014 4087 1266 4142 liberatos
1297 4103 1407 4142 esse
1444 4089 1716 4155 laetantur,
1749 4093 1810 4143 ut
1847 4104 1930 4143 eos
1971 4105 2090 4144 cum

389 4190 591 4245 magna
621 4177 986 4244 gratulatione
1013 4179 1289 4231 miremur.
1323 4177 1391 4232 Et
1414 4176 1588 4248 paulo
1619 4176 1767 4232 intra
1791 4193 1805 4232 :
1828 4178 1870 4232 0
1896 4180 1948 4233 si
1962 4193 2086 4248 pos-

390 4280 498 4320 sem
547 4265 649 4320 tibi
689 4265 984 4334 ostendere,
1031 4281 1099 4321 ea:
1145 4268 1281 4336 ipsis
1337 4267 1868 4324 Circumcellionibus
1926 4283 2089 4337 quam

389 4355 582 4408 multos
613 4354 735 4423 jam
761 4355 1048 4409 catholicos
1075 4355 1390 4422 manifestos
1429 4355 1740 4424 habeamus,
1772 4355 2090 4410 damnantes

390 4456 546 4496 suam
568 4445 863 4511 pristinam
904 4445 1075 4498 vitam
1115 4447 1165 4498 et
1201 4443 1562 4499 miserabilem
1603 4459 1856 4512 errorem,
1889 4460 1993 4512 quo
2035 4459 2090 4498 se

391 4529 807 4586 arbitrabantur
825 4547 924 4601 pro
945 4533 1184 4588 Ecclesia
1203 4535 1298 4587 Dei
1331 4535 1530 4600 facere,
1555 4533 1826 4602 quidquid
1847 4535 2090 4601 inquieta

394 4622 690 4673 temeritate
716 4621 1026 4688 faciebant!
1067 4621 1270 4691 (Epist.
1319 4625 1407 4684 93,
1437 4637 1530 4675 nn.
1585 4624 1633 4690 l,
1679 4622 1732 4690 2)
1775 4625 1882 4675 etc.
1931 4622 2094 4676 Multi

391 4721 592 4773 eorum,
616 4721 843 4774 quorum
863 4707 985 4777 jam
1014 4711 1074 4762 in
1098 4710 1306 4763 unitate
1335 4709 1558 4774 Christi,
1579 4711 1731 4778 pium
1753 4708 1890 4776 ﬁdei
1915 4710 2091 4775 fervo-

392 4811 505 4850 rem
549 4797 975 4868 charitatemque
1009 4801 1296 4866 miramur,
1343 4814 1461 4852 cum
1506 4814 1707 4867 magna
1753 4799 1943 4852 laetitia
1985 4801 2090 4852 Deo

391 4885 605 4951 gratias
633 4889 826 4952 agunt,
857 4887 1001 4956 quod
1030 4888 1125 4942 illo
1153 4903 1330 4944 errore
1357 4893 1666 4954 caruerunt,
1690 4887 1784 4942 ubi
1811 4888 1953 4942 mala
1981 4890 2091 4942 ista

395 4974 532 5030 bona
557 4978 889 5045 putaverunt
919 4990 932 5029 :
965 4991 1103 5045 quas
1138 4979 1348 5045 gratias
1373 4977 1527 5032 modo
1567 4977 1795 5031 volentes
1830 4991 1938 5030 non
1961 4993 2089 5045 age-

391 5068 529 5132 rent,
561 5065 675 5119 nisi
707 5065 863 5134 prius
893 5065 1053 5119 etiam
1082 5068 1314 5122 nolentes
1344 5068 1412 5121 ab
1452 5067 1550 5120 illa
1591 5067 1810 5133 nefaria
1843 5067 2092 5120 societate

392 5154 743 5210 discederent.
792 5153 940 5220 Quid
968 5153 1031 5208 de
1073 5155 1183 5208 illis
1224 5155 1486 5222 dicamus,
1521 5158 1618 5226 qui
1656 5156 1808 5210 nobis
1850 5156 2092 5225 quotidie

391 5244 733 5314 conﬁtentur,
765 5242 909 5312 quod
930 5242 1051 5312 jam
1085 5243 1212 5296 olim
1253 5245 1500 5300 volebant
1543 5259 1652 5298 esse
1685 5245 1966 5310 catholici;
1998 5244 2092 5298 sed

392 5334 532 5388 inter
561 5348 644 5388 eos
689 5332 1028 5398 habitabant,
1061 5333 1203 5385 inter
1239 5347 1369 5402 quos
1398 5333 1458 5386 id
1503 5333 1647 5403 quod
1688 5333 1933 5388 volebant
1982 5347 2092 5387 esse

394 5438 500 5477 non
526 5428 776 5492 poterant
796 5440 897 5495 per
934 5424 1306 5493 inﬁrmitatem
1337 5424 1564 5490 timoris,
1592 5423 1688 5478 ubi
1703 5425 1754 5478 si
1777 5439 1942 5477 unum
1969 5439 2088 5476 ver-

395 5512 522 5568 bum
577 5529 677 5583 pro
719 5514 994 5573 Catholica
1041 5513 1297 5578 dicerent,
1337 5516 1387 5567 et
1431 5513 1544 5582 ipsi
1585 5516 1636 5567 et
1679 5513 1868 5569 domus
1910 5527 2089 5569 eorum
2199 5513 2474 5569 unitatem
2505 5513 2762 5569 habitum
2796 5512 3140 5569 fuitdecimo
3171 5512 3456 5568 kalendas
3488 5509 3830 5585 septemhris
3848 5506 3894 5559 in

1591 235 1764 294 VITA
1801 235 1856 292 S.
1906 233 2294 293 AUGUSTINI
2347 234 2684 291 EPISCOPI.

3726 247 3805 301 352

2195 359 2450 426 funditus
2493 357 2897 414 euerterentur?
2936 356 3135 428 (Epist.
3182 359 3300 427 l85,
3335 374 3388 412 η.
3435 359 3592 429 l3).In
3628 363 3808 420 Cresco-

2196 447 2359 502 nium
2386 448 2559 502 etiam
2590 446 2840 501 scribens
2869 445 3006 500 dicit
3046 446 3343 500 Ecclesiam
3371 447 3666 506 catholicam
3699 470 3808 524 qua-

2197 553 2534 606 quaversum
2555 534 2796 589 ditfundi
2817 551 2879 588 ac
2900 534 3144 596 dilatari,
3171 551 3298 588 cum
3323 535 3378 588 in
3407 535 3516 606 ipsa
3535 538 3692 593 Africa
3708 558 3812 610 pars

2200 625 2403 679 Donati
2428 624 2489 678 in
2516 625 2635 679 dies
2669 625 2849 695 magis
2879 623 3178 694 magisque
3207 623 3483 679 minuatur
3511 627 3696 691 (Contra
3719 632 3814 686 Cre-

2195 716 2454 783 sconium,
2487 714 2581 768 lib.
2627 717 2681 782 3,
2721 729 2776 768 η.
2807 713 2922 783 Ἠ).
2965 716 3104 769 Nam
3132 714 3182 767 si
3220 728 3397 783 posses
3436 715 3616 782 videre,
3644 717 3814 788 inquit,

2197 820 2360 873 quam
2390 805 2542 872 longe
2577 804 2786 872 lateque
2827 804 3085 870 Africam
3129 818 3278 857 error
3321 806 3416 858 iste
3458 812 3748 873 pervaserat,
3778 813 3818 863 et

2197 909 2359 963 quam
2384 909 2563 963 pauca
2599 893 2715 962 ejus
2761 893 3140 958 remanserint,
3189 907 3306 961 quae
3340 892 3565 948 nondum
3589 897 3638 947 in
3670 911 3817 964 pacem

2194 983 2512 1037 catholicam
2541 986 2776 1037 correcta
2803 983 3170 1048 transierunt;
3194 982 3338 1036 nullo
3379 981 3522 1036 modo
3549 988 3817 1039 assertorum

2195 1072 2506 1126 christiana
2534 1072 2688 1140 pacis
2715 1074 2765 1125 et
2789 1073 3020 1125 unitatis
3049 1072 3438 1137 infructuosam
3465 1076 3511 1125 et
3537 1075 3719 1125 inanem
3742 1089 3817 1126 ar-

2197 1160 2481 1214 bitrareris
2507 1161 2827 1215 instantiam
2857 1159 3038 1230 (Ibid.,
3071 1159 3166 1213 lib.
3202 1163 3254 1222 l,
3283 1175 3336 1213 n.
3367 1161 3442 1229 7).
3468 1159 3547 1213 Ad
3572 1159 3689 1213 anni
3712 1177 3820 1231 qua-

2195 1247 2630 1320 dringentesimi
2671 1248 2854 1302 octavi
2894 1248 3070 1302 tinem
3118 1247 3178 1302 in
3219 1247 3340 1302 haec
3374 1247 3537 1302 verba
3577 1247 3819 1318 loquitur:

2194 1339 2424 1392 Multum
2442 1353 2571 1392 sane
2591 1337 2655 1391 de
2683 1337 3061 1407 quorumdam,
3086 1351 3255 1408 neque
3274 1352 3574 1407 paucorum,
3594 1337 3685 1406 ﬁde
3701 1340 3824 1405 ﬁrma

2194 1430 2244 1480 et
2266 1427 2453 1481 stabili
2479 1428 2843 1494 gratulamur,
2877 1429 2976 1496 qui
3009 1443 3078 1482 ea:
3118 1427 3388 1481 occasione
3427 1427 3588 1494 legum
3629 1427 3823 1496 ipsarum

2194 1516 2269 1570 ad
2298 1515 2664 1573 Christianam
2683 1517 2994 1583 religionem
3012 1515 3096 1570 vel
3119 1516 3434 1570 catholicam
3451 1530 3620 1584 pacem
3635 1515 3825 1567 conversi

2193 1609 2351 1671 sunt;
2395 1621 2495 1674 pro
2543 1621 2770 1674 quorum
2811 1607 2985 1660 salute
3021 1607 3348 1674 sempiterna
3379 1618 3471 1658 nos
3507 1606 3560 1657 in
3604 1605 3691 1657 hac
3723 1608 3826 1656 tem-

2190 1696 2374 1764 porali
2393 1697 2553 1749 etiam
2574 1697 2880 1764 periclitari
2900 1694 3144 1749 delectat.
3177 1696 3466 1763 Propterea
3485 1694 3616 1746 enim
3641 1693 3828 1745 maxime

2195 1784 2262 1836 ab
2293 1784 2593 1838 hominibus
2624 1786 2852 1838 nimium
2882 1784 3118 1852 dareque
3145 1785 3435 1852 perversis,
3472 1796 3605 1836 nunc
3641 1782 3828 1835 inimici-

2197 1874 2400 1927 tiarum
2463 1876 2738 1941 graviores
2797 1875 3028 1942 impetus
3083 1875 3424 1939 sustinemus,
3472 1885 3594 1940 quos
3636 1870 3828 1924 nonnulli

2195 1977 2374 2016 eorum
2390 1963 2663 2016 nobiscum
2680 1964 3076 2032 patientissime
3095 1964 3364 2016 sustinent
3386 1961 3578 2031 (Epist.
3611 1963 3690 2026 97,
3707 1975 3752 2012 η.
3779 1959 3830 2025 4).

2201 2051 2539 2105 Fatebantur
2568 2067 2740 2122 quam
2769 2051 3028 2122 plurimi,
3055 2051 3164 2106 hoc
3194 2051 3303 2105 sibi
3333 2048 3698 2122 gratissimum
3723 2046 3830 2100 acci-

2194 2141 2368 2210 disse,
2389 2147 2454 2196 ut
2477 2142 2546 2196 ad
2573 2142 2928 2196 redeundum
2953 2141 3010 2195 in
3033 2141 3223 2196 sinum
3246 2141 3504 2195 Ecclesia:
3532 2140 3832 2210 cogerentur,

2194 2247 2258 2284 ac
2287 2231 2366 2284 sic
2403 2231 2586 2286 reditu
2619 2247 2722 2285 suo
2763 2230 3304 2285 Circumcellionum
3344 2227 3714 2284 vexationibus
3740 2241 3834 2280 cau-

2195 2337 2315 2375 sam
2341 2321 2558 2376 nullam
2590 2321 2913 2392 praeberent
2945 2323 3138 2390 (Epist.
3185 2323 3314 2386 105,
3347 2336 3402 2374 n.
3437 2322 3510 2386 5).
3541 2317 3677 2382 Quin
3702 2314 3835 2370 etiam

2195 2425 2392 2464 eorum
2427 2409 2525 2480 qui
2556 2425 2671 2463 non
2694 2426 2757 2464 ex
2789 2410 3003 2474 animo,
3031 2408 3127 2462 sed
3154 2425 3220 2462 ex
3243 2424 3407 2462 mero
3437 2408 3634 2461 timore
3660 2407 3836 2475 partem

2199 2499 2397 2554 Donati
2427 2499 2691 2553 abdicare
2721 2498 3078 2562 videbantur,
3102 2514 3218 2552 non
3247 2496 3417 2568 pauci
3449 2497 3502 2549 in
3533 2490 3838 2565 sequentium

2195 2592 2522 2658 temporum
2563 2586 2894 2642 difﬁcultate
2929 2587 3207 2658 majorem
3257 2584 3630 2640 constantiam
3666 2596 3765 2652 prae
3797 2593 3838 2630 se

2197 2677 2473 2745 tulerunt,
2505 2692 2678 2747 quam
2709 2676 2809 2748 qui
2838 2691 3134 2746 nunquam
3167 2691 3200 2729 a
3228 2673 3511 2730 catholica
3540 2671 3751 2725 veritate
3773 2667 3841 2722 de-

2196 2765 2475 2820 sciverant
2516 2766 2713 2836 (Epist.
2765 2768 2855 2830 89,
2885 2781 2942 2818 n.
2991 2765 3062 2832 ’7).
3116 2764 3206 2819 Sic
3253 2765 3436 2830 multi,
3483 2760 3662 2832 inquit
3693 2761 3843 2827 Augu-

2197 2853 2394 2919 stinus,
2420 2869 2520 2922 per
2545 2853 2669 2907 illas
2697 2854 2832 2919 leges
2861 2853 3083 2906 correcti
3107 2856 3254 2919 sunt,
3289 2857 3340 2906 et
3371 2850 3606 2920 quotidie
3627 2849 3845 2912 corrigun-

2199 2948 2322 3008 tur;
2345 2945 2393 2995 et
2423 2957 2477 2996 se
2503 2956 2612 2996 esse
2642 2946 2923 3009 correctos,
2954 2946 3116 3009 atque
3157 2941 3224 2994 ab
3276 2942 3378 2995 illa
3425 2941 3635 3007 furiosa
3657 2935 3847 3006 pernicie

2197 3029 2470 3095 liberatos,
2501 3031 2716 3096 gratias
2745 3033 2932 3095 agunt.
2963 3031 3033 3083 Et
3058 3031 3154 3097 qui
3178 3028 3430 3093 oderant,
3456 3027 3701 3095 diligunt,
3729 3021 3845 3075 mole-

2196 3123 2413 3188 stasquc
2423 3119 2530 3172 sibi
2546 3120 2719 3185 fuisse
2733 3117 3118 3172 saluberrimas
3141 3117 3298 3184 leges,
3323 3121 3589 3185 quantum
3607 3116 3660 3168 in
3678 3110 3851 3165 insania

2197 3208 2621 3274 detestabantur,
2657 3210 2866 3260 tantum
2895 3210 3109 3274 recepta
3148 3208 3395 3259 sanitate
3432 3204 3789 3271 gratulantur;
3814 3200 3850 3249 et

2198 3300 2256 3351 in
2283 3297 2548 3364 residuos,
2580 3311 2698 3350 cum
2727 3295 2922 3365 quibus
2949 3297 3170 3361 fuerant
3198 3296 3461 3363 perituri,
3479 3295 3598 3363 jam
3626 3289 3775 3347 simili
3795 3285 3852 3339 di-

2198 3388 2414 3440 lectione
2449 3385 2744 3451 nobiscum,
2784 3388 2846 3438 ut
2881 3385 3097 3453 pariter
3133 3385 3401 3437 instemus
3440 3398 3506 3436 ne
3543 3381 3627 3434 illi
3653 3377 3852 3449 pereant,

2197 3473 2504 3526 excitantur
2533 3473 2730 3542 (Epist.
2761 3474 2882 3535 185,
2912 3489 2968 3526 η.
2998 3471 3071 3541 '7).
3096 3473 3284 3527 Multis
3308 3475 3478 3526 etiam
3501 3470 3702 3540 profuit
3720 3459 3854 3536 (quod

2197 3560 2601 3632 experimentis
2614 3561 2978 3631 probavimus
2997 3565 3053 3614 et
3068 3560 3432 3632 probamus),
3446 3563 3605 3631 prius
3619 3560 3784 3612 timore
3798 3550 3859 3604 vel

2196 3649 2378 3703 dolore
2407 3651 2539 3716 cogi,
2564 3655 2624 3704 ut
2650 3653 2835 3720 postea
2857 3654 3076 3720 possent
3105 3649 3306 3715 doceri,
3341 3654 3441 3704 aut
3476 3647 3618 3718 quod
3637 3647 3744 3716 jam
3766 3655 3856 3696 ver-

2199 3739 2278 3791 bis
2304 3738 2632 3798 didicerant,
2662 3753 2817 3808 opere
2856 3740 3056 3793 sectari
3101 3738 3282 3805 (lbid.,
3337 3755 3397 3792 η.
3443 3738 3554 3807 21).
3602 3739 3768 3804 Atque
3798 3727 3860 3782 illi

2196 3831 2328 3880 sunt
2357 3827 2592 3891 fructus,
2625 3842 2770 3897 quos
2807 3826 3032 3896 peperit
3071 3830 3316 3897 paterna
3345 3826 3448 3880 illa
3482 3823 3736 3879 severitas
3761 3831 3858 3871 cum

2197 3932 2263 3969 ea
2310 3915 2666 3969 institutione
2724 3915 3045 3986 conjuncta,
3107 3931 3220 3985 qua
3273 3914 3529 3969 Ecclesia
3584 3912 3860 3968 redeuntes,

2194 4003 2516 4072 praesertim
2547 4003 2850 4074 Augustini
2890 4003 3088 4073 lingua
3127 4007 3182 4056 et
3224 4004 3455 4057 calamo
3499 4001 3791 4057 imbuebat.
3815 3993 3864 4046 Si

2195 4091 2353 4156 enim,
2387 4089 2466 4143 ait
2496 4090 2644 4144 idem
2674 4095 2922 4155 sanctus,
2951 4094 3300 4157 terrerentur,
3335 4096 3388 4145 et
3420 4107 3531 4145 non
3561 4087 3866 4143 docerentur;

2195 4178 2442 4248 improba
2471 4181 2632 4248 quasi
2661 4180 2958 4234 dominatio
2989 4179 3285 4234 videretur.
3321 4182 3542 4235 Rursus
3573 4180 3622 4232 si
3649 4176 3865 4230 doceren-

2196 4272 2302 4332 tur,
2341 4273 2391 4322 et
2429 4284 2536 4322 non
2575 4273 2934 4333 terrerentur;
2977 4273 3242 4323 vetustate
3279 4267 3694 4324 consuetudinis
3733 4257 3867 4317 obdu-

2192 4359 2306 4412 rati
2351 4357 2426 4411 ad
2466 4357 2849 4427 capessendam
2885 4360 3032 4412 viam
3069 4358 3262 4412 salutis
3297 4360 3536 4427 pigrius
3573 4353 3870 4411 moverentur

2196 4445 2393 4517 (Epist.
2427 4450 2513 4514 93,
2544 4463 2600 4500 η.
2635 4450 2705 4514 3).

2266 4537 2316 4589 5.
2353 4536 2477 4589 Non
2507 4535 2686 4606 igitur
2713 4533 2835 4589 sine
2864 4550 3032 4588 causa
3061 4533 3235 4589 Idacii
3272 4534 3413 4590 fasti
3446 4534 3726 4590 unitatem
3753 4529 3874 4582 inter

2195 4623 2510 4678 Catholicos
2537 4640 2600 4678 ac
2637 4622 2957 4678 Donatistas
2983 4624 3089 4678 hoc
3113 4639 3265 4677 anno
3301 4623 3523 4678 factam
3563 4618 3874 4677 memorant.

2196 4713 2391 4784 Coepta
2413 4718 2498 4767 est
2517 4713 2764 4783 primum
2785 4711 3126 4782 Carthagine
3153 4716 3284 4766 ante
3312 4712 3618 4767 decimum
3641 4704 3879 4764 kalendas

2195 4801 2532 4873 septembris
2560 4802 2768 4873 (Codice
2795 4803 3070 4858 Canonum
3098 4801 3300 4868 Afrie.,
3335 4817 3468 4856 can.
3506 4803 3620 4870 94),
3645 4813 3755 4853 non
3782 4790 3881 4866 qui-

2196 4891 2328 4946 dem
2370 4891 2630 4946 omnium
2680 4890 3126 4955 Donatistarum,
3167 4906 3296 4944 cum
3338 4907 3585 4963 semper
3629 4881 3884 4953 Carthagi-

2195 4979 2387 5034 nensis
2416 4979 2666 5051 episcopi
2686 4979 2918 5034 titulum
2951 4979 3057 5033 sibi
3087 4979 3420 5033 Primianus
3453 4974 3820 5050 arrogaverit,
3842 4973 3883 5024 at

2195 5075 2348 5125 certe
2373 5086 2487 5124 non
2516 5069 2706 5142 exigui
2746 5086 2944 5124 eorum
2975 5069 3202 5124 numeri
3232 5069 3623 5124 conversione
3658 5086 3670 5124 :
3705 5062 3888 5135 ereptis

2197 5165 2490 5230 praeterea,
2542 5175 2680 5230 quas
2723 5159 3075 5226 obtinebant,
3129 5157 3300 5212 sacris
3349 5158 3611 5228 aedibus,
3656 5171 3778 5228 (1an
3819 5149 3884 5202 vel

2197 5247 2495 5302 Calholicis
2525 5247 2905 5314 traderentur,
2929 5248 3014 5301 vel
3037 5247 3236 5302 saltem
3270 5237 3890 5314 occluderentur,quod

2190 5334 2310 5405 jam
2342 5340 2474 5390 ante
2505 5335 2565 5389 in
2605 5335 2958 5407 Hipponensi
2997 5336 3225 5390 dioecesi
3260 5337 3485 5391 factum
3539 5337 3714 5391 fuisse
3747 5345 3888 5400 repe-

2197 5423 2376 5478 rimus
2421 5425 2617 5495 (Epist.
2657 5428 2775 5491 l39,
2827 5440 2882 5478 n.
2934 5429 3007 5492 2).
3061 5427 3196 5480 Post
3241 5425 3458 5478 factam
3512 5425 3636 5480 sive
3677 5424 3892 5494 emptam
