4008 6184
182 325 261 376 353
592 282 599 287 ’
1556 313 1767 369 LIBER
1807 312 2105 370 SEXTUS.

180 439 366 497 basilica
400 434 656 507 Regionis
702 434 965 489 secundes
996 434 1445 505 Carthaginense
1475 436 1812 503 concilium;

188 529 297 601 quod
311 526 496 581 Africae
516 524 684 579 totius
710 524 879 577 fuisse
904 525 989 578 vel
1021 540 1087 578 ex
1115 524 1204 579 die
1224 525 1347 579 solo
1371 525 1505 578 satis
1530 541 1815 595 superque

192 622 441 675 declaratur
488 633 500 669 :
553 632 723 685 quam
755 632 874 668 rem
907 615 1079 669 etiam
1110 615 1316 686 probat
1348 615 1701 685 legationum
1748 632 1814 669 ex

193 708 395 763 omnibus
433 704 728 776 provinciis
771 704 842 757 ad
890 706 1173 774 synodum
1222 704 1632 758 mittendarum
1672 706 1816 759 facta

191 796 365 853 mentio.
394 794 600 849 Placuit
627 810 728 864 per
750 793 963 846 litteras
992 810 1193 863 rogare
1227 793 1645 863 provinciarum
1677 810 1818 863 pra:-

187 890 328 949 fectos,
356 888 415 937 ut
443 883 509 938 ad
538 882 992 952 componendam
1043 898 1145 953 per
1174 887 1352 935 totam
1384 882 1651 948 Africam,
1684 898 1813 952 qua:

182 973 357 1029 nonnisi
400 970 735 1041 Carthagine
764 976 898 1025 tunc
927 971 1203 1041 temporis
1233 972 1624 1041 redintegrata
1671 975 1810 1035 erat,

177 1058 482 1113 concordiam
513 1058 860 1123 laborarent;
887 1058 1023 1111 item
1044 1059 1115 1113 ad
1140 1058 1508 1125 Comitatum,
1542 1058 1603 1112 id
1636 1059 1812 1121 est,ad

174 1150 527 1218 Imperatorem
558 1148 795 1217 ejusque
836 1147 1145 1216 ministros,
1185 1148 1421 1214 scibere,
1474 1152 1537 1202 ut
1583 1147 1635 1201 ei
1683 1164 1811 1217 gra-

174 1238 259 1301 tiae,
281 1237 341 1289 ob
360 1238 615 1306 expulsos
644 1236 988 1304 Donatistas,
1014 1236 1184 1290 totius
1204 1237 1407 1291 Africus
1434 1237 1663 1291 nomine
1684 1254 1811 1307 age-

173 1328 325 1378 rentur
352 1325 551 1394 (Codice
578 1326 853 1381 Canonum
880 1326 1088 1392 Arria,
1121 1342 1240 1379 can.
1272 1326 1377 1395 9-1).
1412 1325 1521 1390 Qui
1550 1342 1682 1380 vero
1715 1325 1811 1379 lit-

170 1418 281 1467 teras
320 1413 435 1466 illas
482 1413 788 1477 deferrent,
842 1413 1004 1468 electi
1053 1419 1186 1468 sunt
1234 1415 1369 1481 duo,
1419 1431 1533 1468 non
1577 1414 1810 1485 quidem

169 1501 388 1572 episcopi,
437 1501 534 1555 sed
565 1506 787 1556 tantum
818 1502 1008 1556 clerici
1042 1518 1055 1555 :
1089 1519 1155 1556 eo
1184 1504 1336 1573 quod
1367 1504 1607 1573 epistola
1639 1505 1810 1558 Iuno-

167 1590 298 1645 centii
339 1607 515 1662 papae,
558 1607 733 1661 quam
764 1591 964 1662 procul
996 1591 1168 1645 dubio
1209 1608 1240 1645 a
1269 1591 1468 1662 legatis
1498 1593 1811 1662 superioris

166 1679 340 1733 concilii
367 1680 595 1733 allatam
634 1679 695 1733 in
742 1680 847 1734 hoc
876 1680 1199 1746 recitarant,
1234 1681 1484 1735 Africani
1532 1682 1811 1736 antistites

164 1769 507 1836 mouebantur,
540 1785 617 1823 ne
648 1770 811 1823 facile
857 1769 1149 1841 episcopos
1182 1770 1241 1824 in
1274 1770 1498 1825 Italiam
1527 1771 1811 1840 proﬁcisci

164 1862 459 1928 paterentur.
516 1858 645 1922 Qua
690 1859 760 1913 de
790 1875 850 1913 re
895 1860 1167 1929 przesules
1198 1860 1422 1913 concilii
1471 1860 1583 1914 sive
1615 1862 1807 1931 legati,

162 1947 278 2001 idem
302 1947 457 2017 plane
501 1963 637 2001 cum
686 1948 1021 2002 Innocentio
1074 1953 1389 2003 senserunt.
1426 1951 1500 2003 Ex
1532 1966 1644 2021 quo
1680 1951 1810 2005 licet

161 2036 411 2105 conjicere,
458 2036 867 2107 episcoporum
899 2038 1343 2092 transmarinam
1373 2039 1808 2110 profectionem,

162 2124 339 2178 tametsi
378 2124 458 2178 illi
497 2127 925 2181 Donatistarum
956 2128 1354 2181 vexationibus
1386 2128 1563 2182 coacti
1593 2129 1663 2182 ad
1696 2130 1808 2182 Im-

158 2219 432 2283 peratorem
461 2214 870 2286 perfugissent,
905 2216 1353 2286 reprehensione
1381 2221 1572 2271 tamen
1594 2234 1706 2271 non
1730 2234 1811 2271 ca-

159 2302 313 2356 ruisse.
344 2304 535 2359 Nullus
573 2309 765 2359 autem
806 2309 891 2359 est
918 2305 1247 2377 ambigendi
1285 2306 1461 2372 locus,
1504 2306 1645 2377 quin
1677 2307 1810 2361 huic

156 2393 361 2459 generali
388 2394 634 2449 concilio
662 2393 1040 2465 Augustinus,
1091 2411 1208 2449 non
1238 2410 1398 2450 secus
1430 2411 1493 2450 ac
1523 2395 1810 2467 prioribus

159 2480 269 2546 aliis,
297 2481 640 2538 interfuerit.

796 2567 1019 2621 CAPUT
1059 2567 1129 2621 II.

163 2657 172 2704 1
214 2656 617 2724 Hipponensium
679 2656 1082 2710 Donatistarum
1127 2657 1812 2714 immanitas.2Czciliani

200 2744 483 2810 praesidium
499 2745 770 2813 implorat
798 2745 1166 2814 Augustinus.
1203 2748 1233 2801 3
1256 2747 1732 2801 Schismaticorum
1752 2750 1810 2801 in

206 2833 385 2900 reliqua
430 2834 642 2901 Africa
681 2836 859 2900 furor.
902 2836 935 2889 4
966 2836 1240 2901 Sanguine
1286 2836 1511 2889 illorum
1557 2837 1809 2890 manibus

204 2922 307 2985 fuso
350 2926 493 2990 ﬂoret
547 2924 812 2978 Ecclesia.
860 2926 889 2977 5
921 2925 1146 2990 Legatos
1176 2924 1250 2977 ad
1274 2925 1654 2993 Imperatorem
1682 2928 1809 2979 mit-

206 3014 306 3064 tunt
346 3015 660 3067 Donatistae.
703 3015 734 3066 6
776 3015 851 3066 De
891 3013 1108 3066 illorum
1155 3014 1381 3082 injuriis
1413 3014 1564 3083 apud
1590 3013 1809 3068 Janua—

204 3101 327 3152 rium
352 3107 656 3169 queruntur
686 3103 1051 3171 Hipponenses
1075 3103 1276 3155 clerici.

208 3192 244 3241 1.
275 3189 324 3242 Si
350 3190 480 3261 quid
511 3190 744 3245 ﬁduciae
774 3190 832 3243 in
863 3206 1031 3244 causa
1062 3207 1162 3243 sua
1191 3189 1582 3259 reposuissent
1607 3191 1814 3245 Donati

152 3282 442 3344 sectatores;
491 3296 631 3333 cum
679 3296 737 3333 se
776 3283 1072 3350 tantopere
1101 3280 1155 3332 vi
1198 3280 1393 3349 legum
1419 3279 1808 3350 imperialium

151 3365 306 3434 urgeri
344 3367 635 3433 viderunt,
704 3368 1165 3437 amplectendum
1220 3368 1332 3421 illis
1385 3368 1807 3423 Catholicorum

150 3455 428 3523 exemplum
475 3457 672 3511 fuerat
721 3473 733 3510 :
776 3456 856 3511 ita
881 3460 944 3511 ut
982 3456 1134 3527 ipsos
1163 3457 1235 3511 ad
1265 3457 1638 3528 colloquium,
1667 3458 1809 3511 veri-

149 3540 251 3594 tatis
276 3544 621 3600 illustranda:
654 3545 855 3616 gratia,
889 3552 1265 3615 provocarent
1293 3546 1496 3617 (Epist.
1520 3550 1609 3613 88,
1640 3563 1695 3602 η.
1726 3548 1805 3617 7).

149 3630 321 3685 Verum
356 3633 456 3688 hac
488 3634 717 3688 ratione
750 3634 955 3705 agendi
988 3636 1267 3706 neglecta,
1298 3636 1449 3690 viam
1478 3638 1648 3706 plane
1678 3652 1809 3691 con-

148 3720 343 3776 trariam
366 3722 641 3784 inierunt,
674 3728 1109 3796 statueruntque
1135 3726 1395 3795 pluribus
1425 3726 1809 3796 adhuc,quam

149 3813 297 3875 antea,
326 3812 677 3867 facinoribus
708 3813 1062 3881 debaccbari,
1094 3820 1149 3868 et
1176 3815 1329 3886 leges
1359 3816 1561 3869 eodem
1591 3815 1688 3868 illo
1718 3816 1807 3869 fu-

148 3909 250 3950 rore
290 3903 640 3967 conculcare,
669 3918 782 3973 quo
814 3902 885 3956 iis
910 3903 1157 3957 ferendis
1186 3920 1413 3958 causam
1446 3904 1810 3973 praebuerant

148 3984 310 4054 (Epist.
348 3994 461 4057 108,
508 4009 565 4046 n.
608 3992 717 4061 18).
756 3992 1007 4057 Quotidie
1042 3997 1359 4057 vestrorum,
1394 3992 1580 4064 inquit
1607 3995 1809 4063 Augu-

146 4072 310 4143 stinus,
339 4080 689 4134 incredibilia
724 4082 971 4149 patimur
996 4082 1151 4146 facta
1180 4082 1488 4135 clericorum
1508 4086 1557 4135 et
1578 4082 1811 4137 Circum-

144 4166 406 4237 cellionum,
436 4172 610 4225 multo
633 4170 828 4239 pejora
852 4187 1015 4241 quam
1041 4172 1400 4239 quorumlibet
1426 4173 1695 4226 latronum
1716 4177 1809 4226 at-

145 4266 227 4317 que
246 4258 572 4323 praedonum.
608 4260 850 4328 Namque
880 4260 1164 4314 horrendis
1192 4262 1396 4315 armati
1423 4261 1683 4330 cujusque
1711 4276 1809 4327 ge-

141 4346 260 4397 neris
289 4348 417 4413 telis,
449 4348 774 4402 terribiliter
803 4349 1071 4417 vagando,
1102 4365 1207 4404 non
1228 4350 1344 4404 dico
1374 4350 1809 4419 ecclesiasticam,

142 4431 218 4482 sed
244 4436 404 4501 ipsam
432 4438 732 4490 humanam
762 4440 989 4505 quietem
1012 4454 1306 4507 pacemque
1330 4439 1674 4508 perturbant.
1703 4441 1808 4495 No-

140 4524 317 4576 cturnis
353 4526 792 4593 aggressionibus
834 4526 1147 4581 clericorum
1177 4529 1558 4582 catholicorum
1588 4530 1809 4581 incusas

141 4606 291 4663 domos
334 4613 512 4667 nudas
572 4617 735 4681 atque
782 4616 969 4668 inanes
1023 4614 1422 4684 derelinquunt.
1465 4618 1615 4684 Ipsos
1646 4619 1809 4670 etiam

139 4696 312 4760 raptos,
361 4702 412 4749 et
438 4697 690 4763 fustibus
725 4702 925 4765 tunsos,
956 4700 1210 4768 ftrroque
1243 4703 1499 4769 concisos,
1528 4702 1808 4755 semivivos

138 4780 394 4847 objiciunt.
430 4788 662 4855 Insuper
697 4802 831 4842 novo
860 4791 911 4841 et
940 4788 1165 4842 antehac
1196 4788 1444 4842 inaudito
1472 4789 1683 4843 sceleris
1711 4804 1809 4857 ge-

137 4882 254 4938 nere,
285 4876 447 4929 oculis
477 4891 663 4929 eorum
693 4877 888 4930 calcem
917 4881 1061 4931 aceto
1088 4879 1358 4945 permixto
1382 4878 1730 4945 infundentes
1759 4882 1809 4931 et

136 4960 468 5029 in/ercientes,
494 4979 629 5032 quos
650 4965 867 5018 evellere
878 4965 1188 5033 compendio
1204 4970 1471 5034 poterant,
1496 4968 1810 5021 excruciare

135 5048 338 5115 amplius
366 5052 600 5119 eligunt,
627 5069 792 5122 quam
821 5054 982 5108 citius
1012 5069 1295 5108 exceecare.
1328 5056 1464 5110 Nam
1487 5057 1669 5123 primo
1691 5059 1811 5109 tan-

134 5136 227 5188 tum
268 5141 406 5194 calce
452 5141 533 5195 ad
583 5143 675 5195 hoc
702 5144 921 5210 facinus
961 5143 1278 5209 utebantur;
1323 5143 1418 5197 sed
1455 5148 1809 5213 posteaquam

134 5221 233 5277 illos
261 5228 454 5293 quibus
480 5231 579 5283 hoc
608 5234 867 5297 fecerant,
901 5234 1005 5285 cito
1034 5234 1261 5286 salutem
1288 5247 1570 5301 reparasse
1598 5232 1809 5286 didice—

130 5318 256 5379 runt,
282 5322 490 5371 acetum
518 5318 849 5374 addiderunt
873 5319 1091 5390 (Contra
1110 5322 1375 5387 Crescon.,
1407 5322 1501 5375 lib.
1538 5325 1588 5387 3,
1618 5337 1673 5375 η.
1698 5321 1805 5386 46).

132 5398 396 5473 Praecipue
443 5424 583 5460 vero
612 5406 670 5460 in
703 5407 1050 5479 Hipponensi
1080 5407 1307 5462 dioecesi
1333 5407 1617 5463 feritatem
1649 5409 1807 5463 illam

128 5499 507 5563 exercuerunt,
552 5495 805 5552 barbaris
842 5497 978 5569 ipsis
1028 5497 1377 5568 incognitam
1432 5499 1627 5568 (Epist.
1684 5502 1805 5567 llt,

128 5592 174 5631 η.
207 5582 270 5651 1.)
317 5584 683 5656 Quapropter
720 5587 1108 5658 Hipponenses
1136 5585 1327 5643 clerici
1361 5602 1429 5643 ea
1465 5587 1537 5643 de
1566 5603 1626 5642 re
1656 5604 1806 5644 anno

3524 319 3623 373 354

1924 434 2185 508 sequenti
2205 434 2356 506 apud
2383 435 2689 490 Primatem
2722 436 3147 492 Donatistarum
3166 439 3619 510 expostularent.

1929 528 2131 582 Vivunt
2170 530 2230 579 ut
2259 527 2510 592 latrones,
2548 526 2710 579 aiunt
2739 526 2842 593 illi,
2874 529 3183 581 moriuntur
3212 533 3273 582 ut
3303 530 3625 585 Circumcel-

1925 614 2110 681 liones,
2160 616 2495 669 honorantur
2530 620 2591 669 ut
2636 621 2924 683 martyres,
2964 622 3015 670 et
3061 622 3240 671 tamen
3267 633 3359 672 nec
3391 618 3624 674 latrones

1924 706 2220 775 aliquando
2242 706 2573 774 audivimus,
2596 722 2679 760 eos
2701 722 2831 774 quos
2862 706 3162 776 depraedati
3188 712 3334 771 sunt,
3361 724 3623 765 exceecas-

1923 809 1995 848 se.
2022 795 2231 849 Occisos
2252 798 2511 861 auferunt
2534 796 2660 856 luci,
2684 812 2788 851 non
2806 797 2943 850 vivis
2965 798 3223 863 auferunt
3237 798 3403 851 lucem
3420 798 3620 867 (Epist.

1924 884 2012 948 88,
2048 899 2101 937 n.
2132 886 2201 953 8).
2238 884 2352 938 Illis
2381 883 2442 937 in
2473 884 2785 937 Collatione
2825 885 3163 954 exprobrata
3192 890 3276 939 est
3307 902 3373 939 ea
3404 886 3617 951 diritas,

1923 976 2200 1041 tanquam
2232 989 2358 1042 quas
2390 973 2639 1043 quodam
2681 972 2849 1027 modo
2877 973 3056 1043 ipsius
3086 974 3365 1027 dmmonis
3409 974 3468 1028 in
3518 975 3621 1029 Job

1922 1061 2317 1115 crudelitatem
2369 1066 2662 1132 superaret
2707 1064 2937 1132 (Brevia.
2986 1064 3175 1118 Collat.
3230 1066 3285 1130 3,
3324 1080 3379 1117 η.
3429 1066 3518 1130 22,
3571 1068 3622 1117 et

1922 1150 2113 1205 Collat.
2163 1151 2443 1218 Carthag.‘
2474 1155 2522 1215 3,
2575 1167 2695 1219 cap.
2742 1151 2888 1219 298).
2938 1151 3179 1205 Membra
3226 1154 3386 1205 etiam
3429 1157 3619 1206 caetera

1917 1238 2103 1306 plagis
2143 1238 2431 1292 horrendis
2473 1239 2786 1293 vulneribus
2837 1241 3174 1293 sauciarunt.
3230 1240 3621 1307 Depraedantur

1920 1328 2081 1380 etiam
2112 1326 2293 1381 domos
2314 1327 2554 1394 aliquas,
2588 1332 2637 1380 et
2666 1327 2958 1381 incendunt
2989 1344 3003 1380 :
3033 1330 3247 1393 fructus
3269 1328 3451 1383 aridos
3482 1329 3622 1382 diri-

1917 1416 2097 1483 piunt,
2132 1416 2380 1469 humidos
2416 1415 2659 1481 fundunt
2701 1418 2896 1484 (Epist.
2950 1419 3069 1481 111,
3121 1433 3175 1470 n.
3216 1416 3278 1485 l).
3308 1418 3482 1470 Arma
3514 1418 3623 1471 sibi

1918 1504 2159 1569 ingentia
2184 1508 2233 1557 et
2263 1505 2535 1557 terribilia
2558 1505 2924 1571 fabricarum,
2950 1505 3145 1572 quibus
3175 1507 3377 1559 armati
3403 1522 3505 1574 per
3533 1506 3621 1559 di-

1918 1608 2074 1646 versa
2103 1594 2438 1659 discurrunt,
2472 1596 2852 1648 comminantes
2899 1599 3061 1662 atque
3090 1595 3401 1648 anhelantes
3432 1594 3619 1663 czedes,

1918 1683 2169 1751 rapinas,
2197 1682 2469 1749 incendia,
2508 1686 2770 1737 cwcitates
2810 1683 3008 1753 (Epist.
3041 1686 3131 1751 88,
3156 1699 3213 1736 η.
3246 1683 3319 1753 8).
3353 1683 3476 1747 Quo
3505 1687 3620 1738 ter-

1918 1786 2047 1824 rore
2094 1770 2157 1824 in
2198 1770 2423 1824 animos
2476 1771 2778 1824 hominum
2817 1771 3048 1840 injecto,
3097 1772 3419 1841 complures
3473 1772 3617 1826 adeo

1918 1859 2326 1929 percellebant,
2357 1863 2419 1911 ut
2447 1875 2505 1911 se
2536 1863 2870 1929 paterentur
2910 1859 3112 1913 iterato
3157 1859 3499 1929 Baptismate
3528 1860 3623 1914 fu-

1917 1946 2129 2000 nestari
2160 1948 2353 2015 (Epist.
2392 1950 2511 2013 111,
2544 1964 2599 2000 n.
2634 1947 2704 2016 8).
2744 1948 2825 2001 Ita
2855 1946 3047 2015 ﬁebat,
3082 1950 3143 2000 ut
3172 1947 3323 2001 inter
3345 1946 3620 2018 gravissi-

1921 2035 2093 2089 simas
2139 2035 2316 2106 leges,
2363 2052 2492 2106 quae
2538 2035 2765 2089 fuerant
2802 2035 2862 2089 in
2903 2052 2997 2089 eos
3026 2035 3424 2106 promulgatae,
3458 2052 3521 2090 ac
3550 2035 3620 2090 de

1920 2124 2127 2195 quibus
2156 2124 2394 2195 perinde
2417 2141 2479 2178 ac
2496 2125 2565 2178 de
2588 2124 2880 2179 vexatione
2904 2124 3187 2179 dirissima
3204 2125 3613 2196 querebantur,

1920 2230 2036 2267 non
2067 2212 2240 2267 modo
2286 2213 2346 2266 in
2391 2213 2846 2283 possessionibus
2876 2218 2933 2267 et
2962 2213 3079 2267 suis
3110 2218 3165 2267 et
3202 2213 3403 2267 alienis
3435 2212 3621 2267 securi

1918 2303 2202 2371 sederent,
2223 2319 2421 2356 verum
2449 2308 2505 2361 et
2534 2303 2897 2369 orthodoxos,
2921 2319 3093 2373 supra
3118 2319 3290 2373 quam
3311 2302 3465 2357 credi
3487 2320 3619 2375 pos-

1920 2392 2011 2457 sit,
2060 2392 2414 2445 afﬁictarent.
2461 2393 2684 2460 Insuper
2725 2394 2908 2459 etiam,
2952 2396 3187 2445 narrant
3228 2392 3621 2462 Hipponenses

1920 2479 2133 2547 clerici,
2165 2482 2215 2535 si
2253 2496 2389 2549 quas
2421 2486 2616 2536 mortes
2647 2481 2754 2535 sibi
2783 2482 2925 2536 ultro
2954 2483 3230 2551 ingerunt,
3256 2481 3408 2535 nobis
3435 2482 3623 2536 volunt

1919 2584 2029 2624 esse
2057 2569 2377 2635 invidiosas,
2408 2570 2557 2625 vobis
2577 2571 2862 2637 gloriosas.
2892 2570 3044 2636 Quod
3070 2571 3223 2625 nobis
3246 2573 3478 2638 faciunt,
3517 2571 3624 2625 sibi

1918 2675 2024 2713 non
2076 2661 2384 2727 imputant;
2436 2663 2485 2713 et
2532 2659 2676 2726 quod
2720 2660 2826 2713 sibi
2864 2660 3101 2729 faciunt,
3142 2660 3295 2714 nobis
3346 2662 3621 2728 imputant

1922 2749 2118 2817 (Epist.
2172 2750 2262 2813 88,
2294 2763 2347 2800 η.
2395 2746 2469 2817 8).
2506 2748 2701 2801 Tantae
2748 2751 2981 2817 tamque
3036 2746 3307 2802 inauditae
3358 2748 3620 2815 feritatis,

1920 2852 2034 2907 qua
2062 2836 2151 2889 vel
2181 2834 2337 2905 apud
2365 2834 2520 2901 ipsos
2541 2835 2795 2905 partium
2821 2851 3053 2889 suarum
3086 2839 3386 2889 sectatores
3401 2834 3462 2888 in
3488 2834 3621 2889 iuvi-

1923 2925 2075 2979 diam
2123 2923 2488 2991 vocabantur,
2532 2925 2724 2993 legum
2772 2924 2944 2978 timor
2973 2940 3088 2977 non
3117 2929 3233 2977 tam
3273 2939 3443 2977 causa
3474 2927 3614 2990 erat,

1920 3028 2093 3085 quam
2139 3012 2304 3066 dolor
2358 3028 2427 3066 ex
2478 3011 2737 3082 profectu
2788 3011 3080 3066 catholicae
3127 3010 3402 3076 Ecclesite,
3446 3028 3619 3082 quam

1918 3100 2225 3171 Augustini
2252 3090 2569 3171 praesertim
2591 3099 2894 3155 conciones
2915 3099 3155 3155 assiduae
3175 3100 3386 3154 mirum
3412 3099 3472 3153 in
3498 3116 3619 3154 mo-

1920 3191 2058 3245 dum
2137 3189 2581 3260 ampliﬁcabant.
2634 3193 2774 3245 Dum
2828 3192 2991 3257 enim,
3059 3188 3253 3244 scribit
3308 3189 3616 3256 Possidius,

1916 3279 2137 3333 verbum
2182 3280 2279 3332 Dei
2322 3278 2505 3333 sedulo
2538 3278 2955 3348 praedicaretur,
2999 3283 3049 3333 et
3098 3294 3217 3333 cum
3248 3279 3331 3331 his
3371 3280 3468 3346 qui
3496 3277 3620 3331 ode-

1917 3373 2046 3423 rant
2066 3384 2275 3438 pacem,
2303 3367 2459 3438 pacis
2489 3371 2631 3422 ratio
2662 3368 2978 3435 haberetur;
3009 3369 3096 3422 illi
3125 3369 3421 3435 loquentem
3451 3366 3623 3420 debel—

1919 3458 2107 3512 labant
2142 3457 2343 3525 gratis.
2379 3461 2449 3514 Et
2501 3473 2619 3511 cum
2665 3457 2924 3511 adversus
2953 3472 3134 3511 eorum
3177 3456 3373 3524 dogma
3412 3456 3621 3511 veritas

1917 3550 2283 3614 innotesceret,
2318 3548 2414 3614 qui
2440 3547 2707 3611 volebant,
2740 3552 2789 3599 et
2810 3550 3086 3614 poterant,
3119 3560 3230 3599 sese
3258 3543 3386 3598 inde
3414 3545 3496 3597 vel
3517 3546 3621 3598 eri-

1914 3635 2155 3704 piebant,
2189 3635 2271 3687 vel
2291 3634 2677 3699 subducebant,
2701 3638 2751 3687 et
2774 3636 2904 3703 paci
2924 3638 3087 3700 atque
3118 3635 3321 3686 unitati
3347 3633 3615 3698 Ecclesiae,

1917 3739 2037 3777 cum
2065 3726 2179 3777 suis
2210 3722 2406 3791 quibus
2427 3726 2700 3791 poterant,
2733 3722 3086 3776 cohaerebant.
3117 3721 3265 3775 Unde
3289 3721 3380 3777 illi
3407 3724 3497 3775 sui
3542 3736 3620 3775 er-

1916 3816 2057 3868 roris
2083 3816 2519 3881 congregationes
2548 3815 2723 3867 minui
2746 3813 3178 3881 videntes,atque
3199 3814 3504 3882 augmentis
3526 3813 3625 3867 Ec-

1917 3904 2089 3958 clesiae
2117 3903 2439 3970 invidentes,
2471 3904 2679 3956 accensi
2699 3902 3119 3957 e'xardescebant
3155 3904 3243 3956 ira
3270 3902 3621 3970 gravissima,

1917 3996 1967 4045 et
2015 3992 2379 4045 intolerabiles
2420 3995 2811 4061 persecutiones
2851 3993 3057 4046 unitati
3085 3993 3334 4046 Ecclesiae
3358 3992 3623 4060 compacti

1912 4081 2189 4146 faciebant
2219 4080 2542 4150 (Possidius,
2572 4082 2630 4133 in
2665 4082 2797 4134 Vita
2825 4080 3061 4148 August.
3091 4096 3137 4134 c.
3175 4079 3287 4150 10).

1986 4171 2040 4224 2.
2086 4169 2242 4222 Tunc
2288 4169 2563 4239 temporis
2611 4186 2740 4222 cum
2790 4186 2893 4239 per
2923 4185 3090 4239 agros
3128 4167 3377 4237 Hipponi
3405 4166 3619 4221 vicinos

1916 4258 2196 4312 acerrima
2220 4258 2435 4313 fureret
2462 4259 2862 4313 hmreticorum
2889 4257 3146 4321 audacia,
3181 4256 3326 4310 datae
3349 4260 3481 4308 sunt
3504 4255 3618 4307 illae

1918 4347 1987 4401 ad
2017 4347 2386 4403 Caecilianum
2436 4348 2640 4401 litterae
2685 4350 2881 4416 (Epist.
2914 4350 3018 4412 86),
3051 4345 3259 4416 quibus
3290 4360 3422 4398 eum
3453 4346 3618 4412 rogat

1915 4436 2290 4504 Augustinus,
2324 4440 2387 4490 ut
2413 4453 2559 4501 eam,
2594 4453 2705 4506 qua
2738 4436 2796 4489 in
2822 4435 3006 4488 Africa
3028 4433 3293 4504 pollebat,
3317 4432 3620 4486 auctorita-

1916 4530 2053 4591 tem,
2088 4541 2203 4579 non
2232 4525 2464 4595 quidem
2494 4526 2565 4579 ad
2596 4523 2947 4578 ulciscendas
2988 4522 3142 4592 justa
3185 4521 3484 4575 severitate
3522 4520 3616 4575 in-

1909 4614 2113 4684 jurias,
2158 4630 2355 4668 verum
2404 4614 2473 4667 ad
2527 4613 2806 4667 sanandos
2837 4627 3036 4665 earum
3066 4614 3324 4663 auctores
3354 4610 3613 4665 adhibito

1916 4707 2136 4758 terrore
2166 4703 2474 4758 conferret.
2524 4702 2621 4756 llic
2649 4702 2744 4755 ille
2780 4698 3111 4755 Caecilianus
3157 4714 3308 4753 anno
3341 4697 3614 4769 quadrin-

1916 4790 2233 4861 gentesimo
2261 4808 2416 4845 nono
2447 4789 2718 4860 prmtorio
2750 4787 3051 4858 praefectus
3080 4787 3206 4842 fuit.
3234 4788 3319 4842 Ad
3349 4788 3615 4843 eumdem

1915 4880 2268 4951 Augustinus
2294 4880 2399 4934 sub
2428 4880 2602 4933 ﬁnem
2643 4876 2779 4931 anni
2820 4875 3377 4948 quadringentesimi
3407 4875 3615 4930 decimi

1915 4968 2072 5023 tertii
2101 4967 2348 5038 scripsit,
2393 4972 2669 5038 tanquam
2718 4966 2789 5019 ad
2827 4964 3013 5019 virum
3044 4965 3193 5036 apud
3224 4982 3282 5019 se
3314 4981 3524 5035 magno
3554 4964 3614 5018 in

1915 5057 2133 5112 honore
2149 5056 2428 5119 habitum,
2447 5056 2669 5127 sibique
2689 5054 3084 5109 benevolentia
3102 5054 3426 5109 devinctum
3443 5054 3613 5124 plane

1916 5144 2193 5216 singulari
2237 5145 2433 5215 (Epist.
2480 5143 2620 5215 151).
2657 5142 3037 5199 Christianam
3081 5144 3422 5215 religionem
3464 5142 3615 5195 inter

1916 5236 2355 5289 catechumenos
2394 5232 2787 5305 proﬁtebatur,
2828 5250 2892 5287 ac
2943 5233 3051 5288 sibi
3099 5233 3503 5288 demandatum
3553 5229 3611 5284 in

1916 5324 2102 5377 Africa
2128 5340 2336 5377 munus
2365 5340 2494 5377 cum
2521 5340 2637 5377 non
2668 5324 2941 5377 mediocri
2962 5322 3275 5393 diligentim
3297 5337 3359 5373 ac
3386 5319 3615 5389 pietatis

1916 5412 2065 5465 fama
2088 5412 2340 5482 gerebat.
2367 5412 2624 5467 Edictum
2647 5413 2770 5483 jam
2790 5413 2997 5465 tulerat
3013 5425 3271 5464 severum
3297 5408 3610 5462 admodum

1916 5500 1979 5554 in
2011 5500 2354 5567 Donatistas,
2388 5518 2503 5573 quo
2533 5502 2703 5557 variis
2731 5500 2789 5554 in
2820 5499 3022 5554 Africa:
3048 5496 3185 5552 locis
3216 5496 3613 5552 schismatico-

1919 5605 2050 5645 rum
2078 5606 2210 5646 cum
2239 5590 2481 5648 Ecclesia
2500 5588 3028 5648 reconciliationem
3049 5585 3277 5659 egregie
3299 5585 3610 5659 promovit.
