3912 6174
223 310 323 363 355

219 431 293 484 At
328 427 567 499 hujusce
619 424 788 479 edicti
832 424 1047 479 fructus
1081 422 1339 478 nondum
1371 421 1700 493 Hipponem
1729 435 1832 474 nec
1860 418 1919 472 in

221 518 334 573 alia
361 517 482 571 loca
513 514 793 570 Numidia
820 513 1069 585 Hipponi
1096 512 1345 567 confinia
1361 510 1919 583 pervenerat.ltaque

223 610 447 660 sanctus
478 603 690 658 Prasul
720 602 923 657 nolens
951 601 1012 654 in
1054 616 1115 654 re
1150 599 1293 654 tanti
1322 598 1600 653 momenti
1629 596 1923 667 negligen-

221 694 319 750 tia
348 691 690 754 insimulari,
715 690 881 761 petiit
911 705 1015 760 per
1044 688 1257 743 litteras
1287 705 1321 742 a
1347 687 1666 754 Caciliano,
1698 690 1765 740 ut
1793 701 1921 739 eam

225 798 453 855 quoque
480 779 773 851 regionem
797 778 1023 849 juvaret
1063 794 1076 831 :
1112 776 1618 848 presbyterumque
1653 774 1822 841 misit,
1856 790 1922 828 ex

226 887 339 943 quo
371 873 724 940 quantopere
751 870 979 936 urgeret
1007 864 1330 931 necessitas,
1363 864 1570 919 certior
1593 864 1924 918 ﬁeret.Eum

226 963 418 1014 autem
448 955 782 1026 alloquitur,
811 953 973 1024 quasi
1003 953 1100 1024 qui
1133 953 1385 1008 nondum
1409 954 1468 1007 in
1498 953 1621 1024 ejus
1650 952 1925 1023 cognitio-

227 1063 360 1101 nem
407 1043 743 1100 devenisset.
779 1041 1049 1096 Dubitare
1080 1058 1247 1096 nemo
1279 1040 1479 1113 possit,
1511 1041 1649 1112 quin
1681 1058 1747 1095 ea
1774 1045 1922 1094 tem-

224 1138 443 1206 pestate
474 1133 533 1187 in
562 1132 750 1186 Africa
778 1135 1117 1197 versaretur,
1151 1137 1321 1201 atque
1368 1130 1528 1184 illam
1574 1130 1925 1201 provinciam

225 1222 653 1277 administraret
682 1219 1016 1274 Cacilianus
1060 1235 1073 1274 :
1109 1218 1263 1272 unde
1292 1218 1525 1288 colligas
1554 1217 1612 1271 id
1642 1233 1745 1271 nec
1773 1233 1925 1272 anno

227 1308 797 1383 quadringentesimo
818 1324 969 1361 nono
998 1306 1389 1374 tribuendum,
1412 1322 1526 1376 quo
1555 1306 1707 1360 idem
1727 1306 1845 1377 ipse
1866 1305 1927 1360 in

226 1400 388 1456 Italia
425 1398 697 1470 pratorio
726 1397 1029 1468 praefectus
1057 1399 1196 1461 erat,
1230 1411 1335 1449 nec
1359 1411 1509 1449 anno
1539 1394 1928 1466 quadringen-

228 1490 431 1544 tesimo
463 1487 683 1543 decimo
711 1486 903 1554 tertio,
934 1501 1048 1555 quo
1076 1500 1287 1538 munus
1309 1483 1543 1555 aliquod
1558 1483 1640 1538 ibi
1663 1499 1795 1538 eum
1828 1484 1930 1538 ob-

229 1579 469 1634 tinuisse
517 1576 757 1630 minime
794 1573 1193 1645 comperimus.
1246 1572 1466 1627 Etenim
1495 1572 1801 1627 verisimile
1837 1572 1928 1627 vix

227 1667 499 1737 cuiquam
529 1664 809 1729 videatur,
845 1663 1034 1732 ipsum
1064 1666 1194 1732 post
1214 1662 1478 1732 adeptam
1506 1661 1759 1732 prafecti
1786 1678 1930 1733 pra-

227 1754 374 1809 torio
402 1752 738 1823 dignitatem
761 1750 1064 1823 provincia
1098 1749 1198 1804 ulli
1217 1749 1529 1820 prafuisse.
1559 1751 1632 1803 At
1662 1749 1930 1804 eumdem

229 1858 381 1897 anno
400 1839 965 1912 quadringentesimo
994 1842 1197 1910 quarto
1220 1837 1458 1909 gessisse
1485 1838 1762 1892 honorem
1782 1838 1929 1891 vica-

232 1930 305 1985 rii
332 1929 794 1987 animadvertunt
814 1928 1084 1999 (Gothofr.
1110 1927 1237 1983 Cod.
1260 1927 1460 1982 Theod.
1487 1928 1572 1980 tit.
1597 1929 1650 1993 6,
1679 1942 1736 1996 p.
1771 1929 1921 1995 354).

234 2019 391 2074 Unde
417 2032 569 2074 anno
596 2015 1163 2088 quadringentesimo
1192 2016 1392 2086 quinto
1421 2031 1541 2069 non
1565 2015 1808 2069 absurde
1839 2032 1932 2069 eo-

232 2108 365 2164 dem
412 2105 597 2161 ofticio
627 2106 688 2159 in
714 2105 901 2160 Africa
937 2106 1165 2159 functus
1210 2103 1522 2159 existimari
1548 2107 1761 2173 potest.
1806 2105 1931 2158 Non

232 2196 388 2252 enim
414 2195 714 2266 epistolam
743 2193 901 2247 illam
929 2209 1079 2248 anno
1110 2192 1677 2264 quadringentesimo
1700 2198 1929 2264 quarto,

234 2289 365 2340 ante
397 2282 631 2339 Honorii
662 2284 816 2353 leges
844 2298 1058 2354 ponere
1089 2282 1239 2336 licet.

306 2376 357 2428 3.
392 2372 813 2426 Donatistarum
844 2370 1152 2425 etfrenatus
1180 2370 1338 2424 furor
1366 2370 1520 2424 haud
1550 2368 1931 2440 Hipponensis

170 2469 175 2474 ’
233 2461 490 2533 regionis
520 2460 730 2516 finibus
776 2459 1343 2514 circumscribebatur
1382 2475 1396 2514 :
1426 2460 1550 2531 ejus
1579 2475 1809 2530 quoque
1837 2475 1932 2513 ηερ

235 2547 379 2603 faria
418 2547 658 2617 vestigia
703 2562 806 2617 per
846 2545 985 2600 alios
1013 2545 1216 2600 Africa
1245 2550 1455 2600 tractus
1485 2546 1801 2601 exstabant.
1847 2546 1931 2601 Si-

238 2636 474 2709 quidem
504 2636 655 2707 apud
689 2634 984 2706 Bagaium,
1015 2635 1176 2705 cujus
1205 2634 1382 2702 urbis,
1415 2639 1482 2689 ut
1506 2634 1672 2689 nobis
1697 2634 1933 2706 quidem

234 2725 479 2792 videtur,
504 2724 878 2781 Maximianus
897 2723 991 2778 ille
1013 2724 1083 2778 ab
1104 2723 1243 2793 ipsis
1262 2724 1405 2778 adeo
1432 2724 1581 2778 male
1602 2725 1930 2791 mulctatus,

236 2814 537 2885 episcopus
584 2817 723 2881 erat,
758 2813 914 2867 dictu
947 2812 1234 2867 horrenda
1264 2816 1668 2884 perpetrarunt
1695 2814 1926 2884 (Brevic.

235 2902 425 2960 Collat.
462 2905 514 2964 3,
546 2917 601 2955 n.
634 2903 747 2972 23).
781 2900 902 2955 Illic
929 2899 1158 2955 basilica
1185 2900 1255 2954 ab
1283 2899 1421 2971 ipsis
1441 2900 1670 2956 incensa
1697 2906 1935 2971 est,ncc-

234 3005 353 3044 non
376 2989 437 3043 in
481 2988 674 3059 ignem
721 2987 960 3059 conjecti
990 2986 1134 3041 sacri
1173 2987 1418 3051 codices,
1449 3004 1615 3060 quos,
1639 2993 1933 3059 grassante

236 3078 572 3133 Diocletiani
595 3076 1007 3147 persecutione,
1039 3076 1110 3130 ab
1133 3092 1191 3130 se
1222 3080 1471 3131 servatos
1498 3081 1796 3149 tantopere
1818 3079 1935 3149 glo-

235 3167 531 3221 ria'nantur
556 3182 569 3219 :
587 3165 762 3235 judex
785 3164 929 3235 ipse,
953 3164 1090 3218 dum
1118 3179 1317 3218 eorum
1346 3164 1463 3219 vim
1486 3170 1656 3237 atque
1688 3166 1935 3238 impetus

236 3269 598 3325 compescere
624 3252 921 3318 niteretur,
946 3252 1005 3306 in
1027 3252 1278 3323 propria
1298 3253 1495 3307 salutis
1515 3254 1820 3309 discrimen
1840 3256 1937 3310 ad-

236 3343 438 3399 ductus
482 3347 594 3409 est;
625 3341 705 3396 ita
727 3346 812 3411 ut,
852 3357 981 3396 cum
1011 3341 1106 3395 ille
1138 3345 1361 3396 coactus
1387 3347 1534 3397 esset
1570 3343 1790 3398 illatam
1818 3344 1935 3399 vim

234 3432 289 3487 vi
316 3436 485 3504 atque
502 3430 674 3487 armis
694 3431 993 3502 repellere,
1020 3430 1284 3485 nonnulli
1314 3447 1381 3486 ex
1401 3430 1470 3484 iis
1496 3430 1780 3486 interfecti
1800 3432 1930 3490 sint.

236 3523 391 3588 Quod
407 3538 538 3577 cum
556 3522 616 3576 in
628 3521 941 3577 Collatione
954 3524 1365 3592 exaggerarent
1378 3520 1589 3589 (Collat.
1611 3521 1868 3589 Carthag.
1881 3524 1932 3589 3,

236 3628 357 3683 cap.
382 3612 534 3681 258),
552 3610 893 3673 dictitantes,
916 3609 1233 3665 Catholicos
1249 3625 1476 3663 causam
1497 3608 1938 3680 prabuisse,cur

238 3702 551 3756 multorum
585 3698 1039 3754 Christianorum
1076 3697 1306 3769 sanguis
1333 3698 1671 3753 funderetur
1701 3698 1931 3765 (Brevic.

240 3790 431 3845 Collat.
457 3792 509 3855 3,
536 3805 591 3842 n.
620 3789 721 3857 13),
745 3804 916 3859 quam
928 3788 1005 3841 vis
1024 3788 1179 3858 leges
1196 3790 1384 3841 essent
1407 3786 1731 3842 istiusmodi
1752 3803 1937 3858 pana

236 3893 355 3949 pra
386 3876 629 3941 damnis,
662 3892 790 3946 qua
820 3876 926 3945 ipsi
957 3875 1175 3945 priores
1213 3875 1526 3930 intulerant
1556 3891 1569 3929 :
1600 3891 1934 3946 responsum

156 3984 159 3987 ·
239 3969 323 4021 est
348 3982 381 4019 a
412 3963 733 4033 Catholicis,
764 3980 857 4018 eos
885 3964 993 4018 hoc
1020 3980 1217 4034 passos
1241 3979 1384 4029 esse,
1418 3963 1556 4018 dum
1585 3979 1784 4019 eorum
1812 3965 1934 4018 vio-

237 4053 431 4110 lentia
459 4052 835 4122 resisteretur,
862 4068 1035 4124 quam
1065 4055 1121 4106 et
1134 4051 1313 4123 judici
1332 4051 1543 4107 inferre
1563 4052 1754 4107 conati
1774 4058 1939 4107 erant

238 4143 427 4216 (Ibid.,
444 4158 500 4198 n.
525 4142 634 4213 23).
658 4142 741 4197 Ad
767 4142 1111 4213 Bagaianam
1132 4141 1345 4196 hancce
1360 4141 1681 4196 vastitatem
1701 4145 1939 4213 possunt

237 4237 493 4304 spectare
523 4232 622 4286 illa
649 4230 953 4302 Augustini
995 4230 1167 4285 verba
1206 4247 1219 4285 :
1252 4234 1387 4287 Nam
1426 4236 1631 4299 quanta
1662 4231 1806 4285 mala
1835 4247 1938 4285 no-

237 4324 367 4378 stris
384 4323 614 4388 fecerint
631 4322 998 4388 furiosissimi
1016 4321 1198 4374 clerici
1212 4324 1261 4374 et
1289 4321 1747 4376 Circumcelliones
1762 4323 1939 4390 partis

239 4412 455 4475 Donati,
495 4412 667 4464 nostis
710 4413 760 4463 et
801 4424 912 4464 vos.
954 4410 1187 4464 Incensa
1229 4412 1356 4463 sunt
1401 4411 1647 4475 ecclesia,
1691 4411 1847 4463 missi
1882 4412 1940 4463 in

237 4502 487 4569 ﬂammas
533 4498 737 4553 codices
771 4500 969 4564 sancti,
1008 4500 1238 4552 incensae
1277 4498 1441 4551 etiam
1466 4499 1701 4567 privata
1729 4498 1937 4565 domus,

237 4588 391 4657 rapti
416 4587 652 4642 homines
699 4586 765 4641 de
792 4586 1009 4641 sedibus
1057 4588 1193 4648 suis,
1226 4590 1277 4640 et
1308 4586 1553 4641 omnibus
1582 4601 1701 4656 qua
1724 4588 1941 4642 inerant

238 4675 462 4743 ablatis,
492 4679 589 4730 aut
610 4675 863 4745 perditis,
885 4676 998 4745 ipsi
1016 4676 1157 4741 caesi,
1186 4674 1402 4740 laniati,
1426 4677 1680 4730 eacacati
1711 4690 1723 4729 :
1756 4690 1851 4729 nec
1871 4677 1939 4729 ab

241 4762 531 4819 homicidio
553 4764 733 4833 potuit
754 4764 1071 4832 temperari;
1101 4763 1351 4831 quamvis
1378 4763 1453 4816 sit
1472 4764 1662 4817 mitius
1683 4763 1808 4817 huic
1834 4764 1941 4819 luci

238 4854 572 4918 morientem,
604 4866 768 4920 quam
794 4853 958 4906 istam
985 4853 1153 4907 lucem
1194 4853 1413 4919 auferre
1438 4853 1660 4906 viventi.
1713 4854 1941 4909 Ventum

239 4946 319 4997 est
346 4940 421 4996 ad
450 4940 706 5006 homines,
753 4955 860 4994 non
895 4944 959 4994 ut
1003 4942 1200 4995 retenti
1241 4942 1427 5010 aliquo
1475 4939 1814 5009 ducerentur,
1846 4943 1942 4997 sed

239 5035 452 5086 tantum
476 5033 539 5084 ut
564 5030 674 5084 ista
694 5033 1029 5098 paterentur.
1055 5031 1159 5087 Nec
1189 5033 1365 5085 tamen
1394 5034 1607 5084 nostros
1636 5029 1756 5084 ideo
1774 5030 1943 5099 justi-

237 5122 482 5190 ﬁcamus,
506 5121 639 5187 quia
663 5119 773 5172 ista
799 5120 1041 5187 perpessi
1068 5122 1224 5185 sunt;
1251 5118 1345 5173 sed
1373 5120 1503 5188 quia
1516 5134 1620 5188 pro
1640 5120 1942 5174 christiana

238 5212 494 5276 veritate,
521 5224 623 5278 pro
653 5208 858 5264 Christi
884 5222 1035 5276 pace,
1061 5223 1164 5277 pro
1189 5209 1438 5264 Ecclesia
1465 5211 1675 5264 unitate
1698 5211 1944 5279 perpessi

246 5304 374 5354 sunt
397 5298 518 5369 (Ad
546 5300 761 5365 Donat.,
784 5299 908 5366 post
935 5296 1151 5359 Collat.,
1180 5312 1237 5351 n.
1263 5298 1375 5368 22).
1409 5297 1726 5369 Gorgonius
1762 5297 1944 5369 plebis

248 5386 647 5443 Liberaliensis
690 5384 993 5457 episcopus
1020 5383 1081 5438 in
1111 5384 1422 5442 Collatione
1453 5391 1685 5457 questus
1713 5391 1819 5455 est,
1851 5402 1946 5442 ec-

242 5474 471 5530 clesiam
493 5492 656 5532 suam
681 5475 752 5531 ab
769 5471 1056 5530 haereticis
1084 5472 1205 5527 solo
1227 5476 1510 5545 aquatum
1529 5474 1702 5530 fuisse
1724 5476 1940 5544 (Collat.

251 5563 511 5632 Carthag.
546 5568 598 5631 l,
629 5580 749 5635 cap.
786 5564 928 5635 133).
959 5561 1200 5628 Questus
1228 5566 1315 5618 est
1342 5578 1573 5635 quoque
1603 5563 1946 5621 Fortunatus

1482 297 1655 355 VITA
1695 296 1749 352 S.
1792 292 2180 352 AUGUSTINI
2221 291 2558 349 EPISCOPI.

3628 293 3729 347 356

2031 416 2317 483 Cirtensis,
2360 417 2563 472 altaria
2609 415 2805 471 omnia
2841 415 2899 471 in
2938 415 3165 471 civitate
3212 414 3282 470 ah
3328 413 3532 470 iisdem
3558 414 3732 471 fuisse

2029 507 2315 561 confracta
2357 506 2540 577 (lbid.,
2589 521 2712 576 cap.
2764 504 2915 575 139).
2961 504 3226 560 Aurelius
3264 503 3733 559 Macomadiensis

2030 596 2276 651 occisum
2318 595 2713 651 Rotariensem
2754 594 3106 667 episcOpum,
3149 592 3388 666 ejusque
3438 593 3736 649 ecclesiam

2031 685 2100 740 ab
2143 685 2281 757 ipsis
2329 701 2434 758 per
2471 685 2587 739 vim
2633 689 2968 755 occupatam
3010 699 3134 739 esse
3173 682 3491 755 deploravit
3542 682 3734 752 (Ibid,

2031 790 2150 844 cap.
2203 773 2351 845 187).
2403 775 2543 829 Cum
2588 773 2791 845 populi
2820 773 3157 829 Casariana
3194 788 3329 844 pars
3354 772 3622 844 quadam
3664 772 3740 827 ab

2031 862 2313 918 haereticis
2345 863 2658 930 defecisset,
2694 862 3027 919 Cresconius
3046 861 3128 918 ibi
3161 860 3583 917 Donatistarum
3612 860 3739 932 epi-

2033 967 2239 1023 scopus
2269 952 2664 1023 presbyterum
2702 951 3068 1019 catholicum,
3110 967 3144 1005 a
3191 966 3306 1023 quo
3346 950 3543 1006 ﬁdeles
3573 964 3737 1021 rege-

2033 1041 2262 1111 bantur,
2303 1039 2474 1095 variis
2518 1039 2812 1112 suppliciis
2862 1040 3068 1107 affecit,
3111 1055 3495 1112 quacumque
3521 1038 3613 1094 vel
3642 1038 3739 1093 ille

2032 1130 2121 1184 vel
2151 1129 2305 1184 illius
2345 1128 2578 1183 ecclesia
2602 1128 2949 1200 possidebat,
2979 1128 3236 1200 diripuit,
3266 1128 3576 1199 pecuniam
3602 1143 3743 1201 quo-

2034 1235 2146 1290 que
2178 1235 2240 1272 ac
2276 1218 2632 1273 frumentum
2678 1218 2936 1272 Ecclesia
2963 1218 3217 1286 abstulit,
3265 1222 3324 1273 et
3359 1218 3623 1288 plaustra
3651 1217 3743 1272 his

2034 1306 2487 1379 praedationibus
2508 1311 2714 1361 onusta
2733 1306 2969 1362 deduxit
2986 1306 3173 1377 (Ibid.,
3189 1321 3310 1376 cap.
3340 1306 3489 1378 188).
3514 1306 3747 1362 Puden-

2034 1396 2207 1451 tiaua
2226 1412 2413 1450 sacras
2437 1395 2856 1451 Catholicorum
2881 1395 3030 1450 ades
3051 1397 3398 1462 everterunt,
3422 1408 3746 1464 earumque

2037 1488 2376 1540 ornamenta
2411 1483 2607 1539 omnia
2639 1484 2997 1539 abstulerunt
3028 1500 3041 1538 :
3077 1488 3133 1538 et
3163 1482 3499 1538 Cresconius
3524 1482 3744 1537 ibidem

2036 1572 2269 1628 illorum
2299 1574 2617 1645 episcopus,
2650 1588 2768 1627 uno
2789 1576 2961 1644 atque
2986 1571 3186 1626 eodem
3214 1572 3335 1626 loco
3362 1574 3620 1642 quatuor
3643 1570 3746 1624 ba-

2038 1661 2222 1716 silicas
2250 1662 2444 1717 diruit.
2477 1662 2619 1716 Cum
2649 1665 2840 1716 autem
2874 1660 3154 1732 compulsi
3182 1660 3415 1714 illorum
3450 1660 3650 1713 furore
3687 1675 3750 1712 ac

2035 1751 2304 1805 violentia
2320 1750 2590 1806 Catholici
2603 1750 2938 1822 prasidium
2954 1749 3392 1820 magistratuum
3409 1748 3751 1813 frangendis

2039 1856 2240 1894 eorum
2277 1840 2572 1894 conatibus
2601 1839 3034 1911 implorassent;
3078 1838 3208 1893 inde
3239 1838 3501 1909 quadam
3547 1851 3753 1891 neces-

2040 1928 2189 1983 sario
2210 1928 2499 1999 contigere
2521 1929 2763 1983 molesta
2783 1931 2838 1983 et
2859 1927 3075 1997 odiosa,
3101 1928 3173 1982 ob
3194 1943 3323 1998 qua
3342 1926 3405 1981 in
3421 1925 3750 1981 Collatione

2040 2017 2288 2089 graviter
2334 2017 2631 2089 conquesti
2678 2021 2814 2071 sunt
2864 2015 3172 2071 Donatista
3203 2016 3387 2086 (Ibid,
3425 2030 3553 2085 cap.
3594 2014 3750 2085 20l).

2040 2108 2170 2161 Hac
2211 2106 2466 2177 profecto
2514 2105 2854 2161 eveniebant
2900 2109 3113 2176 prater
3152 2104 3508 2159 voluntatem
3556 2103 3753 2158 consi-

2039 2195 2298 2266 liumque
2338 2195 2623 2249 bonorum
2680 2210 2744 2248 ac
2797 2193 3224 2265 pracipuorum
3277 2209 3308 2247 e
3362 2190 3683 2248 Catholicis
3737 2207 3751 2245 :

2041 2285 2253 2356 quippe
2279 2284 2380 2355 qui
2406 2285 2579 2355 leges,
2612 2283 2822 2355 quibus
2843 2287 3027 2337 semet
3050 2286 3371 2351 tuerentur,
3393 2297 3511 2335 non
3534 2280 3755 2353 quibus

2040 2375 2390 2430 adversarios
2432 2378 2933 2446 persequerentur,
2965 2374 3418 2443 postulaverant.
3456 2374 3571 2431 Nos
3600 2374 3751 2429 inte-

2038 2467 2166 2535 rim,
2196 2463 2358 2518 aiunt
2412 2463 2823 2534 Hipponenses,
2860 2464 2912 2518 si
2957 2462 3176 2533 quando
3222 2466 3425 2517 vestros
3485 2465 3751 2522 tenemus,

2040 2570 2156 2610 cum
2187 2568 2387 2621 magna
2424 2552 2705 2607 dilectione
2732 2568 3008 2607 servamus
3036 2553 3229 2608 illaesos
3262 2568 3277 2606 :
3305 2553 3587 2622 loquimur
3612 2553 3753 2617 illis,

2041 2648 2092 2698 et
2121 2644 2345 2711 legimus
2371 2644 2574 2708 omnia,
2605 2642 2801 2711 quibus
2829 2656 2983 2696 error
2999 2642 3117 2711 ipse
3138 2641 3494 2706 convincitur,
3514 2642 3617 2703 qui
3634 2640 3757 2705 fra-

2042 2734 2149 2785 tres
2186 2746 2221 2785 a
2248 2731 2520 2798 fratribus
2548 2734 2788 2801 separat.
2818 2731 2899 2785 Ac
2927 2732 3005 2785 sic
3034 2731 3246 2798 aliquos
3274 2744 3485 2796 eorum,
3507 2728 3757 2783 conside-

2040 2823 2223 2873 rantes
2265 2819 2589 2873 evidentiam
2615 2820 2865 2873 veritatis
2894 2822 2945 2873 et
2968 2818 3408 2888 pulchrtudinem
3431 2819 3615 2887 pacis,
3648 2832 3756 2871 non

2041 2910 2338 2978 Baptismo,
2363 2923 2517 2977 quem
2532 2908 2650 2977 jam
2673 2910 2813 2962 sicut
2830 2908 3067 2974 regalem
3084 2908 3449 2962 characterem
3478 2910 3753 2975 tanquam

2043 2995 2333 3051 desertores
2369 3002 2703 3066 acceperant,
2733 2997 2827 3050 sed
2858 2996 2988 3065 ﬁdei
3025 3011 3145 3066 qua
3172 2997 3282 3051 illis
3311 2995 3511 3064 defuit,
3541 3001 3596 3051 et
3623 2996 3757 3066 Spi-

2041 3086 2182 3139 ritus
2211 3087 2388 3139 sancti
2414 3086 2675 3140 charitati
2699 3088 2750 3139 et
2774 3086 2980 3142 Christi
3000 3086 3214 3155 corpori
3238 3086 3528 3140 sociemus.
3558 3086 3624 3141 Si
3653 3100 3757 3139 au-

2048 3178 2147 3229 tem
2186 3175 2270 3229 vel
2315 3176 2488 3228 nimia
2534 3174 2765 3239 duritia,
2797 3174 2881 3228 vel
2904 3173 3132 3244 pudore,
3164 3189 3270 3229 non
3296 3175 3533 3241 ferentes
3568 3188 3758 3227 eorum

2044 3263 2465 3329 insultationem,
2506 3278 2625 3317 cum
2663 3264 2857 3331 quibus
2895 3268 3083 3317 contra
3123 3277 3220 3317 nos
3257 3268 3369 3317 tam
3397 3264 3576 3317 multa
3602 3264 3759 3328 falsa

2038 3351 2414 3421 jactabant,et
2435 3355 2546 3405 tam
2568 3353 2743 3406 multa
2768 3353 2917 3406 mala
2931 3351 3331 3420 eacogitabant,
3364 3352 3447 3405 vel
3473 3353 3663 3419 magis
3689 3352 3761 3405 ti-

2043 3455 2206 3507 more,
2228 3456 2293 3494 ne
2311 3441 2501 3509 qualia
2519 3440 2673 3495 nobis
2696 3444 2857 3495 antea
2874 3441 3311 3509 faciebant,talia
3337 3440 3617 3495 nobiscum
3629 3442 3761 3510 jam

2041 3530 2349 3599 patiantur,
2382 3532 2589 3584 unitati
2615 3530 2827 3586 Christi
2849 3533 3146 3585 consentire
3170 3531 3474 3595 noluerint;
3501 3531 3655 3584 sicut
3688 3530 3759 3583 il-

2046 3620 2159 3672 laesi
2197 3620 2393 3673 retenti
2433 3622 2579 3682 sunt,
2623 3621 2702 3673 sic
2748 3635 2784 3673 a
2835 3619 2989 3673 nobis
3017 3618 3373 3674 dimittuntur
3397 3619 3583 3673 illasi.
3616 3620 3758 3685 Hoc,

2045 3710 2308 3775 quantum
2348 3722 2650 3777 possumus,
2699 3722 2971 3762 monemus
3009 3710 3174 3762 etiam
3226 3708 3391 3763 laicos
3418 3710 3666 3773 nostros,
3700 3712 3759 3761 ut

2046 3811 2130 3849 eos
2156 3797 2349 3851 illaesos
2379 3801 2609 3864 teneant,
2642 3800 2692 3851 et
2718 3797 2872 3852 nobis
2900 3796 3269 3867 corripiendos
3294 3796 3763 3865 instruendosque

2044 3883 2369 3953 perducant.
2395 3884 2500 3939 Sed
2528 3885 2705 3953 aliqui
2725 3899 2822 3939 nos
2841 3884 3096 3952 audiunt,
3124 3889 3175 3939 et
3196 3886 3248 3939 si
3259 3888 3488 3954 possunt
3509 3885 3756 3950 faciunt.

2047 3974 2166 4028 Alii
2196 3989 2314 4027 cum
2342 3974 2454 4027 illis
2474 3974 2923 4041 quemadmodum
2948 3990 3069 4029 cum
3091 3974 3392 4029 latronibus
3418 3976 3764 4041 agunt,un

2046 4077 2130 4117 eos
2161 4077 2346 4116 revera
2362 4063 2494 4117 tales
2508 4064 2818 4132 patiuntur.
2838 4064 3034 4133 Aliqui
3053 4065 3194 4118 ictus
3215 4077 3396 4117 eorum
3425 4062 3543 4116 suis
3564 4076 3764 4131 corpo-

2045 4150 2197 4204 ribus
2225 4152 2561 4206 imminentes
2588 4152 2833 4219 feriendo
2870 4153 3159 4222 repellunt,
3188 4166 3256 4205 ne
3296 4151 3365 4204 ab
3389 4151 3465 4204 eis
3494 4153 3630 4204 ante
3667 4151 3763 4216 fe-

2046 4241 2264 4293 riantur
2291 4255 2304 4294 :
2331 4241 2508 4310 aliqui
2529 4242 2888 4311 apprehensos
2902 4240 3183 4310 judicibus
3205 4239 3458 4309 oﬁ‘erunt,
3479 4253 3579 4293 nec
3597 4238 3762 4293 nobis

2048 4327 2496 4383 intercedentibus
2534 4331 2610 4383 eis
2652 4333 2911 4399 parcunt,
2952 4328 3083 4383 dum
3111 4330 3180 4382 ab
3209 4329 3287 4381 eis
3318 4327 3445 4396 pati
3471 4327 3629 4381 mala
3658 4329 3763 4380 im-

2046 4419 2232 4470 mania
2254 4419 2652 4486 pertimescunt.
2678 4421 2738 4472 In
2759 4418 2957 4486 quibus
2978 4419 3224 4472 omnibus
3243 4416 3331 4471 illi
3343 4431 3451 4470 non
3469 4413 3766 4485 deponunt

2045 4506 2199 4572 facta
2254 4506 2543 4572 latronum,
2595 4511 2647 4561 et
2702 4498 2951 4563 honorem
2999 4507 3109 4562 sibi
3161 4508 3390 4574 exigunt
3438 4508 3765 4574 martyrum

2048 4593 2246 4665 (Epist.
2277 4596 2365 4662 88,
2395 4610 2451 4649 n.
2479 4594 2564 4666 9).

2116 4683 2170 4735 4.
2206 4680 2487 4736 Caeterum
2521 4684 2669 4737 Deus
2698 4682 2871 4738 etiam
2902 4687 3028 4738 tum
3047 4682 3118 4738 iis
3138 4682 3380 4752 damnis,
3414 4699 3550 4755 qua
3574 4685 3769 4740 Dona‘

2047 4768 2308 4824 tistarum
2335 4770 2495 4825 furor
2523 4771 2825 4827 Catholicis
2853 4772 3171 4844 inﬂigebat,
3202 4788 3398 4827 vocem
3428 4773 3594 4828 illam
3624 4776 3768 4845 plu-

2050 4857 2206 4913 ribus
2234 4862 2365 4914 ante
2397 4860 2560 4915 annis
2587 4861 3016 4932 pronuntiatam
3062 4862 3477 4934 comprobavit,
3519 4862 3769 4934 sangui-

2050 4963 2181 5002 nem
2224 4948 2489 5003 videlicet
2534 4954 2852 5022 martyrum
2891 4966 3088 5005 semen
3117 4967 3240 5007 esse
3271 4950 3763 5007 Christianorum.

2050 5031 2210 5096 Quod
2245 5036 2302 5087 et
2328 5034 2684 5105 Augustinus
2712 5038 2953 5091 testatur
2996 5035 3085 5090 his
3124 5035 3314 5091 verbis
3346 5051 3361 5090 :
3404 5037 3515 5093 Nos
3555 5037 3771 5107 hujus-

2049 5120 2197 5175 modi
2233 5124 2469 5190 afflictos
2516 5125 2675 5179 malis
2721 5139 3042 5195 consequens
3071 5126 3375 5181 consolatus
3402 5129 3482 5180 est
3510 5128 3766 5194 fructus.

2047 5211 2191 5266 Nam
2218 5211 2539 5282 ubicumque
2579 5229 2614 5267 a
2646 5212 2876 5283 perditis
2904 5216 3012 5268 ista
3039 5216 3324 5269 commissa
3351 5218 3501 5284 sunt,
3531 5216 3616 5270 ibi
3642 5217 3769 5283 fer-

2049 5302 2259 5355 ventius
2295 5305 2457 5370 atque
2504 5303 2797 5371 perfectius
2842 5304 3028 5379 unitas
3068 5304 3377 5358 christiana
3402 5305 3676 5373 profecit;
3712 5308 3771 5359 et

2050 5388 2268 5444 uberius
2312 5390 2574 5445 laudatur
2600 5392 2881 5460 Dominus,
2915 5393 3014 5462 qui
3038 5391 3242 5448 donare
3268 5393 3536 5461 dignatus
3564 5398 3665 5457 est,
3698 5399 3773 5448 ut

2051 5479 2195 5533 servi
2225 5478 2342 5548 ejus
2380 5481 2729 5549 passionibus
2773 5484 2887 5536 suis
2925 5482 3267 5537 lucrarentur
3292 5483 3500 5549 fratres
3529 5497 3674 5547 suos,
3710 5487 3773 5538 et

2050 5581 2169 5623 oves
2216 5568 2334 5636 ejus
2373 5570 2654 5636 mortifero
2694 5585 2874 5625 errore
2917 5569 3195 5641 dispersas
3235 5572 3295 5625 in
3341 5585 3535 5641 pacem
3562 5571 3774 5626 salutis
