3912 6174
112 325 208 373 357
1582 326 1790 383 LIBER

110 450 321 499 aeternae
353 459 452 499 suo
493 448 763 512 sanguine
792 450 1178 514 congregarent
1206 447 1410 519 (Epist.
1458 451 1577 516 185,
1610 466 1667 505 n.
1702 452 1816 521 31).

113 534 173 587 Id
204 540 356 588 certe
390 536 717 604 praesertim
739 536 1035 589 laboribus
1065 537 1643 605 Augustini,membri
1673 540 1823 593 inter

122 626 222 677 alia
250 627 473 691 omnia,
510 626 723 697 quibus
756 626 1059 697 mysticum
1104 628 1328 681 Domini
1359 645 1565 699 corpus
1598 634 1820 684 consta-

124 716 225 777 bat,
256 716 545 785 praecipui
570 716 821 786 contigit.
864 718 910 769 Is
938 716 1220 770 indefessa
1250 733 1385 771 cura
1415 719 1821 788 promovendis

125 803 370 857 Ecclesia:
422 804 592 857 rebus
632 804 986 874 invigilabat,
1038 821 1279 875 eamque
1327 805 1585 859 laetitiam
1630 806 1822 859 divina

119 891 467 960 benignitate
516 893 755 963 adeptus
794 898 893 958 est,
928 896 991 946 ut
1022 898 1304 963 superstes
1334 896 1517 949 adhuc
1548 895 1821 949 sudorum

116 996 345 1034 suorum
398 981 619 1034 fructus
662 981 1003 1051 perciperet,
1046 998 1108 1035 ac
1142 998 1340 1053 pacem
1382 987 1550 1053 atque
1581 999 1819 1036 concor-

107 1070 257 1124 diam
309 1070 569 1140 primum
623 1070 903 1141 Hippone,
948 1070 1109 1141 cujus
1148 1071 1305 1124 urbis
1337 1088 1399 1125 ac
1429 1072 1736 1127 diceceseos
1768 1072 1820 1127 ei

104 1158 403 1230 principue
425 1159 766 1213 demandata
795 1164 917 1213 erat
946 1176 1101 1225 cura,
1134 1160 1502 1215 constitutam
1531 1167 1815 1225 cerneret;

106 1248 317 1302 deinde
345 1264 454 1318 per
484 1253 661 1302 totam
682 1248 949 1315 Africam,
976 1247 1075 1302 ubi
1106 1265 1234 1303 cum
1268 1266 1369 1321 per
1398 1265 1454 1303 se
1482 1249 1820 1320 ipsum,tum

107 1353 208 1407 per
236 1337 563 1407 episcopos,
606 1354 749 1408 quos
798 1353 860 1391 ex
908 1354 1010 1391 sua
1040 1337 1402 1392 institutione
1431 1355 1494 1391 ac
1522 1338 1821 1409 disciplina

108 1427 158 1479 ei
212 1427 479 1484 dederat.
522 1426 780 1480 Ecclesia:
834 1442 1109 1496 magnum
1154 1425 1575 1481 incrementum
1636 1428 1822 1482 attulit

111 1513 370 1583 (Possid.,
396 1516 456 1567 in
484 1516 611 1569 Vita
632 1514 892 1582 August,
911 1530 957 1568 c.
989 1515 1093 1584 I8).
1124 1516 1239 1568 Hoc
1259 1519 1452 1569 tamen
1474 1532 1616 1586 opus
1637 1516 1696 1569 in
1720 1533 1822 1570 sua

109 1602 340 1657 diaacesi
392 1618 513 1657 non
560 1601 671 1656 nisi
714 1602 910 1657 multis
951 1607 1084 1674 post
1125 1604 1290 1657 annis
1330 1604 1616 1659 absolvit:
1649 1622 1711 1658 ac
1751 1606 1819 1660 de

108 1691 387 1763 praesenti
434 1690 492 1745 id
539 1692 936 1746 tantummodo
978 1708 1318 1762 cognoscere
1371 1698 1474 1759 est,
1528 1694 1819 1749 basilicam

109 1798 233 1852 quze
264 1780 388 1835 illic
424 1780 849 1835 Donatistarum
878 1780 1081 1847 fuerat,
1114 1780 1224 1834 illis
1242 1784 1378 1835 tunc
1405 1785 1503 1835 aut
1522 1786 1649 1852 post
1676 1799 1818 1853 pau-

108 1872 226 1924 lum
259 1872 525 1940 ereptam
574 1884 695 1922 esse
742 1868 999 1936 (Retract.
1046 1870 1180 1924 libro
1210 1874 1263 1938 2,
1297 1886 1417 1939 cap.
1458 1875 1569 1938 27).
1605 1871 1821 1926 Cirten-

106 1959 183 2013 sis
214 1958 493 2027 Ecclesia,
526 1962 643 2011 tam
677 1957 867 2011 dirum
899 1958 957 2012 in
980 1958 1215 2012 modum
1246 1959 1316 2013 ab
1344 1959 1628 2013 haereticis
1659 1976 1820 2014 vexa-

103 2054 183 2117 ta,
211 2048 439 2119 pariter
469 2051 813 2117 argumento
852 2047 958 2101 fuit
986 2046 1301 2117 plurimum
1329 2048 1479 2118 apud
1511 2050 1691 2103 Deum
1722 2066 1816 2102 va-

101 2137 277 2191 luisse
318 2152 623 2189 servorum
663 2152 896 2189 suorum
926 2152 1140 2206 posnas,
1176 2153 1419 2207 quarum
1451 2138 1601 2192 haud
1646 2138 1818 2192 dubie

104 2226 321 2279 intuitu
368 2241 436 2278 ac
476 2225 683 2279 merito
718 2225 1035 2279 Donatistas
1065 2226 1219 2279 illius
1251 2226 1357 2280 loci
1383 2227 1454 2281 ad
1484 2226 1819 2281 catholicam

101 2316 390 2370 unitatem
437 2315 671 2368 demum
712 2314 936 2369 reduxit
979 2317 1173 2384 (Epist.
1220 2315 1363 2386 144).
1412 2317 1481 2370 At
1520 2315 1662 2370 illud
1689 2321 1817 2371 ante
1867 2331 1872 2336 '

103 2421 317 2460 annum
387 2403 1026 2475 quadringentesimum
1075 2404 1477 2459 duodecimum
1517 2406 1819 2475 contigisse

107 2512 221 2549 non
250 2495 508 2548 videtur.
540 2494 619 2547 Ex
644 2493 953 2548 Collatione
983 2510 1215 2566 quoque
1245 2493 1534 2562 discimus,
1583 2495 1818 2550 Liberti-

106 2600 191 2638 nee
236 2582 640 2637 schismaticos
691 2598 909 2649 omnes,
951 2583 1181 2637 nemine
1224 2588 1476 2653 excepto,
1524 2583 1595 2637 ad
1636 2585 1818 2638 Eccle-

107 2674 247 2726 siam
284 2672 536 2726 rediisse
566 2672 779 2741 (Collat.
814 2672 1071 2740 Carthag.
1111 2676 1161 2741 1,
1193 2688 1312 2741 cap.
1346 2672 1488 2742 116).
1521 2672 1679 2726 Idem
1703 2672 1820 2726 fue-

108 2768 246 2815 rata
276 2762 458 2833 plebe
495 2760 825 2814 Bazaritana
855 2760 1093 2827 factum;
1137 2760 1216 2814 ita
1262 2765 1321 2815 ut
1368 2760 1677 2831 Calipotius
1721 2778 1817 2815 eo-

104 2867 228 2905 rum
264 2851 580 2921 episcopus
611 2865 741 2904 cum
772 2866 965 2904 omnes
996 2866 1027 2903 a
1057 2866 1115 2903 se
1150 2849 1415 2903 defecisse
1442 2850 1815 2920 conspiceret,

106 2940 215 2993 alio
248 2939 647 3009 commigrare
678 2938 847 2992 fuerit
876 2943 1100 2993 coactus
1135 2939 1317 3007 (Ibid.,
1348 2954 1466 3007 cap.
1501 2940 1638 3001 l29).

169 3033 221 3083 5.
260 3030 393 3083 Non
417 3027 531 3081 alia
560 3044 695 3081 sane
716 3028 783 3081 de
812 3044 978 3081 causa
1006 3043 1159 3081 mare
1181 3027 1819 3097 trajecerunt,etcoram

103 3119 378 3189 prmfecto
409 3116 669 3187 praetorii
706 3116 975 3170 sisterunt
992 3132 1110 3170 sese
1132 3115 1395 3169 nonnulli
1417 3131 1485 3169 ex
1510 3114 1821 3168 Donatista-

100 3224 233 3261 rum
250 3206 750 3277 episcopis,quam
764 3210 827 3259 ut
848 3206 1037 3275 legum
1055 3206 1298 3259 latarum
1317 3204 1373 3258 in
1394 3203 1547 3273 ipsos
1568 3202 1820 3272 mitigari

100 3296 474 3350 severitatem
515 3298 787 3365 rogarent
819 3294 1018 3363 (Epist.
1050 3297 1137 3359 88,
1170 3310 1223 3348 η.
1258 3295 1365 3363 10).
1400 3295 1613 3346 [lorum
1643 3308 1672 3345 e
1713 3308 1819 3345 nu-

98 3402 263 3439 mero
298 3384 680 3439 Maximinum
712 3382 1054 3437 Sinitensem
1094 3382 1265 3435 fuisse
1295 3381 1620 3451 opinamur.
1653 3383 1820 3434 Ante-

101 3491 279 3546 quam
315 3478 513 3527 autem
544 3472 593 3525 is
621 3488 686 3526 ex
713 3470 1094 3525 transmarina
1126 3471 1587 3542 peregrinatione
1614 3470 1818 3524 rediis-

101 3569 207 3629 set,
243 3561 607 3632 Augustinus
626 3561 1023 3631 presbyterum
1053 3559 1301 3615 Siuitum
1326 3550 1501 3627 misit,
1536 3563 1596 3613 ut
1617 3559 1823 3613 Catho-

101 3652 356 3706 licorum
398 3651 522 3721 ejus
571 3649 680 3703 loci
722 3665 915 3703 curam
964 3653 1208 3719 gereret,
1265 3652 1435 3719 atque
1480 3647 1595 3701 illic
1633 3646 1694 3700 in
1733 3646 1820 3700 sui

97 3741 255 3811 juris
286 3742 462 3795 domo
484 3740 704 3810 positus
727 3738 937 3809 injuria
961 3738 1177 3792 nemini
1197 3738 1351 3791 illata
1372 3738 1703 3791 catholicam
1727 3754 1821 3808 pa-

104 3846 236 3884 cem
266 3829 643 3884 annuntiaret
671 3828 762 3895 iis,
785 3844 926 3899 quos
949 3844 1073 3882 eam
1106 3828 1301 3881 audire
1330 3828 1637 3881 delectaret
1666 3843 1679 3880 :
1721 3843 1816 3879 ve-

108 3936 243 3973 rum
294 3918 556 3974 haeretici
600 3918 999 3988 presbyterum
1046 3916 1351 3970 crudeliter
1397 3918 1657 3970 habitum
1688 3916 1820 3969 hinc

105 4008 353 4061 tandem
402 4008 698 4079 ejecerunt
747 4006 948 4075 (Epist.
1005 4008 1125 4071 1οὅ,
1158 4021 1213 4059 n.
1246 4004 1318 4074 4).
1355 4004 1611 4076 Episcopi
1644 4005 1824 4058 Dona-

104 4098 282 4165 tistas,
313 4096 415 4167 qui
447 4096 517 4149 ad
547 4095 894 4151 Comitatum
924 4098 1221 4164 venerant,
1244 4093 1309 4147 ad
1335 4093 1581 4147 tribunal
1614 4097 1820 4163 practo-

106 4186 183 4239 ris
214 4186 512 4252 adierunt,
544 4190 721 4255 utque
753 4183 1107 4249 audirentur,
1132 4186 1186 4236 et
1207 4182 1440 4253 quidem
1460 4182 1518 4235 in
1540 4180 1822 4252 colloquio

104 4291 239 4329 cum
286 4273 591 4328 Valentino
637 4272 916 4327 catholico
961 4271 1228 4342 episcopo
1274 4269 1353 4323 ibi
1401 4273 1534 4323 tunc
1574 4273 1819 4339 reperto,

105 4378 468 4434 magnopere
512 4362 866 4432 flagitarunt,
901 4377 958 4414 se
988 4377 1104 4414 non
1144 4359 1315 4413 aliam
1349 4358 1421 4412 ob
1451 4373 1575 4411 rem
1604 4357 1822 4411 venisse

105 4454 469 4506 afﬁrmantes
502 4451 713 4521 (Collat.
761 4451 1018 4517 Carthag.
1071 4451 1124 4517 3,
1170 4464 1291 4518 cap.
1347 4448 1487 4515 124).
1539 4447 1703 4501 Gesta
1753 4446 1822 4500 de

106 4542 217 4595 hoc
264 4539 508 4610 negotio
559 4539 813 4594 confecta
857 4544 989 4593 sunt
1031 4539 1318 4592 Ravennae
1349 4535 1519 4589 tertio
1550 4532 1823 4589 kalendas

108 4629 435 4683 februarias
484 4645 632 4683 anno
682 4625 1248 4699 quadringentesimo
1289 4630 1446 4680 sexto
1482 4624 1665 4695 (Ibid.,
1698 4639 1819 4693 cap.

114 4718 259 4789 141).
310 4719 525 4772 Eorum
577 4717 899 4787 exemplum
945 4733 1009 4769 ex
1048 4714 1291 4769 archivis
1330 4712 1823 4768 transcribendum

107 4812 390 4861 curarunt
421 4806 717 4873 Catholici,
763 4805 915 4876 quod
947 4804 1005 4858 in
1037 4802 1466 4873 Carthaginensi
1496 4800 1819 4866 collatione,

107 4900 169 4948 ut
194 4896 349 4949 hanc
380 4895 675 4965 utrimque
706 4894 939 4965 petitam
971 4893 1143 4948 fuisse
1173 4892 1557 4955 ostenderent,
1591 4888 1823 4944 recitari

110 4985 504 5054 postularunt.
565 4984 921 5055 Quapropter
977 4982 1110 5036 huic
1158 4980 1404 5051 tempori
1452 4978 1821 5034 adscribenda

106 5079 239 5127 sunt
268 5074 375 5127 illa
404 5071 713 5142 Augustini
740 5072 889 5143 apud
912 5071 1286 5127 Collationem
1314 5069 1487 5123 verba
1520 5084 1533 5123 :
1567 5069 1697 5125 Cum
1726 5083 1824 5121 nu-

100 5178 201 5232 per
229 5166 291 5217 in
325 5165 654 5219 Cnmitatum
697 5164 965 5216 venissent
995 5160 1220 5230 quidam
1258 5160 1496 5227 illorum,
1526 5157 1676 5227 apud
1701 5162 1823 5212 acta

104 5254 272 5306 etiam
304 5254 657 5321 prae/cetaria
687 5250 965 5316 dixerunt,
989 5249 1179 5303 audiri
1206 5263 1261 5302 se
1284 5248 1435 5315 velle,
1467 5247 1667 5301 discuti
1693 5247 1824 5300 υριιθ

102 5342 300 5409 (Ibi/1.,
342 5356 464 5410 cap.
504 5340 650 5411 110).
679 5340 833 5393 Tunc
864 5339 1041 5409 igitur
1064 5337 1352 5391 instabant
1379 5335 1483 5401 illi,
1514 5341 1579 5389 ut
1618 5335 1821 5388 Valen-

102 5429 263 5484 tinus
292 5428 610 5484 catbolicus
644 5428 898 5494 antistes,
932 5426 1032 5497 qui
1063 5431 1187 5480 tum
1218 5424 1370 5495 apud
1409 5424 1822 5494 Imperatorem

102 5518 328 5587 aderat,
370 5534 568 5573 secum
601 5517 944 5588 disceptaret
983 5515 1180 5586 (Epist.
1213 5516 1303 5581 88,
1356 5529 1410 5567 η.
1458 5513 1567 5581 10).
1600 5512 1673 5565 At
1702 5510 1823 5581 epi-

102 5624 315 5678 scopus
343 5606 443 5663 ille
476 5623 597 5662 non
628 5623 696 5662 eo
725 5604 962 5661 consilio
983 5605 1095 5660 huc
1115 5605 1361 5669 venerat,
1386 5604 1447 5656 ut
1466 5616 1594 5656 cum
1616 5599 1684 5654 iis
1704 5615 1822 5654 ser-

1849 328 2145 386 SEXTUS.
3531 340 3631 391 358

1929 469 2163 508 monem
2193 454 2496 520 conferret,
2522 467 2708 522 neque
2737 467 2769 505 a
2794 452 3141 522 coepiscopis
3172 453 3287 507 suis
3318 455 3499 511 ullum
3528 458 3629 513 har

1932 543 2001 596 de
2031 560 2091 597 re
2117 544 2452 598 mandatum
2482 544 2777 612 acceperat
2808 558 2820 594 :
2854 541 3088 611 ipseque
3130 542 3271 595 adeo
3309 545 3630 614 praefectus,

1931 646 2045 701 quo
2070 632 2260 702 judice
2290 632 2410 685 haec
2441 632 2773 703 agebantur,
2799 630 2955 684 nulla
2981 630 3317 685 auctoritate
3349 633 3419 687 ad
3450 636 3629 689 collo-

1933 720 2134 790 quium
2164 721 2303 776 illud
2330 721 2755 775 concedendum
2787 720 3067 791 pollebat;
3094 720 3281 791 eique,
3316 726 3378 776 ut
3402 740 3468 777 ex
3496 724 3634 794 legi-

1931 808 2037 862 bus
2083 810 2349 864 adversus
2400 810 2721 864 Donatistas
2761 809 2886 863 latis
2935 810 3357 879 pronuntiaret,
3403 829 3629 865 necesse

1932 900 2069 951 erat.
2126 900 2347 951 Interea
2391 915 2652 952 assensus
2694 898 2789 951 ille
2820 897 3097 951 habendae
3127 899 3414 953 collationi
3454 900 3532 954 sic
3564 902 3630 953 al)

1931 984 2069 1055 ipsis
2099 986 2389 1058 prmbitus,
2442 987 2498 1040 iu
2534 1003 2654 1040 rem
2688 985 3109 1041 Catholicorum
3155 988 3349 1054 cessit;
3381 988 3481 1058 qui
3524 989 3629 1042 hoo

1930 1074 2096 1128 titulo
2125 1076 2193 1129 ad
2226 1075 2381 1129 illam
2412 1075 2482 1129 ab
2516 1077 2860 1146 Imperatore
2890 1075 3283 1144 obtinendam,
3317 1077 3449 1131 licet
3486 1094 3628 1132 non-

1932 1162 2041 1217 nisi
2073 1168 2319 1235 quatuor
2347 1164 2553 1218 abhinc
2584 1164 2763 1222 annis,
2796 1168 3119 1234 opportune
3153 1164 3238 1217 usi
3262 1169 3394 1218 sunt
3415 1166 3626 1235 (Collat.

1931 1252 2186 1319 Carthag.
2239 1256 2287 1313 3,
2340 1268 2459 1321 cap.
2515 1255 2631 1320 110,
2682 1257 2732 1305 et
2761 1254 2965 1306 Brevia.
3014 1254 3226 1319 Collat.,
3259 1269 3416 1323 capp.
3450 1256 3502 1321 4,
3556 1255 3624 1323 5).

1934 1338 2075 1391 Nam
2099 1342 2154 1392 et
2178 1339 2530 1393 Marcellinus
2560 1339 2619 1392 in
2649 1340 2851 1401 edicto,
2878 1340 3031 1409 quod
3058 1339 3292 1394 ineunte
3317 1357 3467 1395 anno
3489 1358 3627 1412 qua-

1930 1425 2378 1496 dringentesimo
2407 1426 2709 1481 undecimo
2743 1427 3117 1481 convocanda:
3151 1428 3475 1482 Collationis
3496 1445 3629 1483 cau—

1931 1531 1991 1568 sa
2048 1515 2455 1585 promulgavit,
2506 1516 2823 1570 Donatistas
2872 1531 2997 1568 eam
3055 1520 3186 1569 ante
3230 1516 3627 1571 brevissimum

1930 1607 2157 1674 tempus
2185 1606 2338 1675 apud
2367 1604 2772 1659 Prmfectorum
2802 1604 3055 1659 tribunal
3086 1605 3316 1675 petiisse
3344 1609 3584 1660 testatur
3614 1624 3625 1661 :

1932 1696 1987 1747 et
2015 1697 2209 1748 narrat
2232 1694 2603 1765 Augustinus,
2639 1694 2767 1748 illos
2799 1711 2983 1749 causa:
3012 1694 3261 1765 proprim
3293 1696 3442 1765 apud
3473 1698 3627 1765 gesta

1930 1782 2286 1852 praefectoria
2324 1783 2660 1837 inconsultis
2700 1799 2763 1837 ac
2801 1783 3117 1837 temerariis
3157 1783 3503 1854 quibusdam
3536 1800 3625 1838 re-

1932 1871 2152 1941 sponsis
2179 1872 2460 1937 nocuisse,
2493 1887 2734 1941 eamque
2761 1872 2833 1924 ob
2866 1888 2984 1925 rem
3018 1888 3245 1925 summa
3273 1888 3429 1938 cura,
3463 1889 3535 1927 ne
3568 1872 3628 1926 in

1931 1958 2244 2013 Collatione
2286 1958 2675 2021 recitarentur,
2717 1959 2929 2013 cavisse
2972 1958 3195 2029 (Brevia.
3245 1962 3434 2016 Collat.
3472 1964 3525 2029 3,
3569 1976 3625 2015 η.

1931 2047 2001 2117 5).
2036 2048 2099 2100 In
2142 2047 2344 2102 iisdem
2371 2048 2543 2119 gestis
2589 2048 3012 2103 Donatistarum
3062 2049 3424 2116 vocabulum,
3472 2051 3627 2120 quod

1929 2136 2013 2190 illi
2052 2142 2248 2207 postea
2285 2138 2678 2209 repudiarunt,
2724 2138 2952 2193 sibimet
2998 2138 3371 2210 imponebant
3419 2140 3625 2210 (Collat.

1930 2227 2190 2293 Carthag.
2221 2230 2272 2293 3,
2301 2243 2419 2297 cap.
2456 2229 2560 2296 31).

2002 2318 2052 2370 6.
2100 2318 2274 2369 Porro
2322 2316 2659 2370 Maximinus
2702 2314 2995 2371 Sinitensis
3039 2319 3172 2386 post
3220 2316 3325 2369 hoc
3366 2314 3477 2370 iter
3503 2316 3627 2371 uni-

1930 2407 2106 2459 tatem
2140 2405 2472 2459 catholicam
2506 2407 2799 2476 amplexus
2830 2409 2929 2469 est,
2975 2405 3129 2475 quod
3162 2421 3336 2476 supra
3364 2406 3627 2460 observa-

1929 2494 2113 2547 vimus
2145 2495 2282 2563 (Lib.
2318 2497 2369 2559 3,
2413 2509 2532 2563 cap.
2569 2498 2620 2554 9,
2661 2510 2717 2549 π.
2753 2494 2831 2563 6).
2866 2494 2997 2546 Post
3036 2492 3193 2546 illam
3242 2509 3469 2564 quoque
3517 2495 3629 2548 Do-

1931 2582 2264 2637 natistarum
2297 2583 2641 2654 legationem
2673 2584 2885 2636 factum
2917 2585 3021 2650 est,
3044 2585 3107 2636 ut
3135 2582 3203 2635 de
3236 2583 3630 2637 vexationibus

1930 2671 2468 2725 Circumcellionum
2509 2676 2888 2741 quererentur
2926 2671 3078 2741 apud
3121 2672 3441 2726 Donatistas
3479 2672 3631 2743 ipsos

1929 2759 2118 2813 clerici
2149 2760 2557 2829 Hipponenses,
2592 2759 2827 2829 epistola
2864 2759 3011 2812 hanc
3055 2758 3113 2811 in
3153 2776 3276 2813 rem
3309 2760 3379 2813 ad
3426 2762 3629 2815 Janua-

1928 2847 2081 2901 rium
2108 2847 2339 2901 illorum
2370 2847 2428 2900 in
2462 2845 2726 2900 Numidia
2764 2846 3066 2917 primatem
3099 2846 3230 2899 data
3261 2849 3455 2915 (Epist.
3490 2848 3578 2917 88)
3614 2864 3625 2900 :

1929 2937 2089 3007 cujus
2118 2941 2407 2990 auctorem
2435 2936 2813 3004 Augustinum
2844 2935 3006 2988 stilus
3036 2934 3269 2989 indicat.
3304 2937 3366 2989 In
3389 2936 3492 2989 hac
3517 2936 3631 3007 pri-

1930 3040 2025 3079 mo
2057 3024 2379 3078 ostenditur
2417 3041 2481 3078 ex
2515 3023 2751 3077 historia
2794 3021 3077 3076 Caeciliani
3122 3021 3179 3075 in
3219 3023 3626 3093 compendium

1930 3114 2175 3179 redacta,
2214 3112 2659 3167 controversiam
2688 3111 2845 3165 illam
2878 3111 2944 3164 ad
2987 3110 3360 3181 imperatores
3407 3110 3567 3181 prius
3600 3128 3631 3164 a

1932 3200 2263 3267 Donatistis,
2297 3217 2467 3272 quam
2501 3217 2534 3254 a
2573 3199 2876 3254 Catholicis
2904 3199 3181 3267 delatam;
3212 3204 3382 3270 atque
3420 3199 3631 3253 idcirco

1930 3289 2074 3343 nihil
2105 3306 2227 3343 esse
2258 3305 2359 3343 cur
2384 3289 2585 3343 iisdem
2616 3288 2939 3354 Catholicis,
2983 3288 3137 3360 quod
3186 3287 3418 3342 Honorii
3463 3303 3632 3358 opem

1930 3378 2315 3447 implorarint,
2356 3377 2490 3431 vitio
2520 3380 2743 3431 vertant
2777 3392 2791 3430 :
2834 3378 3104 3441 secundo,
3136 3376 3386 3430 ferendis
3427 3376 3626 3429 adver-

1931 3482 2025 3520 sus
2055 3483 2150 3520 eos
2196 3466 2417 3535 legibus
2465 3481 2692 3519 causam
2732 3464 3042 3535 praebuisse
3090 3463 3629 3517 Circumcellionum

1930 3553 2317 3607 immanitates
2350 3569 2362 3605 :
2400 3552 2586 3613 tertio,
2632 3553 2735 3605 has
2767 3551 2990 3605 easdem
3025 3551 3179 3619 leges
3216 3549 3630 3619 impedimento

1931 3658 2047 3695 non
2075 3658 2214 3708 esse,
2249 3640 2558 3709 quominus
2592 3639 2896 3693 Donatistae
2927 3636 3361 3709 perhumaniter
3388 3637 3633 3692 habean-

1931 3735 2025 3784 tur
2054 3748 2086 3785 a
2115 3729 2440 3793 Catholicis,
2474 3745 2604 3782 cum
2634 3728 2737 3781 hos
2787 3731 2985 3780 contra
3033 3725 3117 3779 illi
3147 3724 3494 3795 quibuslibet
3533 3726 3630 3779 da-

1934 3818 2081 3872 mnis
2112 3817 2382 3883 afticiant,
2411 3818 2624 3870 malum
2648 3833 2753 3885 pro
2778 3816 2929 3869 bono
2961 3814 3356 3885 rependentes.
3386 3814 3464 3867 Ibi
3497 3830 3636 3884 quo-

1932 3923 2043 3978 que
2087 3906 2252 3960 calcis
2302 3909 2473 3976 atque
2518 3906 2679 3971 aceti,
2727 3908 3182 3974 cmterarumque
3228 3902 3634 3957 crudelitatem

1932 3995 2149 4049 mentio
2176 3995 2258 4049 ﬁt.
2305 3994 2523 4059 Quibus
2553 3994 2933 4065 subjungunt,
2967 3994 3072 4047 hoc
3110 3991 3219 4046 sibi
3248 3992 3308 4046 in
3355 3992 3636 4047 desiderio

1935 4102 2077 4151 esse,
2125 4089 2189 4138 ut
2232 4100 2363 4137 cum
2410 4082 2689 4153 episc0pis
2734 4081 3025 4136 catholicis
3068 4080 3299 4151 paciﬁce
3346 4081 3639 4135 conferant

1934 4174 2268 4239 Donatistae,
2296 4188 2408 4243 quo
2439 4171 2738 4227 discidium
2765 4172 3021 4240 tollatur,
3055 4186 3170 4224 non
3211 4169 3507 4236 homines;
3538 4185 3638 4222 seu

1934 4279 2049 4335 quo
2088 4264 2352 4317 homines
2399 4277 2512 4315 non
2560 4261 2895 4330 puniantur,
2929 4259 3028 4313 sed
3072 4258 3435 4328 corrigantur
3467 4273 3479 4310 :
3509 4257 3637 4310 illos

1935 4352 2165 4423 quidem
2195 4366 2355 4403 suam
2387 4350 2455 4403 de
2503 4348 2785 4420 colloquio
2832 4348 3186 4403 voluntatem
3236 4346 3386 4417 apud
3422 4346 3634 4416 praife-

1933 4445 2052 4495 ctos
2083 4438 2471 4510 nequidquam
2503 4438 2784 4509 professos
2815 4453 2957 4505 esse,
2990 4435 3124 4506 quia
3155 4435 3261 4488 hoc
3292 4434 3371 4488 eis
3402 4438 3638 4505 propter

1932 4529 2088 4599 leges
2113 4529 2232 4599 jam
2260 4529 2401 4581 latas
2426 4527 2598 4596 iudex
2620 4527 2927 4581 concedere
2948 4541 3061 4578 non
3085 4527 3336 4594 poterat;
3358 4523 3454 4578 sed
3483 4524 3635 4594 apud

1932 4620 2345 4689 Imperatorem
2385 4634 2500 4671 non
2538 4617 2748 4670 frustra
2781 4615 2835 4669 id
2875 4618 3213 4681 tentaturos,
3245 4611 3345 4683 qui
3383 4629 3503 4666 non
3542 4613 3637 4667 ob—

1933 4707 2163 4762 strictus
2190 4706 2402 4761 eisdem
2432 4706 2676 4776 legibus,
2710 4704 2849 4757 alias
2878 4702 3026 4756 ferre
3058 4701 3116 4754 in
3147 4705 3426 4772 potestate
3458 4700 3634 4754 habe-

1934 4801 2021 4851 ret
2053 4810 2065 4852 :
2091 4800 2361 4851 caeterum
2383 4794 2746 4848 collationem
2777 4792 2921 4845 hanc
2951 4807 3007 4844 se
3027 4794 3329 4861 tantopere
3352 4788 3633 4860 ﬂagitare,

1933 4901 2049 4940 non
2079 4888 2141 4938 ut
2169 4901 2338 4939 causa
2362 4883 2481 4953 jam
2515 4882 2653 4937 olim
2683 4879 2991 4934 terminata
3022 4879 3229 4933 iterum
3261 4878 3516 4943 ﬁniatur,
3540 4877 3634 4931 sed

1931 4978 1998 5027 ut
2026 4972 2105 5027 eis
2135 4971 2233 5043 qui
2258 4970 2542 5040 nesciunt,
2566 4970 2685 5040 jam
2724 4967 2889 5022 ﬁnita
2918 4971 3285 5021 monstretur.
3318 4966 3417 5020 Sin
3455 4965 3632 5019 talem

1934 5060 2289 5132 disceptandi
2318 5058 2600 5113 rationem
2621 5057 2814 5111 minus
2832 5056 3099 5127 probent,
3124 5059 3325 5127 rogant
3348 5058 3414 5109 ut
3433 5055 3631 5108 saltem

1935 5150 2329 5221 Hipponenses
2369 5146 2600 5201 clericos
2638 5162 2827 5200 coram
2873 5162 2931 5199 se
2969 5161 3099 5201 cum
3140 5143 3449 5199 Donatistis
3487 5143 3633 5210 ejus-

1935 5240 2066 5295 dem
2096 5239 2203 5292 loci
2241 5238 2595 5307 disputantes
2630 5236 2885 5305 audiant,
2927 5252 3009 5301 ac,
3052 5234 3097 5288 si
3138 5232 3277 5305 quid
3320 5249 3351 5285 a
3389 5230 3626 5284 veritale

1933 5329 2242 5384 abhorrere
2282 5325 2605 5391 videantur,
2639 5342 2734 5380 eos
2778 5325 3045 5389 doceant;
3078 5326 3175 5375 aut
3221 5320 3469 5390 denique
3517 5318 3632 5372 sive

1932 5434 2037 5490 per
2062 5434 2119 5471 se
2147 5417 2323 5487 ipsos,
2356 5416 2471 5469 sive
2498 5431 2601 5486 per
2627 5414 2768 5469 alios
2794 5414 2854 5468 in
2886 5411 3102 5466 nefaria
3139 5408 3411 5475 facinora,
3438 5423 3568 5478 qua:
3599 5424 3633 5460 a

1934 5523 2168 5562 suorum
2199 5503 2735 5561 Circumcellionum
2779 5501 3026 5557 exercitu
3065 5500 3491 5569 perpetrantur,
3534 5496 3629 5550 in-

1934 5596 2167 5669 quirant
2198 5611 2211 5650 :
2244 5611 2307 5650 ac
2354 5594 2509 5665 ipsos
2537 5610 2571 5650 a
2617 5592 2887 5658 caedibus,
2920 5605 2953 5643 a
2991 5585 3231 5657 rapinis,
3265 5584 3336 5640 ab
3386 5600 3633 5639 excazca—
