3912 6174
367 295 470 347 359

365 413 540 479 tione,
570 410 618 464 si
649 408 883 481 quidem
921 409 992 463 ab
1028 407 1258 462 illorum
1297 403 1665 460 damnatione
1695 403 1806 459 sibi
1843 409 2068 474 tempe-

365 502 610 558 randum
640 503 863 571 putent,
907 500 1105 554 saltem
1143 495 1503 570 prohibeant.
1537 495 1632 549 His
1668 509 1841 564 porro
1881 493 2069 547 verbis

367 591 668 663 epistolam
698 588 1006 642 claudunt:
1035 589 1096 643 Si
1123 592 1300 641 autem
1331 585 1572 654 querelas
1601 587 1816 637 nostras
1835 587 2067 637 contem-

362 680 605 750 pseritis,
635 692 731 732 nos
769 679 987 731 minime
1009 677 1286 747 panitebit
1315 674 1502 728 ordine
1528 675 1753 742 paciﬁca
1783 687 1940 739 agere
1969 687 2069 726 vo-

369 771 549 824 luisse.
582 766 778 822 Aderit
807 768 1062 820 Dominus
1100 765 1348 820 Ecclesia
1385 779 1515 827 sua,
1549 766 1609 815 ut
1637 777 1728 816 vos
1754 763 1938 830 potius
1967 761 2068 814 hu-

369 859 654 912 militatem
678 861 918 910 nostram
946 856 1319 923 contempsisse
1344 854 1625 920 panitcat.
1651 849 1835 919 (Ibid,
1864 865 1928 904 η.
1967 848 2070 918 12).

1035 943 1258 997 CAPUT
1299 942 1396 994 Ill.

379 1039 395 1089 1
434 1036 496 1089 In
531 1035 867 1090 Cresconium
905 1032 1094 1087 scribit
1139 1031 1498 1098 Augustinus.
1549 1031 1581 1082 2
1628 1029 1858 1083 Paulum
1910 1028 2071 1083 Cata-

445 1139 694 1194 quensem
723 1123 797 1176 ad
827 1122 1044 1177 vivendi
1081 1123 1340 1175 rationem
1373 1121 1614 1188 episcopo
1643 1117 1869 1183 dignam
1910 1115 2072 1169 redu-

444 1228 558 1266 cere
597 1215 812 1279 frustra
853 1211 1079 1276 satagit.
1129 1211 1158 1262 3
1209 1207 1413 1263 Scribit
1442 1206 1516 1259 ad
1544 1207 1862 1268 Emeritam,
1892 1203 2073 1256 dolens

443 1317 562 1355 eum
591 1302 876 1354 schismate
905 1299 1248 1366 implicitum.
1275 1297 1301 1348 4
1327 1293 1595 1362 Opuscula
1619 1296 1746 1346 tunc
1772 1293 1914 1357 forte
1933 1289 2074 1343 edito

445 1394 634 1443 contra
689 1389 1002 1441 Donatistas
1035 1387 1162 1438 tria.
1202 1387 1232 1436 5
1281 1383 1442 1436 Liber
1483 1381 1548 1435 de
1587 1381 1929 1435 Divinatione
1971 1378 2076 1431 dae-

444 1492 686 1531 monum.
737 1478 768 1528 6
799 1476 905 1530 Sea:
941 1475 1258 1542 quaestiones
1295 1473 1554 1539 exposita
1594 1473 1781 1523 contra
1825 1469 2075 1535 Paganos

445 1566 520 1619 ad
545 1564 920 1633 presbyterum
953 1563 1287 1629 Deogratias.
1319 1564 1349 1613 ’ῖ
1384 1560 1668 1628 Expositio
1698 1557 1953 1626 Epistola
1979 1557 2074 1609 Ja-

444 1654 560 1708 cobi
588 1653 662 1706 ad
700 1651 978 1706 duodecim
1011 1650 1203 1704 tribus.
1237 1652 1268 1704 8
1298 1648 1460 1703 Liber
1488 1647 1553 1702 de
1583 1648 1745 1706 Unico
1775 1647 2074 1715 Baptismo,

443 1743 518 1796 ad
543 1742 974 1798 Constantinum.

451 1835 499 1885 1.
549 1831 812 1884 Testatur
868 1842 1098 1898 quoque
1146 1823 1497 1895 Augustinus
1537 1823 1599 1877 in
1643 1822 1761 1876 suis
1806 1821 2077 1876 adversus

375 1917 742 1975 Cresconium
780 1916 940 1970 libris
990 1913 1304 1969 Catholicos
1352 1911 1674 1982 expetiisse,
1709 1915 1773 1965 ut
1811 1911 1872 1964 in
1910 1911 2077 1964 collo-

375 2007 578 2077 quium
607 2004 870 2058 venirent
899 2018 1090 2056 secum
1117 2001 1426 2055 Donatista
1452 2000 1670 2070 (Contra
1689 2000 1955 2064 Crescon.,
1979 1998 2072 2052 lib.

377 2097 430 2160 4,
475 2111 537 2148 n.
579 2094 690 2165 83),
743 2092 952 2164 quibus
975 2091 1095 2160 jam
1140 2089 1362 2145 finitam
1407 2103 1528 2142 esse
1574 2103 1803 2142 causam
1844 2086 2080 2140 demon-

377 2185 624 2235 strarent
652 2180 823 2249 (Ibid.
863 2179 963 2234 lib.
1021 2183 1070 2244 1,
1100 2193 1156 2232 n.
1205 2179 1278 2247 6).
1313 2177 1487 2246 Leges
1527 2175 1797 2230 adversus
1837 2174 2076 2228 hareti-

376 2286 468 2324 eos
498 2269 624 2323 illos
653 2269 722 2322 ab
751 2267 1000 2323 Honorio
1024 2266 1142 2336 jam
1175 2264 1409 2336 quidem
1437 2265 1567 2318 lata
1595 2265 1858 2334 (Retract.
1891 2264 1983 2317 lib.
2019 2266 2072 2328 2,

379 2373 500 2426 cap.
550 2356 662 2427 26),
719 2359 1115 2409 verumtamen
1167 2354 1353 2407 adhuc
1396 2356 1655 2406 recentes
1707 2354 1890 2411 erant,
1945 2363 2074 2402 cum

377 2460 522 2516 opus
550 2444 660 2498 hoc
697 2441 1050 2497 elucubravit
1081 2442 1297 2510 (Contra
1335 2441 1600 2504 Crescon.,
1634 2439 1726 2492 lib;
1774 2441 1824 2500 3,
1862 2454 1916 2491 η.
1952 2439 2074 2505 51);

372 2534 608 2606 jamque
652 2531 736 2587 illi
779 2529 1096 2586 Catholicos
1126 2529 1197 2582 ob
1228 2545 1322 2582 eas
1353 2529 1504 2598 leges
1533 2543 1651 2580 non
1697 2525 1888 2579 minus
1927 2524 2074 2578 calce

378 2627 434 2678 et
462 2626 642 2691 aceto,
673 2636 847 2692 quam
877 2619 1026 2674 ferro
1058 2621 1115 2672 et
1142 2617 1274 2687 igne
1307 2615 1644 2670 divexabant
1674 2615 1858 2685 (Ibid,
1887 2631 1940 2668 η.
1965 2614 2071 2683 46).

377 2709 712 2764 Cresconius
749 2708 845 2762 ille
873 2707 941 2761 de
982 2709 1134 2760 secta
1173 2703 1597 2758 Donatistarum
1628 2707 1768 2770 erat,
1801 2718 1865 2756 ex
1904 2701 2074 2756 laico-

378 2813 508 2851 rum
539 2794 739 2850 ordine
770 2793 953 2864 (Ibid.,
984 2793 1084 2849 lib.
1141 2795 1189 2858 1,
1215 2809 1270 2847 n.
1304 2794 1373 2861 1),
1404 2791 1756 2862 professione
1787 2805 2076 2860 gramma-

379 2883 521 2938 ticus
562 2883 822 2954 (Retract.
869 2881 963 2935 lib.
1012 2883 1067 2950 2,
1099 2897 1219 2950 cap.
1252 2880 1359 2949 26).
1396 2881 1444 2934 ls
1490 2896 1616 2934 cum
1665 2878 1971 2950 Augustini
2019 2878 2079 2932 li-

379 2972 546 3027 brum
577 2971 637 3025 in
667 2969 929 3025 Petiliani
973 2969 1192 3024 litteras
1232 2970 1484 3040 primum
1523 2967 1836 3034 evolvisset,
1870 2984 1935 3021 ea
1965 2983 2079 3038 qua

379 3058 745 3116 mediocriter
768 3057 1070 3111 instructus
1101 3063 1240 3123 erat,
1269 3057 1551 3111 scribendi
1577 3057 1842 3111 facultate
1873 3056 2074 3120 fretus,

377 3152 569 3219 partes
600 3163 730 3201 suas
759 3146 1030 3200 adversus
1066 3145 1453 3215 Augustinum
1497 3144 1877 3198 defendendas
1919 3145 2078 3213 (Con-

380 3242 466 3290 tra
487 3237 750 3301 Crescon.,
770 3235 865 3288 lib.
885 3238 932 3299 1,
946 3249 1002 3287 n.
1021 3237 1091 3300 2),
1106 3249 1329 3287 necnon
1347 3233 1824 3303 propugnandam
1850 3232 2076 3286 Petilia-

380 3323 439 3378 ni
472 3323 770 3395 epistolam
807 3321 1057 3392 suscepit
1098 3321 1282 3392 (Ibid,
1333 3321 1428 3376 lib.
1480 3325 1534 3390 4,
1580 3337 1636 3375 η.
1692 3325 1759 3385 1).
1809 3319 2077 3384 Quamvis

383 3417 574 3468 autem
602 3410 934 3467 Cresconius
963 3410 1303 3481 opusculum
1335 3426 1503 3465 suum
1531 3409 1851 3480 Augustino
1877 3408 2076 3462 inscri-

379 3501 606 3572 psisset,
630 3501 698 3555 ad
723 3499 912 3571 ipsum
938 3504 1131 3554 tamen
1162 3499 1390 3554 nonnisi
1420 3499 1601 3554 multo
1619 3503 1924 3570 postquam
1953 3497 2078 3552 fue~

379 3595 466 3644 rat
511 3590 806 3662 vulgatum
853 3589 1113 3660 pervenit
1175 3589 1360 3658 (Ibid,
1415 3589 1510 3646 lib.
1579 3592 1628 3656 l,
1680 3604 1738 3643 η.
1798 3587 1866 3658 1).
1933 3588 2076 3641 Tum

377 3679 601 3750 putavit
667 3678 1019 3748 Augustinus
1097 3693 1218 3732 esse
1289 3681 1346 3732 et
1412 3676 1777 3743 urbanitatis,
1858 3674 2077 3729 auctori

376 3768 719 3836 rescribere;
753 3772 810 3820 et
837 3767 1011 3820 officii
1042 3783 1104 3821 ac
1129 3766 1382 3820 muneris
1415 3765 1521 3831 sui,
1559 3765 1948 3820 defensionem
1981 3781 2074 3818 ve-

377 3855 564 3910 ritatis
584 3871 699 3908 non
721 3854 1055 3908 detrectare.
1085 3856 1228 3925 Ergo
1253 3854 1620 3910 Cresconium
1645 3858 1892 3924 quatuor
1914 3852 2077 3907 libris

378 3942 688 3997 confutavit
719 3958 732 3996 :
757 3958 1002 4012 quorum
1025 3942 1083 3995 in
1110 3943 1299 4012 primo
1321 3942 1560 3996 minime
1579 3942 1934 4012 probandam
1955 3958 2076 3995 esse

380 4033 546 4087 docet
574 4030 901 4085 simulatam
932 4031 1089 4084 illam
1121 4030 1545 4086 Donatistarum
1575 4030 1932 4096 modestiam,
1963 4047 2078 4101 qua

377 4136 507 4175 cum
538 4119 838 4175 Catholicis
867 4119 1182 4190 disceptare
1214 4120 1282 4174 de
1322 4119 1544 4174 discidii
1570 4136 1738 4174 causa
1767 4120 2074 4186 nolebant;

377 4215 500 4265 tum
540 4209 770 4276 deinde,
808 4209 1023 4263 nullius
1070 4209 1158 4262 vel
1205 4207 1512 4262 adversarii
1555 4208 1943 4280 eloquentiam
1990 4210 2076 4264 vel

377 4299 728 4356 dialecticam
777 4297 1152 4352 assertoribus
1199 4297 1451 4352 veritatis
1509 4315 1630 4352 esse
1679 4299 2070 4353 metuendam.

379 4388 640 4442 Ostendit
686 4392 985 4458 praterea,
1035 4387 1262 4442 tametsi
1315 4386 1738 4441 Donatistarum
1788 4387 2079 4458 Baptisma

379 4492 578 4530 verum
617 4493 741 4530 esse
786 4475 1060 4530 Catholici
1101 4476 1432 4543 concedant,
1472 4476 1605 4530 hinc
1652 4480 1845 4530 tamen
1887 4476 2078 4547 colligi

360 4580 494 4618 non
536 4581 718 4635 posse,
753 4564 896 4619 illud
939 4569 1085 4619 recte
1115 4564 1295 4635 accipi
1333 4565 1404 4618 ab
1444 4563 1642 4619 iisdem
1683 4564 2075 4620 schismaticis.

376 4653 442 4708 In
471 4653 714 4708 secundo
743 4653 1116 4721 demonstrat,
1144 4653 1288 4708 nihil
1313 4670 1344 4706 a
1374 4652 1673 4708 Cresconio
1706 4652 1942 4719 dictum,
1963 4670 2076 4724 quo

382 4757 518 4796 suus
567 4743 834 4796 adversus
881 4742 1222 4798 Petilianum
1267 4741 1414 4796 liber
1453 4742 1766 4808 refellatur,
1816 4742 2078 4814 quamvis

377 4832 523 4887 forte
553 4831 622 4886 ab
651 4830 750 4884 illo
781 4816 1038 4887 didicerit
1065 4849 1181 4887 non
1221 4830 1545 4887 Donatistas
1581 4847 1646 4886 ex
1679 4833 1898 4887 Donato
1927 4837 2079 4888 recte

379 4918 512 4988 dici,
537 4919 635 4974 sed
669 4920 1014 4975 Donatianos
1034 4940 1050 4987 ;
1071 4925 1127 4975 et
1151 4921 1291 4976 alias
1321 4920 1595 4993 quasdam
1625 4921 2080 4991 grammaticales

379 5025 586 5081 nugas,
618 5007 828 5079 quibus
866 5008 960 5063 ille
989 5009 1405 5065 immorabatur
1448 5009 1637 5081 (Ibid.,
1679 5010 1772 5064 lib.
1804 5013 1860 5079 2,
1898 5028 1952 5066 η.
1998 5014 2075 5083 2).

380 5099 485 5155 Ubi
516 5098 586 5153 iis
625 5096 909 5152 Cresconii
952 5097 1138 5165 dictis,
1171 5115 1301 5169 qua
1345 5098 1580 5170 majoris
1617 5100 1894 5154 momenti
1924 5100 2078 5156 vide-

378 5189 611 5254 bantur,
645 5185 944 5252 satisfecit;
981 5202 1051 5240 ne
1089 5187 1472 5258 imperitiores
1501 5187 1718 5259 aliquid
1748 5189 1818 5243 ab
1857 5205 1923 5242 eo
1955 5189 2080 5245 sine

378 5276 752 5350 responsione
791 5275 1244 5347 pratermissum
1274 5281 1574 5347 putarent;
1604 5277 1840 5332 tertium
1871 5278 2080 5349 adjecit

379 5368 592 5422 librum
630 5365 692 5421 in
721 5365 943 5438 reliqua
981 5365 1167 5435 capita
1204 5365 1463 5435 opusculi
1501 5366 1572 5421 ab
1611 5367 1709 5422 illo
1750 5366 2074 5437 conscripti.

378 5455 444 5509 In
469 5459 674 5527 quarto
702 5456 934 5512 demum
965 5455 1110 5510 libro
1140 5453 1281 5509 illud
1311 5455 1380 5510 de
1410 5455 1632 5528 integro
1663 5472 1732 5511 ex
1759 5457 1880 5510 sola
1909 5455 2078 5511 Maxi-

381 5542 782 5602 mianistarum
822 5543 1060 5602 historia
1108 5559 1141 5598 a
1187 5542 1372 5614 capite
1420 5543 1492 5600 ad
1537 5545 1746 5600 calcem
1797 5542 2073 5601 dissolvit.

1576 281 1748 337 VITA
1787 279 1850 336 S.
1895 275 2283 336 AUGUSTINI
2325 271 2663 328 EPISCOPI.
3705 281 3780 333 300

2243 403 2298 456 2.
2342 396 2653 468 Epistolam
2704 391 2774 448 ad
2813 392 3053 446 Paulum
3085 390 3400 462 episcopum
3436 410 3538 449 non
3563 403 3675 453 ante
3699 399 3781 455 hoc

2175 489 2401 558 tempus
2423 485 2693 556 scriptam
2731 480 2904 536 fuisse
2932 482 3020 536 vel
3048 479 3179 534 inde
3205 481 3444 552 colligas,
3472 485 3606 554 quod
3645 486 3685 540 is
3717 491 3784 544 cui

2176 573 2526 639 inscribitur,
2560 573 2772 627 multos
2812 571 2881 626 ad
2912 569 3212 625 Ecelesiam
3244 571 3554 625 catholicam
3577 573 3784 630 reduxis-

2177 680 2236 718 se
2268 663 2534 718 laudatur
2557 661 2756 732 (Epist.
2785 664 2874 726 85,
2907 676 2964 714 η.
3004 659 3073 730 1).
3093 657 3232 723 Quia
3249 675 3412 729 porro
3431 661 3639 715 Paulum
3661 663 3786 717 Chri-

2179 755 2264 806 sto
2313 754 2593 822 genuerat
2630 747 3005 819 Augustinus,
3047 746 3252 801 idcirco
3289 747 3433 800 illius
3471 748 3648 818 agendi
3679 751 3789 804 ratio

2178 839 2466 912 pracipuo
2489 837 2739 910 quodam
2757 838 2887 908 jure
2907 835 2975 890 ad
2998 851 3157 889 suam
3183 835 3631 907 Hipponensisque
3649 837 3792 892 Eccle-

2180 930 2278 986 sia
2320 945 2517 984 curam
2573 931 2828 998 spectare
2870 925 3128 993 putabat.
3173 925 3224 978 Is
3267 923 3332 990 si,
3380 925 3791 995 quemadmodum

2179 1022 2372 1073 censet
2422 1015 2770 1081 Holstenius,
2812 1031 2876 1069 ac
2931 1031 3020 1068 res
3077 1014 3198 1085 ipsa
3250 1012 3461 1067 videtur
3494 1013 3789 1083 persuadere,

2179 1106 2334 1162 idem
2379 1105 2471 1167 sit,
2519 1108 2691 1175 atque
2725 1103 2821 1157 ille
2865 1103 3071 1157 Paulus
3113 1102 3181 1156 de
3219 1117 3329 1172 quo
3357 1099 3670 1155 mentionem
3692 1099 3791 1153 facit

2181 1194 2240 1249 in
2279 1193 2522 1265 epistola
2551 1193 2616 1247 ad
2650 1191 2981 1263 Olympium
3012 1190 3210 1263 (Epist.
3252 1192 3336 1257 96,
3375 1205 3427 1244 η.
3473 1191 3540 1258 2),
3587 1189 3793 1258 Cataqua

2181 1283 2241 1338 in
2301 1282 2568 1338 Numidia
2623 1281 3006 1352 episcopalem
3059 1278 3390 1349 dignitatem
3441 1275 3596 1348 gessit
3641 1276 3790 1344 (Epist.

2183 1377 2272 1438 97,
2311 1388 2364 1427 n.
2419 1375 2492 1441 3).
2543 1372 2696 1426 Hanc
2723 1374 2916 1424 autem
2946 1372 3248 1440 postquam
3279 1371 3358 1420 est
3384 1370 3621 1435 adeptus,
3645 1366 3792 1432 Auga-

2183 1461 2332 1516 stino
2361 1461 2542 1515 multo
2569 1460 2697 1531 plus
2728 1457 2940 1514 doloris
2969 1458 3178 1522 attulit,
3212 1469 3382 1528 quam
3409 1451 3597 1508 solatii.
3627 1450 3792 1505 Etenim

2184 1554 2232 1608 si
2261 1569 2376 1608 non
2404 1568 2615 1623 paucos
2641 1568 2670 1606 e
2703 1549 3010 1605 Donatistis
3038 1548 3100 1602 in
3126 1546 3380 1602 Ecclesia
3409 1544 3581 1598 sinum
3603 1540 3794 1610 collegit,

2185 1643 2368 1697 adhuc
2395 1643 2560 1711 longe
2594 1641 2788 1711 plures
2815 1639 2950 1693 inde
2987 1636 3351 1708 corruptione
3393 1647 3602 1687 morum
3625 1630 3794 1698 disper-

2185 1731 2282 1787 sit.
2343 1733 2426 1786 lta
2467 1728 2694 1784 vivebat
2733 1727 3043 1782 mundanis
3072 1724 3316 1796 negotiis
3344 1720 3655 1792 implicatus,
3679 1721 3729 1770 ut
3749 1715 3796 1768 ab

2184 1820 2283 1874 illo
2316 1819 2708 1890 episcopatum
2727 1821 3068 1890 quastuosa
3099 1814 3236 1870 artis
3267 1815 3385 1867 loco
3412 1808 3594 1865 haberi
3620 1805 3797 1860 dixisses

2187 1909 2389 1978 (Epist.
2438 1911 2528 1972 85,
2576 1922 2670 1962 nn.
2725 1909 2776 1976 1,
2826 1906 2896 1974 2).
2946 1907 3022 1959 Ac
3070 1905 3218 1958 Deus
3257 1901 3484 1973 quidem
3507 1902 3565 1951 ut
3590 1896 3745 1958 Paulo,
3767 1892 3798 1944 si

2185 2001 2376 2050 tamen
2408 1996 2524 2050 ulla
2553 1995 2615 2049 in
2641 2012 2709 2050 eo
2735 1992 3116 2064 intelligentia
3140 1991 3356 2057 fuisset,
3388 1987 3798 2045 commonstraret,

2183 2089 2396 2156 prater
2423 2083 2604 2138 animi
2626 2084 2872 2151 divitias,
2905 2098 3150 2154 quarum
3168 2095 3335 2136 causa
3353 2078 3527 2132 fuerat
3553 2073 3614 2128 ad
3635 2071 3799 2142 episco-

2185 2178 2385 2244 patum
2434 2173 2758 2243 adoptatus,
2809 2172 2996 2226 nullas
3037 2169 3175 2224 alias
3214 2164 3540 2240 quaerendas
3564 2176 3684 2225 esse,
3707 2156 3801 2212 fecit

2186 2267 2249 2316 ut
2296 2278 2370 2316 ne
2417 2278 2590 2332 quem
2631 2278 2660 2315 e
2710 2259 3026 2333 quastibns
3067 2257 3281 2313 odiosis
3330 2257 3565 2310 fructum
3591 2251 3799 2319 caperet:

2188 2350 2328 2404 adeo
2360 2354 2424 2404 ut
2443 2348 2797 2414 nominibus,
2834 2364 2963 2419 qua
2992 2347 3127 2401 tisco
3157 2344 3420 2409 debebat,
3449 2336 3699 2396 solvendis
3722 2334 3799 2387 im-

2185 2455 2308 2510 par,
2341 2437 2511 2492 rebus
2539 2437 2808 2492 omnibus
2837 2437 2951 2490 suis
2980 2435 3180 2490 cedere
3213 2438 3434 2489 coactus
3463 2429 3531 2483 sit
3557 2426 3718 2496 (Epist.
3741 2424 3800 2482 96,

2185 2543 2242 2582 n.
2273 2528 2347 2598 2).
2379 2527 2552 2597 Atqui
2598 2525 2781 2581 nihilo
2831 2524 3014 2580 secius
3044 2523 3377 2578 institutum
3407 2523 3562 2574 antea
3586 2523 3800 2598 commer-

2184 2615 2359 2683 cium,
2412 2620 2610 2670 contra
2658 2614 3036 2685 ipsarummet
3080 2613 3465 2667 humanarum
3501 2606 3671 2675 legum
3695 2595 3802 2685 ordi-

2186 2720 2339 2768 nem,
2386 2702 2630 2774 repetiit,
2674 2683 2829 2756 haud
2877 2700 3048 2756 dubie
3100 2699 3400 2772 cujusdam
3444 2700 3570 2749 tunc
3595 2683 3805 2757 temporis

2185 2791 2592 2862 potentissimi,
2644 2791 2834 2846 forsan
2883 2789 3233 2855 Bathanarii,
3275 2783 3532 2859 praesidio
3558 2777 3805 2836 fretus.At-

2187 2898 2296 2952 que
2330 2881 2408 2934 ita
2438 2879 2622 2950 magis
2648 2878 2948 2950 magisque
2975 2877 3224 2948 negotiis
3252 2892 3372 2931 sese
3397 2867 3672 2932 immersit,
3699 2877 3804 2952 earu-

2187 2985 2298 3040 que
2325 2967 2565 3038 arripuit
2588 2967 2719 3021 vita
2748 2968 3052 3034 rationem,
3077 2981 3253 3036 quam
3283 2961 3535 3019 Ecclesia
3555 2972 3658 3012 sua
3675 2948 3806 3007 tenui-

2187 3062 2272 3111 tas
2313 3056 2594 3111 sustinere
2625 3056 2782 3110 nullo
2815 3055 2982 3110 modo
3022 3058 3271 3126 poterat.
3301 3050 3609 3107 Arbitratus
3634 3046 3703 3097 est
3721 3043 3801 3092 Au-

2187 3146 2449 3216 gustinus
2503 3161 2626 3199 sese
2673 3145 2745 3210 ei,
2793 3160 2966 3214 quem
3004 3143 3067 3198 in
3110 3143 3335 3198 Christo
3367 3155 3466 3212 per
3507 3128 3807 3216 Evangelia!!!

2187 3213 2504 3305 pepererat,
2533 3233 2716 3304 magis
2743 3213 2917 3304 quam
2965 3231 3058 3286 alii
3103 3231 3311 3286 debere
3343 3227 3610 3282 salubrem
3638 3213 3806 3305 morda-

2186 3303 2416 3376 citatem
2463 3303 2773 3387 charitatis,
2824 3320 3097 3375 veraciter
3149 3315 3507 3390 objurgando
3554 3303 3808 3380 (31131.85.

2185 3429 2242 3469 η.
2285 3411 2352 3482 1).
2386 3411 2658 3476 Quocirca
2698 3427 2832 3465 eum
2878 3409 3112 3464 monitis
3151 3407 3440 3470 omnibus,
3472 3415 3592 3473 qua
3629 3411 3686 3450 e0
3707 3403 3808 3485 θριξ-

2188 3501 2394 3556 ducere
2426 3499 2666 3571 putavit,
2691 3516 2890 3554 sanare
2911 3502 3148 3553 conatus
3165 3501 3274 3551 est.
3297 3496 3504 3549 Verum
3524 3489 3706 3545 frustra
3720 3479 3812 3571 fuit.

2187 3590 2382 3660 Itaque
2413 3566 2484 3643 ab
2523 3566 2668 3659 ejus,
2715 3589 2843 3642 licet
2879 3605 2912 3642 a
2953 3587 3111 3642 nullo
3141 3580 3521 3640 ecclesiastico
3555 3573 3718 3646 judice
3747 3566 3810 3620 da.

2187 3678 2388 3747 mnati,
2415 3676 2816 3731 communione
2833 3681 3014 3730 semet
3032 3679 3261 3729 sanctus
3283 3671 3380 3726 Vir
3401 3659 3815 3747 segregavimamf

2186 3766 2291 3820 etsi
2339 3766 2391 3820 ei
2437 3766 2648 3834 fratris,
2705 3765 2962 3836 collega,
3011 3768 3180 3834 atque
3225 3759 3478 3834 episcopi
3502 3753 3709 3811 titulum
3745 3756 3816 3796 ωι-

2186 3856 2340 3910 nime
2381 3855 2610 3909 ademit.
2667 3853 2972 3926 Augustini
3020 3852 3493 3906 communionem
3531 3857 3623 3917 per
3655 3837 3816 3893 litteras

2181 3943 2440 4015 poposcit
2476 3944 2703 4010 Paulus,
2751 3948 2921 4014 atque
2941 3941 3110 3996 simul
3133 3946 3374 4012 questus
3393 3931 3816 4009 est,ipsum,qu8ﬂl

2186 4033 2358 4087 etiam
2389 4031 2801 4086 inexorabilem
2830 4035 3014 4099 vocat,
3043 4029 3112 4083 iis
3141 4029 3276 4099 plus
3310 4041 3480 4097 aquo
3506 4017 3724 4076 credere,
3748 4017 3817 4077 qm

2185 4139 2377 4178 secum
2403 4127 2628 4193 apertas
2652 4121 2984 4176 inimicitias
3009 4135 3236 4191 semper
3271 4116 3574 4190 gesserant.
3617 4099 3819 4193 llacqipsa‘

2184 4211 2252 4265 de
2277 4183 2458 4266 causa.
2473 4211 2794 4282 epistolam,
2826 4227 2939 4282 qua
2961 4210 3030 4264 de
3060 4183 3614 4279 agitur,vseveritatis
3631 4191 3764 4282 juxta
3781 4183 3820 4234 εί

2185 4299 2474 4354 charitatis
2504 4281 2735 4370 plenam
2757 4299 2829 4353 ad
2855 4315 2988 4353 eum
3017 4295 3375 4368 Augustinus
3407 4281 3759 4370 scripsit.Cum_
3775 4285 3820 4364 θίξ

2185 4405 2243 4443 se
2292 4388 2499 4443 idcirco
2542 4387 2965 4442 communicare
3015 4367 3164 4440 nolle
3204 4385 3529 4456 profitetur,
3567 4371 3687 4446 quia
3718 4367 3821 4417 υίθλ

2186 4477 2469 4543 aduletur,
2503 4475 2706 4532 adduci
2736 4492 2849 4530 non
2879 4479 3064 4547 potest
3102 4490 3116 4529 :
3150 4489 3282 4528 cum
3313 4483 3543 4526 necesse
3577 4461 3642 4518 sit
3662 4458 3822 4547 ipsa?!)

2187 4565 2234 4620 si
2263 4538 2499 4638 quidem
2525 4538 3034 4635 vulneribus,.qua
3066 4559 3423 4634 Hipponensi
3455 4549 3691 4611 Ecclesia
3717 4538 3825 4638 intlr

2183 4655 2286 4722 xit,
2319 4654 2537 4709 mederi
2574 4653 2728 4720 velit,
2775 4669 2808 4707 a
2857 4653 3096 4708 Domino
3126 4649 3278 4706 euris
3309 4653 3366 4704 et
3395 4640 3622 4701 sarcinis
3644 4626 3825 4718 saecla:

2186 4744 2344 4798 ribus
2387 4741 2660 4814 expediri,
2704 4745 2876 4813 atque
2924 4741 2996 4796 ad
3039 4739 3215 4794 vitam
3259 4738 3586 4804 victumque
3631 4726 3828 4814 revocari

2187 4813 2497 4904 episcopali
2539 4830 2726 4886 ordini
2775 4829 3234 4885 convenientem.
3286 4823 3494 4881 Procul
3548 4813 3703 4873 dubio
3744 4815 3828 4904 ne)!

2186 4897 2436 4976 multum
2463 4921 2682 4976 fructus
2711 4919 2888 4974 edidit
2915 4919 3038 4973 hac
3058 4916 3330 4989 epistola;
3364 4909 3590 4986 quando
3616 4897 3830 4969 Αυευδῖν

2187 5027 2296 5065 nus
2324 5011 2392 5066 de
2425 5010 2533 5064 hoc
2568 5010 2830 5082 prasule,
2873 5008 3044 5063 etiam
3073 5007 3188 5062 vita
3222 5005 3441 5069 functo,
3473 5009 3667 5072 parum
3690 4989 3828 5082 hofm'

2185 5100 2343 5154 ritice
2372 5073 2648 5171 loquitur.
2683 5073 2886 5154 Narrat
2914 5114 3068 5164 eum,
3098 5112 3214 5168 quo
3247 5099 3507 5165 tempore
3536 5084 3716 5171 cedere
3747 5073 3829 5171 ,δυ’

2186 5187 2274 5241 nis
2306 5166 2532 5242 coactus
2563 5192 2670 5256 est,
2703 5187 2995 5260 aliquanta
3014 5166 3416 5258 pecunia,qua
3440 5178 3523 5233 illi
3549 5166 3829 5260 debebal'l‘l’f

2186 5279 2434 5346 recepta,
2466 5293 2534 5331 ex
2563 5276 2761 5348 agellis
2797 5275 3078 5348 praconis
3107 5290 3238 5328 voce
3269 5266 3539 5342 subjectis
3579 5248 3833 5351 ῐιοῐιηιξ¹¹⁰⁵

2186 5370 2462 5436 tanquam
2493 5367 2752 5422 Ecclesia
2792 5383 2908 5422 sua
2939 5365 3044 5422 sub
3074 5365 3278 5420 domus
3306 5366 3436 5416 tum
3476 5348 3832 5429 potentissima

2187 5456 2422 5512 nomine
2452 5473 2840 5528 comparasse;
2873 5461 2937 5512 ut
2960 5456 3135 5512 etiam
3155 5471 3220 5510 ex
3249 5451 3410 5525 ipsis,
3444 5462 3573 5503 cum
3597 5451 3736 5528 m0”?
3759 5439 3834 5483 δυο

2190 5543 2273 5600 nil
2299 5545 2436 5601 ﬁsco
2463 5527 2730 5616 solveret,
2763 5546 2950 5602 nullas
2978 5549 3306 5601 exactorum
3345 5534 3636 5596 molestias
3661 5527 3834 5597 patere-
