  <div class='ocr_page' id='page_1' title='image "/cluster/home/n/w/nwhite01/storage/ocr_20150623/32/hvd.32044096580550/190.png"; bbox 0 0 3912 6174; ppageno 0'>
   <div class='ocr_carea' id='block_1_1' title="bbox 92 314 183 367">
    <p class='ocr_par' dir='ltr' id='par_1_1' title="bbox 92 314 183 367">
     <span class='ocr_line' id='line_1_1' title="bbox 92 314 183 367; baseline 0 -1"><span class='ocrx_word' id='word_1_1' title='bbox 92 314 183 367; x_wconf 78' lang='grc'>361</span> 
     </span>
    </p>
   </div>
   <div class='ocr_carea' id='block_1_2' title="bbox 91 438 1801 511">
    <p class='ocr_par' dir='ltr' id='par_1_2' title="bbox 91 438 1801 511">
     <span class='ocr_line' id='line_1_2' title="bbox 91 438 1801 511; baseline 0.004 -20"><span class='ocrx_word' id='word_1_2' title='bbox 91 445 181 492; x_wconf 86' lang='lat' dir='ltr'>tur</span> <span class='ocrx_word' id='word_1_3' title='bbox 204 438 420 509; x_wconf 85' lang='lat' dir='ltr'>(Epist.</span> <span class='ocrx_word' id='word_1_4' title='bbox 469 442 559 503; x_wconf 82' lang='lat'>96,</span> <span class='ocrx_word' id='word_1_5' title='bbox 592 455 649 493; x_wconf 81' lang='grc' dir='ltr'>η.</span> <span class='ocrx_word' id='word_1_6' title='bbox 682 439 753 508; x_wconf 92' lang='lat'>2).</span> <span class='ocrx_word' id='word_1_7' title='bbox 807 440 935 493; x_wconf 65' lang='lat' dir='ltr'>Haec</span> <span class='ocrx_word' id='word_1_8' title='bbox 976 438 1184 494; x_wconf 86' lang='lat' dir='ltr'>deinde</span> <span class='ocrx_word' id='word_1_9' title='bbox 1229 440 1447 511; x_wconf 77' lang='lat' dir='ltr'>praedia</span> <span class='ocrx_word' id='word_1_10' title='bbox 1492 444 1801 498; x_wconf 85' lang='lat' dir='ltr'>successori</span> 
     </span>
    </p>
   </div>
   <div class='ocr_carea' id='block_1_3' title="bbox 92 526 1802 598">
    <p class='ocr_par' dir='ltr' id='par_1_3' title="bbox 92 526 1802 598">
     <span class='ocr_line' id='line_1_3' title="bbox 92 526 1802 598; baseline 0.004 -18"><span class='ocrx_word' id='word_1_11' title='bbox 92 526 243 580; x_wconf 88' lang='lat' dir='ltr'>illius</span> <span class='ocrx_word' id='word_1_12' title='bbox 275 527 568 581; x_wconf 86' lang='lat' dir='ltr'>Bonifacio</span> <span class='ocrx_word' id='word_1_13' title='bbox 599 527 809 581; x_wconf 89' lang='lat' dir='ltr'>relicta.</span> <span class='ocrx_word' id='word_1_14' title='bbox 848 528 983 592; x_wconf 68' lang='lat' dir='ltr'>Quae</span> <span class='ocrx_word' id='word_1_15' title='bbox 1014 528 1246 598; x_wconf 86' lang='lat' dir='ltr'>quidem</span> <span class='ocrx_word' id='word_1_16' title='bbox 1274 529 1370 583; x_wconf 90' lang='lat' dir='ltr'>ille</span> <span class='ocrx_word' id='word_1_17' title='bbox 1398 531 1519 585; x_wconf 87' lang='lat' dir='ltr'>sine</span> <span class='ocrx_word' id='word_1_18' title='bbox 1548 533 1666 586; x_wconf 90' lang='lat' dir='ltr'>ulla</span> <span class='ocrx_word' id='word_1_19' title='bbox 1695 533 1802 586; x_wconf 92' lang='lat' dir='ltr'>for-</span> 
     </span>
    </p>
   </div>
   <div class='ocr_carea' id='block_1_4' title="bbox 99 616 1801 687">
    <p class='ocr_par' dir='ltr' id='par_1_4' title="bbox 99 616 1801 687">
     <span class='ocr_line' id='line_1_4' title="bbox 99 616 1801 687; baseline 0.003 -19"><span class='ocrx_word' id='word_1_20' title='bbox 99 616 239 669; x_wconf 86' lang='lat' dir='ltr'>sitan</span> <span class='ocrx_word' id='word_1_21' title='bbox 271 616 665 669; x_wconf 76' lang='lat' dir='ltr'>controversia</span> <span class='ocrx_word' id='word_1_22' title='bbox 694 616 941 671; x_wconf 88' lang='lat' dir='ltr'>retinere</span> <span class='ocrx_word' id='word_1_23' title='bbox 981 621 1239 687; x_wconf 83' lang='lat' dir='ltr'>poterat:</span> <span class='ocrx_word' id='word_1_24' title='bbox 1274 619 1369 672; x_wconf 91' lang='lat' dir='ltr'>sed</span> <span class='ocrx_word' id='word_1_25' title='bbox 1413 623 1479 673; x_wconf 90' lang='lat' dir='ltr'>ut</span> <span class='ocrx_word' id='word_1_26' title='bbox 1527 625 1647 673; x_wconf 88' lang='lat' dir='ltr'>erat</span> <span class='ocrx_word' id='word_1_27' title='bbox 1685 621 1801 673; x_wconf 90' lang='lat' dir='ltr'>sin-</span> 
     </span>
    </p>
   </div>
   <div class='ocr_carea' id='block_1_5' title="bbox 103 704 1805 770">
    <p class='ocr_par' dir='ltr' id='par_1_5' title="bbox 103 704 1805 770">
     <span class='ocr_line' id='line_1_5' title="bbox 103 704 1805 770; baseline 0.002 -11"><span class='ocrx_word' id='word_1_28' title='bbox 103 704 326 759; x_wconf 88' lang='lat' dir='ltr'>cerioris</span> <span class='ocrx_word' id='word_1_29' title='bbox 355 704 535 759; x_wconf 92' lang='lat' dir='ltr'>homo</span> <span class='ocrx_word' id='word_1_30' title='bbox 564 704 722 770; x_wconf 83' lang='lat' dir='ltr'>ﬁdei,</span> <span class='ocrx_word' id='word_1_31' title='bbox 751 705 945 758; x_wconf 80' lang='lat' dir='ltr'>timuit</span> <span class='ocrx_word' id='word_1_32' title='bbox 975 722 1046 759; x_wconf 91' lang='lat' dir='ltr'>ne</span> <span class='ocrx_word' id='word_1_33' title='bbox 1092 722 1280 761; x_wconf 89' lang='lat' dir='ltr'>coram</span> <span class='ocrx_word' id='word_1_34' title='bbox 1334 708 1451 762; x_wconf 91' lang='lat' dir='ltr'>Deo</span> <span class='ocrx_word' id='word_1_35' title='bbox 1498 708 1717 763; x_wconf 85' lang='lat' dir='ltr'>fraudis</span> <span class='ocrx_word' id='word_1_36' title='bbox 1749 714 1805 763; x_wconf 88' lang='lat' dir='ltr'>et</span> 
     </span>
    </p>
   </div>
   <div class='ocr_carea' id='block_1_6' title="bbox 105 793 1803 866">
    <p class='ocr_par' dir='ltr' id='par_1_6' title="bbox 105 793 1803 866">
     <span class='ocr_line' id='line_1_6' title="bbox 105 793 1803 866; baseline 0.001 -18"><span class='ocrx_word' id='word_1_37' title='bbox 105 793 394 864; x_wconf 72' lang='lat' dir='ltr'>injustitize</span> <span class='ocrx_word' id='word_1_38' title='bbox 424 794 714 863; x_wconf 83' lang='lat' dir='ltr'>particeps</span> <span class='ocrx_word' id='word_1_39' title='bbox 742 794 1068 848; x_wconf 83' lang='lat' dir='ltr'>haberetur.</span> <span class='ocrx_word' id='word_1_40' title='bbox 1098 796 1463 866; x_wconf 86' lang='lat' dir='ltr'>Quapropter</span> <span class='ocrx_word' id='word_1_41' title='bbox 1495 797 1696 850; x_wconf 89' lang='lat' dir='ltr'>maluit</span> <span class='ocrx_word' id='word_1_42' title='bbox 1717 797 1803 849; x_wconf 92' lang='lat' dir='ltr'>in-</span> 
     </span>
    </p>
   </div>
   <div class='ocr_carea' id='block_1_7' title="bbox 104 881 1803 953">
    <p class='ocr_par' dir='ltr' id='par_1_7' title="bbox 104 881 1803 953">
     <span class='ocr_line' id='line_1_7' title="bbox 104 881 1803 953; baseline 0.001 -17"><span class='ocrx_word' id='word_1_43' title='bbox 104 898 283 953; x_wconf 82' lang='lat' dir='ltr'>genue</span> <span class='ocrx_word' id='word_1_44' title='bbox 316 887 374 936; x_wconf 90' lang='lat' dir='ltr'>et</span> <span class='ocrx_word' id='word_1_45' title='bbox 401 885 598 952; x_wconf 86' lang='lat' dir='ltr'>aperte</span> <span class='ocrx_word' id='word_1_46' title='bbox 620 881 802 947; x_wconf 84' lang='lat' dir='ltr'>fateri,</span> <span class='ocrx_word' id='word_1_47' title='bbox 839 882 1062 935; x_wconf 83' lang='lat' dir='ltr'>relictos</span> <span class='ocrx_word' id='word_1_48' title='bbox 1093 883 1201 937; x_wconf 90' lang='lat' dir='ltr'>sibi</span> <span class='ocrx_word' id='word_1_49' title='bbox 1230 900 1261 936; x_wconf 89' lang='lat' dir='ltr'>a</span> <span class='ocrx_word' id='word_1_50' title='bbox 1290 900 1632 953; x_wconf 79' lang='lat' dir='ltr'>praecessore</span> <span class='ocrx_word' id='word_1_51' title='bbox 1675 885 1803 939; x_wconf 90' lang='lat' dir='ltr'>fun-</span> 
     </span>
    </p>
   </div>
   <div class='ocr_carea' id='block_1_8' title="bbox 101 969 1806 1043">
    <p class='ocr_par' dir='ltr' id='par_1_8' title="bbox 101 969 1806 1043">
     <span class='ocr_line' id='line_1_8' title="bbox 101 969 1806 1043; baseline 0.002 -19"><span class='ocrx_word' id='word_1_52' title='bbox 101 972 194 1025; x_wconf 86' lang='lat' dir='ltr'>dos</span> <span class='ocrx_word' id='word_1_53' title='bbox 226 970 480 1042; x_wconf 86' lang='lat' dir='ltr'>pecunia</span> <span class='ocrx_word' id='word_1_54' title='bbox 512 969 714 1024; x_wconf 74' lang='lat' dir='ltr'>aerario</span> <span class='ocrx_word' id='word_1_55' title='bbox 753 970 943 1024; x_wconf 86' lang='lat' dir='ltr'>debita</span> <span class='ocrx_word' id='word_1_56' title='bbox 973 976 1194 1043; x_wconf 90' lang='lat' dir='ltr'>emptos</span> <span class='ocrx_word' id='word_1_57' title='bbox 1242 973 1437 1028; x_wconf 90' lang='lat' dir='ltr'>fuisse.</span> <span class='ocrx_word' id='word_1_58' title='bbox 1484 974 1806 1028; x_wconf 86' lang='lat' dir='ltr'>Bonifacius</span> 
     </span>
    </p>
   </div>
   <div class='ocr_carea' id='block_1_9' title="bbox 94 1058 1803 1131">
    <p class='ocr_par' dir='ltr' id='par_1_9' title="bbox 94 1058 1803 1131">
     <span class='ocr_line' id='line_1_9' title="bbox 94 1058 1803 1131; baseline 0.001 -17"><span class='ocrx_word' id='word_1_59' title='bbox 94 1065 289 1126; x_wconf 77' lang='lat' dir='ltr'>autem</span> <span class='ocrx_word' id='word_1_60' title='bbox 317 1060 442 1129; x_wconf 90' lang='lat' dir='ltr'>jam</span> <span class='ocrx_word' id='word_1_61' title='bbox 472 1058 607 1113; x_wconf 80' lang='lat' dir='ltr'>inde</span> <span class='ocrx_word' id='word_1_62' title='bbox 639 1075 672 1112; x_wconf 87' lang='lat' dir='ltr'>a</span> <span class='ocrx_word' id='word_1_63' title='bbox 701 1075 896 1113; x_wconf 89' lang='lat' dir='ltr'>mense</span> <span class='ocrx_word' id='word_1_64' title='bbox 927 1065 1169 1131; x_wconf 88' lang='lat' dir='ltr'>augusto</span> <span class='ocrx_word' id='word_1_65' title='bbox 1202 1061 1803 1131; x_wconf 88' lang='lat' dir='ltr'>anniquadringente-</span> 
     </span>
    </p>
   </div>
   <div class='ocr_carea' id='block_1_10' title="bbox 89 1146 1803 1219">
    <p class='ocr_par' dir='ltr' id='par_1_10' title="bbox 89 1146 1803 1219">
     <span class='ocr_line' id='line_1_10' title="bbox 89 1146 1803 1219; baseline 0 -18"><span class='ocrx_word' id='word_1_66' title='bbox 89 1148 222 1201; x_wconf 83' lang='lat' dir='ltr'>simi</span> <span class='ocrx_word' id='word_1_67' title='bbox 270 1146 458 1201; x_wconf 91' lang='lat' dir='ltr'>octavi</span> <span class='ocrx_word' id='word_1_68' title='bbox 515 1146 584 1201; x_wconf 92' lang='lat' dir='ltr'>ad</span> <span class='ocrx_word' id='word_1_69' title='bbox 628 1146 1041 1218; x_wconf 86' lang='lat' dir='ltr'>episcopatum,</span> <span class='ocrx_word' id='word_1_70' title='bbox 1094 1151 1158 1202; x_wconf 90' lang='lat' dir='ltr'>ut</span> <span class='ocrx_word' id='word_1_71' title='bbox 1203 1164 1306 1202; x_wconf 91' lang='lat' dir='ltr'>suo</span> <span class='ocrx_word' id='word_1_72' title='bbox 1358 1149 1481 1203; x_wconf 91' lang='lat' dir='ltr'>loco</span> <span class='ocrx_word' id='word_1_73' title='bbox 1529 1150 1803 1219; x_wconf 84' lang='lat' dir='ltr'>dicemus,</span> 
     </span>
    </p>
   </div>
   <div class='ocr_carea' id='block_1_11' title="bbox 89 1236 545 1291">
    <p class='ocr_par' dir='ltr' id='par_1_11' title="bbox 89 1236 545 1291">
     <span class='ocr_line' id='line_1_11' title="bbox 89 1236 545 1291; baseline -0.004 0"><span class='ocrx_word' id='word_1_74' title='bbox 89 1237 307 1291; x_wconf 86' lang='lat' dir='ltr'>ascitus</span> <span class='ocrx_word' id='word_1_75' title='bbox 336 1236 545 1290; x_wconf 85' lang='lat' dir='ltr'>fuerat.</span> 
     </span>
    </p>
   </div>
   <div class='ocr_carea' id='block_1_12' title="bbox 161 1324 1803 1397">
    <p class='ocr_par' dir='ltr' id='par_1_12' title="bbox 161 1324 1803 1397">
     <span class='ocr_line' id='line_1_12' title="bbox 161 1324 1803 1397; baseline -0.001 -16"><span class='ocrx_word' id='word_1_76' title='bbox 161 1330 213 1381; x_wconf 87' lang='lat'>3.</span> <span class='ocrx_word' id='word_1_77' title='bbox 260 1324 422 1380; x_wconf 81' lang='lat' dir='ltr'>Nihil</span> <span class='ocrx_word' id='word_1_78' title='bbox 452 1328 537 1378; x_wconf 89' lang='lat' dir='ltr'>est</span> <span class='ocrx_word' id='word_1_79' title='bbox 563 1324 745 1393; x_wconf 85' lang='lat' dir='ltr'>dubii,</span> <span class='ocrx_word' id='word_1_80' title='bbox 789 1324 930 1395; x_wconf 91' lang='lat' dir='ltr'>quin</span> <span class='ocrx_word' id='word_1_81' title='bbox 958 1324 1268 1380; x_wconf 89' lang='lat' dir='ltr'>severiores</span> <span class='ocrx_word' id='word_1_82' title='bbox 1314 1324 1439 1379; x_wconf 88' lang='lat' dir='ltr'>illas</span> <span class='ocrx_word' id='word_1_83' title='bbox 1488 1326 1623 1380; x_wconf 90' lang='lat' dir='ltr'>anni</span> <span class='ocrx_word' id='word_1_84' title='bbox 1664 1343 1803 1397; x_wconf 88' lang='lat' dir='ltr'>qua-</span> 
     </span>
    </p>
   </div>
   <div class='ocr_carea' id='block_1_13' title="bbox 87 1409 1806 1484">
    <p class='ocr_par' dir='ltr' id='par_1_13' title="bbox 87 1409 1806 1484">
     <span class='ocr_line' id='line_1_13' title="bbox 87 1409 1806 1484; baseline 0.005 -22"><span class='ocrx_word' id='word_1_85' title='bbox 87 1409 538 1480; x_wconf 88' lang='lat' dir='ltr'>dringentesimi</span> <span class='ocrx_word' id='word_1_86' title='bbox 568 1411 756 1482; x_wconf 86' lang='lat' dir='ltr'>quinti</span> <span class='ocrx_word' id='word_1_87' title='bbox 782 1412 938 1482; x_wconf 83' lang='lat' dir='ltr'>leges</span> <span class='ocrx_word' id='word_1_88' title='bbox 958 1413 1020 1467; x_wconf 92' lang='lat' dir='ltr'>in</span> <span class='ocrx_word' id='word_1_89' title='bbox 1051 1413 1377 1468; x_wconf 90' lang='lat' dir='ltr'>Donatistas</span> <span class='ocrx_word' id='word_1_90' title='bbox 1395 1416 1516 1484; x_wconf 86' lang='lat' dir='ltr'>jam</span> <span class='ocrx_word' id='word_1_91' title='bbox 1546 1420 1668 1469; x_wconf 90' lang='lat' dir='ltr'>tum</span> <span class='ocrx_word' id='word_1_92' title='bbox 1701 1418 1806 1469; x_wconf 86' lang='lat' dir='ltr'>Ho-</span> 
     </span>
    </p>
   </div>
   <div class='ocr_carea' id='block_1_14' title="bbox 87 1498 1803 1572">
    <p class='ocr_par' dir='ltr' id='par_1_14' title="bbox 87 1498 1803 1572">
     <span class='ocr_line' id='line_1_14' title="bbox 87 1498 1803 1572; baseline 0.003 -22"><span class='ocrx_word' id='word_1_93' title='bbox 87 1498 294 1552; x_wconf 89' lang='lat' dir='ltr'>norius</span> <span class='ocrx_word' id='word_1_94' title='bbox 333 1499 585 1567; x_wconf 86' lang='lat' dir='ltr'>tulisset,</span> <span class='ocrx_word' id='word_1_95' title='bbox 618 1516 748 1554; x_wconf 92' lang='lat' dir='ltr'>cum</span> <span class='ocrx_word' id='word_1_96' title='bbox 773 1501 1127 1571; x_wconf 80' lang='lat' dir='ltr'>Augustinus</span> <span class='ocrx_word' id='word_1_97' title='bbox 1156 1502 1457 1572; x_wconf 86' lang='lat' dir='ltr'>epistolam</span> <span class='ocrx_word' id='word_1_98' title='bbox 1488 1503 1557 1557; x_wconf 91' lang='lat' dir='ltr'>ad</span> <span class='ocrx_word' id='word_1_99' title='bbox 1586 1504 1803 1557; x_wconf 85' lang='lat' dir='ltr'>Emeri-</span> 
     </span>
    </p>
   </div>
   <div class='ocr_carea' id='block_1_15' title="bbox 93 1588 1808 1662">
    <p class='ocr_par' dir='ltr' id='par_1_15' title="bbox 93 1588 1808 1662">
     <span class='ocr_line' id='line_1_15' title="bbox 93 1588 1808 1662; baseline 0.002 -22"><span class='ocrx_word' id='word_1_100' title='bbox 93 1592 215 1641; x_wconf 85' lang='lat' dir='ltr'>tnm</span> <span class='ocrx_word' id='word_1_101' title='bbox 248 1588 684 1643; x_wconf 89' lang='lat' dir='ltr'>Donatistarum</span> <span class='ocrx_word' id='word_1_102' title='bbox 727 1590 1145 1645; x_wconf 70' lang='lat' dir='ltr'>Ctesareensem</span> <span class='ocrx_word' id='word_1_103' title='bbox 1194 1590 1529 1661; x_wconf 86' lang='lat' dir='ltr'>episcopum</span> <span class='ocrx_word' id='word_1_104' title='bbox 1582 1592 1808 1662; x_wconf 85' lang='lat' dir='ltr'>scripsit</span> 
     </span>
    </p>
   </div>
   <div class='ocr_carea' id='block_1_16' title="bbox 92 1677 1804 1750">
    <p class='ocr_par' dir='ltr' id='par_1_16' title="bbox 92 1677 1804 1750">
     <span class='ocr_line' id='line_1_16' title="bbox 92 1677 1804 1750; baseline 0.002 -21"><span class='ocrx_word' id='word_1_105' title='bbox 92 1677 297 1744; x_wconf 80' lang='lat' dir='ltr'>(Epist.</span> <span class='ocrx_word' id='word_1_106' title='bbox 345 1679 439 1743; x_wconf 83' lang='lat'>8&#39;7,</span> <span class='ocrx_word' id='word_1_107' title='bbox 479 1693 535 1733; x_wconf 81' lang='grc' dir='ltr'><strong>η.</strong></span> <span class='ocrx_word' id='word_1_108' title='bbox 569 1679 640 1745; x_wconf 91' lang='grc'>8).</span> <span class='ocrx_word' id='word_1_109' title='bbox 697 1679 892 1750; x_wconf 87' lang='lat' dir='ltr'>Neque</span> <span class='ocrx_word' id='word_1_110' title='bbox 939 1678 1132 1733; x_wconf 89' lang='lat' dir='ltr'>minus</span> <span class='ocrx_word' id='word_1_111' title='bbox 1194 1684 1410 1733; x_wconf 84' lang='lat' dir='ltr'>constat</span> <span class='ocrx_word' id='word_1_112' title='bbox 1466 1696 1591 1733; x_wconf 92' lang='lat' dir='ltr'>eam</span> <span class='ocrx_word' id='word_1_113' title='bbox 1644 1679 1804 1750; x_wconf 90' lang='lat' dir='ltr'>prius</span> 
     </span>
    </p>
   </div>
   <div class='ocr_carea' id='block_1_17' title="bbox 89 1765 1803 1837">
    <p class='ocr_par' dir='ltr' id='par_1_17' title="bbox 89 1765 1803 1837">
     <span class='ocr_line' id='line_1_17' title="bbox 89 1765 1803 1837; baseline 0.003 -22"><span class='ocrx_word' id='word_1_114' title='bbox 89 1765 369 1835; x_wconf 78' lang='lat' dir='ltr'>scriptam</span> <span class='ocrx_word' id='word_1_115' title='bbox 404 1782 548 1834; x_wconf 87' lang='lat' dir='ltr'>esse,</span> <span class='ocrx_word' id='word_1_116' title='bbox 580 1783 754 1837; x_wconf 90' lang='lat' dir='ltr'>quam</span> <span class='ocrx_word' id='word_1_117' title='bbox 784 1768 1063 1821; x_wconf 86' lang='lat' dir='ltr'>habeatur</span> <span class='ocrx_word' id='word_1_118' title='bbox 1092 1767 1345 1831; x_wconf 89' lang='lat' dir='ltr'>Collatio,</span> <span class='ocrx_word' id='word_1_119' title='bbox 1382 1767 1478 1821; x_wconf 89' lang='lat' dir='ltr'>ubi</span> <span class='ocrx_word' id='word_1_120' title='bbox 1523 1769 1803 1821; x_wconf 89' lang='lat' dir='ltr'>Emeritus</span> 
     </span>
    </p>
   </div>
   <div class='ocr_carea' id='block_1_18' title="bbox 90 1853 1803 1927">
    <p class='ocr_par' dir='ltr' id='par_1_18' title="bbox 90 1853 1803 1927">
     <span class='ocr_line' id='line_1_18' title="bbox 90 1853 1803 1927; baseline 0.002 -22"><span class='ocrx_word' id='word_1_121' title='bbox 90 1853 189 1907; x_wconf 86' lang='lat' dir='ltr'>ille</span> <span class='ocrx_word' id='word_1_122' title='bbox 214 1854 403 1924; x_wconf 85' lang='lat' dir='ltr'>partis</span> <span class='ocrx_word' id='word_1_123' title='bbox 429 1871 547 1908; x_wconf 64' lang='lat' dir='ltr'>suae</span> <span class='ocrx_word' id='word_1_124' title='bbox 579 1871 806 1909; x_wconf 86' lang='lat' dir='ltr'>causam</span> <span class='ocrx_word' id='word_1_125' title='bbox 854 1861 974 1910; x_wconf 90' lang='lat' dir='ltr'>tam</span> <span class='ocrx_word' id='word_1_126' title='bbox 1004 1856 1228 1921; x_wconf 85' lang='lat' dir='ltr'>acriter,</span> <span class='ocrx_word' id='word_1_127' title='bbox 1275 1872 1449 1927; x_wconf 89' lang='lat' dir='ltr'>quam</span> <span class='ocrx_word' id='word_1_128' title='bbox 1496 1856 1803 1926; x_wconf 86' lang='lat' dir='ltr'>quisquam</span> 
     </span>
    </p>
   </div>
   <div class='ocr_carea' id='block_1_19' title="bbox 91 1942 1802 2015">
    <p class='ocr_par' dir='ltr' id='par_1_19' title="bbox 91 1942 1802 2015">
     <span class='ocr_line' id='line_1_19' title="bbox 91 1942 1802 2015; baseline 0.002 -20"><span class='ocrx_word' id='word_1_129' title='bbox 91 1942 259 2009; x_wconf 87' lang='lat' dir='ltr'>alius,</span> <span class='ocrx_word' id='word_1_130' title='bbox 290 1944 551 1997; x_wconf 83' lang='lat' dir='ltr'>defendit</span> <span class='ocrx_word' id='word_1_131' title='bbox 576 1960 590 2010; x_wconf 89' lang='lat'>;</span> <span class='ocrx_word' id='word_1_132' title='bbox 625 1945 1089 2015; x_wconf 86' lang='lat' dir='ltr'>quandoquidem</span> <span class='ocrx_word' id='word_1_133' title='bbox 1115 1961 1247 1999; x_wconf 89' lang='lat' dir='ltr'>eum</span> <span class='ocrx_word' id='word_1_134' title='bbox 1276 1945 1627 2015; x_wconf 75' lang='lat' dir='ltr'>Augustinus</span> <span class='ocrx_word' id='word_1_135' title='bbox 1656 1961 1802 1999; x_wconf 89' lang='lat' dir='ltr'>non-</span> 
     </span>
    </p>
   </div>
   <div class='ocr_carea' id='block_1_20' title="bbox 88 2031 1804 2104">
    <p class='ocr_par' dir='ltr' id='par_1_20' title="bbox 88 2031 1804 2104">
     <span class='ocr_line' id='line_1_20' title="bbox 88 2031 1804 2104; baseline 0.001 -20"><span class='ocrx_word' id='word_1_136' title='bbox 88 2031 202 2085; x_wconf 90' lang='lat' dir='ltr'>nisi</span> <span class='ocrx_word' id='word_1_137' title='bbox 230 2048 297 2085; x_wconf 78' lang='lat' dir='ltr'>ex</span> <span class='ocrx_word' id='word_1_138' title='bbox 330 2032 489 2086; x_wconf 87' lang='lat' dir='ltr'>fama</span> <span class='ocrx_word' id='word_1_139' title='bbox 521 2032 815 2102; x_wconf 88' lang='lat' dir='ltr'>cognitum</span> <span class='ocrx_word' id='word_1_140' title='bbox 846 2033 953 2086; x_wconf 93' lang='lat' dir='ltr'>sibi</span> <span class='ocrx_word' id='word_1_141' title='bbox 984 2050 1128 2102; x_wconf 91' lang='lat' dir='ltr'>esse,</span> <span class='ocrx_word' id='word_1_142' title='bbox 1167 2033 1227 2087; x_wconf 91' lang='lat' dir='ltr'>in</span> <span class='ocrx_word' id='word_1_143' title='bbox 1272 2033 1544 2104; x_wconf 65' lang='lat' dir='ltr'>praedicta</span> <span class='ocrx_word' id='word_1_144' title='bbox 1591 2032 1804 2104; x_wconf 87' lang='lat' dir='ltr'>episto-</span> 
     </span>
    </p>
   </div>
   <div class='ocr_carea' id='block_1_21' title="bbox 86 2120 1805 2192">
    <p class='ocr_par' dir='ltr' id='par_1_21' title="bbox 86 2120 1805 2192">
     <span class='ocr_line' id='line_1_21' title="bbox 86 2120 1805 2192; baseline 0.001 -19"><span class='ocrx_word' id='word_1_145' title='bbox 86 2120 146 2173; x_wconf 87' lang='lat' dir='ltr'>la</span> <span class='ocrx_word' id='word_1_146' title='bbox 198 2126 451 2175; x_wconf 86' lang='lat' dir='ltr'>testatur</span> <span class='ocrx_word' id='word_1_147' title='bbox 499 2122 682 2190; x_wconf 82' lang='lat' dir='ltr'>(Ibid.,</span> <span class='ocrx_word' id='word_1_148' title='bbox 728 2138 783 2176; x_wconf 87' lang='grc' dir='ltr'>η.</span> <span class='ocrx_word' id='word_1_149' title='bbox 831 2123 912 2191; x_wconf 87' lang='lat' dir='ltr'>l).</span> <span class='ocrx_word' id='word_1_150' title='bbox 952 2123 1157 2177; x_wconf 88' lang='lat' dir='ltr'>Fuerat</span> <span class='ocrx_word' id='word_1_151' title='bbox 1209 2122 1361 2192; x_wconf 90' lang='lat' dir='ltr'>apud</span> <span class='ocrx_word' id='word_1_152' title='bbox 1418 2122 1805 2177; x_wconf 87' lang='lat' dir='ltr'>schismaticos</span> 
     </span>
    </p>
   </div>
   <div class='ocr_carea' id='block_1_22' title="bbox 94 2209 1805 2283">
    <p class='ocr_par' dir='ltr' id='par_1_22' title="bbox 94 2209 1805 2283">
     <span class='ocr_line' id='line_1_22' title="bbox 94 2209 1805 2283; baseline 0.001 -21"><span class='ocrx_word' id='word_1_153' title='bbox 94 2210 389 2280; x_wconf 86' lang='lat' dir='ltr'>Baptismo</span> <span class='ocrx_word' id='word_1_154' title='bbox 420 2209 701 2279; x_wconf 87' lang='lat' dir='ltr'>initiatus,</span> <span class='ocrx_word' id='word_1_155' title='bbox 725 2228 827 2265; x_wconf 91' lang='lat' dir='ltr'>nec</span> <span class='ocrx_word' id='word_1_156' title='bbox 850 2227 1106 2283; x_wconf 88' lang='lat' dir='ltr'>unquam</span> <span class='ocrx_word' id='word_1_157' title='bbox 1136 2211 1195 2265; x_wconf 92' lang='lat' dir='ltr'>in</span> <span class='ocrx_word' id='word_1_158' title='bbox 1220 2210 1481 2265; x_wconf 61' lang='lat' dir='ltr'>Ecclesia:</span> <span class='ocrx_word' id='word_1_159' title='bbox 1509 2210 1805 2265; x_wconf 71' lang='lat' dir='ltr'>catholicae</span> 
     </span>
    </p>
   </div>
   <div class='ocr_carea' id='block_1_23' title="bbox 89 2299 1803 2371">
    <p class='ocr_par' dir='ltr' id='par_1_23' title="bbox 89 2299 1803 2371">
     <span class='ocr_line' id='line_1_23' title="bbox 89 2299 1803 2371; baseline 0.001 -19"><span class='ocrx_word' id='word_1_160' title='bbox 89 2299 312 2369; x_wconf 84' lang='lat' dir='ltr'>gremio</span> <span class='ocrx_word' id='word_1_161' title='bbox 344 2299 692 2353; x_wconf 90' lang='lat' dir='ltr'>constitutus</span> <span class='ocrx_word' id='word_1_162' title='bbox 722 2300 1049 2371; x_wconf 80' lang='lat' dir='ltr'>(Sermmone</span> <span class='ocrx_word' id='word_1_163' title='bbox 1076 2300 1151 2354; x_wconf 86' lang='lat' dir='ltr'>ad</span> <span class='ocrx_word' id='word_1_164' title='bbox 1179 2301 1381 2356; x_wconf 58' lang='lat' dir='ltr'>Casar.</span> <span class='ocrx_word' id='word_1_165' title='bbox 1416 2301 1662 2354; x_wconf 73' lang='lat' dir='ltr'>Ecclesia:</span> <span class='ocrx_word' id='word_1_166' title='bbox 1690 2300 1803 2369; x_wconf 86' lang='lat' dir='ltr'>ple-</span> 
     </span>
    </p>
   </div>
   <div class='ocr_carea' id='block_1_24' title="bbox 91 2388 1806 2459">
    <p class='ocr_par' dir='ltr' id='par_1_24' title="bbox 91 2388 1806 2459">
     <span class='ocr_line' id='line_1_24' title="bbox 91 2388 1806 2459; baseline 0.001 -18"><span class='ocrx_word' id='word_1_167' title='bbox 91 2389 222 2453; x_wconf 79' lang='lat' dir='ltr'>bem,</span> <span class='ocrx_word' id='word_1_168' title='bbox 266 2405 328 2443; x_wconf 80' lang='grc' dir='ltr'>η.</span> <span class='ocrx_word' id='word_1_169' title='bbox 390 2389 467 2458; x_wconf 97' lang='lat'>2).</span> <span class='ocrx_word' id='word_1_170' title='bbox 519 2388 595 2441; x_wconf 88' lang='lat' dir='ltr'>Ea</span> <span class='ocrx_word' id='word_1_171' title='bbox 647 2392 768 2442; x_wconf 90' lang='lat' dir='ltr'>erat</span> <span class='ocrx_word' id='word_1_172' title='bbox 814 2388 967 2443; x_wconf 89' lang='lat' dir='ltr'>illius</span> <span class='ocrx_word' id='word_1_173' title='bbox 1005 2389 1157 2459; x_wconf 89' lang='lat' dir='ltr'>apud</span> <span class='ocrx_word' id='word_1_174' title='bbox 1207 2404 1336 2442; x_wconf 91' lang='lat' dir='ltr'>suos</span> <span class='ocrx_word' id='word_1_175' title='bbox 1375 2388 1697 2452; x_wconf 83' lang='lat' dir='ltr'>auctoritas,</span> <span class='ocrx_word' id='word_1_176' title='bbox 1743 2391 1806 2442; x_wconf 89' lang='lat' dir='ltr'>ut</span> 
     </span>
    </p>
   </div>
   <div class='ocr_carea' id='block_1_25' title="bbox 90 2476 1806 2547">
    <p class='ocr_par' dir='ltr' id='par_1_25' title="bbox 90 2476 1806 2547">
     <span class='ocr_line' id='line_1_25' title="bbox 90 2476 1806 2547; baseline 0.001 -18"><span class='ocrx_word' id='word_1_177' title='bbox 90 2477 261 2530; x_wconf 88' lang='lat' dir='ltr'>etiam</span> <span class='ocrx_word' id='word_1_178' title='bbox 295 2477 593 2531; x_wconf 88' lang='lat' dir='ltr'>celebrem</span> <span class='ocrx_word' id='word_1_179' title='bbox 630 2477 787 2530; x_wconf 89' lang='lat' dir='ltr'>illam</span> <span class='ocrx_word' id='word_1_180' title='bbox 828 2477 1154 2547; x_wconf 89' lang='lat' dir='ltr'>Bagaiensis</span> <span class='ocrx_word' id='word_1_181' title='bbox 1193 2476 1417 2530; x_wconf 89' lang='lat' dir='ltr'>concilii</span> <span class='ocrx_word' id='word_1_182' title='bbox 1465 2476 1806 2531; x_wconf 89' lang='lat' dir='ltr'>sententiam</span> 
     </span>
    </p>
   </div>
   <div class='ocr_carea' id='block_1_26' title="bbox 92 2564 1805 2635">
    <p class='ocr_par' dir='ltr' id='par_1_26' title="bbox 92 2564 1805 2635">
     <span class='ocr_line' id='line_1_26' title="bbox 92 2564 1805 2635; baseline 0.001 -18"><span class='ocrx_word' id='word_1_183' title='bbox 92 2570 285 2619; x_wconf 86' lang='lat' dir='ltr'>contra</span> <span class='ocrx_word' id='word_1_184' title='bbox 320 2564 774 2619; x_wconf 83' lang='lat' dir='ltr'>Maximianistas</span> <span class='ocrx_word' id='word_1_185' title='bbox 804 2581 954 2618; x_wconf 90' lang='lat' dir='ltr'>anno</span> <span class='ocrx_word' id='word_1_186' title='bbox 999 2581 1172 2635; x_wconf 89' lang='lat' dir='ltr'>supra</span> <span class='ocrx_word' id='word_1_187' title='bbox 1200 2565 1663 2619; x_wconf 88' lang='lat' dir='ltr'>trecentesimum</span> <span class='ocrx_word' id='word_1_188' title='bbox 1696 2582 1805 2618; x_wconf 91' lang='lat' dir='ltr'>no-</span> 
     </span>
    </p>
   </div>
   <div class='ocr_carea' id='block_1_27' title="bbox 89 2652 1805 2724">
    <p class='ocr_par' dir='ltr' id='par_1_27' title="bbox 89 2652 1805 2724">
     <span class='ocr_line' id='line_1_27' title="bbox 89 2652 1805 2724; baseline -0.001 -17"><span class='ocrx_word' id='word_1_189' title='bbox 89 2654 397 2724; x_wconf 87' lang='lat' dir='ltr'>nagesimo</span> <span class='ocrx_word' id='word_1_190' title='bbox 429 2657 639 2724; x_wconf 88' lang='lat' dir='ltr'>quarto</span> <span class='ocrx_word' id='word_1_191' title='bbox 670 2653 1053 2724; x_wconf 87' lang='lat' dir='ltr'>composuisse</span> <span class='ocrx_word' id='word_1_192' title='bbox 1102 2653 1348 2707; x_wconf 88' lang='lat' dir='ltr'>creditus</span> <span class='ocrx_word' id='word_1_193' title='bbox 1390 2652 1463 2706; x_wconf 88' lang='lat' dir='ltr'>sit</span> <span class='ocrx_word' id='word_1_194' title='bbox 1509 2654 1604 2724; x_wconf 80' lang='lat' dir='ltr'>(De</span> <span class='ocrx_word' id='word_1_195' title='bbox 1635 2654 1805 2709; x_wconf 86' lang='lat' dir='ltr'>Gestis</span> 
     </span>
    </p>
   </div>
   <div class='ocr_carea' id='block_1_28' title="bbox 92 2740 1805 2812">
    <p class='ocr_par' dir='ltr' id='par_1_28' title="bbox 92 2740 1805 2812">
     <span class='ocr_line' id='line_1_28' title="bbox 92 2740 1805 2812; baseline -0.001 -17"><span class='ocrx_word' id='word_1_196' title='bbox 92 2758 206 2795; x_wconf 80' lang='lat' dir='ltr'>cum</span> <span class='ocrx_word' id='word_1_197' title='bbox 258 2745 526 2807; x_wconf 81' lang='lat' dir='ltr'>Emerita,</span> <span class='ocrx_word' id='word_1_198' title='bbox 570 2759 622 2796; x_wconf 82' lang='grc' dir='ltr'>η.</span> <span class='ocrx_word' id='word_1_199' title='bbox 669 2744 776 2805; x_wconf 86' lang='lat' dir='ltr'>lO).</span> <span class='ocrx_word' id='word_1_200' title='bbox 840 2741 1162 2796; x_wconf 86' lang='lat' dir='ltr'>Habebatur</span> <span class='ocrx_word' id='word_1_201' title='bbox 1208 2741 1356 2796; x_wconf 86' lang='lat' dir='ltr'>felici</span> <span class='ocrx_word' id='word_1_202' title='bbox 1395 2742 1670 2812; x_wconf 67' lang='lat' dir='ltr'>praeditus</span> <span class='ocrx_word' id='word_1_203' title='bbox 1718 2740 1805 2794; x_wconf 92' lang='lat' dir='ltr'>in-</span> 
     </span>
    </p>
   </div>
   <div class='ocr_carea' id='block_1_29' title="bbox 94 2829 1807 2901">
    <p class='ocr_par' dir='ltr' id='par_1_29' title="bbox 94 2829 1807 2901">
     <span class='ocr_line' id='line_1_29' title="bbox 94 2829 1807 2901; baseline -0.001 -17"><span class='ocrx_word' id='word_1_204' title='bbox 94 2831 278 2901; x_wconf 87' lang='lat' dir='ltr'>genio,</span> <span class='ocrx_word' id='word_1_205' title='bbox 314 2832 578 2885; x_wconf 87' lang='lat' dir='ltr'>honestis</span> <span class='ocrx_word' id='word_1_206' title='bbox 600 2829 915 2901; x_wconf 90' lang='lat' dir='ltr'>disciplinis</span> <span class='ocrx_word' id='word_1_207' title='bbox 947 2832 1226 2898; x_wconf 85' lang='lat' dir='ltr'>excultus,</span> <span class='ocrx_word' id='word_1_208' title='bbox 1255 2829 1572 2885; x_wconf 90' lang='lat' dir='ltr'>liberaliter</span> <span class='ocrx_word' id='word_1_209' title='bbox 1608 2830 1807 2884; x_wconf 88' lang='lat' dir='ltr'>educa-</span> 
     </span>
    </p>
   </div>
   <div class='ocr_carea' id='block_1_30' title="bbox 92 2917 1803 2989">
    <p class='ocr_par' dir='ltr' id='par_1_30' title="bbox 92 2917 1803 2989">
     <span class='ocr_line' id='line_1_30' title="bbox 92 2917 1803 2989; baseline -0.001 -16"><span class='ocrx_word' id='word_1_210' title='bbox 92 2924 179 2973; x_wconf 83' lang='lat' dir='ltr'>tus</span> <span class='ocrx_word' id='word_1_211' title='bbox 210 2920 416 2989; x_wconf 79' lang='lat' dir='ltr'>(Epist.</span> <span class='ocrx_word' id='word_1_212' title='bbox 468 2922 558 2986; x_wconf 77' lang='lat'>85,</span> <span class='ocrx_word' id='word_1_213' title='bbox 599 2935 689 2974; x_wconf 87' lang='lat' dir='ltr'>nn.</span> <span class='ocrx_word' id='word_1_214' title='bbox 745 2923 792 2989; x_wconf 88' lang='grc'>1,</span> <span class='ocrx_word' id='word_1_215' title='bbox 842 2921 943 2988; x_wconf 92' lang='lat' dir='ltr'>l0).</span> <span class='ocrx_word' id='word_1_216' title='bbox 993 2919 1265 2974; x_wconf 86' lang='lat' dir='ltr'>Violentis</span> <span class='ocrx_word' id='word_1_217' title='bbox 1307 2935 1541 2973; x_wconf 89' lang='lat' dir='ltr'>suorum</span> <span class='ocrx_word' id='word_1_218' title='bbox 1588 2917 1803 2973; x_wconf 91' lang='lat' dir='ltr'>conati-</span> 
     </span>
    </p>
   </div>
   <div class='ocr_carea' id='block_1_31' title="bbox 98 3007 1803 3079">
    <p class='ocr_par' dir='ltr' id='par_1_31' title="bbox 98 3007 1803 3079">
     <span class='ocr_line' id='line_1_31' title="bbox 98 3007 1803 3079; baseline -0.001 -17"><span class='ocrx_word' id='word_1_219' title='bbox 98 3010 199 3062; x_wconf 88' lang='lat' dir='ltr'>bus</span> <span class='ocrx_word' id='word_1_220' title='bbox 229 3009 492 3062; x_wconf 83' lang='lat' dir='ltr'>infeusus</span> <span class='ocrx_word' id='word_1_221' title='bbox 523 3013 663 3075; x_wconf 87' lang='lat' dir='ltr'>erat,</span> <span class='ocrx_word' id='word_1_222' title='bbox 694 3025 756 3060; x_wconf 89' lang='lat' dir='ltr'>ac</span> <span class='ocrx_word' id='word_1_223' title='bbox 786 3013 961 3061; x_wconf 66' lang='lat' dir='ltr'>tantae</span> <span class='ocrx_word' id='word_1_224' title='bbox 994 3008 1243 3078; x_wconf 90' lang='lat' dir='ltr'>denique</span> <span class='ocrx_word' id='word_1_225' title='bbox 1272 3007 1592 3079; x_wconf 87' lang='lat' dir='ltr'>probitatis,</span> <span class='ocrx_word' id='word_1_226' title='bbox 1622 3022 1803 3077; x_wconf 84' lang='lat' dir='ltr'>quan-</span> 
     </span>
    </p>
   </div>
   <div class='ocr_carea' id='block_1_32' title="bbox 96 3094 1804 3167">
    <p class='ocr_par' dir='ltr' id='par_1_32' title="bbox 96 3094 1804 3167">
     <span class='ocr_line' id='line_1_32' title="bbox 96 3094 1804 3167; baseline -0.001 -17"><span class='ocrx_word' id='word_1_227' title='bbox 96 3104 153 3150; x_wconf 81' lang='lat' dir='ltr'>ta</span> <span class='ocrx_word' id='word_1_228' title='bbox 181 3098 237 3150; x_wconf 91' lang='lat' dir='ltr'>in</span> <span class='ocrx_word' id='word_1_229' title='bbox 270 3096 639 3151; x_wconf 88' lang='lat' dir='ltr'>schismatico</span> <span class='ocrx_word' id='word_1_230' title='bbox 690 3095 874 3150; x_wconf 91' lang='lat' dir='ltr'>inesse</span> <span class='ocrx_word' id='word_1_231' title='bbox 905 3101 1116 3166; x_wconf 82' lang='lat' dir='ltr'>posset.</span> <span class='ocrx_word' id='word_1_232' title='bbox 1141 3096 1494 3167; x_wconf 83' lang='lat' dir='ltr'>Augustinus</span> <span class='ocrx_word' id='word_1_233' title='bbox 1541 3094 1631 3161; x_wconf 90' lang='lat' dir='ltr'>iis,</span> <span class='ocrx_word' id='word_1_234' title='bbox 1674 3111 1804 3165; x_wconf 67' lang='lat' dir='ltr'>quas</span> 
     </span>
    </p>
   </div>
   <div class='ocr_carea' id='block_1_33' title="bbox 100 3182 1804 3255">
    <p class='ocr_par' dir='ltr' id='par_1_33' title="bbox 100 3182 1804 3255">
     <span class='ocr_line' id='line_1_33' title="bbox 100 3182 1804 3255; baseline -0.002 -16"><span class='ocrx_word' id='word_1_235' title='bbox 100 3186 163 3239; x_wconf 90' lang='lat' dir='ltr'>dc</span> <span class='ocrx_word' id='word_1_236' title='bbox 195 3187 292 3239; x_wconf 91' lang='lat' dir='ltr'>illo</span> <span class='ocrx_word' id='word_1_237' title='bbox 343 3201 476 3239; x_wconf 90' lang='lat' dir='ltr'>cum</span> <span class='ocrx_word' id='word_1_238' title='bbox 518 3185 691 3238; x_wconf 90' lang='lat' dir='ltr'>laude</span> <span class='ocrx_word' id='word_1_239' title='bbox 733 3186 1164 3255; x_wconf 88' lang='lat' dir='ltr'>spargebantur,</span> <span class='ocrx_word' id='word_1_240' title='bbox 1215 3184 1391 3238; x_wconf 82' lang='lat' dir='ltr'>tidem</span> <span class='ocrx_word' id='word_1_241' title='bbox 1428 3199 1544 3237; x_wconf 89' lang='lat' dir='ltr'>non</span> <span class='ocrx_word' id='word_1_242' title='bbox 1594 3182 1804 3236; x_wconf 89' lang='lat' dir='ltr'>invitus</span> 
     </span>
    </p>
   </div>
   <div class='ocr_carea' id='block_1_34' title="bbox 102 3272 1801 3343">
    <p class='ocr_par' dir='ltr' id='par_1_34' title="bbox 102 3272 1801 3343">
     <span class='ocr_line' id='line_1_34' title="bbox 102 3272 1801 3343; baseline -0.002 -15"><span class='ocrx_word' id='word_1_243' title='bbox 102 3275 332 3339; x_wconf 86' lang='lat' dir='ltr'>habuit;</span> <span class='ocrx_word' id='word_1_244' title='bbox 368 3273 632 3343; x_wconf 90' lang='lat' dir='ltr'>quinimo</span> <span class='ocrx_word' id='word_1_245' title='bbox 665 3276 728 3325; x_wconf 92' lang='lat' dir='ltr'>ut</span> <span class='ocrx_word' id='word_1_246' title='bbox 758 3289 822 3326; x_wconf 89' lang='lat' dir='ltr'>ea</span> <span class='ocrx_word' id='word_1_247' title='bbox 856 3273 1078 3327; x_wconf 87' lang='lat' dir='ltr'>veritati</span> <span class='ocrx_word' id='word_1_248' title='bbox 1125 3275 1525 3343; x_wconf 88' lang='lat' dir='ltr'>congruerent,</span> <span class='ocrx_word' id='word_1_249' title='bbox 1570 3272 1801 3342; x_wconf 91' lang='lat' dir='ltr'>optavit.</span> 
     </span>
    </p>
   </div>
   <div class='ocr_carea' id='block_1_35' title="bbox 106 3360 1803 3432">
    <p class='ocr_par' dir='ltr' id='par_1_35' title="bbox 106 3360 1803 3432">
     <span class='ocr_line' id='line_1_35' title="bbox 106 3360 1803 3432; baseline -0.001 -16"><span class='ocrx_word' id='word_1_250' title='bbox 106 3362 319 3416; x_wconf 86' lang='lat' dir='ltr'>Etenim</span> <span class='ocrx_word' id='word_1_251' title='bbox 346 3361 639 3432; x_wconf 66' lang='lat' dir='ltr'>praecipuo</span> <span class='ocrx_word' id='word_1_252' title='bbox 668 3361 917 3432; x_wconf 89' lang='lat' dir='ltr'>quodam</span> <span class='ocrx_word' id='word_1_253' title='bbox 947 3361 1137 3415; x_wconf 90' lang='lat' dir='ltr'>studio</span> <span class='ocrx_word' id='word_1_254' title='bbox 1172 3361 1232 3414; x_wconf 92' lang='lat' dir='ltr'>in</span> <span class='ocrx_word' id='word_1_255' title='bbox 1264 3377 1361 3414; x_wconf 91' lang='lat' dir='ltr'>eos</span> <span class='ocrx_word' id='word_1_256' title='bbox 1390 3360 1803 3431; x_wconf 90' lang='lat' dir='ltr'>propendebat,</span> 
     </span>
    </p>
   </div>
   <div class='ocr_carea' id='block_1_36' title="bbox 110 3450 1807 3523">
    <p class='ocr_par' dir='ltr' id='par_1_36' title="bbox 110 3450 1807 3523">
     <span class='ocr_line' id='line_1_36' title="bbox 110 3450 1807 3523; baseline -0.001 -18"><span class='ocrx_word' id='word_1_257' title='bbox 110 3453 200 3523; x_wconf 85' lang='lat' dir='ltr'>qui</span> <span class='ocrx_word' id='word_1_258' title='bbox 226 3452 372 3506; x_wconf 89' lang='lat' dir='ltr'>tales</span> <span class='ocrx_word' id='word_1_259' title='bbox 403 3454 614 3517; x_wconf 89' lang='lat' dir='ltr'>essent,</span> <span class='ocrx_word' id='word_1_260' title='bbox 648 3450 834 3521; x_wconf 90' lang='lat' dir='ltr'>qualis</span> <span class='ocrx_word' id='word_1_261' title='bbox 865 3451 1014 3522; x_wconf 88' lang='lat' dir='ltr'>apud</span> <span class='ocrx_word' id='word_1_262' title='bbox 1045 3467 1103 3503; x_wconf 90' lang='lat' dir='ltr'>se</span> <span class='ocrx_word' id='word_1_263' title='bbox 1142 3450 1558 3520; x_wconf 89' lang='lat' dir='ltr'>depingebatur</span> <span class='ocrx_word' id='word_1_264' title='bbox 1591 3450 1807 3504; x_wconf 83' lang='lat' dir='ltr'>Emeri-</span> 
     </span>
    </p>
   </div>
   <div class='ocr_carea' id='block_1_37' title="bbox 110 3538 1809 3611">
    <p class='ocr_par' dir='ltr' id='par_1_37' title="bbox 110 3538 1809 3611">
     <span class='ocr_line' id='line_1_37' title="bbox 110 3538 1809 3611; baseline -0.001 -18"><span class='ocrx_word' id='word_1_265' title='bbox 110 3546 226 3595; x_wconf 89' lang='lat' dir='ltr'>tus:</span> <span class='ocrx_word' id='word_1_266' title='bbox 260 3556 513 3611; x_wconf 88' lang='lat' dir='ltr'>cumque</span> <span class='ocrx_word' id='word_1_267' title='bbox 544 3540 673 3593; x_wconf 92' lang='lat' dir='ltr'>illos</span> <span class='ocrx_word' id='word_1_268' title='bbox 699 3556 885 3593; x_wconf 90' lang='lat' dir='ltr'>crasso</span> <span class='ocrx_word' id='word_1_269' title='bbox 917 3539 1191 3611; x_wconf 90' lang='lat' dir='ltr'>quopiam</span> <span class='ocrx_word' id='word_1_270' title='bbox 1238 3555 1429 3593; x_wconf 88' lang='lat' dir='ltr'>errore</span> <span class='ocrx_word' id='word_1_271' title='bbox 1473 3538 1809 3593; x_wconf 90' lang='lat' dir='ltr'>constrictos</span> 
     </span>
    </p>
   </div>
   <div class='ocr_carea' id='block_1_38' title="bbox 107 3626 1807 3698">
    <p class='ocr_par' dir='ltr' id='par_1_38' title="bbox 107 3626 1807 3698">
     <span class='ocr_line' id='line_1_38' title="bbox 107 3626 1807 3698; baseline -0.002 -15"><span class='ocrx_word' id='word_1_272' title='bbox 107 3630 387 3691; x_wconf 84' lang='lat' dir='ltr'>cernebat,</span> <span class='ocrx_word' id='word_1_273' title='bbox 414 3644 530 3698; x_wconf 92' lang='lat' dir='ltr'>quo</span> <span class='ocrx_word' id='word_1_274' title='bbox 560 3627 878 3681; x_wconf 88' lang='lat' dir='ltr'>mirabatur</span> <span class='ocrx_word' id='word_1_275' title='bbox 908 3627 1107 3697; x_wconf 88' lang='lat' dir='ltr'>magis,</span> <span class='ocrx_word' id='word_1_276' title='bbox 1126 3627 1236 3681; x_wconf 92' lang='lat' dir='ltr'>hoc</span> <span class='ocrx_word' id='word_1_277' title='bbox 1265 3626 1445 3697; x_wconf 88' lang='lat' dir='ltr'>magis</span> <span class='ocrx_word' id='word_1_278' title='bbox 1475 3626 1535 3680; x_wconf 90' lang='lat' dir='ltr'>in</span> <span class='ocrx_word' id='word_1_279' title='bbox 1577 3626 1807 3680; x_wconf 88' lang='lat' dir='ltr'>illorum</span> 
     </span>
    </p>
   </div>
   <div class='ocr_carea' id='block_1_39' title="bbox 100 3714 1809 3788">
    <p class='ocr_par' dir='ltr' id='par_1_39' title="bbox 100 3714 1809 3788">
     <span class='ocr_line' id='line_1_39' title="bbox 100 3714 1809 3788; baseline -0.002 -17"><span class='ocrx_word' id='word_1_280' title='bbox 100 3716 489 3788; x_wconf 83' lang='lat' dir='ltr'>cognitionem</span> <span class='ocrx_word' id='word_1_281' title='bbox 515 3715 1051 3786; x_wconf 87' lang='lat' dir='ltr'>atquecolloqnium</span> <span class='ocrx_word' id='word_1_282' title='bbox 1081 3714 1274 3769; x_wconf 85' lang='lat' dir='ltr'>venire</span> <span class='ocrx_word' id='word_1_283' title='bbox 1289 3714 1574 3785; x_wconf 89' lang='lat' dir='ltr'>cupiebat,</span> <span class='ocrx_word' id='word_1_284' title='bbox 1607 3718 1673 3768; x_wconf 92' lang='lat' dir='ltr'>ut</span> <span class='ocrx_word' id='word_1_285' title='bbox 1712 3730 1809 3767; x_wconf 87' lang='lat' dir='ltr'>eos</span> 
     </span>
    </p>
   </div>
   <div class='ocr_carea' id='block_1_40' title="bbox 101 3801 1810 3874">
    <p class='ocr_par' dir='ltr' id='par_1_40' title="bbox 101 3801 1810 3874">
     <span class='ocr_line' id='line_1_40' title="bbox 101 3801 1810 3874; baseline -0.003 -15"><span class='ocrx_word' id='word_1_286' title='bbox 101 3808 168 3861; x_wconf 85' lang='lat' dir='ltr'>ab</span> <span class='ocrx_word' id='word_1_287' title='bbox 197 3807 370 3861; x_wconf 90' lang='lat' dir='ltr'>hocce</span> <span class='ocrx_word' id='word_1_288' title='bbox 394 3805 537 3859; x_wconf 89' lang='lat' dir='ltr'>vitio</span> <span class='ocrx_word' id='word_1_289' title='bbox 556 3804 841 3859; x_wconf 89' lang='lat' dir='ltr'>liberaret.</span> <span class='ocrx_word' id='word_1_290' title='bbox 867 3803 1030 3868; x_wconf 87' lang='lat' dir='ltr'>Quod</span> <span class='ocrx_word' id='word_1_291' title='bbox 1061 3803 1252 3874; x_wconf 90' lang='lat' dir='ltr'>ipsum</span> <span class='ocrx_word' id='word_1_292' title='bbox 1281 3802 1341 3856; x_wconf 93' lang='lat' dir='ltr'>in</span> <span class='ocrx_word' id='word_1_293' title='bbox 1361 3819 1529 3857; x_wconf 93' lang='lat' dir='ltr'>causa</span> <span class='ocrx_word' id='word_1_294' title='bbox 1548 3801 1679 3871; x_wconf 88' lang='lat' dir='ltr'>fuit,</span> <span class='ocrx_word' id='word_1_295' title='bbox 1710 3817 1810 3855; x_wconf 91' lang='lat' dir='ltr'>cur</span> 
     </span>
    </p>
   </div>
   <div class='ocr_carea' id='block_1_41' title="bbox 104 3889 1807 3957">
    <p class='ocr_par' dir='ltr' id='par_1_41' title="bbox 104 3889 1807 3957">
     <span class='ocr_line' id='line_1_41' title="bbox 104 3889 1807 3957; baseline -0.004 -8"><span class='ocrx_word' id='word_1_296' title='bbox 104 3896 275 3949; x_wconf 86' lang='lat' dir='ltr'>semel</span> <span class='ocrx_word' id='word_1_297' title='bbox 326 3910 393 3948; x_wconf 86' lang='lat' dir='ltr'>ac</span> <span class='ocrx_word' id='word_1_298' title='bbox 441 3893 653 3947; x_wconf 88' lang='lat' dir='ltr'>iterum</span> <span class='ocrx_word' id='word_1_299' title='bbox 699 3892 769 3946; x_wconf 90' lang='lat' dir='ltr'>ad</span> <span class='ocrx_word' id='word_1_300' title='bbox 823 3892 1087 3946; x_wconf 89' lang='lat' dir='ltr'>eumdem</span> <span class='ocrx_word' id='word_1_301' title='bbox 1157 3892 1471 3946; x_wconf 90' lang='lat' dir='ltr'>Emeritum</span> <span class='ocrx_word' id='word_1_302' title='bbox 1516 3889 1807 3957; x_wconf 87' lang='lat' dir='ltr'>scriberet,</span> 
     </span>
    </p>
   </div>
   <div class='ocr_carea' id='block_1_42' title="bbox 104 3980 1808 4055">
    <p class='ocr_par' dir='ltr' id='par_1_42' title="bbox 104 3980 1808 4055">
     <span class='ocr_line' id='line_1_42' title="bbox 104 3980 1808 4055; baseline -0.002 -19"><span class='ocrx_word' id='word_1_303' title='bbox 104 3982 366 4055; x_wconf 80' lang='lat' dir='ltr'>quamvis</span> <span class='ocrx_word' id='word_1_304' title='bbox 396 3997 610 4052; x_wconf 86' lang='lat' dir='ltr'>magno</span> <span class='ocrx_word' id='word_1_305' title='bbox 635 3981 889 4035; x_wconf 90' lang='lat' dir='ltr'>locorum</span> <span class='ocrx_word' id='word_1_306' title='bbox 920 3981 1222 4035; x_wconf 83' lang='lat' dir='ltr'>intervallo</span> <span class='ocrx_word' id='word_1_307' title='bbox 1263 3980 1647 4050; x_wconf 88' lang='lat' dir='ltr'>disjunctum:</span> <span class='ocrx_word' id='word_1_308' title='bbox 1678 3995 1808 4033; x_wconf 88' lang='lat' dir='ltr'>cum</span> 
     </span>
    </p>
   </div>
   <div class='ocr_carea' id='block_1_43' title="bbox 104 4067 1812 4140">
    <p class='ocr_par' dir='ltr' id='par_1_43' title="bbox 104 4067 1812 4140">
     <span class='ocr_line' id='line_1_43' title="bbox 104 4067 1812 4140; baseline -0.002 -15"><span class='ocrx_word' id='word_1_309' title='bbox 104 4090 135 4126; x_wconf 88' lang='lat' dir='ltr'>a</span> <span class='ocrx_word' id='word_1_310' title='bbox 162 4072 298 4125; x_wconf 81' lang='lat' dir='ltr'>viris</span> <span class='ocrx_word' id='word_1_311' title='bbox 321 4070 436 4124; x_wconf 78' lang='lat' dir='ltr'>fide</span> <span class='ocrx_word' id='word_1_312' title='bbox 469 4069 659 4140; x_wconf 86' lang='lat' dir='ltr'>dignis</span> <span class='ocrx_word' id='word_1_313' title='bbox 690 4069 1018 4139; x_wconf 84' lang='lat' dir='ltr'>accepisset,</span> <span class='ocrx_word' id='word_1_314' title='bbox 1044 4069 1164 4123; x_wconf 87' lang='lat' dir='ltr'>fore</span> <span class='ocrx_word' id='word_1_315' title='bbox 1197 4072 1259 4121; x_wconf 91' lang='lat' dir='ltr'>ut</span> <span class='ocrx_word' id='word_1_316' title='bbox 1282 4068 1375 4121; x_wconf 91' lang='lat' dir='ltr'>ille</span> <span class='ocrx_word' id='word_1_317' title='bbox 1406 4067 1512 4121; x_wconf 91' lang='lat' dir='ltr'>sibi</span> <span class='ocrx_word' id='word_1_318' title='bbox 1540 4067 1812 4122; x_wconf 88' lang='lat' dir='ltr'>rescribe-</span> 
     </span>
    </p>
   </div>
   <div class='ocr_carea' id='block_1_44' title="bbox 100 4155 1808 4228">
    <p class='ocr_par' dir='ltr' id='par_1_44' title="bbox 100 4155 1808 4228">
     <span class='ocr_line' id='line_1_44' title="bbox 100 4155 1808 4228; baseline -0.002 -15"><span class='ocrx_word' id='word_1_319' title='bbox 100 4166 183 4213; x_wconf 86' lang='lat' dir='ltr'>ret</span> <span class='ocrx_word' id='word_1_320' title='bbox 215 4158 407 4227; x_wconf 70' lang='lat' dir='ltr'>{lbid.,</span> <span class='ocrx_word' id='word_1_321' title='bbox 441 4174 497 4211; x_wconf 77' lang='grc' dir='ltr'>π.</span> <span class='ocrx_word' id='word_1_322' title='bbox 532 4159 608 4227; x_wconf 87' lang='lat'>6).</span> <span class='ocrx_word' id='word_1_323' title='bbox 642 4158 929 4212; x_wconf 83' lang='lat' dir='ltr'>Possidius</span> <span class='ocrx_word' id='word_1_324' title='bbox 960 4172 1187 4228; x_wconf 89' lang='lat' dir='ltr'>quoque</span> <span class='ocrx_word' id='word_1_325' title='bbox 1216 4156 1377 4210; x_wconf 90' lang='lat' dir='ltr'>binas</span> <span class='ocrx_word' id='word_1_326' title='bbox 1407 4156 1479 4209; x_wconf 91' lang='lat' dir='ltr'>ad</span> <span class='ocrx_word' id='word_1_327' title='bbox 1508 4155 1660 4209; x_wconf 89' lang='lat' dir='ltr'>hunc</span> <span class='ocrx_word' id='word_1_328' title='bbox 1682 4156 1808 4226; x_wconf 88' lang='lat' dir='ltr'>cpi-</span> 
     </span>
    </p>
   </div>
   <div class='ocr_carea' id='block_1_45' title="bbox 102 4245 1810 4320">
    <p class='ocr_par' dir='ltr' id='par_1_45' title="bbox 102 4245 1810 4320">
     <span class='ocr_line' id='line_1_45' title="bbox 102 4245 1810 4320; baseline -0.004 -17"><span class='ocrx_word' id='word_1_329' title='bbox 102 4265 338 4320; x_wconf 85' lang='lat' dir='ltr'>sc0pum</span> <span class='ocrx_word' id='word_1_330' title='bbox 357 4248 575 4301; x_wconf 87' lang='lat' dir='ltr'>litteras</span> <span class='ocrx_word' id='word_1_331' title='bbox 604 4251 762 4300; x_wconf 88' lang='lat' dir='ltr'>notat</span> <span class='ocrx_word' id='word_1_332' title='bbox 792 4246 1046 4317; x_wconf 84' lang='lat' dir='ltr'>(Possid.,</span> <span class='ocrx_word' id='word_1_333' title='bbox 1074 4248 1133 4300; x_wconf 86' lang='lat' dir='ltr'>in</span> <span class='ocrx_word' id='word_1_334' title='bbox 1163 4246 1359 4311; x_wconf 89' lang='lat' dir='ltr'>Indic.,</span> <span class='ocrx_word' id='word_1_335' title='bbox 1389 4260 1508 4313; x_wconf 84' lang='lat' dir='ltr'>cap.</span> <span class='ocrx_word' id='word_1_336' title='bbox 1544 4245 1596 4316; x_wconf 92' lang='lat'>3)</span> <span class='ocrx_word' id='word_1_337' title='bbox 1623 4261 1635 4298; x_wconf 90' lang='lat'>:</span> <span class='ocrx_word' id='word_1_338' title='bbox 1669 4262 1810 4315; x_wconf 90' lang='lat' dir='ltr'>qua-</span> 
     </span>
    </p>
   </div>
   <div class='ocr_carea' id='block_1_46' title="bbox 104 4332 1811 4406">
    <p class='ocr_par' dir='ltr' id='par_1_46' title="bbox 104 4332 1811 4406">
     <span class='ocr_line' id='line_1_46' title="bbox 104 4332 1811 4406; baseline -0.002 -16"><span class='ocrx_word' id='word_1_339' title='bbox 104 4353 229 4390; x_wconf 85' lang='lat' dir='ltr'>rum</span> <span class='ocrx_word' id='word_1_340' title='bbox 264 4334 507 4406; x_wconf 89' lang='lat' dir='ltr'>quidem</span> <span class='ocrx_word' id='word_1_341' title='bbox 538 4334 743 4405; x_wconf 74' lang='lat' dir='ltr'>primae</span> <span class='ocrx_word' id='word_1_342' title='bbox 771 4334 1117 4389; x_wconf 89' lang='lat' dir='ltr'>exciderunt.</span> <span class='ocrx_word' id='word_1_343' title='bbox 1164 4335 1305 4389; x_wconf 87' lang='lat' dir='ltr'>Cum</span> <span class='ocrx_word' id='word_1_344' title='bbox 1344 4334 1561 4387; x_wconf 89' lang='lat' dir='ltr'>nullam</span> <span class='ocrx_word' id='word_1_345' title='bbox 1602 4332 1670 4386; x_wconf 90' lang='lat' dir='ltr'>ad</span> <span class='ocrx_word' id='word_1_346' title='bbox 1710 4334 1811 4386; x_wconf 87' lang='lat' dir='ltr'>has</span> 
     </span>
    </p>
   </div>
   <div class='ocr_carea' id='block_1_47' title="bbox 106 4420 1811 4497">
    <p class='ocr_par' dir='ltr' id='par_1_47' title="bbox 106 4420 1811 4497">
     <span class='ocr_line' id='line_1_47' title="bbox 106 4420 1811 4497; baseline -0.002 -20"><span class='ocrx_word' id='word_1_347' title='bbox 106 4425 543 4497; x_wconf 84' lang='lat' dir='ltr'>responsionem</span> <span class='ocrx_word' id='word_1_348' title='bbox 583 4422 890 4493; x_wconf 86' lang='lat' dir='ltr'>accepisset</span> <span class='ocrx_word' id='word_1_349' title='bbox 916 4422 1288 4493; x_wconf 88' lang='lat' dir='ltr'>Augustinus,</span> <span class='ocrx_word' id='word_1_350' title='bbox 1328 4420 1694 4490; x_wconf 88' lang='lat' dir='ltr'>incertusque</span> <span class='ocrx_word' id='word_1_351' title='bbox 1726 4436 1811 4474; x_wconf 89' lang='lat' dir='ltr'>es-</span> 
     </span>
    </p>
   </div>
   <div class='ocr_carea' id='block_1_48' title="bbox 104 4509 1814 4581">
    <p class='ocr_par' dir='ltr' id='par_1_48' title="bbox 104 4509 1814 4581">
     <span class='ocr_line' id='line_1_48' title="bbox 104 4509 1814 4581; baseline -0.002 -15"><span class='ocrx_word' id='word_1_352' title='bbox 104 4520 201 4581; x_wconf 90' lang='lat' dir='ltr'>set,</span> <span class='ocrx_word' id='word_1_353' title='bbox 230 4529 413 4567; x_wconf 86' lang='lat' dir='ltr'>suane</span> <span class='ocrx_word' id='word_1_354' title='bbox 442 4511 698 4581; x_wconf 87' lang='lat' dir='ltr'>epistola,</span> <span class='ocrx_word' id='word_1_355' title='bbox 723 4527 795 4564; x_wconf 92' lang='lat' dir='ltr'>an</span> <span class='ocrx_word' id='word_1_356' title='bbox 828 4510 1373 4581; x_wconf 52' lang='lat' dir='ltr'>Emeritiresponsio</span> <span class='ocrx_word' id='word_1_357' title='bbox 1403 4509 1703 4580; x_wconf 87' lang='lat' dir='ltr'>periisset;</span> <span class='ocrx_word' id='word_1_358' title='bbox 1733 4526 1814 4563; x_wconf 86' lang='lat' dir='ltr'>se-</span> 
     </span>
    </p>
   </div>
   <div class='ocr_carea' id='block_1_49' title="bbox 106 4598 1815 4670">
    <p class='ocr_par' dir='ltr' id='par_1_49' title="bbox 106 4598 1815 4670">
     <span class='ocr_line' id='line_1_49' title="bbox 106 4598 1815 4670; baseline -0.002 -15"><span class='ocrx_word' id='word_1_359' title='bbox 106 4603 353 4657; x_wconf 83' lang='lat' dir='ltr'>cundam</span> <span class='ocrx_word' id='word_1_360' title='bbox 398 4601 582 4668; x_wconf 89' lang='lat' dir='ltr'>illam,</span> <span class='ocrx_word' id='word_1_361' title='bbox 614 4616 744 4670; x_wconf 75' lang='lat' dir='ltr'>quae</span> <span class='ocrx_word' id='word_1_362' title='bbox 790 4600 972 4653; x_wconf 86' lang='lat' dir='ltr'>adhuc</span> <span class='ocrx_word' id='word_1_363' title='bbox 1012 4603 1291 4669; x_wconf 89' lang='lat' dir='ltr'>superest,</span> <span class='ocrx_word' id='word_1_364' title='bbox 1324 4598 1555 4669; x_wconf 88' lang='lat' dir='ltr'>adjecit.</span> <span class='ocrx_word' id='word_1_365' title='bbox 1607 4598 1673 4651; x_wconf 91' lang='lat' dir='ltr'>In</span> <span class='ocrx_word' id='word_1_366' title='bbox 1706 4598 1815 4652; x_wconf 89' lang='lat' dir='ltr'>hac</span> 
     </span>
    </p>
   </div>
   <div class='ocr_carea' id='block_1_50' title="bbox 108 4686 1814 4760">
    <p class='ocr_par' dir='ltr' id='par_1_50' title="bbox 108 4686 1814 4760">
     <span class='ocr_line' id='line_1_50' title="bbox 108 4686 1814 4760; baseline -0.004 -15"><span class='ocrx_word' id='word_1_367' title='bbox 108 4692 378 4755; x_wconf 86' lang='lat' dir='ltr'>ostendit,</span> <span class='ocrx_word' id='word_1_368' title='bbox 408 4705 583 4760; x_wconf 90' lang='lat' dir='ltr'>quam</span> <span class='ocrx_word' id='word_1_369' title='bbox 602 4688 817 4742; x_wconf 89' lang='lat' dir='ltr'>nullius</span> <span class='ocrx_word' id='word_1_370' title='bbox 846 4688 1068 4742; x_wconf 88' lang='lat' dir='ltr'>roboris</span> <span class='ocrx_word' id='word_1_371' title='bbox 1096 4692 1302 4755; x_wconf 89' lang='lat' dir='ltr'>essent,</span> <span class='ocrx_word' id='word_1_372' title='bbox 1327 4702 1457 4758; x_wconf 75' lang='lat' dir='ltr'>qum</span> <span class='ocrx_word' id='word_1_373' title='bbox 1481 4686 1542 4740; x_wconf 92' lang='lat' dir='ltr'>in</span> <span class='ocrx_word' id='word_1_374' title='bbox 1568 4686 1814 4756; x_wconf 85' lang='lat' dir='ltr'>gratiam</span> 
     </span>
    </p>
   </div>
   <div class='ocr_carea' id='block_1_51' title="bbox 105 4776 1814 4848">
    <p class='ocr_par' dir='ltr' id='par_1_51' title="bbox 105 4776 1814 4848">
     <span class='ocr_line' id='line_1_51' title="bbox 105 4776 1814 4848; baseline -0.002 -16"><span class='ocrx_word' id='word_1_375' title='bbox 105 4778 441 4835; x_wconf 79' lang='lat' dir='ltr'>secessionis</span> <span class='ocrx_word' id='word_1_376' title='bbox 484 4776 673 4831; x_wconf 66' lang='lat' dir='ltr'>afferri</span> <span class='ocrx_word' id='word_1_377' title='bbox 737 4781 1040 4848; x_wconf 87' lang='lat' dir='ltr'>poterant:</span> <span class='ocrx_word' id='word_1_378' title='bbox 1096 4782 1152 4831; x_wconf 91' lang='lat' dir='ltr'>et</span> <span class='ocrx_word' id='word_1_379' title='bbox 1201 4781 1577 4847; x_wconf 89' lang='lat' dir='ltr'>posteaquam</span> <span class='ocrx_word' id='word_1_380' title='bbox 1624 4776 1814 4847; x_wconf 89' lang='lat' dir='ltr'>Optati</span> 
     </span>
    </p>
   </div>
   <div class='ocr_carea' id='block_1_52' title="bbox 106 4865 1812 4937">
    <p class='ocr_par' dir='ltr' id='par_1_52' title="bbox 106 4865 1812 4937">
     <span class='ocr_line' id='line_1_52' title="bbox 106 4865 1812 4937; baseline -0.004 -13"><span class='ocrx_word' id='word_1_381' title='bbox 106 4867 434 4925; x_wconf 84' lang='lat' dir='ltr'>Gildoniani</span> <span class='ocrx_word' id='word_1_382' title='bbox 465 4867 727 4937; x_wconf 86' lang='lat' dir='ltr'>exemplo</span> <span class='ocrx_word' id='word_1_383' title='bbox 759 4868 994 4937; x_wconf 89' lang='lat' dir='ltr'>planum</span> <span class='ocrx_word' id='word_1_384' title='bbox 1027 4866 1176 4933; x_wconf 90' lang='lat' dir='ltr'>fecit,</span> <span class='ocrx_word' id='word_1_385' title='bbox 1209 4866 1295 4919; x_wconf 86' lang='lat' dir='ltr'>vel</span> <span class='ocrx_word' id='word_1_386' title='bbox 1332 4865 1812 4930; x_wconf 88' lang='lat' dir='ltr'>manifestissima,</span> 
     </span>
    </p>
   </div>
   <div class='ocr_carea' id='block_1_53' title="bbox 106 4955 1815 5029">
    <p class='ocr_par' dir='ltr' id='par_1_53' title="bbox 106 4955 1815 5029">
     <span class='ocr_line' id='line_1_53' title="bbox 106 4955 1815 5029; baseline -0.004 -16"><span class='ocrx_word' id='word_1_387' title='bbox 106 4976 228 5029; x_wconf 69' lang='lat' dir='ltr'>quae</span> <span class='ocrx_word' id='word_1_388' title='bbox 262 4958 324 5012; x_wconf 91' lang='lat' dir='ltr'>in</span> <span class='ocrx_word' id='word_1_389' title='bbox 348 4956 547 5028; x_wconf 87' lang='lat' dir='ltr'>aliqua</span> <span class='ocrx_word' id='word_1_390' title='bbox 570 4955 975 5010; x_wconf 88' lang='lat' dir='ltr'>communione</span> <span class='ocrx_word' id='word_1_391' title='bbox 1000 4955 1656 5027; x_wconf 34' lang='lat' dir='ltr'>perpetranturiscelera,</span> <span class='ocrx_word' id='word_1_392' title='bbox 1685 4970 1815 5007; x_wconf 91' lang='lat' dir='ltr'>cum</span> 
     </span>
    </p>
   </div>
   <div class='ocr_carea' id='block_1_54' title="bbox 110 5042 1818 5120">
    <p class='ocr_par' dir='ltr' id='par_1_54' title="bbox 110 5042 1818 5120">
     <span class='ocr_line' id='line_1_54' title="bbox 110 5042 1818 5120; baseline -0.005 -18"><span class='ocrx_word' id='word_1_393' title='bbox 110 5047 376 5120; x_wconf 84' lang='lat' dir='ltr'>legitimis</span> <span class='ocrx_word' id='word_1_394' title='bbox 391 5046 463 5100; x_wconf 88' lang='lat' dir='ltr'>de</span> <span class='ocrx_word' id='word_1_395' title='bbox 492 5044 675 5099; x_wconf 78' lang='lat' dir='ltr'>causis</span> <span class='ocrx_word' id='word_1_396' title='bbox 696 5045 1167 5109; x_wconf 90' lang='lat' dir='ltr'>tolerantur,non</span> <span class='ocrx_word' id='word_1_397' title='bbox 1191 5043 1337 5108; x_wconf 87' lang='lat' dir='ltr'>aliis,</span> <span class='ocrx_word' id='word_1_398' title='bbox 1370 5058 1543 5113; x_wconf 90' lang='lat' dir='ltr'>quam</span> <span class='ocrx_word' id='word_1_399' title='bbox 1572 5042 1818 5112; x_wconf 89' lang='lat' dir='ltr'>propriis</span> 
     </span>
    </p>
   </div>
   <div class='ocr_carea' id='block_1_55' title="bbox 106 5130 1820 5201">
    <p class='ocr_par' dir='ltr' id='par_1_55' title="bbox 106 5130 1820 5201">
     <span class='ocr_line' id='line_1_55' title="bbox 106 5130 1820 5201; baseline -0.004 -9"><span class='ocrx_word' id='word_1_400' title='bbox 106 5133 766 5200; x_wconf 86' lang='lat' dir='ltr'>auctoribus,maculam</span> <span class='ocrx_word' id='word_1_401' title='bbox 798 5132 1023 5187; x_wconf 88' lang='lat' dir='ltr'>inurere</span> <span class='ocrx_word' id='word_1_402' title='bbox 1050 5149 1063 5198; x_wconf 90' lang='lat'>;</span> <span class='ocrx_word' id='word_1_403' title='bbox 1099 5148 1227 5185; x_wconf 91' lang='lat' dir='ltr'>cum</span> <span class='ocrx_word' id='word_1_404' title='bbox 1243 5135 1306 5184; x_wconf 92' lang='lat' dir='ltr'>ut</span> <span class='ocrx_word' id='word_1_405' title='bbox 1335 5130 1442 5184; x_wconf 87' lang='lat' dir='ltr'>sibi</span> <span class='ocrx_word' id='word_1_406' title='bbox 1472 5131 1820 5201; x_wconf 90' lang='lat' dir='ltr'>respondaat</span> 
     </span>
    </p>
   </div>
   <div class='ocr_carea' id='block_1_56' title="bbox 106 5219 1819 5281">
    <p class='ocr_par' dir='ltr' id='par_1_56' title="bbox 106 5219 1819 5281">
     <span class='ocr_line' id='line_1_56' title="bbox 106 5219 1819 5281; baseline -0.004 -2"><span class='ocrx_word' id='word_1_407' title='bbox 106 5228 441 5281; x_wconf 87' lang='lat' dir='ltr'>obtestatur.</span> <span class='ocrx_word' id='word_1_408' title='bbox 481 5223 687 5277; x_wconf 74' lang='lat' dir='ltr'>Utrum</span> <span class='ocrx_word' id='word_1_409' title='bbox 717 5221 822 5275; x_wconf 92' lang='lat' dir='ltr'>hac</span> <span class='ocrx_word' id='word_1_410' title='bbox 853 5220 912 5275; x_wconf 92' lang='lat' dir='ltr'>in</span> <span class='ocrx_word' id='word_1_411' title='bbox 950 5237 1011 5275; x_wconf 91' lang='lat' dir='ltr'>re</span> <span class='ocrx_word' id='word_1_412' title='bbox 1039 5224 1230 5274; x_wconf 89' lang='lat' dir='ltr'>sancto</span> <span class='ocrx_word' id='word_1_413' title='bbox 1262 5220 1499 5273; x_wconf 72' lang='lat' dir='ltr'>Przesuli</span> <span class='ocrx_word' id='word_1_414' title='bbox 1530 5219 1819 5273; x_wconf 82' lang='lat' dir='ltr'>satisfece—</span> 
     </span>
    </p>
   </div>
   <div class='ocr_carea' id='block_1_57' title="bbox 107 5308 1819 5384">
    <p class='ocr_par' dir='ltr' id='par_1_57' title="bbox 107 5308 1819 5384">
     <span class='ocr_line' id='line_1_57' title="bbox 107 5308 1819 5384; baseline -0.005 -16"><span class='ocrx_word' id='word_1_415' title='bbox 107 5314 196 5379; x_wconf 87' lang='lat' dir='ltr'>rit,</span> <span class='ocrx_word' id='word_1_416' title='bbox 228 5327 527 5384; x_wconf 88' lang='lat' dir='ltr'>nusquam</span> <span class='ocrx_word' id='word_1_417' title='bbox 556 5309 824 5380; x_wconf 86' lang='lat' dir='ltr'>legimus:</span> <span class='ocrx_word' id='word_1_418' title='bbox 878 5325 1074 5364; x_wconf 85' lang='lat' dir='ltr'>verum</span> <span class='ocrx_word' id='word_1_419' title='bbox 1106 5312 1305 5380; x_wconf 89' lang='lat' dir='ltr'>postea</span> <span class='ocrx_word' id='word_1_420' title='bbox 1351 5308 1637 5378; x_wconf 84' lang='lat' dir='ltr'>insignem</span> <span class='ocrx_word' id='word_1_421' title='bbox 1690 5324 1819 5379; x_wconf 87' lang='lat' dir='ltr'>pcr-</span> 
     </span>
    </p>
   </div>
   <div class='ocr_carea' id='block_1_58' title="bbox 105 5398 1819 5467">
    <p class='ocr_par' dir='ltr' id='par_1_58' title="bbox 105 5398 1819 5467">
     <span class='ocr_line' id='line_1_58' title="bbox 105 5398 1819 5467; baseline -0.005 -9"><span class='ocrx_word' id='word_1_422' title='bbox 105 5404 373 5458; x_wconf 80' lang='lat' dir='ltr'>vicaciam</span> <span class='ocrx_word' id='word_1_423' title='bbox 406 5404 463 5455; x_wconf 90' lang='lat' dir='ltr'>et</span> <span class='ocrx_word' id='word_1_424' title='bbox 495 5398 861 5453; x_wconf 82' lang='lat' dir='ltr'>obﬁrmatam</span> <span class='ocrx_word' id='word_1_425' title='bbox 893 5398 954 5452; x_wconf 91' lang='lat' dir='ltr'>in</span> <span class='ocrx_word' id='word_1_426' title='bbox 985 5414 1179 5453; x_wconf 90' lang='lat' dir='ltr'>errore</span> <span class='ocrx_word' id='word_1_427' title='bbox 1220 5400 1471 5451; x_wconf 89' lang='lat' dir='ltr'>mentem</span> <span class='ocrx_word' id='word_1_428' title='bbox 1508 5412 1627 5467; x_wconf 82' lang='lat' dir='ltr'>prae</span> <span class='ocrx_word' id='word_1_429' title='bbox 1656 5400 1819 5451; x_wconf 67' lang='lat' dir='ltr'>caete-</span> 
     </span>
    </p>
   </div>
   <div class='ocr_carea' id='block_1_59' title="bbox 106 5487 833 5547">
    <p class='ocr_par' dir='ltr' id='par_1_59' title="bbox 106 5487 833 5547">
     <span class='ocr_line' id='line_1_59' title="bbox 106 5487 833 5547; baseline -0.001 -2"><span class='ocrx_word' id='word_1_430' title='bbox 106 5494 179 5545; x_wconf 85' lang='lat' dir='ltr'>ris</span> <span class='ocrx_word' id='word_1_431' title='bbox 204 5488 517 5547; x_wconf 88' lang='lat' dir='ltr'>donatistis</span> <span class='ocrx_word' id='word_1_432' title='bbox 546 5487 833 5544; x_wconf 80' lang='lat' dir='ltr'>exhibuit.</span> 
     </span>
    </p>
   </div>
   <div class='ocr_carea' id='block_1_60' title="bbox 168 5574 1824 5636">
    <p class='ocr_par' dir='ltr' id='par_1_60' title="bbox 168 5574 1824 5636">
     <span class='ocr_line' id='line_1_60' title="bbox 168 5574 1824 5636; baseline -0.005 0"><span class='ocrx_word' id='word_1_433' title='bbox 168 5583 223 5635; x_wconf 73' lang='grc'>4.</span> <span class='ocrx_word' id='word_1_434' title='bbox 268 5580 457 5636; x_wconf 83' lang='lat' dir='ltr'>Libris</span> <span class='ocrx_word' id='word_1_435' title='bbox 490 5578 553 5631; x_wconf 90' lang='lat' dir='ltr'>in</span> <span class='ocrx_word' id='word_1_436' title='bbox 576 5576 944 5632; x_wconf 87' lang='lat' dir='ltr'>Cresconium</span> <span class='ocrx_word' id='word_1_437' title='bbox 973 5576 1084 5631; x_wconf 88' lang='lat' dir='ltr'>alia</span> <span class='ocrx_word' id='word_1_438' title='bbox 1109 5574 1385 5631; x_wconf 91' lang='lat' dir='ltr'>nonnulla</span> <span class='ocrx_word' id='word_1_439' title='bbox 1414 5574 1683 5629; x_wconf 87' lang='lat' dir='ltr'>adversus</span> <span class='ocrx_word' id='word_1_440' title='bbox 1723 5574 1824 5627; x_wconf 91' lang='lat' dir='ltr'>Do-</span> 
     </span>
    </p>
   </div>
   <div class='ocr_carea' id='block_1_61' title="bbox 427 5675 1013 5743">
    <p class='ocr_par' dir='ltr' id='par_1_61' title="bbox 427 5675 1013 5743">
     <span class='ocr_line' id='line_1_61' title="bbox 427 5675 1013 5743; baseline -0.009 0"><span class='ocrx_word' id='word_1_441' title='bbox 427 5678 716 5743; x_wconf 76' lang='lat' dir='ltr'>PATROL.</span> <span class='ocrx_word' id='word_1_442' title='bbox 767 5675 1013 5740; x_wconf 85' lang='lat' dir='ltr'>XXXII.</span> 
     </span>
    </p>
   </div>
   <div class='ocr_carea' id='block_1_62' title="bbox 1619 317 2143 377">
    <p class='ocr_par' dir='ltr' id='par_1_62' title="bbox 1619 317 2143 377">
     <span class='ocr_line' id='line_1_62' title="bbox 1619 317 2143 377; baseline 0.008 -4"><span class='ocrx_word' id='word_1_443' title='bbox 1619 320 1820 377; x_wconf 82' lang='lat' dir='ltr'><strong>LIBER</strong></span> <span class='ocrx_word' id='word_1_444' title='bbox 1861 317 2143 377; x_wconf 82' lang='lat' dir='ltr'>SEXTUS.</span> 
     </span>
    </p>
   </div>
   <div class='ocr_carea' id='block_1_63' title="bbox 3516 338 3619 391">
    <p class='ocr_par' dir='ltr' id='par_1_63' title="bbox 3516 338 3619 391">
     <span class='ocr_line' id='line_1_63' title="bbox 3516 338 3619 391; baseline 0.019 -2"><span class='ocrx_word' id='word_1_445' title='bbox 3516 338 3619 391; x_wconf 75' lang='lat'>362</span> 
     </span>
    </p>
   </div>
   <div class='ocr_carea' id='block_1_64' title="bbox 1914 434 3619 524">
    <p class='ocr_par' dir='ltr' id='par_1_64' title="bbox 1914 434 3619 524">
     <span class='ocr_line' id='line_1_64' title="bbox 1914 434 3619 524; baseline 0.008 -26"><span class='ocrx_word' id='word_1_446' title='bbox 1914 445 2149 500; x_wconf 87' lang='lat' dir='ltr'>natistas</span> <span class='ocrx_word' id='word_1_447' title='bbox 2188 434 2384 517; x_wconf 80' lang='lat' dir='ltr'>Opera,</span> <span class='ocrx_word' id='word_1_448' title='bbox 2414 463 2543 519; x_wconf 82' lang='lat' dir='ltr'>quae</span> <span class='ocrx_word' id='word_1_449' title='bbox 2571 452 2763 503; x_wconf 84' lang='lat' dir='ltr'>nostra</span> <span class='ocrx_word' id='word_1_450' title='bbox 2802 454 2965 503; x_wconf 67' lang='lat' dir='ltr'>actate</span> <span class='ocrx_word' id='word_1_451' title='bbox 3014 450 3431 524; x_wconf 87' lang='lat' dir='ltr'>desiderantur,</span> <span class='ocrx_word' id='word_1_452' title='bbox 3481 460 3619 512; x_wconf 86' lang='lat' dir='ltr'>sub-</span> 
     </span>
    </p>
   </div>
   <div class='ocr_carea' id='block_1_65' title="bbox 1908 534 3620 608">
    <p class='ocr_par' dir='ltr' id='par_1_65' title="bbox 1908 534 3620 608">
     <span class='ocr_line' id='line_1_65' title="bbox 1908 534 3620 608; baseline 0.007 -21"><span class='ocrx_word' id='word_1_453' title='bbox 1908 534 2104 605; x_wconf 86' lang='lat' dir='ltr'>jungit</span> <span class='ocrx_word' id='word_1_454' title='bbox 2145 536 2519 606; x_wconf 83' lang='lat' dir='ltr'>Augustinus.</span> <span class='ocrx_word' id='word_1_455' title='bbox 2583 538 2838 591; x_wconf 87' lang='lat' dir='ltr'>Primum</span> <span class='ocrx_word' id='word_1_456' title='bbox 2904 538 3137 608; x_wconf 92' lang='lat' dir='ltr'>quidem</span> <span class='ocrx_word' id='word_1_457' title='bbox 3181 542 3251 594; x_wconf 90' lang='lat' dir='ltr'>ad</span> <span class='ocrx_word' id='word_1_458' title='bbox 3299 543 3620 599; x_wconf 89' lang='lat' dir='ltr'>Donatistas</span> 
     </span>
    </p>
   </div>
   <div class='ocr_carea' id='block_1_66' title="bbox 1914 623 3622 696">
    <p class='ocr_par' dir='ltr' id='par_1_66' title="bbox 1914 623 3622 696">
     <span class='ocr_line' id='line_1_66' title="bbox 1914 623 3622 696; baseline 0.006 -20"><span class='ocrx_word' id='word_1_459' title='bbox 1914 623 2174 677; x_wconf 83' lang='lat' dir='ltr'>libellum</span> <span class='ocrx_word' id='word_1_460' title='bbox 2196 624 2420 690; x_wconf 85' lang='lat' dir='ltr'>direxit,</span> <span class='ocrx_word' id='word_1_461' title='bbox 2450 642 2562 695; x_wconf 85' lang='lat' dir='ltr'>quo</span> <span class='ocrx_word' id='word_1_462' title='bbox 2594 626 2874 696; x_wconf 89' lang='lat' dir='ltr'>quidquid</span> <span class='ocrx_word' id='word_1_463' title='bbox 2893 628 2959 680; x_wconf 90' lang='lat' dir='ltr'>ad</span> <span class='ocrx_word' id='word_1_464' title='bbox 2978 628 3349 683; x_wconf 90' lang='lat' dir='ltr'>decidendam</span> <span class='ocrx_word' id='word_1_465' title='bbox 3364 633 3622 689; x_wconf 84' lang='lat' dir='ltr'>secessio-</span> 
     </span>
    </p>
   </div>
   <div class='ocr_carea' id='block_1_67' title="bbox 1914 711 3617 782">
    <p class='ocr_par' dir='ltr' id='par_1_67' title="bbox 1914 711 3617 782">
     <span class='ocr_line' id='line_1_67' title="bbox 1914 711 3617 782; baseline 0.007 -19"><span class='ocrx_word' id='word_1_466' title='bbox 1914 711 2004 764; x_wconf 92' lang='lat' dir='ltr'>nis</span> <span class='ocrx_word' id='word_1_467' title='bbox 2032 728 2257 765; x_wconf 87' lang='lat' dir='ltr'>causam</span> <span class='ocrx_word' id='word_1_468' title='bbox 2284 713 2510 780; x_wconf 88' lang='lat' dir='ltr'>faceret,</span> <span class='ocrx_word' id='word_1_469' title='bbox 2546 720 2667 767; x_wconf 84' lang='lat' dir='ltr'>acta</span> <span class='ocrx_word' id='word_1_470' title='bbox 2699 714 2911 768; x_wconf 84' lang='lat' dir='ltr'>scilicet</span> <span class='ocrx_word' id='word_1_471' title='bbox 2942 717 3154 782; x_wconf 87' lang='lat' dir='ltr'>omnia,</span> <span class='ocrx_word' id='word_1_472' title='bbox 3198 722 3319 771; x_wconf 89' lang='lat' dir='ltr'>tum</span> <span class='ocrx_word' id='word_1_473' title='bbox 3357 721 3617 774; x_wconf 89' lang='lat' dir='ltr'>ecclesia-</span> 
     </span>
    </p>
   </div>
   <div class='ocr_carea' id='block_1_68' title="bbox 1917 800 3619 867">
    <p class='ocr_par' dir='ltr' id='par_1_68' title="bbox 1917 800 3619 867">
     <span class='ocr_line' id='line_1_68' title="bbox 1917 800 3619 867; baseline 0.006 -15"><span class='ocrx_word' id='word_1_474' title='bbox 1917 800 2077 865; x_wconf 89' lang='lat' dir='ltr'>stica,</span> <span class='ocrx_word' id='word_1_475' title='bbox 2116 804 2240 853; x_wconf 90' lang='lat' dir='ltr'>tum</span> <span class='ocrx_word' id='word_1_476' title='bbox 2282 801 2490 867; x_wconf 85' lang='lat' dir='ltr'>civilia,</span> <span class='ocrx_word' id='word_1_477' title='bbox 2536 818 2759 855; x_wconf 90' lang='lat' dir='ltr'>necnon</span> <span class='ocrx_word' id='word_1_478' title='bbox 2789 819 2986 857; x_wconf 87' lang='lat' dir='ltr'>omnes</span> <span class='ocrx_word' id='word_1_479' title='bbox 3027 821 3317 859; x_wconf 86' lang='lat' dir='ltr'>sacrorum</span> <span class='ocrx_word' id='word_1_480' title='bbox 3359 808 3619 862; x_wconf 90' lang='lat' dir='ltr'>codicum</span> 
     </span>
    </p>
   </div>
   <div class='ocr_carea' id='block_1_69' title="bbox 1918 888 3623 961">
    <p class='ocr_par' dir='ltr' id='par_1_69' title="bbox 1918 888 3623 961">
     <span class='ocr_line' id='line_1_69' title="bbox 1918 888 3623 961; baseline 0.006 -21"><span class='ocrx_word' id='word_1_481' title='bbox 1918 889 2067 941; x_wconf 91' lang='lat' dir='ltr'>locos</span> <span class='ocrx_word' id='word_1_482' title='bbox 2099 888 2179 942; x_wconf 91' lang='lat' dir='ltr'>eis</span> <span class='ocrx_word' id='word_1_483' title='bbox 2210 905 2267 943; x_wconf 91' lang='lat' dir='ltr'>se</span> <span class='ocrx_word' id='word_1_484' title='bbox 2315 890 2658 944; x_wconf 85' lang='lat' dir='ltr'>traditurum</span> <span class='ocrx_word' id='word_1_485' title='bbox 2711 892 3119 961; x_wconf 89' lang='lat' dir='ltr'>pollicebatur;</span> <span class='ocrx_word' id='word_1_486' title='bbox 3164 899 3228 947; x_wconf 88' lang='lat' dir='ltr'>ut</span> <span class='ocrx_word' id='word_1_487' title='bbox 3275 911 3367 949; x_wconf 89' lang='lat' dir='ltr'>eos</span> <span class='ocrx_word' id='word_1_488' title='bbox 3406 898 3476 951; x_wconf 87' lang='lat' dir='ltr'>ad</span> <span class='ocrx_word' id='word_1_489' title='bbox 3525 898 3623 951; x_wconf 87' lang='lat' dir='ltr'>illa</span> 
     </span>
    </p>
   </div>
   <div class='ocr_carea' id='block_1_70' title="bbox 1917 978 3622 1055">
    <p class='ocr_par' dir='ltr' id='par_1_70' title="bbox 1917 978 3622 1055">
     <span class='ocr_line' id='line_1_70' title="bbox 1917 978 3622 1055; baseline 0.006 -26"><span class='ocrx_word' id='word_1_490' title='bbox 1917 978 2266 1046; x_wconf 84' lang='lat' dir='ltr'>exposcenda</span> <span class='ocrx_word' id='word_1_491' title='bbox 2288 978 2635 1047; x_wconf 82' lang='lat' dir='ltr'>impelleret.</span> <span class='ocrx_word' id='word_1_492' title='bbox 2680 981 2752 1033; x_wconf 82' lang='lat' dir='ltr'>Ex</span> <span class='ocrx_word' id='word_1_493' title='bbox 2777 980 2863 1046; x_wconf 91' lang='lat' dir='ltr'>iis,</span> <span class='ocrx_word' id='word_1_494' title='bbox 2901 998 3147 1051; x_wconf 86' lang='lat' dir='ltr'>quorum</span> <span class='ocrx_word' id='word_1_495' title='bbox 3174 983 3228 1035; x_wconf 90' lang='lat' dir='ltr'>in</span> <span class='ocrx_word' id='word_1_496' title='bbox 3262 1000 3463 1037; x_wconf 89' lang='lat' dir='ltr'>manus</span> <span class='ocrx_word' id='word_1_497' title='bbox 3493 1001 3622 1055; x_wconf 90' lang='lat' dir='ltr'>pro-</span> 
     </span>
    </p>
   </div>
   <div class='ocr_carea' id='block_1_71' title="bbox 1917 1064 3619 1144">
    <p class='ocr_par' dir='ltr' id='par_1_71' title="bbox 1917 1064 3619 1144">
     <span class='ocr_line' id='line_1_71' title="bbox 1917 1064 3619 1144; baseline 0.006 -27"><span class='ocrx_word' id='word_1_498' title='bbox 1917 1064 2152 1118; x_wconf 90' lang='lat' dir='ltr'>missum</span> <span class='ocrx_word' id='word_1_499' title='bbox 2183 1066 2320 1118; x_wconf 92' lang='lat' dir='ltr'>illud</span> <span class='ocrx_word' id='word_1_500' title='bbox 2346 1065 2547 1120; x_wconf 88' lang='lat' dir='ltr'>incidit</span> <span class='ocrx_word' id='word_1_501' title='bbox 2588 1070 2846 1131; x_wconf 80' lang='lat' dir='ltr'>(Rctract.</span> <span class='ocrx_word' id='word_1_502' title='bbox 2882 1070 3018 1123; x_wconf 85' lang='lat' dir='ltr'>libro</span> <span class='ocrx_word' id='word_1_503' title='bbox 3062 1072 3113 1131; x_wconf 87' lang='lat'>2,</span> <span class='ocrx_word' id='word_1_504' title='bbox 3161 1087 3281 1140; x_wconf 84' lang='lat' dir='ltr'>cap.</span> <span class='ocrx_word' id='word_1_505' title='bbox 3326 1075 3441 1141; x_wconf 79' lang='lat'>27),</span> <span class='ocrx_word' id='word_1_506' title='bbox 3492 1075 3619 1144; x_wconf 90' lang='lat' dir='ltr'>qui-</span> 
     </span>
    </p>
   </div>
   <div class='ocr_carea' id='block_1_72' title="bbox 1916 1152 3621 1227">
    <p class='ocr_par' dir='ltr' id='par_1_72' title="bbox 1916 1152 3621 1227">
     <span class='ocr_line' id='line_1_72' title="bbox 1916 1152 3621 1227; baseline 0.006 -22"><span class='ocrx_word' id='word_1_507' title='bbox 1916 1152 2045 1206; x_wconf 89' lang='lat' dir='ltr'>dam</span> <span class='ocrx_word' id='word_1_508' title='bbox 2074 1153 2424 1208; x_wconf 85' lang='lat' dir='ltr'>contrarium</span> <span class='ocrx_word' id='word_1_509' title='bbox 2470 1155 2761 1225; x_wconf 88' lang='lat' dir='ltr'>scriptum,</span> <span class='ocrx_word' id='word_1_510' title='bbox 2797 1156 2855 1210; x_wconf 93' lang='lat' dir='ltr'>in</span> <span class='ocrx_word' id='word_1_511' title='bbox 2889 1173 3002 1227; x_wconf 92' lang='lat' dir='ltr'>quo</span> <span class='ocrx_word' id='word_1_512' title='bbox 3034 1163 3258 1213; x_wconf 88' lang='lat' dir='ltr'>tantum</span> <span class='ocrx_word' id='word_1_513' title='bbox 3304 1177 3361 1214; x_wconf 91' lang='lat' dir='ltr'>se</span> <span class='ocrx_word' id='word_1_514' title='bbox 3395 1163 3621 1217; x_wconf 90' lang='lat' dir='ltr'>Donati-</span> 
     </span>
    </p>
   </div>
   <div class='ocr_carea' id='block_1_73' title="bbox 1916 1243 3621 1319">
    <p class='ocr_par' dir='ltr' id='par_1_73' title="bbox 1916 1243 3621 1319">
     <span class='ocr_line' id='line_1_73' title="bbox 1916 1243 3621 1319; baseline 0.006 -25"><span class='ocrx_word' id='word_1_515' title='bbox 1916 1244 2059 1295; x_wconf 89' lang='lat' dir='ltr'>stam</span> <span class='ocrx_word' id='word_1_516' title='bbox 2100 1243 2489 1312; x_wconf 87' lang='lat' dir='ltr'>nuncupabat,</span> <span class='ocrx_word' id='word_1_517' title='bbox 2532 1244 2728 1299; x_wconf 90' lang='lat' dir='ltr'>edidit.</span> <span class='ocrx_word' id='word_1_518' title='bbox 2762 1244 3035 1308; x_wconf 88' lang='lat' dir='ltr'>Quocirca</span> <span class='ocrx_word' id='word_1_519' title='bbox 3065 1263 3232 1300; x_wconf 91' lang='lat' dir='ltr'>suum</span> <span class='ocrx_word' id='word_1_520' title='bbox 3272 1250 3621 1319; x_wconf 81' lang='lat' dir='ltr'>Augustinus</span> 
     </span>
    </p>
   </div>
   <div class='ocr_carea' id='block_1_74' title="bbox 1913 1330 3620 1405">
    <p class='ocr_par' dir='ltr' id='par_1_74' title="bbox 1913 1330 3620 1405">
     <span class='ocr_line' id='line_1_74' title="bbox 1913 1330 3620 1405; baseline 0.006 -22"><span class='ocrx_word' id='word_1_521' title='bbox 1913 1330 2148 1394; x_wconf 88' lang='lat' dir='ltr'>librum,</span> <span class='ocrx_word' id='word_1_522' title='bbox 2182 1348 2294 1402; x_wconf 90' lang='lat' dir='ltr'>quo</span> <span class='ocrx_word' id='word_1_523' title='bbox 2331 1332 2515 1385; x_wconf 89' lang='lat' dir='ltr'>eidem</span> <span class='ocrx_word' id='word_1_524' title='bbox 2547 1333 2862 1402; x_wconf 88' lang='lat' dir='ltr'>respondit,</span> <span class='ocrx_word' id='word_1_525' title='bbox 2895 1335 3092 1388; x_wconf 84' lang='lat' dir='ltr'>Contra</span> <span class='ocrx_word' id='word_1_526' title='bbox 3116 1338 3289 1390; x_wconf 84' lang='lat' dir='ltr'>nescio</span> <span class='ocrx_word' id='word_1_527' title='bbox 3320 1353 3474 1405; x_wconf 85' lang='lat' dir='ltr'>quem</span> <span class='ocrx_word' id='word_1_528' title='bbox 3513 1341 3620 1393; x_wconf 86' lang='lat' dir='ltr'>Do—</span> 
     </span>
    </p>
   </div>
   <div class='ocr_carea' id='block_1_75' title="bbox 1912 1418 3616 1496">
    <p class='ocr_par' dir='ltr' id='par_1_75' title="bbox 1912 1418 3616 1496">
     <span class='ocr_line' id='line_1_75' title="bbox 1912 1418 3616 1496; baseline 0.006 -25"><span class='ocrx_word' id='word_1_529' title='bbox 1912 1421 2195 1484; x_wconf 76' lang='lat' dir='ltr'>natistam,</span> <span class='ocrx_word' id='word_1_530' title='bbox 2229 1418 2519 1489; x_wconf 87' lang='lat' dir='ltr'>inscripsit</span> <span class='ocrx_word' id='word_1_531' title='bbox 2548 1421 2745 1489; x_wconf 84' lang='lat' dir='ltr'>(Ibid.,</span> <span class='ocrx_word' id='word_1_532' title='bbox 2771 1436 2891 1489; x_wconf 86' lang='lat' dir='ltr'>cap.</span> <span class='ocrx_word' id='word_1_533' title='bbox 2926 1422 3037 1490; x_wconf 92' lang='lat'>28).</span> <span class='ocrx_word' id='word_1_534' title='bbox 3091 1424 3227 1486; x_wconf 67' lang='lat' dir='ltr'>Quae</span> <span class='ocrx_word' id='word_1_535' title='bbox 3261 1430 3451 1479; x_wconf 89' lang='lat' dir='ltr'>autem</span> <span class='ocrx_word' id='word_1_536' title='bbox 3482 1443 3616 1496; x_wconf 89' lang='lat' dir='ltr'>pro-</span> 
     </span>
    </p>
   </div>
   <div class='ocr_carea' id='block_1_76' title="bbox 1915 1508 3619 1585">
    <p class='ocr_par' dir='ltr' id='par_1_76' title="bbox 1915 1508 3619 1585">
     <span class='ocr_line' id='line_1_76' title="bbox 1915 1508 3619 1585; baseline 0.005 -25"><span class='ocrx_word' id='word_1_537' title='bbox 1915 1508 2169 1574; x_wconf 89' lang='lat' dir='ltr'>miserat,</span> <span class='ocrx_word' id='word_1_538' title='bbox 2200 1524 2318 1562; x_wconf 89' lang='lat' dir='ltr'>una</span> <span class='ocrx_word' id='word_1_539' title='bbox 2344 1525 2473 1562; x_wconf 90' lang='lat' dir='ltr'>cum</span> <span class='ocrx_word' id='word_1_540' title='bbox 2516 1510 2732 1572; x_wconf 90' lang='lat' dir='ltr'>libello,</span> <span class='ocrx_word' id='word_1_541' title='bbox 2783 1526 2897 1580; x_wconf 92' lang='lat' dir='ltr'>quo</span> <span class='ocrx_word' id='word_1_542' title='bbox 2928 1513 3179 1581; x_wconf 89' lang='lat' dir='ltr'>primum</span> <span class='ocrx_word' id='word_1_543' title='bbox 3228 1530 3293 1566; x_wconf 93' lang='lat' dir='ltr'>ea</span> <span class='ocrx_word' id='word_1_544' title='bbox 3338 1517 3619 1585; x_wconf 90' lang='lat' dir='ltr'>promissa</span> 
     </span>
    </p>
   </div>
   <div class='ocr_carea' id='block_1_77' title="bbox 1914 1596 3618 1670">
    <p class='ocr_par' dir='ltr' id='par_1_77' title="bbox 1914 1596 3618 1670">
     <span class='ocr_line' id='line_1_77' title="bbox 1914 1596 3618 1670; baseline 0.005 -20"><span class='ocrx_word' id='word_1_545' title='bbox 1914 1596 2162 1662; x_wconf 91' lang='lat' dir='ltr'>fuerant,</span> <span class='ocrx_word' id='word_1_546' title='bbox 2196 1598 2489 1668; x_wconf 88' lang='lat' dir='ltr'>evulgans,</span> <span class='ocrx_word' id='word_1_547' title='bbox 2524 1602 2707 1652; x_wconf 91' lang='lat' dir='ltr'>totum</span> <span class='ocrx_word' id='word_1_548' title='bbox 2738 1598 2845 1652; x_wconf 89' lang='lat' dir='ltr'>hoc</span> <span class='ocrx_word' id='word_1_549' title='bbox 2877 1616 3019 1670; x_wconf 88' lang='lat' dir='ltr'>opus</span> <span class='ocrx_word' id='word_1_550' title='bbox 3047 1602 3433 1657; x_wconf 84' lang='lat' dir='ltr'>Probationum</span> <span class='ocrx_word' id='word_1_551' title='bbox 3462 1608 3510 1657; x_wconf 82' lang='lat' dir='ltr'>et</span> <span class='ocrx_word' id='word_1_552' title='bbox 3542 1609 3618 1658; x_wconf 85' lang='lat' dir='ltr'>te-</span> 
     </span>
    </p>
   </div>
   <div class='ocr_carea' id='block_1_78' title="bbox 1913 1687 3618 1761">
    <p class='ocr_par' dir='ltr' id='par_1_78' title="bbox 1913 1687 3618 1761">
     <span class='ocr_line' id='line_1_78' title="bbox 1913 1687 3618 1761; baseline 0.005 -22"><span class='ocrx_word' id='word_1_553' title='bbox 1913 1687 2285 1739; x_wconf 83' lang='lat' dir='ltr'>stimoniorum</span> <span class='ocrx_word' id='word_1_554' title='bbox 2344 1690 2529 1739; x_wconf 77' lang='lat' dir='ltr'>contra</span> <span class='ocrx_word' id='word_1_555' title='bbox 2578 1689 2887 1741; x_wconf 82' lang='lat' dir='ltr'>Donatistas</span> <span class='ocrx_word' id='word_1_556' title='bbox 2933 1689 3099 1742; x_wconf 87' lang='lat' dir='ltr'>titulo</span> <span class='ocrx_word' id='word_1_557' title='bbox 3157 1690 3387 1745; x_wconf 85' lang='lat' dir='ltr'>donavit</span> <span class='ocrx_word' id='word_1_558' title='bbox 3434 1693 3618 1761; x_wconf 88' lang='lat' dir='ltr'>(Ibid.,</span> 
     </span>
    </p>
   </div>
   <div class='ocr_carea' id='block_1_79' title="bbox 1914 1773 3619 1844">
    <p class='ocr_par' dir='ltr' id='par_1_79' title="bbox 1914 1773 3619 1844">
     <span class='ocr_line' id='line_1_79' title="bbox 1914 1773 3619 1844; baseline 0.006 -20"><span class='ocrx_word' id='word_1_559' title='bbox 1914 1785 2033 1839; x_wconf 85' lang='lat' dir='ltr'>cap.</span> <span class='ocrx_word' id='word_1_560' title='bbox 2058 1775 2122 1825; x_wconf 84' lang='lat'>27</span> <span class='ocrx_word' id='word_1_561' title='bbox 2144 1773 2177 1841; x_wconf 89' lang='lat'>;)</span> <span class='ocrx_word' id='word_1_562' title='bbox 2195 1778 2370 1843; x_wconf 90' lang='lat' dir='ltr'>utque</span> <span class='ocrx_word' id='word_1_563' title='bbox 2395 1774 2576 1842; x_wconf 87' lang='lat' dir='ltr'>magis</span> <span class='ocrx_word' id='word_1_564' title='bbox 2596 1776 2763 1844; x_wconf 90' lang='lat' dir='ltr'>vulgo</span> <span class='ocrx_word' id='word_1_565' title='bbox 2786 1775 3183 1839; x_wconf 87' lang='lat' dir='ltr'>innotesceret,</span> <span class='ocrx_word' id='word_1_566' title='bbox 3206 1779 3348 1833; x_wconf 92' lang='lat' dir='ltr'>illud</span> <span class='ocrx_word' id='word_1_567' title='bbox 3370 1780 3619 1834; x_wconf 67' lang='lat' dir='ltr'>basilicae</span> 
     </span>
    </p>
   </div>
   <div class='ocr_carea' id='block_1_80' title="bbox 1915 1860 3619 1933">
    <p class='ocr_par' dir='ltr' id='par_1_80' title="bbox 1915 1860 3619 1933">
     <span class='ocr_line' id='line_1_80' title="bbox 1915 1860 3619 1933; baseline 0.006 -21"><span class='ocrx_word' id='word_1_568' title='bbox 1915 1860 2222 1913; x_wconf 85' lang='lat' dir='ltr'>Donatistis</span> <span class='ocrx_word' id='word_1_569' title='bbox 2254 1878 2367 1914; x_wconf 92' lang='lat' dir='ltr'>non</span> <span class='ocrx_word' id='word_1_570' title='bbox 2396 1862 2621 1931; x_wconf 88' lang='lat' dir='ltr'>pridem</span> <span class='ocrx_word' id='word_1_571' title='bbox 2652 1863 2854 1916; x_wconf 66' lang='lat' dir='ltr'>ablatae</span> <span class='ocrx_word' id='word_1_572' title='bbox 2885 1864 3201 1933; x_wconf 89' lang='lat' dir='ltr'>parietibus</span> <span class='ocrx_word' id='word_1_573' title='bbox 3244 1867 3442 1921; x_wconf 76' lang='lat' dir='ltr'>affixit.</span> <span class='ocrx_word' id='word_1_574' title='bbox 3479 1868 3619 1922; x_wconf 86' lang='lat' dir='ltr'>Cum</span> 
     </span>
    </p>
   </div>
   <div class='ocr_carea' id='block_1_81' title="bbox 1913 1948 3622 2026">
    <p class='ocr_par' dir='ltr' id='par_1_81' title="bbox 1913 1948 3622 2026">
     <span class='ocr_line' id='line_1_81' title="bbox 1913 1948 3622 2026; baseline 0.005 -25"><span class='ocrx_word' id='word_1_575' title='bbox 1913 1964 2047 2002; x_wconf 90' lang='lat' dir='ltr'>vero</span> <span class='ocrx_word' id='word_1_576' title='bbox 2072 1948 2498 2003; x_wconf 88' lang='lat' dir='ltr'>lucubrationes</span> <span class='ocrx_word' id='word_1_577' title='bbox 2527 1952 2699 2020; x_wconf 89' lang='lat' dir='ltr'>paulo</span> <span class='ocrx_word' id='word_1_578' title='bbox 2731 1951 2970 2005; x_wconf 88' lang='lat' dir='ltr'>fusiores</span> <span class='ocrx_word' id='word_1_579' title='bbox 3003 1970 3036 2005; x_wconf 89' lang='lat' dir='ltr'>a</span> <span class='ocrx_word' id='word_1_580' title='bbox 3063 1953 3352 2025; x_wconf 89' lang='lat' dir='ltr'>plerisque</span> <span class='ocrx_word' id='word_1_581' title='bbox 3383 1972 3486 2009; x_wconf 92' lang='lat' dir='ltr'>nec</span> <span class='ocrx_word' id='word_1_582' title='bbox 3508 1956 3622 2026; x_wconf 89' lang='lat' dir='ltr'>legi</span> 
     </span>
    </p>
   </div>
   <div class='ocr_carea' id='block_1_82' title="bbox 1916 2035 3621 2113">
    <p class='ocr_par' dir='ltr' id='par_1_82' title="bbox 1916 2035 3621 2113">
     <span class='ocr_line' id='line_1_82' title="bbox 1916 2035 3621 2113; baseline 0.004 -24"><span class='ocrx_word' id='word_1_583' title='bbox 1916 2035 2152 2106; x_wconf 91' lang='lat' dir='ltr'>quidem</span> <span class='ocrx_word' id='word_1_584' title='bbox 2194 2037 2599 2092; x_wconf 86' lang='lat' dir='ltr'>intellexisset:</span> <span class='ocrx_word' id='word_1_585' title='bbox 2636 2054 2808 2091; x_wconf 91' lang='lat' dir='ltr'>unam</span> <span class='ocrx_word' id='word_1_586' title='bbox 2853 2039 3166 2094; x_wconf 88' lang='lat' dir='ltr'>admodum</span> <span class='ocrx_word' id='word_1_587' title='bbox 3212 2040 3468 2109; x_wconf 89' lang='lat' dir='ltr'>brevem,</span> <span class='ocrx_word' id='word_1_588' title='bbox 3515 2058 3621 2113; x_wconf 93' lang='lat' dir='ltr'>pro</span> 
     </span>
    </p>
   </div>
   <div class='ocr_carea' id='block_1_83' title="bbox 1914 2122 3616 2197">
    <p class='ocr_par' dir='ltr' id='par_1_83' title="bbox 1914 2122 3616 2197">
     <span class='ocr_line' id='line_1_83' title="bbox 1914 2122 3616 2197; baseline 0.004 -21"><span class='ocrx_word' id='word_1_589' title='bbox 1914 2122 2111 2177; x_wconf 88' lang='lat' dir='ltr'>innata</span> <span class='ocrx_word' id='word_1_590' title='bbox 2137 2123 2245 2177; x_wconf 89' lang='lat' dir='ltr'>sibi</span> <span class='ocrx_word' id='word_1_591' title='bbox 2273 2124 2569 2189; x_wconf 86' lang='lat' dir='ltr'>charitate,</span> <span class='ocrx_word' id='word_1_592' title='bbox 2603 2125 2663 2179; x_wconf 91' lang='lat' dir='ltr'>in</span> <span class='ocrx_word' id='word_1_593' title='bbox 2703 2126 2892 2180; x_wconf 90' lang='lat' dir='ltr'>lucem</span> <span class='ocrx_word' id='word_1_594' title='bbox 2923 2126 3131 2194; x_wconf 90' lang='lat' dir='ltr'>emisit,</span> <span class='ocrx_word' id='word_1_595' title='bbox 3163 2144 3278 2197; x_wconf 88' lang='lat' dir='ltr'>quo</span> <span class='ocrx_word' id='word_1_596' title='bbox 3330 2128 3485 2183; x_wconf 88' lang='lat' dir='ltr'>illius</span> <span class='ocrx_word' id='word_1_597' title='bbox 3531 2146 3616 2184; x_wconf 84' lang='lat' dir='ltr'>ex-</span> 
     </span>
    </p>
   </div>
   <div class='ocr_carea' id='block_1_84' title="bbox 1915 2210 3620 2283">
    <p class='ocr_par' dir='ltr' id='par_1_84' title="bbox 1915 2210 3620 2283">
     <span class='ocr_line' id='line_1_84' title="bbox 1915 2210 3620 2283; baseline 0.005 -21"><span class='ocrx_word' id='word_1_598' title='bbox 1915 2210 2229 2264; x_wconf 57' lang='lat' dir='ltr'>scribendas</span> <span class='ocrx_word' id='word_1_599' title='bbox 2296 2210 2537 2265; x_wconf 90' lang='lat' dir='ltr'>facilitas</span> <span class='ocrx_word' id='word_1_600' title='bbox 2595 2227 2722 2265; x_wconf 88' lang='lat' dir='ltr'>eam</span> <span class='ocrx_word' id='word_1_601' title='bbox 2778 2228 2883 2282; x_wconf 88' lang='lat' dir='ltr'>per</span> <span class='ocrx_word' id='word_1_602' title='bbox 2945 2213 3199 2283; x_wconf 90' lang='lat' dir='ltr'>plurium</span> <span class='ocrx_word' id='word_1_603' title='bbox 3252 2231 3455 2270; x_wconf 89' lang='lat' dir='ltr'>manus</span> <span class='ocrx_word' id='word_1_604' title='bbox 3505 2220 3620 2270; x_wconf 89' lang='lat' dir='ltr'>tra-</span> 
     </span>
    </p>
   </div>
   <div class='ocr_carea' id='block_1_85' title="bbox 1916 2298 3619 2375">
    <p class='ocr_par' dir='ltr' id='par_1_85' title="bbox 1916 2298 3619 2375">
     <span class='ocr_line' id='line_1_85' title="bbox 1916 2298 3619 2375; baseline 0.005 -24"><span class='ocrx_word' id='word_1_605' title='bbox 1916 2298 2163 2364; x_wconf 89' lang='lat' dir='ltr'>duceret,</span> <span class='ocrx_word' id='word_1_606' title='bbox 2233 2298 2596 2369; x_wconf 82' lang='lat' dir='ltr'>efticeretque</span> <span class='ocrx_word' id='word_1_607' title='bbox 2678 2304 2744 2353; x_wconf 87' lang='lat' dir='ltr'>ut</span> <span class='ocrx_word' id='word_1_608' title='bbox 2796 2300 3091 2355; x_wconf 66' lang='lat' dir='ltr'>memoriae</span> <span class='ocrx_word' id='word_1_609' title='bbox 3162 2304 3321 2357; x_wconf 90' lang='lat' dir='ltr'>nullo</span> <span class='ocrx_word' id='word_1_610' title='bbox 3387 2304 3619 2375; x_wconf 89' lang='lat' dir='ltr'>negotio</span> 
     </span>
    </p>
   </div>
   <div class='ocr_carea' id='block_1_86' title="bbox 1914 2387 3621 2458">
    <p class='ocr_par' dir='ltr' id='par_1_86' title="bbox 1914 2387 3621 2458">
     <span class='ocr_line' id='line_1_86' title="bbox 1914 2387 3621 2458; baseline 0.004 -18"><span class='ocrx_word' id='word_1_611' title='bbox 1914 2387 2301 2441; x_wconf 87' lang='lat' dir='ltr'>mandaretur.</span> <span class='ocrx_word' id='word_1_612' title='bbox 2340 2388 2516 2456; x_wconf 84' lang='lat' dir='ltr'>Hujus</span> <span class='ocrx_word' id='word_1_613' title='bbox 2559 2388 2819 2458; x_wconf 86' lang='lat' dir='ltr'>opusculi</span> <span class='ocrx_word' id='word_1_614' title='bbox 2864 2389 3062 2443; x_wconf 92' lang='lat' dir='ltr'>titulus</span> <span class='ocrx_word' id='word_1_615' title='bbox 3104 2395 3245 2457; x_wconf 88' lang='lat' dir='ltr'>erat,</span> <span class='ocrx_word' id='word_1_616' title='bbox 3304 2391 3621 2447; x_wconf 85' lang='lat' dir='ltr'>Admonitio</span> 
     </span>
    </p>
   </div>
   <div class='ocr_carea' id='block_1_87' title="bbox 1914 2476 3622 2550">
    <p class='ocr_par' dir='ltr' id='par_1_87' title="bbox 1914 2476 3622 2550">
     <span class='ocr_line' id='line_1_87' title="bbox 1914 2476 3622 2550; baseline 0.003 -20"><span class='ocrx_word' id='word_1_617' title='bbox 1914 2477 2323 2530; x_wconf 76' lang='lat' dir='ltr'>Donatistarum</span> <span class='ocrx_word' id='word_1_618' title='bbox 2348 2476 2412 2529; x_wconf 86' lang='lat' dir='ltr'>de</span> <span class='ocrx_word' id='word_1_619' title='bbox 2452 2478 2920 2533; x_wconf 71' lang='lat' dir='ltr'>Maximianistis:</span> <span class='ocrx_word' id='word_1_620' title='bbox 2962 2480 3116 2550; x_wconf 93' lang='lat' dir='ltr'>quod</span> <span class='ocrx_word' id='word_1_621' title='bbox 3145 2479 3358 2534; x_wconf 91' lang='lat' dir='ltr'>scilicet</span> <span class='ocrx_word' id='word_1_622' title='bbox 3404 2496 3471 2536; x_wconf 80' lang='lat' dir='ltr'>ex</span> <span class='ocrx_word' id='word_1_623' title='bbox 3502 2482 3622 2535; x_wconf 90' lang='lat' dir='ltr'>sola</span> 
     </span>
    </p>
   </div>
   <div class='ocr_carea' id='block_1_88' title="bbox 1918 2564 3622 2634">
    <p class='ocr_par' dir='ltr' id='par_1_88' title="bbox 1918 2564 3622 2634">
     <span class='ocr_line' id='line_1_88' title="bbox 1918 2564 3622 2634; baseline 0.004 -16"><span class='ocrx_word' id='word_1_624' title='bbox 1918 2564 2465 2618; x_wconf 82' lang='lat' dir='ltr'>Maximianistarum</span> <span class='ocrx_word' id='word_1_625' title='bbox 2513 2565 2749 2619; x_wconf 87' lang='lat' dir='ltr'>historia</span> <span class='ocrx_word' id='word_1_626' title='bbox 2788 2567 3237 2634; x_wconf 89' lang='lat' dir='ltr'>demonstrabat,</span> <span class='ocrx_word' id='word_1_627' title='bbox 3290 2569 3498 2623; x_wconf 89' lang='lat' dir='ltr'>Donati</span> <span class='ocrx_word' id='word_1_628' title='bbox 3543 2570 3622 2624; x_wconf 90' lang='lat' dir='ltr'>fa-</span> 
     </span>
    </p>
   </div>
   <div class='ocr_carea' id='block_1_89' title="bbox 1916 2653 3619 2726">
    <p class='ocr_par' dir='ltr' id='par_1_89' title="bbox 1916 2653 3619 2726">
     <span class='ocr_line' id='line_1_89' title="bbox 1916 2653 3619 2726; baseline 0.004 -21"><span class='ocrx_word' id='word_1_629' title='bbox 1916 2654 2161 2707; x_wconf 91' lang='lat' dir='ltr'>ctionem</span> <span class='ocrx_word' id='word_1_630' title='bbox 2208 2653 2369 2707; x_wconf 92' lang='lat' dir='ltr'>nullo</span> <span class='ocrx_word' id='word_1_631' title='bbox 2400 2653 2797 2719; x_wconf 90' lang='lat' dir='ltr'>fundamento,</span> <span class='ocrx_word' id='word_1_632' title='bbox 2829 2656 2989 2710; x_wconf 89' lang='lat' dir='ltr'>nulla</span> <span class='ocrx_word' id='word_1_633' title='bbox 3016 2656 3253 2711; x_wconf 83' lang='lat' dir='ltr'>veritate</span> <span class='ocrx_word' id='word_1_634' title='bbox 3284 2657 3389 2711; x_wconf 92' lang='lat' dir='ltr'>niti</span> <span class='ocrx_word' id='word_1_635' title='bbox 3434 2658 3619 2726; x_wconf 84' lang='lat' dir='ltr'>(Ibid.,</span> 
     </span>
    </p>
   </div>
   <div class='ocr_carea' id='block_1_90' title="bbox 1916 2744 2189 2811">
    <p class='ocr_par' dir='ltr' id='par_1_90' title="bbox 1916 2744 2189 2811">
     <span class='ocr_line' id='line_1_90' title="bbox 1916 2744 2189 2811; baseline 0.011 -17"><span class='ocrx_word' id='word_1_636' title='bbox 1916 2756 2036 2811; x_wconf 85' lang='lat' dir='ltr'>cap.</span> <span class='ocrx_word' id='word_1_637' title='bbox 2069 2744 2189 2811; x_wconf 83' lang='lat'>29).</span> 
     </span>
    </p>
   </div>
   <div class='ocr_carea' id='block_1_91' title="bbox 1988 2830 3619 2901">
    <p class='ocr_par' dir='ltr' id='par_1_91' title="bbox 1988 2830 3619 2901">
     <span class='ocr_line' id='line_1_91' title="bbox 1988 2830 3619 2901; baseline 0.002 -17"><span class='ocrx_word' id='word_1_638' title='bbox 1988 2834 2039 2884; x_wconf 82' lang='grc'><strong>5.</strong></span> <span class='ocrx_word' id='word_1_639' title='bbox 2084 2830 2291 2883; x_wconf 89' lang='lat' dir='ltr'>Eadem</span> <span class='ocrx_word' id='word_1_640' title='bbox 2313 2833 2649 2901; x_wconf 87' lang='lat' dir='ltr'>tempestate</span> <span class='ocrx_word' id='word_1_641' title='bbox 2684 2831 2903 2885; x_wconf 91' lang='lat' dir='ltr'>librum</span> <span class='ocrx_word' id='word_1_642' title='bbox 2943 2848 3111 2887; x_wconf 91' lang='lat' dir='ltr'>suum</span> <span class='ocrx_word' id='word_1_643' title='bbox 3142 2833 3211 2887; x_wconf 93' lang='lat' dir='ltr'>de</span> <span class='ocrx_word' id='word_1_644' title='bbox 3261 2833 3619 2888; x_wconf 89' lang='lat' dir='ltr'>Divinatione</span> 
     </span>
    </p>
   </div>
   <div class='ocr_carea' id='block_1_92' title="bbox 1915 2918 3615 2994">
    <p class='ocr_par' dir='ltr' id='par_1_92' title="bbox 1915 2918 3615 2994">
     <span class='ocr_line' id='line_1_92' title="bbox 1915 2918 3615 2994; baseline 0.002 -23"><span class='ocrx_word' id='word_1_645' title='bbox 1915 2934 2010 2972; x_wconf 92' lang='lat' dir='ltr'>seu</span> <span class='ocrx_word' id='word_1_646' title='bbox 2054 2918 2421 2989; x_wconf 76' lang='lat' dir='ltr'>prmdictione</span> <span class='ocrx_word' id='word_1_647' title='bbox 2470 2921 2797 2973; x_wconf 58' lang='lat' dir='ltr'>daemonum</span> <span class='ocrx_word' id='word_1_648' title='bbox 2847 2919 3071 2990; x_wconf 87' lang='lat' dir='ltr'>scripsit</span> <span class='ocrx_word' id='word_1_649' title='bbox 3115 2921 3422 2991; x_wconf 84' lang='lat' dir='ltr'>(Ibid..cap.</span> <span class='ocrx_word' id='word_1_650' title='bbox 3482 2924 3615 2994; x_wconf 86' lang='lat'>30):</span> 
     </span>
    </p>
   </div>
   <div class='ocr_carea' id='block_1_93' title="bbox 1915 3007 3621 3080">
    <p class='ocr_par' dir='ltr' id='par_1_93' title="bbox 1915 3007 3621 3080">
     <span class='ocr_line' id='line_1_93' title="bbox 1915 3007 3621 3080; baseline 0.002 -20"><span class='ocrx_word' id='word_1_651' title='bbox 1915 3007 2007 3060; x_wconf 90' lang='lat' dir='ltr'>cui</span> <span class='ocrx_word' id='word_1_652' title='bbox 2039 3007 2392 3061; x_wconf 87' lang='lat' dir='ltr'>occasionem</span> <span class='ocrx_word' id='word_1_653' title='bbox 2423 3008 2580 3062; x_wconf 89' lang='lat' dir='ltr'>dedit</span> <span class='ocrx_word' id='word_1_654' title='bbox 2609 3008 2731 3078; x_wconf 85' lang='lat' dir='ltr'>ejus</span> <span class='ocrx_word' id='word_1_655' title='bbox 2760 3024 2890 3062; x_wconf 91' lang='lat' dir='ltr'>cum</span> <span class='ocrx_word' id='word_1_656' title='bbox 2922 3008 3076 3062; x_wconf 90' lang='lat' dir='ltr'>laicis</span> <span class='ocrx_word' id='word_1_657' title='bbox 3103 3009 3445 3080; x_wconf 81' lang='lat' dir='ltr'>quibusdam</span> <span class='ocrx_word' id='word_1_658' title='bbox 3474 3009 3621 3064; x_wconf 88' lang='lat' dir='ltr'>chri-</span> 
     </span>
    </p>
   </div>
   <div class='ocr_carea' id='block_1_94' title="bbox 1915 3094 3619 3167">
    <p class='ocr_par' dir='ltr' id='par_1_94' title="bbox 1915 3094 3619 3167">
     <span class='ocr_line' id='line_1_94' title="bbox 1915 3094 3619 3167; baseline 0.003 -20"><span class='ocrx_word' id='word_1_659' title='bbox 1915 3094 2133 3164; x_wconf 90' lang='lat' dir='ltr'>stianis,</span> <span class='ocrx_word' id='word_1_660' title='bbox 2169 3095 2268 3166; x_wconf 91' lang='lat' dir='ltr'>qui</span> <span class='ocrx_word' id='word_1_661' title='bbox 2296 3096 2446 3165; x_wconf 89' lang='lat' dir='ltr'>apud</span> <span class='ocrx_word' id='word_1_662' title='bbox 2476 3112 2610 3150; x_wconf 91' lang='lat' dir='ltr'>eum</span> <span class='ocrx_word' id='word_1_663' title='bbox 2647 3112 2857 3167; x_wconf 89' lang='lat' dir='ltr'>magno</span> <span class='ocrx_word' id='word_1_664' title='bbox 2886 3113 3131 3151; x_wconf 86' lang='lat' dir='ltr'>numero</span> <span class='ocrx_word' id='word_1_665' title='bbox 3163 3098 3395 3152; x_wconf 90' lang='lat' dir='ltr'>aderant</span> <span class='ocrx_word' id='word_1_666' title='bbox 3417 3098 3475 3152; x_wconf 93' lang='lat' dir='ltr'>in</span> <span class='ocrx_word' id='word_1_667' title='bbox 3498 3098 3619 3152; x_wconf 88' lang='lat' dir='ltr'>die-</span> 
     </span>
    </p>
   </div>
   <div class='ocr_carea' id='block_1_95' title="bbox 1915 3182 3619 3257">
    <p class='ocr_par' dir='ltr' id='par_1_95' title="bbox 1915 3182 3619 3257">
     <span class='ocr_line' id='line_1_95' title="bbox 1915 3182 3619 3257; baseline 0.002 -22"><span class='ocrx_word' id='word_1_668' title='bbox 1915 3182 2021 3236; x_wconf 90' lang='lat' dir='ltr'>bus</span> <span class='ocrx_word' id='word_1_669' title='bbox 2061 3183 2267 3237; x_wconf 88' lang='lat' dir='ltr'>sanctis</span> <span class='ocrx_word' id='word_1_670' title='bbox 2297 3187 2644 3249; x_wconf 79' lang='lat' dir='ltr'>octavar-im,</span> <span class='ocrx_word' id='word_1_671' title='bbox 2693 3184 2942 3255; x_wconf 89' lang='lat' dir='ltr'>quodam</span> <span class='ocrx_word' id='word_1_672' title='bbox 2984 3185 3072 3239; x_wconf 93' lang='lat' dir='ltr'>die</span> <span class='ocrx_word' id='word_1_673' title='bbox 3113 3201 3282 3239; x_wconf 90' lang='lat' dir='ltr'>mane</span> <span class='ocrx_word' id='word_1_674' title='bbox 3322 3202 3385 3239; x_wconf 89' lang='lat' dir='ltr'>ac</span> <span class='ocrx_word' id='word_1_675' title='bbox 3428 3187 3619 3257; x_wconf 77' lang='lat' dir='ltr'>prius-</span> 
     </span>
    </p>
   </div>
   <div class='ocr_carea' id='block_1_96' title="bbox 1918 3271 3621 3343">
    <p class='ocr_par' dir='ltr' id='par_1_96' title="bbox 1918 3271 3621 3343">
     <span class='ocr_line' id='line_1_96' title="bbox 1918 3271 3621 3343; baseline 0.002 -18"><span class='ocrx_word' id='word_1_676' title='bbox 1918 3288 2091 3343; x_wconf 89' lang='lat' dir='ltr'>quam</span> <span class='ocrx_word' id='word_1_677' title='bbox 2122 3271 2312 3326; x_wconf 87' lang='lat' dir='ltr'>divina</span> <span class='ocrx_word' id='word_1_678' title='bbox 2342 3273 2610 3343; x_wconf 85' lang='lat' dir='ltr'>mysteria</span> <span class='ocrx_word' id='word_1_679' title='bbox 2626 3273 3073 3340; x_wconf 86' lang='lat' dir='ltr'>celebrarentur,</span> <span class='ocrx_word' id='word_1_680' title='bbox 3107 3274 3301 3328; x_wconf 90' lang='lat' dir='ltr'>habita</span> <span class='ocrx_word' id='word_1_681' title='bbox 3318 3276 3621 3329; x_wconf 89' lang='lat' dir='ltr'>collocutio</span> 
     </span>
    </p>
   </div>
   <div class='ocr_carea' id='block_1_97' title="bbox 1920 3362 3619 3431">
    <p class='ocr_par' dir='ltr' id='par_1_97' title="bbox 1920 3362 3619 3431">
     <span class='ocr_line' id='line_1_97' title="bbox 1920 3362 3619 3431; baseline 0.002 -17"><span class='ocrx_word' id='word_1_682' title='bbox 1920 3362 2015 3431; x_wconf 88' lang='lat' dir='ltr'>(De</span> <span class='ocrx_word' id='word_1_683' title='bbox 2052 3363 2395 3416; x_wconf 70' lang='lat' dir='ltr'>Divinatione</span> <span class='ocrx_word' id='word_1_684' title='bbox 2443 3362 2761 3429; x_wconf 69' lang='lat' dir='ltr'>daemonum,</span> <span class='ocrx_word' id='word_1_685' title='bbox 2805 3378 2898 3418; x_wconf 84' lang='lat' dir='ltr'>nn.</span> <span class='ocrx_word' id='word_1_686' title='bbox 2950 3366 2999 3430; x_wconf 81' lang='lat' dir='ltr'>l,</span> <span class='ocrx_word' id='word_1_687' title='bbox 3050 3366 3127 3431; x_wconf 84' lang='lat'>6).</span> <span class='ocrx_word' id='word_1_688' title='bbox 3178 3365 3385 3417; x_wconf 85' lang='lat' dir='ltr'>Natum</span> <span class='ocrx_word' id='word_1_689' title='bbox 3414 3369 3499 3419; x_wconf 90' lang='lat' dir='ltr'>est</span> <span class='ocrx_word' id='word_1_690' title='bbox 3529 3381 3619 3418; x_wconf 90' lang='lat' dir='ltr'>ar-</span> 
     </span>
    </p>
   </div>
   <div class='ocr_carea' id='block_1_98' title="bbox 1918 3452 3623 3522">
    <p class='ocr_par' dir='ltr' id='par_1_98' title="bbox 1918 3452 3623 3522">
     <span class='ocr_line' id='line_1_98' title="bbox 1918 3452 3623 3522; baseline 0.003 -20"><span class='ocrx_word' id='word_1_691' title='bbox 1918 3454 2260 3519; x_wconf 89' lang='lat' dir='ltr'>gumentum</span> <span class='ocrx_word' id='word_1_692' title='bbox 2290 3466 2356 3503; x_wconf 80' lang='lat' dir='ltr'>ex</span> <span class='ocrx_word' id='word_1_693' title='bbox 2387 3466 2639 3521; x_wconf 89' lang='lat' dir='ltr'>rumore,</span> <span class='ocrx_word' id='word_1_694' title='bbox 2680 3467 2794 3522; x_wconf 92' lang='lat' dir='ltr'>quo</span> <span class='ocrx_word' id='word_1_695' title='bbox 2821 3452 3126 3505; x_wconf 89' lang='lat' dir='ltr'>destructio</span> <span class='ocrx_word' id='word_1_696' title='bbox 3153 3452 3444 3522; x_wconf 87' lang='lat' dir='ltr'>Serapidis</span> <span class='ocrx_word' id='word_1_697' title='bbox 3480 3456 3623 3507; x_wconf 87' lang='lat' dir='ltr'>tem-</span> 
     </span>
    </p>
   </div>
   <div class='ocr_carea' id='block_1_99' title="bbox 1918 3537 3623 3611">
    <p class='ocr_par' dir='ltr' id='par_1_99' title="bbox 1918 3537 3623 3611">
     <span class='ocr_line' id='line_1_99' title="bbox 1918 3537 3623 3611; baseline 0.002 -20"><span class='ocrx_word' id='word_1_698' title='bbox 1918 3537 2021 3607; x_wconf 90' lang='lat' dir='ltr'>pli,</span> <span class='ocrx_word' id='word_1_699' title='bbox 2054 3538 2209 3609; x_wconf 92' lang='lat' dir='ltr'>quod</span> <span class='ocrx_word' id='word_1_700' title='bbox 2239 3555 2388 3592; x_wconf 87' lang='lat' dir='ltr'>anno</span> <span class='ocrx_word' id='word_1_701' title='bbox 2417 3539 2641 3593; x_wconf 90' lang='lat' dir='ltr'>circiter</span> <span class='ocrx_word' id='word_1_702' title='bbox 2665 3540 3063 3593; x_wconf 89' lang='lat' dir='ltr'>trecentesimo</span> <span class='ocrx_word' id='word_1_703' title='bbox 3094 3541 3439 3611; x_wconf 89' lang='lat' dir='ltr'>octogesimo</span> <span class='ocrx_word' id='word_1_704' title='bbox 3469 3558 3623 3596; x_wconf 91' lang='lat' dir='ltr'>nono</span> 
     </span>
    </p>
   </div>
   <div class='ocr_carea' id='block_1_100' title="bbox 1918 3626 3624 3699">
    <p class='ocr_par' dir='ltr' id='par_1_100' title="bbox 1918 3626 3624 3699">
     <span class='ocr_line' id='line_1_100' title="bbox 1918 3626 3624 3699; baseline 0.002 -20"><span class='ocrx_word' id='word_1_705' title='bbox 1918 3626 2234 3680; x_wconf 89' lang='lat' dir='ltr'>Theodosio</span> <span class='ocrx_word' id='word_1_706' title='bbox 2270 3626 2606 3696; x_wconf 86' lang='lat' dir='ltr'>imperante,</span> <span class='ocrx_word' id='word_1_707' title='bbox 2642 3627 2997 3681; x_wconf 80' lang='lat' dir='ltr'>Alexandriae</span> <span class='ocrx_word' id='word_1_708' title='bbox 3030 3644 3286 3681; x_wconf 87' lang='lat' dir='ltr'>eversum</span> <span class='ocrx_word' id='word_1_709' title='bbox 3337 3634 3444 3697; x_wconf 92' lang='lat' dir='ltr'>est,</span> <span class='ocrx_word' id='word_1_710' title='bbox 3475 3646 3624 3699; x_wconf 66' lang='lat' dir='ltr'>pra:-</span> 
     </span>
    </p>
   </div>
   <div class='ocr_carea' id='block_1_101' title="bbox 1921 3714 3623 3784">
    <p class='ocr_par' dir='ltr' id='par_1_101' title="bbox 1921 3714 3623 3784">
     <span class='ocr_line' id='line_1_101' title="bbox 1921 3714 3623 3784; baseline 0.002 -17"><span class='ocrx_word' id='word_1_711' title='bbox 1921 3714 2072 3767; x_wconf 89' lang='lat' dir='ltr'>dicta</span> <span class='ocrx_word' id='word_1_712' title='bbox 2101 3730 2135 3767; x_wconf 93' lang='lat' dir='ltr'>a</span> <span class='ocrx_word' id='word_1_713' title='bbox 2164 3729 2333 3783; x_wconf 89' lang='lat' dir='ltr'>mago</span> <span class='ocrx_word' id='word_1_714' title='bbox 2354 3714 2602 3784; x_wconf 89' lang='lat' dir='ltr'>quodam</span> <span class='ocrx_word' id='word_1_715' title='bbox 2632 3714 2940 3768; x_wconf 86' lang='lat' dir='ltr'>ferebatur.</span> <span class='ocrx_word' id='word_1_716' title='bbox 2978 3716 3090 3769; x_wconf 85' lang='lat' dir='ltr'>Hoc</span> <span class='ocrx_word' id='word_1_717' title='bbox 3132 3720 3320 3769; x_wconf 91' lang='lat' dir='ltr'>autem</span> <span class='ocrx_word' id='word_1_718' title='bbox 3352 3716 3413 3769; x_wconf 89' lang='lat' dir='ltr'>in</span> <span class='ocrx_word' id='word_1_719' title='bbox 3446 3717 3623 3771; x_wconf 87' lang='lat' dir='ltr'>collo-</span> 
     </span>
    </p>
   </div>
   <div class='ocr_carea' id='block_1_102' title="bbox 1922 3801 3624 3877">
    <p class='ocr_par' dir='ltr' id='par_1_102' title="bbox 1922 3801 3624 3877">
     <span class='ocr_line' id='line_1_102' title="bbox 1922 3801 3624 3877; baseline 0.002 -21"><span class='ocrx_word' id='word_1_720' title='bbox 1922 3801 2059 3873; x_wconf 93' lang='lat' dir='ltr'>quio</span> <span class='ocrx_word' id='word_1_721' title='bbox 2114 3802 2467 3872; x_wconf 88' lang='lat' dir='ltr'>Augustinus</span> <span class='ocrx_word' id='word_1_722' title='bbox 2516 3802 2802 3873; x_wconf 66' lang='lat' dir='ltr'>przedicta:</span> <span class='ocrx_word' id='word_1_723' title='bbox 2841 3802 3211 3857; x_wconf 89' lang='lat' dir='ltr'>divinationis</span> <span class='ocrx_word' id='word_1_724' title='bbox 3262 3804 3624 3877; x_wconf 86' lang='lat' dir='ltr'>aliarumque</span> 
     </span>
    </p>
   </div>
   <div class='ocr_carea' id='block_1_103' title="bbox 1922 3890 3629 3963">
    <p class='ocr_par' dir='ltr' id='par_1_103' title="bbox 1922 3890 3629 3963">
     <span class='ocr_line' id='line_1_103' title="bbox 1922 3890 3629 3963; baseline 0.002 -18"><span class='ocrx_word' id='word_1_725' title='bbox 1922 3890 2221 3957; x_wconf 89' lang='lat' dir='ltr'>similium,</span> <span class='ocrx_word' id='word_1_726' title='bbox 2255 3907 2383 3962; x_wconf 65' lang='lat' dir='ltr'>quae</span> <span class='ocrx_word' id='word_1_727' title='bbox 2404 3891 2780 3961; x_wconf 67' lang='lat' dir='ltr'>przenuntiari</span> <span class='ocrx_word' id='word_1_728' title='bbox 2807 3908 2840 3946; x_wconf 92' lang='lat' dir='ltr'>a</span> <span class='ocrx_word' id='word_1_729' title='bbox 2860 3891 3219 3946; x_wconf 71' lang='lat' dir='ltr'>daemonibus</span> <span class='ocrx_word' id='word_1_730' title='bbox 3250 3898 3509 3963; x_wconf 90' lang='lat' dir='ltr'>possunt,</span> <span class='ocrx_word' id='word_1_731' title='bbox 3542 3911 3629 3948; x_wconf 87' lang='lat' dir='ltr'>ra-</span> 
     </span>
    </p>
   </div>
   <div class='ocr_carea' id='block_1_104' title="bbox 1922 3980 3624 4052">
    <p class='ocr_par' dir='ltr' id='par_1_104' title="bbox 1922 3980 3624 4052">
     <span class='ocr_line' id='line_1_104' title="bbox 1922 3980 3624 4052; baseline 0.002 -19"><span class='ocrx_word' id='word_1_732' title='bbox 1922 3981 2142 4035; x_wconf 90' lang='lat' dir='ltr'>tionem</span> <span class='ocrx_word' id='word_1_733' title='bbox 2165 3980 2369 4034; x_wconf 82' lang='lat' dir='ltr'>afferre</span> <span class='ocrx_word' id='word_1_734' title='bbox 2391 3980 2548 4034; x_wconf 90' lang='lat' dir='ltr'>nisus</span> <span class='ocrx_word' id='word_1_735' title='bbox 2577 3984 2679 4034; x_wconf 89' lang='lat' dir='ltr'>est.</span> <span class='ocrx_word' id='word_1_736' title='bbox 2715 3981 2857 4035; x_wconf 88' lang='lat' dir='ltr'>Cum</span> <span class='ocrx_word' id='word_1_737' title='bbox 2874 3980 3127 4050; x_wconf 89' lang='lat' dir='ltr'>primum</span> <span class='ocrx_word' id='word_1_738' title='bbox 3148 3998 3281 4035; x_wconf 86' lang='lat' dir='ltr'>vero</span> <span class='ocrx_word' id='word_1_739' title='bbox 3316 3998 3421 4052; x_wconf 90' lang='lat' dir='ltr'>per</span> <span class='ocrx_word' id='word_1_740' title='bbox 3445 3982 3624 4036; x_wconf 89' lang='lat' dir='ltr'>otium</span> 
     </span>
    </p>
   </div>
   <div class='ocr_carea' id='block_1_105' title="bbox 1922 4068 3627 4140">
    <p class='ocr_par' dir='ltr' id='par_1_105' title="bbox 1922 4068 3627 4140">
     <span class='ocr_line' id='line_1_105' title="bbox 1922 4068 3627 4140; baseline 0.001 -17"><span class='ocrx_word' id='word_1_741' title='bbox 1922 4068 2102 4135; x_wconf 88' lang='lat' dir='ltr'>licuit,</span> <span class='ocrx_word' id='word_1_742' title='bbox 2136 4085 2265 4137; x_wconf 79' lang='lat' dir='ltr'>quae</span> <span class='ocrx_word' id='word_1_743' title='bbox 2297 4074 2432 4123; x_wconf 90' lang='lat' dir='ltr'>tunc</span> <span class='ocrx_word' id='word_1_744' title='bbox 2454 4069 2731 4140; x_wconf 89' lang='lat' dir='ltr'>temporis</span> <span class='ocrx_word' id='word_1_745' title='bbox 2761 4069 2913 4123; x_wconf 88' lang='lat' dir='ltr'>dicta</span> <span class='ocrx_word' id='word_1_746' title='bbox 2941 4070 3186 4135; x_wconf 82' lang='lat' dir='ltr'>fuerant,</span> <span class='ocrx_word' id='word_1_747' title='bbox 3219 4070 3429 4124; x_wconf 87' lang='lat' dir='ltr'>chartis</span> <span class='ocrx_word' id='word_1_748' title='bbox 3468 4086 3627 4125; x_wconf 89' lang='lat' dir='ltr'>man-</span> 
     </span>
    </p>
   </div>
   <div class='ocr_carea' id='block_1_106' title="bbox 1923 4157 3628 4229">
    <p class='ocr_par' dir='ltr' id='par_1_106' title="bbox 1923 4157 3628 4229">
     <span class='ocr_line' id='line_1_106' title="bbox 1923 4157 3628 4229; baseline 0.001 -19"><span class='ocrx_word' id='word_1_749' title='bbox 1923 4157 2099 4212; x_wconf 86' lang='lat' dir='ltr'>davit.</span> <span class='ocrx_word' id='word_1_750' title='bbox 2166 4158 2231 4211; x_wconf 88' lang='lat' dir='ltr'>In</span> <span class='ocrx_word' id='word_1_751' title='bbox 2284 4162 2540 4211; x_wconf 81' lang='lat' dir='ltr'>extremo</span> <span class='ocrx_word' id='word_1_752' title='bbox 2581 4157 2781 4211; x_wconf 85' lang='lat' dir='ltr'>eodem</span> <span class='ocrx_word' id='word_1_753' title='bbox 2826 4158 2971 4212; x_wconf 90' lang='lat' dir='ltr'>libro</span> <span class='ocrx_word' id='word_1_754' title='bbox 3021 4157 3325 4228; x_wconf 89' lang='lat' dir='ltr'>promittit,</span> <span class='ocrx_word' id='word_1_755' title='bbox 3385 4158 3431 4211; x_wconf 91' lang='lat' dir='ltr'>si</span> <span class='ocrx_word' id='word_1_756' title='bbox 3489 4158 3628 4229; x_wconf 91' lang='lat' dir='ltr'>quid</span> 
     </span>
    </p>
   </div>
   <div class='ocr_carea' id='block_1_107' title="bbox 1926 4246 3627 4319">
    <p class='ocr_par' dir='ltr' id='par_1_107' title="bbox 1926 4246 3627 4319">
     <span class='ocr_line' id='line_1_107' title="bbox 1926 4246 3627 4319; baseline -0.001 -19"><span class='ocrx_word' id='word_1_757' title='bbox 1926 4246 2150 4300; x_wconf 89' lang='lat' dir='ltr'>Ethnici</span> <span class='ocrx_word' id='word_1_758' title='bbox 2175 4246 2265 4313; x_wconf 91' lang='lat' dir='ltr'>iis,</span> <span class='ocrx_word' id='word_1_759' title='bbox 2308 4264 2436 4317; x_wconf 67' lang='lat' dir='ltr'>quae</span> <span class='ocrx_word' id='word_1_760' title='bbox 2474 4247 2687 4302; x_wconf 91' lang='lat' dir='ltr'>ibidem</span> <span class='ocrx_word' id='word_1_761' title='bbox 2721 4247 3050 4319; x_wconf 80' lang='lat' dir='ltr'>disputavit,</span> <span class='ocrx_word' id='word_1_762' title='bbox 3072 4248 3283 4301; x_wconf 84' lang='lat' dir='ltr'>vellent</span> <span class='ocrx_word' id='word_1_763' title='bbox 3314 4262 3627 4316; x_wconf 88' lang='lat' dir='ltr'>opponere,</span> 
     </span>
    </p>
   </div>
   <div class='ocr_carea' id='block_1_108' title="bbox 1923 4335 3625 4405">
    <p class='ocr_par' dir='ltr' id='par_1_108' title="bbox 1923 4335 3625 4405">
     <span class='ocr_line' id='line_1_108' title="bbox 1923 4335 3625 4405; baseline 0.001 -18"><span class='ocrx_word' id='word_1_764' title='bbox 1923 4351 1981 4387; x_wconf 88' lang='lat' dir='ltr'>se</span> <span class='ocrx_word' id='word_1_765' title='bbox 2046 4351 2149 4405; x_wconf 89' lang='lat' dir='ltr'>pro</span> <span class='ocrx_word' id='word_1_766' title='bbox 2215 4351 2318 4388; x_wconf 90' lang='lat' dir='ltr'>sua</span> <span class='ocrx_word' id='word_1_767' title='bbox 2381 4336 2529 4389; x_wconf 88' lang='lat' dir='ltr'>virili</span> <span class='ocrx_word' id='word_1_768' title='bbox 2594 4352 3029 4405; x_wconf 89' lang='lat' dir='ltr'>responsurum.</span> <span class='ocrx_word' id='word_1_769' title='bbox 3114 4335 3277 4389; x_wconf 86' lang='lat' dir='ltr'>Prius</span> <span class='ocrx_word' id='word_1_770' title='bbox 3343 4336 3625 4400; x_wconf 87' lang='lat' dir='ltr'>observat,</span> 
     </span>
    </p>
   </div>
   <div class='ocr_carea' id='block_1_109' title="bbox 1924 4420 3627 4494">
    <p class='ocr_par' dir='ltr' id='par_1_109' title="bbox 1924 4420 3627 4494">
     <span class='ocr_line' id='line_1_109' title="bbox 1924 4420 3627 4494; baseline 0.001 -19"><span class='ocrx_word' id='word_1_771' title='bbox 1924 4421 2213 4478; x_wconf 83' lang='lat' dir='ltr'>idolorum</span> <span class='ocrx_word' id='word_1_772' title='bbox 2265 4423 2485 4477; x_wconf 89' lang='lat' dir='ltr'>cultum</span> <span class='ocrx_word' id='word_1_773' title='bbox 2516 4423 2578 4477; x_wconf 93' lang='lat' dir='ltr'>in</span> <span class='ocrx_word' id='word_1_774' title='bbox 2620 4423 2739 4477; x_wconf 92' lang='lat' dir='ltr'>dies</span> <span class='ocrx_word' id='word_1_775' title='bbox 2793 4423 3053 4494; x_wconf 90' lang='lat' dir='ltr'>singulos</span> <span class='ocrx_word' id='word_1_776' title='bbox 3100 4420 3388 4487; x_wconf 90' lang='lat' dir='ltr'>imminui,</span> <span class='ocrx_word' id='word_1_777' title='bbox 3439 4438 3627 4493; x_wconf 89' lang='lat' dir='ltr'>neque</span> 
     </span>
    </p>
   </div>
   <div class='ocr_carea' id='block_1_110' title="bbox 1924 4510 3628 4583">
    <p class='ocr_par' dir='ltr' id='par_1_110' title="bbox 1924 4510 3628 4583">
     <span class='ocr_line' id='line_1_110' title="bbox 1924 4510 3628 4583; baseline 0.001 -19"><span class='ocrx_word' id='word_1_778' title='bbox 1924 4510 2108 4564; x_wconf 90' lang='lat' dir='ltr'>ullum</span> <span class='ocrx_word' id='word_1_779' title='bbox 2168 4527 2288 4565; x_wconf 91' lang='lat' dir='ltr'>esse</span> <span class='ocrx_word' id='word_1_780' title='bbox 2316 4528 2552 4577; x_wconf 89' lang='lat' dir='ltr'>annum,</span> <span class='ocrx_word' id='word_1_781' title='bbox 2608 4512 2667 4565; x_wconf 92' lang='lat' dir='ltr'>in</span> <span class='ocrx_word' id='word_1_782' title='bbox 2712 4528 2827 4583; x_wconf 92' lang='lat' dir='ltr'>quo</span> <span class='ocrx_word' id='word_1_783' title='bbox 2890 4527 3011 4565; x_wconf 90' lang='lat' dir='ltr'>non</span> <span class='ocrx_word' id='word_1_784' title='bbox 3058 4510 3246 4563; x_wconf 90' lang='lat' dir='ltr'>minor</span> <span class='ocrx_word' id='word_1_785' title='bbox 3306 4510 3628 4566; x_wconf 84' lang='lat' dir='ltr'>inﬁdelium</span> 
     </span>
    </p>
   </div>
   <div class='ocr_carea' id='block_1_111' title="bbox 1927 4596 3626 4671">
    <p class='ocr_par' dir='ltr' id='par_1_111' title="bbox 1927 4596 3626 4671">
     <span class='ocr_line' id='line_1_111' title="bbox 1927 4596 3626 4671; baseline -0.001 -18"><span class='ocrx_word' id='word_1_786' title='bbox 1927 4615 2225 4667; x_wconf 89' lang='lat' dir='ltr'>numerus,</span> <span class='ocrx_word' id='word_1_787' title='bbox 2261 4616 2434 4671; x_wconf 92' lang='lat' dir='ltr'>quam</span> <span class='ocrx_word' id='word_1_788' title='bbox 2482 4600 2543 4655; x_wconf 86' lang='lat' dir='ltr'>in</span> <span class='ocrx_word' id='word_1_789' title='bbox 2592 4599 2881 4671; x_wconf 89' lang='lat' dir='ltr'>superiore</span> <span class='ocrx_word' id='word_1_790' title='bbox 2929 4596 3388 4669; x_wconf 88' lang='lat' dir='ltr'>deprehendatur</span> <span class='ocrx_word' id='word_1_791' title='bbox 3428 4599 3626 4669; x_wconf 82' lang='lat' dir='ltr'>(Ibid.,</span> 
     </span>
    </p>
   </div>
   <div class='ocr_carea' id='block_1_112' title="bbox 1927 4690 2137 4755">
    <p class='ocr_par' dir='ltr' id='par_1_112' title="bbox 1927 4690 2137 4755">
     <span class='ocr_line' id='line_1_112' title="bbox 1927 4690 2137 4755; baseline 0.01 -14"><span class='ocrx_word' id='word_1_792' title='bbox 1927 4704 1983 4743; x_wconf 79' lang='grc' dir='ltr'>η.</span> <span class='ocrx_word' id='word_1_793' title='bbox 2028 4690 2137 4755; x_wconf 60' lang='lat' dir='ltr'>li).</span> 
     </span>
    </p>
   </div>
   <div class='ocr_carea' id='block_1_113' title="bbox 1998 4774 3629 4848">
    <p class='ocr_par' dir='ltr' id='par_1_113' title="bbox 1998 4774 3629 4848">
     <span class='ocr_line' id='line_1_113' title="bbox 1998 4774 3629 4848; baseline -0.001 -17"><span class='ocrx_word' id='word_1_794' title='bbox 1998 4779 2050 4831; x_wconf 90' lang='lat'>6.</span> <span class='ocrx_word' id='word_1_795' title='bbox 2093 4776 2356 4832; x_wconf 84' lang='lat' dir='ltr'>Proximo</span> <span class='ocrx_word' id='word_1_796' title='bbox 2387 4780 2582 4848; x_wconf 90' lang='lat' dir='ltr'>postea</span> <span class='ocrx_word' id='word_1_797' title='bbox 2622 4778 2742 4831; x_wconf 93' lang='lat' dir='ltr'>loco</span> <span class='ocrx_word' id='word_1_798' title='bbox 2790 4774 2849 4829; x_wconf 91' lang='lat' dir='ltr'>in</span> <span class='ocrx_word' id='word_1_799' title='bbox 2882 4774 3161 4830; x_wconf 87' lang='lat' dir='ltr'>librorum</span> <span class='ocrx_word' id='word_1_800' title='bbox 3206 4791 3440 4830; x_wconf 91' lang='lat' dir='ltr'>suorum</span> <span class='ocrx_word' id='word_1_801' title='bbox 3485 4776 3629 4830; x_wconf 88' lang='lat' dir='ltr'>serie</span> 
     </span>
    </p>
   </div>
   <div class='ocr_carea' id='block_1_114' title="bbox 1926 4863 3632 4935">
    <p class='ocr_par' dir='ltr' id='par_1_114' title="bbox 1926 4863 3632 4935">
     <span class='ocr_line' id='line_1_114' title="bbox 1926 4863 3632 4935; baseline 0 -17"><span class='ocrx_word' id='word_1_802' title='bbox 1926 4864 2093 4935; x_wconf 89' lang='lat' dir='ltr'>ponit</span> <span class='ocrx_word' id='word_1_803' title='bbox 2121 4866 2475 4935; x_wconf 86' lang='lat' dir='ltr'>Augustinus</span> <span class='ocrx_word' id='word_1_804' title='bbox 2507 4881 2597 4920; x_wconf 83' lang='lat' dir='ltr'>sex</span> <span class='ocrx_word' id='word_1_805' title='bbox 2640 4863 2997 4928; x_wconf 72' lang='lat' dir='ltr'>Qumstiones</span> <span class='ocrx_word' id='word_1_806' title='bbox 3028 4870 3226 4918; x_wconf 89' lang='lat' dir='ltr'>contra</span> <span class='ocrx_word' id='word_1_807' title='bbox 3254 4866 3511 4935; x_wconf 86' lang='lat' dir='ltr'>Paganos</span> <span class='ocrx_word' id='word_1_808' title='bbox 3541 4881 3632 4918; x_wconf 80' lang='lat' dir='ltr'>ex-</span> 
     </span>
    </p>
   </div>
   <div class='ocr_carea' id='block_1_115' title="bbox 1927 4952 3631 5023">
    <p class='ocr_par' dir='ltr' id='par_1_115' title="bbox 1927 4952 3631 5023">
     <span class='ocr_line' id='line_1_115' title="bbox 1927 4952 3631 5023; baseline -0.001 -17"><span class='ocrx_word' id='word_1_809' title='bbox 1927 4952 2139 5023; x_wconf 88' lang='lat' dir='ltr'>positas</span> <span class='ocrx_word' id='word_1_810' title='bbox 2172 4954 2430 5022; x_wconf 84' lang='lat' dir='ltr'>(Retract.</span> <span class='ocrx_word' id='word_1_811' title='bbox 2475 4955 2567 5008; x_wconf 86' lang='lat' dir='ltr'>lib.</span> <span class='ocrx_word' id='word_1_812' title='bbox 2611 4957 2664 5016; x_wconf 87' lang='lat'>2,</span> <span class='ocrx_word' id='word_1_813' title='bbox 2716 4968 2837 5021; x_wconf 85' lang='lat' dir='ltr'>cap.</span> <span class='ocrx_word' id='word_1_814' title='bbox 2884 4953 3009 5020; x_wconf 85' lang='lat' dir='ltr'>3t);</span> <span class='ocrx_word' id='word_1_815' title='bbox 3060 4953 3212 5022; x_wconf 92' lang='lat' dir='ltr'>quod</span> <span class='ocrx_word' id='word_1_816' title='bbox 3259 4954 3631 5007; x_wconf 86' lang='lat' dir='ltr'>nihilominus</span> 
     </span>
    </p>
   </div>
   <div class='ocr_carea' id='block_1_116' title="bbox 1931 5040 3631 5113">
    <p class='ocr_par' dir='ltr' id='par_1_116' title="bbox 1931 5040 3631 5113">
     <span class='ocr_line' id='line_1_116' title="bbox 1931 5040 3631 5113; baseline -0.001 -18"><span class='ocrx_word' id='word_1_817' title='bbox 1931 5043 2342 5113; x_wconf 90' lang='lat' dir='ltr'>opusculumin</span> <span class='ocrx_word' id='word_1_818' title='bbox 2357 5042 2575 5095; x_wconf 80' lang='lat' dir='ltr'>excusis</span> <span class='ocrx_word' id='word_1_819' title='bbox 2605 5040 2895 5094; x_wconf 86' lang='lat' dir='ltr'>codicibus</span> <span class='ocrx_word' id='word_1_820' title='bbox 2913 5042 3154 5095; x_wconf 87' lang='lat' dir='ltr'>relatum</span> <span class='ocrx_word' id='word_1_821' title='bbox 3182 5042 3426 5096; x_wconf 85' lang='lat' dir='ltr'>estinter</span> <span class='ocrx_word' id='word_1_822' title='bbox 3453 5042 3631 5111; x_wconf 86' lang='lat' dir='ltr'>ipsius</span> 
     </span>
    </p>
   </div>
   <div class='ocr_carea' id='block_1_117' title="bbox 1933 5130 3631 5201">
    <p class='ocr_par' dir='ltr' id='par_1_117' title="bbox 1933 5130 3631 5201">
     <span class='ocr_line' id='line_1_117' title="bbox 1933 5130 3631 5201; baseline -0.001 -16"><span class='ocrx_word' id='word_1_823' title='bbox 1933 5130 2203 5201; x_wconf 88' lang='lat' dir='ltr'>epistolas</span> <span class='ocrx_word' id='word_1_824' title='bbox 2228 5133 2420 5200; x_wconf 84' lang='lat' dir='ltr'>(Epist.</span> <span class='ocrx_word' id='word_1_825' title='bbox 2456 5132 2601 5197; x_wconf 84' lang='lat' dir='ltr'>-lO2).</span> <span class='ocrx_word' id='word_1_826' title='bbox 2629 5130 2772 5184; x_wconf 86' lang='lat' dir='ltr'>Illud</span> <span class='ocrx_word' id='word_1_827' title='bbox 2814 5130 3096 5184; x_wconf 89' lang='lat' dir='ltr'>scribendi</span> <span class='ocrx_word' id='word_1_828' title='bbox 3139 5131 3492 5185; x_wconf 87' lang='lat' dir='ltr'>occasionem</span> <span class='ocrx_word' id='word_1_829' title='bbox 3524 5131 3631 5201; x_wconf 89' lang='lat' dir='ltr'>ipsi</span> 
     </span>
    </p>
   </div>
   <div class='ocr_carea' id='block_1_118' title="bbox 1928 5217 3630 5289">
    <p class='ocr_par' dir='ltr' id='par_1_118' title="bbox 1928 5217 3630 5289">
     <span class='ocr_line' id='line_1_118' title="bbox 1928 5217 3630 5289; baseline 0.001 -19"><span class='ocrx_word' id='word_1_830' title='bbox 1928 5217 2180 5289; x_wconf 68' lang='lat' dir='ltr'>praebuit</span> <span class='ocrx_word' id='word_1_831' title='bbox 2208 5233 2466 5288; x_wconf 86' lang='lat' dir='ltr'>paganus</span> <span class='ocrx_word' id='word_1_832' title='bbox 2493 5217 2752 5288; x_wconf 89' lang='lat' dir='ltr'>quidam,</span> <span class='ocrx_word' id='word_1_833' title='bbox 2795 5234 2967 5289; x_wconf 87' lang='lat' dir='ltr'>quem</span> <span class='ocrx_word' id='word_1_834' title='bbox 2999 5235 3129 5273; x_wconf 89' lang='lat' dir='ltr'>cum</span> <span class='ocrx_word' id='word_1_835' title='bbox 3163 5219 3368 5273; x_wconf 84' lang='lat' dir='ltr'>eximie</span> <span class='ocrx_word' id='word_1_836' title='bbox 3398 5219 3630 5272; x_wconf 88' lang='lat' dir='ltr'>charum</span> 
     </span>
    </p>
   </div>
   <div class='ocr_carea' id='block_1_119' title="bbox 1930 5306 3629 5380">
    <p class='ocr_par' dir='ltr' id='par_1_119' title="bbox 1930 5306 3629 5380">
     <span class='ocr_line' id='line_1_119' title="bbox 1930 5306 3629 5380; baseline 0 -19"><span class='ocrx_word' id='word_1_837' title='bbox 1930 5306 2186 5372; x_wconf 89' lang='lat' dir='ltr'>haberet,</span> <span class='ocrx_word' id='word_1_838' title='bbox 2202 5306 2573 5360; x_wconf 86' lang='lat' dir='ltr'>christianum</span> <span class='ocrx_word' id='word_1_839' title='bbox 2591 5306 2717 5361; x_wconf 84' lang='lat' dir='ltr'>fieri</span> <span class='ocrx_word' id='word_1_840' title='bbox 2731 5324 3079 5380; x_wconf 80' lang='lat' dir='ltr'>magnopere</span> <span class='ocrx_word' id='word_1_841' title='bbox 3099 5309 3365 5378; x_wconf 89' lang='lat' dir='ltr'>cupiebat</span> <span class='ocrx_word' id='word_1_842' title='bbox 3378 5310 3629 5375; x_wconf 78' lang='lat' dir='ltr'>(Retract.</span> 
     </span>
    </p>
   </div>
   <div class='ocr_carea' id='block_1_120' title="bbox 1934 5394 3637 5465">
    <p class='ocr_par' dir='ltr' id='par_1_120' title="bbox 1934 5394 3637 5465">
     <span class='ocr_line' id='line_1_120' title="bbox 1934 5394 3637 5465; baseline 0.001 -16"><span class='ocrx_word' id='word_1_843' title='bbox 1934 5395 2029 5450; x_wconf 87' lang='lat' dir='ltr'>lib.</span> <span class='ocrx_word' id='word_1_844' title='bbox 2064 5398 2252 5464; x_wconf 88' lang='lat' dir='ltr'>2,cap.</span> <span class='ocrx_word' id='word_1_845' title='bbox 2274 5394 2682 5465; x_wconf 83' lang='lat' dir='ltr'>31).Quasdam</span> <span class='ocrx_word' id='word_1_846' title='bbox 2707 5397 2880 5451; x_wconf 89' lang='lat' dir='ltr'>etiam</span> <span class='ocrx_word' id='word_1_847' title='bbox 2909 5398 2978 5451; x_wconf 91' lang='lat' dir='ltr'>ad</span> <span class='ocrx_word' id='word_1_848' title='bbox 3006 5413 3137 5451; x_wconf 91' lang='lat' dir='ltr'>eum</span> <span class='ocrx_word' id='word_1_849' title='bbox 3160 5397 3373 5449; x_wconf 89' lang='lat' dir='ltr'>litteras</span> <span class='ocrx_word' id='word_1_850' title='bbox 3404 5395 3637 5450; x_wconf 85' lang='lat' dir='ltr'>dederat</span> 
     </span>
    </p>
   </div>
   <div class='ocr_carea' id='block_1_121' title="bbox 1936 5483 3636 5557">
    <p class='ocr_par' dir='ltr' id='par_1_121' title="bbox 1936 5483 3636 5557">
     <span class='ocr_line' id='line_1_121' title="bbox 1936 5483 3636 5557; baseline 0.001 -19"><span class='ocrx_word' id='word_1_851' title='bbox 1936 5500 2040 5538; x_wconf 90' lang='lat' dir='ltr'>nec</span> <span class='ocrx_word' id='word_1_852' title='bbox 2063 5487 2255 5538; x_wconf 90' lang='lat' dir='ltr'>tamen</span> <span class='ocrx_word' id='word_1_853' title='bbox 2286 5484 2356 5538; x_wconf 87' lang='lat' dir='ltr'>ab</span> <span class='ocrx_word' id='word_1_854' title='bbox 2386 5500 2453 5538; x_wconf 90' lang='lat' dir='ltr'>eo</span> <span class='ocrx_word' id='word_1_855' title='bbox 2481 5485 2796 5557; x_wconf 90' lang='lat' dir='ltr'>quidquam</span> <span class='ocrx_word' id='word_1_856' title='bbox 2821 5486 2887 5539; x_wconf 90' lang='lat' dir='ltr'>ad</span> <span class='ocrx_word' id='word_1_857' title='bbox 2913 5485 3037 5538; x_wconf 90' lang='lat' dir='ltr'>illas</span> <span class='ocrx_word' id='word_1_858' title='bbox 3058 5483 3314 5553; x_wconf 84' lang='lat' dir='ltr'>responsi</span> <span class='ocrx_word' id='word_1_859' title='bbox 3345 5490 3636 5554; x_wconf 87' lang='lat' dir='ltr'>acceperat</span> 
     </span>
    </p>
   </div>
   <div class='ocr_carea' id='block_1_122' title="bbox 1938 5572 3635 5645">
    <p class='ocr_par' dir='ltr' id='par_1_122' title="bbox 1938 5572 3635 5645">
     <span class='ocr_line' id='line_1_122' title="bbox 1938 5572 3635 5645; baseline 0 -18"><span class='ocrx_word' id='word_1_860' title='bbox 1938 5574 2144 5644; x_wconf 84' lang='lat' dir='ltr'>(Epist.</span> <span class='ocrx_word' id='word_1_861' title='bbox 2176 5576 2296 5639; x_wconf 72' lang='lat'>102,</span> <span class='ocrx_word' id='word_1_862' title='bbox 2320 5590 2374 5628; x_wconf 79' lang='grc' dir='ltr'>η.</span> <span class='ocrx_word' id='word_1_863' title='bbox 2414 5575 2753 5645; x_wconf 85' lang='lat' dir='ltr'>l);perinde</span> <span class='ocrx_word' id='word_1_864' title='bbox 2776 5574 2938 5644; x_wconf 83' lang='lat' dir='ltr'>quasi</span> <span class='ocrx_word' id='word_1_865' title='bbox 2978 5572 3274 5626; x_wconf 85' lang='lat' dir='ltr'>hominem</span> <span class='ocrx_word' id='word_1_866' title='bbox 3331 5574 3635 5644; x_wconf 82' lang='lat' dir='ltr'>Augustini</span> 
     </span>
    </p>
   </div>
   <div class='ocr_carea' id='block_1_123' title="bbox 3026 5670 3325 5753">
    <p class='ocr_par' dir='ltr' id='par_1_123' title="bbox 3026 5670 3325 5753">
     <span class='ocr_line' id='line_1_123' title="bbox 3026 5670 3325 5753; baseline 0.007 -21"><span class='ocrx_word' id='word_1_867' title='bbox 3026 5670 3325 5753; x_wconf 61' lang='lat' dir='ltr'>(Dousa)</span> 
     </span>
    </p>
   </div>
  </div>
