3912 6174
374 272 477 329 363

375 397 713 450 sectatorem
751 407 870 446 esse
896 389 1213 462 puduisset.
1257 390 1308 443 Is
1333 388 1566 444 demum
1604 390 1936 461 presbytero
1962 389 2073 442 Deo

376 482 605 556 gratias,
630 498 723 535 sex
751 481 820 536 de
847 478 1131 549 religione
1175 478 1522 549 quaestiones
1558 478 1881 549 proposuit,
1932 493 2074 547 quas

373 571 585 643 partim
613 586 671 624 se
696 568 976 639 accepisse
1005 585 1039 622 a
1066 566 1385 638 Porphyrio
1424 566 1764 639 philosopho
1800 566 2070 636 jactabat.

374 656 755 727 Porphyrium
784 671 916 709 vero
946 653 1142 719 istum,
1191 670 1224 707 a
1252 652 1625 707 celeberrimo
1675 654 1795 720 illo,
1845 651 2073 705 natione

376 746 584 816 Siculo,
619 744 720 816 qui
758 744 861 797 sub
891 740 1251 813 ﬁnemvtertii
1275 740 1468 795 seaculi
1495 741 1743 807 vivebat,
1786 740 2072 795 diversum

371 814 538 905 putat
575 814 928 901 Augustinus
969 833 1220 900 (Relract.
1273 830 1369 883 lib.
1419 833 1475 897 2,
1505 844 1626 898 cap.
1659 832 1769 899 3i).
1818 826 2076 899 Proposi-

372 927 457 976 tas
483 921 820 992 quaestiones
849 918 1149 988 presbyter
1177 916 1368 971 statim
1409 933 1443 970 a
1471 916 1815 988 Carthagine
1850 916 1921 969 ad
1952 917 2076 969 Au-

370 1008 666 1082 gustinum
697 1007 871 1072 misit,
905 1023 968 1060 ex
1001 1006 1162 1076 cujus
1184 1020 1282 1059 ore
1313 1004 1654 1059 solutionem
1683 1005 1914 1058 illarum
1936 1002 2077 1056 acci-

368 1111 526 1165 pere,
551 1111 724 1166 quam
753 1094 997 1165 ipsemet
1015 1110 1141 1148 eam
1163 1094 1386 1148 tradere
1416 1093 1683 1147 malebat.
1711 1092 1813 1147 Cui
1840 1090 2075 1163 quidem

369 1183 565 1238 hacin
592 1199 653 1237 re
683 1187 910 1237 sanctus
958 1184 1165 1237 Doctor
1204 1197 1423 1235 morem
1451 1180 1645 1252 gessit,
1695 1179 1825 1233 licet
1868 1195 1973 1250 per
2018 1178 2078 1232 id

368 1272 643 1343 temporis
664 1270 1135 1341 occupatissimus
1156 1287 1168 1325 ε
1199 1270 1296 1324 sed
1310 1285 1441 1324 eum
1457 1275 1648 1323 tamen
1674 1267 1917 1339 epistola
1932 1282 2076 1338 opu-

369 1362 524 1416 sculo
546 1376 649 1415 suo
661 1360 900 1431 praeﬁxa
911 1363 1096 1430 rogat,
1111 1363 1176 1413 ut
1191 1358 1314 1429 ipse
1330 1357 1556 1412 ethnico
1577 1357 1661 1411 illi
1682 1357 1752 1410 ad
1765 1356 1961 1410 omnia
1980 1371 2076 1409 re-

370 1445 653 1516 spondere
683 1460 756 1498 ne
796 1447 1103 1514 gravetur;
1137 1443 1477 1512 opusculum
1523 1444 1714 1495 autem
1765 1440 1920 1511 quod
1961 1439 2073 1510 ipsi

371 1531 569 1598 mittit,
588 1530 901 1585 nonnisiiis
922 1529 1130 1600 quibus
1148 1545 1468 1600 congruum
1494 1528 1852 1599 judicaverit,
1885 1532 2077 1583 osten-

372 1621 486 1676 dat.
509 1621 577 1674 In
606 1624 862 1674 extrema
890 1624 1070 1689 parte,
1103 1635 1233 1673 cum
1278 1617 1634 1689 praesentiret
1678 1617 1896 1682 animo,
1945 1632 2078 1670 eum

374 1708 476 1780 qui
502 1708 845 1780 quaestiones
873 1707 997 1761 illas
1019 1706 1428 1777 proposuisset,
1451 1707 1571 1776 jam
1599 1705 1831 1777 quidem
1856 1705 1924 1759 de
1954 1720 2076 1759 am-

373 1797 674 1867 plectenda
703 1795 908 1851 Christi
938 1795 1048 1849 ﬁde
1078 1794 1349 1865 cogitare,
1379 1795 1477 1848 sed
1513 1794 1671 1865 prius
1693 1810 1821 1864 quas
1846 1792 1906 1846 in
1936 1791 2079 1847 Scri-

372 1884 557 1956 pturis
588 1885 828 1939 obscura
858 1887 992 1938 sunt
1018 1883 1162 1938 velle
1192 1882 1298 1937 sibi
1321 1882 1594 1953 explicari
1619 1898 1631 1936 :
1674 1882 1840 1936 illum
1880 1881 2075 1935 sedulo

296 1998 299 2001 ·
374 1973 725 2029 monendum
749 1972 927 2040 duxit,
951 1975 1016 2026 ut
1035 1972 1273 2042 jamjam
1303 1971 1644 2025 christianus
1672 1970 1793 2036 ﬁat,
1824 1986 1930 2024 nec
1955 1968 2079 2024 diu-

371 2062 720 2133 tiusihaereat
739 2062 799 2115 in
812 2059 1250 2132 quaestionibus,
1268 2060 1463 2131 quales
1477 2058 1753 2131 quasdam
1764 2074 2078 2129 proposue-

374 2155 460 2205 rat
477 2167 489 2204 :
512 2153 590 2207 Ne
608 2153 768 2217 forte,
785 2148 992 2219 inquit,
1011 2164 1128 2201 cum
1142 2152 1415 2216 exspectat
1431 2152 1556 2202 ante
1568 2147 1857 2202 Librorum
1875 2152 2079 2201 sancto-

373 2254 496 2292 rum
505 2238 673 2307 finire
696 2239 1035 2307 quaestiones,
1065 2252 1236 2306 quam
1251 2236 1321 2289 sit
1333 2234 1707 2301 Christianus,
1740 2236 1896 2304 prius
1920 2236 2079 2303 ﬁniat

373 2328 545 2379 vitam
556 2326 739 2391 istam,
757 2340 920 2393 quam
937 2328 1398 2378 transeatamorte
1409 2323 1483 2376 ad
1498 2325 1687 2377 vitam.
1704 2324 1841 2380 Sunt
1853 2325 1993 2377 enim
2005 2324 2079 2376 in-

372 2414 752 2479 numerabiles,
769 2428 886 2481 quae
898 2428 1003 2467 non
1017 2417 1143 2465 sunt
1154 2410 1409 2481 ﬁnienda:
1429 2416 1552 2464 ante
1571 2412 1749 2479 ﬁdem,
1764 2426 1830 2464 ne
1849 2413 2077 2480 ﬁniatur

374 2504 495 2556 vita
521 2504 637 2556 sine
652 2500 777 2570 ﬁde.
804 2500 909 2556 Sed
924 2502 1087 2570 plane
1111 2504 1320 2553 retenta
1335 2499 1457 2568 jam
1486 2499 1613 2567 ﬁde,
1637 2499 1711 2552 ad
1726 2498 2077 2554 emercendam

368 2592 524 2660 piam
552 2590 950 2643 delectationem
977 2589 1236 2641 mentium
1271 2588 1515 2656 ﬁdelium
1543 2587 1937 2641 studiosissime
1981 2603 2076 2642 re—

376 2678 676 2749 quirendze,
707 2681 755 2731 et
778 2676 922 2746 quod
946 2678 1006 2731 in
1034 2678 1109 2731 eis
1139 2677 1392 2745 eluxerit,
1418 2678 1536 2730 sine
1561 2677 1727 2745 typho
1746 2679 2079 2744 arrogantiae

375 2766 914 2830 communicandum;
944 2764 1088 2834 quod
1116 2768 1295 2818 autem
1324 2765 1559 2827 latuerit,
1588 2766 1702 2819 sine
1729 2765 1925 2819 salutis
1956 2765 2077 2819 dis—

369 2855 570 2925 pendio
622 2853 960 2908 tolerandum
1034 2852 1249 2929 (Epistq
1305 2855 1440 2918 l02,
1506 2868 1563 2906 η.
1621 2852 1731 2923 38).
1804 2852 2080 2923 Scriptio-

375 2959 509 2999 nem
533 2943 691 2997 illam
721 2942 1088 3014 proferebant
1134 2940 1448 3012 Pelagiani,
1501 2941 1607 2995 hoc
1653 2941 1715 2995 in
1750 2957 1873 2995 rem
1915 2957 2078 2995 suam

375 3031 630 3085 converti
657 3047 820 3102 posse
852 3030 1171 3101 opinantes,
1215 3029 1371 3100 quod
1399 3029 1612 3084 ibidem
1649 3029 1881 3099 legitur,
1915 3030 2077 3085 Chri-

375 3124 529 3174 stum
555 3122 693 3172 tunc
731 3118 974 3172 voluisse
1012 3118 1342 3172 hominibus
1374 3134 1673 3189 apparere,
1703 3123 1759 3172 et
1796 3119 1945 3189 apud
1980 3135 2074 3173 eos

374 3206 673 3277 praedicari
695 3206 1010 3260 doctrinam
1032 3221 1216 3275 suam,
1249 3207 1476 3277 quando
1505 3206 1716 3260 sciebat
1745 3210 1800 3260 et
1820 3207 1919 3261 ubi
1941 3208 2076 3261 scie-

375 3291 474 3349 bat
502 3310 645 3361 esse,
679 3294 779 3365 qui
809 3294 867 3347 in
900 3310 1030 3348 eum
1062 3293 1292 3347 fuerant
1328 3294 1621 3349 credituri.
1665 3296 1874 3349 Verum
1914 3295 2077 3350 docet

374 3380 746 3452 Augustinus,
772 3381 829 3436 id
858 3397 915 3435 se
943 3384 1169 3435 tantum
1184 3380 1251 3435 de
1281 3380 1639 3450 prtescientia
1652 3382 1863 3438 Christi
1884 3384 2073 3438 dicere

373 3471 635 3538 voluisse,
669 3469 823 3541 quod
868 3469 1268 3524 convincendee
1316 3470 1679 3540 Paganorum
1726 3470 2071 3540 infidelitati,

374 3560 475 3633 qui
503 3562 651 3616 hanc
679 3559 1004 3630 objecerant
1032 3558 1430 3630 quaestionem,
1463 3558 1723 3613 sufficere
1752 3560 2070 3627 videretur;

373 3666 506 3705 cum
523 3649 777 3718 aliunde,
800 3647 1082 3720 quidquid
1108 3646 1168 3701 in
1199 3663 1325 3701 eam
1346 3663 1467 3701 rem
1496 3647 1681 3702 facere
1711 3654 1921 3719 posset,
1944 3666 2075 3703 enu—

373 3740 676 3795 cleandum
717 3737 1004 3808 suscipere
1040 3737 1248 3790 nollet:
1286 3741 1559 3791 ueterum
1588 3737 1840 3793 ostendit
1884 3739 2093 3813 haud:

374 3843 664 3899 quaquam
698 3827 842 3881 illud
887 3826 959 3880 ad
998 3825 1438 3896 Pelagianorum
1483 3841 1714 3879 causam
1764 3828 2070 3897 pertinere.

373 3918 659 3970 Praeterea
689 3914 993 3968 nonnullas
1031 3913 1287 3983 ejusdem
1322 3913 1432 3967 loci
1469 3913 1764 3979 dictiones,
1806 3916 2071 3986 quamvis

374 4020 469 4059 eas
495 4001 785 4073 Pelagiani
819 4018 934 4055 non
964 3999 1321 4073 objecissent,
1367 4002 1634 4072 explanat
1673 4001 1769 4073 (De
1812 4004 2065 4060 Praedest.

371 4097 699 4155 sanctorum,
731 4108 787 4146 η.
820 4091 1031 4157 17-20).

441 4187 495 4238 7.
535 4183 659 4237 Jam
688 4197 821 4235 vero
842 4178 904 4234 in
933 4178 1049 4233 suis
1070 4178 1583 4234 Retractationibus
1613 4181 1887 4251 opusculo
1906 4197 2073 4253 supe-

369 4272 509 4327 riori
540 4270 728 4326 subdit
756 4267 1177 4340 Expositionem
1221 4266 1487 4339 Epistolas
1516 4267 1711 4323 Jacobi
1739 4268 1809 4323 ad
1846 4270 2069 4324 duode-

369 4361 480 4414 ciin
503 4359 685 4415 tribus
716 4360 967 4429 (Retract.
990 4358 1083 4412 lib.
1111 4359 1165 4423 2,
1188 4372 1308 4426 cap.
1341 4359 1424 4425 32)
1450 4372 1464 4411 :
1497 4372 1627 4428 qum
1658 4357 1893 4429 quidem
1924 4359 2068 4414 nihil

370 4452 493 4503 erat
514 4448 687 4515 aliud,
724 4464 899 4519 quam
936 4445 1370 4500 adnotationum
1411 4445 1482 4500 ad
1524 4445 1845 4515 marginem
1879 4452 2068 4502 textus

370 4537 441 4590 ab
472 4535 570 4590 illo
602 4536 1035 4607 adscriptarum,
1068 4534 1368 4605 diligentia
1395 4533 1640 4589 fratrum
1672 4552 1913 4590 suorum
1939 4553 2070 4591 con-

370 4624 596 4679 cinnata
621 4625 875 4680 collectio
905 4645 919 4693 ;
950 4628 1007 4679 et
1042 4624 1177 4678 hinc
1214 4626 1410 4678 tamen
1441 4623 1511 4677 ad
1552 4624 1858 4679 verborum
1896 4625 2068 4696 hujus

370 4713 626 4785 epistolae
645 4712 1104 4784 intelligentiam,
1127 4712 1447 4784 adjumenti
1468 4712 1729 4767 nonnihil
1744 4714 2067 4772 accedebat.

369 4803 581 4857 Verum
620 4801 769 4856 istud
798 4818 941 4872 opus
979 4807 1170 4857 nostra
1208 4800 1486 4856 memoria
1516 4817 1635 4855 non
1684 4807 1884 4857 exstat.
1928 4803 2068 4857 Huic

368 4889 575 4945 deinde
604 4892 719 4943 tres
747 4888 882 4943 libri
902 4888 971 4942 de
988 4891 1355 4945 Peccatorum
1370 4888 1590 4944 meritis
1615 4905 1679 4944 ac
1708 4890 2064 4958 remissione,

368 4979 576 5053 quibus
614 4975 821 5033 Christi
859 4977 1103 5046 gratiam
1144 4984 1341 5034 contra
1388 4977 1757 5050 Pelagianam
1798 4978 2067 5036 haeresim

362 5081 729 5141 propugnare
750 5068 873 5119 tum
898 5064 1153 5135 primum
1184 5084 1446 5139 agressus
1475 5072 1574 5131 est,
1606 5067 1677 5122 ab
1710 5083 1776 5122 eo
1807 5068 2065 5139 proxime

366 5156 750 5229 subjiciuntur
763 5152 1081 5225 (Ibid.,cap.
1103 5154 1221 5223 33):
1251 5159 1595 5210 cumtamen
1624 5156 1730 5210 hos
1754 5156 1929 5210 libros
1955 5156 2066 5211 nisi

363 5252 493 5318 post
506 5246 842 5302 damnatum
857 5240 1201 5305 Coelestium,
1215 5243 1320 5298 hoc
1348 5250 1452 5311 est,
1469 5245 1962 5317 quemadmodum
1976 5245 2064 5300 in-

363 5336 449 5391 fra
460 5331 1123 5399 demonstrabitur,anno
1137 5331 1815 5403 quadringentesimoduo
1822 5333 2060 5401 decimo,

365 5440 485 5479 non
511 5423 818 5497 scripserit.
853 5420 1015 5487 Quod
1047 5434 1175 5473 cum
1197 5419 1278 5474 ita
1301 5419 1393 5487 sit,
1436 5437 1571 5477 eum
1600 5422 1705 5477 hac
1731 5421 1794 5477 in
1822 5438 1884 5477 re
1913 5426 2062 5478 tem-

363 5528 567 5584 porum
599 5513 786 5569 ordini
808 5510 997 5568 minus
1026 5507 1295 5563 institisse
1327 5513 1571 5576 constat;
1595 5511 2059 5582 quandoquidem

1619 265 1780 319 VITA
1816 264 1872 319 S.
1911 263 2289 320 AUGUSTINI
2334 260 2679 318 EPISCOPI.
3710 266 3781 321 36$

2185 387 2413 442 eosdem
2453 387 2631 441 libros
2665 382 2992 439 Collationis
3017 397 3240 454 quoque
3266 380 3545 449 breviculo,
3575 386 3660 456 qui
3682 403 3784 442 sane

2183 476 2330 531 liber
2353 476 2457 529 sub
2487 474 2625 528 anni
2655 470 3203 545 quadringentesimi
3230 471 3492 525 undecimi
3516 472 3682 540 tinem,
3709 482 3790 530 aut

2185 580 2300 618 non
2338 563 2420 617 ita
2449 563 2631 617 multo
2660 566 2811 632 post,
2844 560 3029 614 editus
3050 562 3151 625 est,
3184 560 3346 629 longe
3369 559 3649 629 praemittit.

2254 655 2307 707 8.
2375 651 2535 716 Quod
2589 666 2722 704 vero
2779 649 2851 703 ad
2900 664 3042 718 opus
3101 647 3169 701 de
3221 647 3382 701 unico
3439 648 3700 717 Baptismo,
3739 651 3789 704 de

2185 758 2298 812 quo
2368 756 2500 793 mox
2574 738 2694 809 agit
2746 737 2928 802 (Ibid.,
3004 752 3125 806 cap.
3195 736 3308 807 34),
3356 736 3409 790 id
3486 737 3789 793 Collationem

2182 828 2558 900 praecessisse,
2586 828 2674 880 vel
2714 826 2848 880 hinc
2892 825 3255 879 manifestum
3298 828 3455 902 esset,
3490 825 3619 895 quod
3654 826 3703 879 in
3739 844 3790 881 eo

2183 914 2343 967 nulla
2371 913 2586 967 mentio
2614 911 2871 982 ejusdem
2894 911 3215 965 Collationis
3242 913 3426 963 exstat.
3460 911 3633 963 Verum
3658 926 3791 964 eam-

2184 1003 2314 1058 dem
2354 1019 2474 1058 rem
2494 1003 2553 1056 id
2583 1005 2858 1073 praeterea
2883 1000 3149 1065 declarat,
3193 998 3343 1070 quod
3373 999 3649 1052 Donatistas
3680 1015 3791 1068 pro-

2184 1092 2306 1159 bra,
2326 1108 2457 1164 quae
2488 1090 2809 1145 Marcellino
2832 1094 2887 1143 et
2906 1088 3127 1161 aliquot
3142 1089 3268 1142 aliis
3295 1087 3541 1141 Romanis
3570 1086 3790 1157 epis‘copis

2184 1180 2549 1252 ingerebant,
2573 1179 2666 1233 hic
2685 1182 2859 1247 negat
2877 1178 3008 1232 ullis
3031 1193 3130 1231 eos
3158 1176 3484 1231 testimoniis
3506 1175 3711 1245 probare
3734 1192 3794 1228 co-

2183 1274 2385 1336 natos;
2446 1269 2546 1339 qui
2587 1274 2783 1322 tamen
2830 1267 2893 1322 in
2938 1264 3253 1322 Collatione
3298 1265 3571 1330 nonnulla,
3620 1265 3794 1317 tametsi

2186 1356 2599 1419 commentitia,
2644 1357 2959 1410 attulerunt
3006 1355 3095 1425 (De
3143 1355 3303 1409 Unico
3337 1354 3608 1422 Baptismo,
3640 1354 3792 1421 11.27).

2185 1446 2405 1501 Ibidem
2437 1461 2666 1517 quoque
2695 1444 2755 1498 in
2786 1460 2980 1498 errore
3011 1443 3304 1514 cujusdam
3331 1441 3456 1496 facti
3484 1441 3638 1494 haeret
3656 1440 3793 1510 (Ibid,

2184 1551 2240 1590 η.
2273 1534 2384 1605 28),
2416 1534 2579 1605 cujus
2602 1549 2749 1604 pene
2773 1533 2835 1587 in
2854 1530 3114 1587 omnium
3143 1535 3336 1585 contra
3362 1529 3650 1584 Donatistas
3672 1528 3794 1582 libro-

2186 1639 2315 1678 rum
2344 1622 2740 1677 retractatione
2766 1638 2824 1676 se
2861 1620 2984 1692 ipse
3014 1618 3375 1690 reprehendit
3403 1619 3630 1690 (Retract.
3662 1617 3735 1670 lib.
3756 1619 3793 1679 '2,

2185 1728 2305 1782 cap.
2327 1714 2411 1782 34)
2428 1729 2440 1766 :
2471 1711 2747 1765 nimirum
2760 1710 2910 1782 quod
2927 1708 3123 1763 Felicis
3135 1708 3506 1779 Aptungensis
3513 1705 3744 1777 judicium
3755 1704 3789 1757 ci

2194 1801 2429 1872 quodin
2450 1799 2694 1871 gratiam
2725 1798 3008 1854 Caiciliani
3033 1797 3432 1853 Constantinus
3458 1795 3592 1862 tulit,
3621 1799 3794 1865 postpo-

2185 1894 2304 1944 nat.
2332 1890 2408 1943 De
2440 1905 2553 1959 quo
2579 1887 2811 1959 quidem
2839 1888 2901 1941 in
2922 1886 3235 1941 Collatione
3264 1885 3495 1940 necdum
3522 1884 3694 1939 certior
3710 1886 3795 1934 erat

2184 1978 2364 2033 factus
2388 1995 2401 2032 :
2428 1982 2485 2030 at
2505 1976 2670 2030 illum
2700 1991 2868 2029 suum
2888 1990 3141 2029 errorem
3156 1975 3279 2045 jam
3309 1978 3424 2027 tum
3454 1988 3572 2027 cum
3597 1970 3792 2026 eamdem

2187 2064 2629 2135 Collationemﬁn
2640 2063 3049 2134 compendium
3065 2063 3306 2134 redegit,
3331 2065 3614 2132 agnoverat
3626 2059 3793 2130 (Brevic.

2187 2155 2376 2211 Collat.
2404 2157 2456 2221 3,
2478 2170 2535 2208 η.
2563 2154 2676 2223 42),
2704 2157 2762 2207 et
2783 2169 2919 2207 sane
2947 2157 3076 2206 ante
3100 2152 3384 2207 decimum
3405 2155 3637 2205 octavum
3662 2147 3796 2201 kalen-

2188 2244 2287 2298 das
2302 2243 2476 2314 julias
2492 2241 2628 2296 anni
2648 2240 3203 2313 quadringentesimi
3224 2238 3529 2294 duodecimi
3550 2238 3736 2292 Librum
3749 2234 3795 2288 de

2190 2332 2363 2386 Unico
2395 2331 2703 2401 Baptismo,
2739 2331 2877 2397 sive,
2908 2330 2978 2385 de
3011 2330 3237 2384 Unitate
3278 2327 3554 2400 Baptismi,
3581 2343 3638 2380 eo
3661 2325 3797 2379 animo

2186 2416 2526 2485 composuit,
2552 2420 2613 2469 ut
2630 2417 2795 2470 alteri
2827 2417 3081 2488 ejusdem
3100 2412 3479 2488 inscriptionis
3507 2414 3797 2485 responderet

2188 2503 2442 2574 (Retract.
2477 2506 2570 2560 lib.
2603 2509 2656 2568 2,
2691 2522 2811 2575 cap.
2845 2505 2932 2576 34)
2959 2523 2972 2559 :
3002 2506 3164 2576 cujus
3205 2510 3399 2560 auctor
3426 2519 3582 2576 quem
3608 2500 3799 2556 ferebant

2187 2608 2307 2647 esse
2329 2593 2674 2648 Petilianum
2694 2595 3160 2662 Cirtensem,non
3175 2611 3341 2666 posse
3364 2593 3643 2664 Baptisma,
3662 2589 3743 2644 nisi
3759 2589 3796 2640 in

2187 2686 2336 2736 secta
2353 2682 2801 2748 Donatistarum,
2817 2683 3069 2754 legitime
3091 2682 3471 2738 administrari
3484 2678 3795 2736 contendebat.

2189 2771 2301 2824 Hoc
2313 2769 2460 2825 libro
2472 2776 2683 2841 praeter
2695 2788 2782 2825 am
2790 2772 3008 2842 pullata
3019 2771 3213 2838 verba,
3233 2777 3290 2826 et
3301 2770 3635 2826 incredibiles
3644 2767 3736 2821 calu
3745 2780 3798 2817 m-

2184 2857 2328 2920 nias,
2344 2858 2489 2913 nihil
2510 2860 2932 2926 continebatur,
2957 2860 3113 2931 quod
3134 2866 3285 2915 esset
3304 2857 3710 2915 consideratione
3731 2854 3798 2905 ali-

2186 2962 2301 3018 qua
2321 2946 2560 3018 dignum
2595 2948 2695 3017 (De
2739 2949 2900 3003 Unico
2937 2951 3240 3018 Baptismo,
3280 2965 3337 3004 n.
3390 2949 3456 3019 l).
3486 2948 3555 3002 Ea
3588 2942 3799 3015 siquidem

2186 3039 2381 3089 auctor
2415 3035 2732 3090 adducebat
2760 3041 3097 3107 argumenta
3133 3053 3199 3091 ac
3236 3036 3566 3101 testimonia,
3602 3048 3705 3104 quae
3730 3031 3798 3083 Ca-

2188 3123 2413 3177 tholicis
2435 3124 2625 3195 potius
2649 3124 2920 3189 faverent,
2939 3142 3109 3197 quam
3126 3126 3246 3180 suis
3260 3126 3443 3198 (1bid.,
3464 3141 3516 3179 η.
3546 3125 3637 3191 l0).
3663 3121 3801 3175 Plures

2185 3228 2217 3267 e
2237 3213 2509 3268 Romanis
2540 3214 2820 3286 episcopis
2848 3215 3211 3283 idololatriae,
3248 3216 3343 3272 sed
3368 3216 3483 3270 sine
3504 3214 3609 3269 ulla
3645 3209 3798 3281 proba-

2185 3299 2364 3369 tione,
2389 3303 2705 3357 arcessebat
2731 3302 2914 3373 (lbid.,
2946 3320 3009 3359 η.
3047 3306 3154 3372 27).
3182 3304 3348 3368 Quod
3376 3297 3803 3359 autemcatholicos

2186 3388 2456 3443 Cirtensis
2506 3391 2764 3446 Ecclesiae
2810 3393 3107 3462 praesules,
3151 3393 3334 3463 probe
3380 3391 3636 3464 cognitos,
3677 3382 3802 3441 Mani‘

2184 3479 2474 3534 chaaorum
2498 3479 2763 3534 haeresim
2792 3480 2953 3552 sequi
2987 3482 3347 3537 asseverabat
3376 3480 3531 3551 (Ibid.
3562 3496 3612 3533 η.
3646 3476 3737 3547 29),
3758 3488 3802 3525 00

2183 3566 2309 3637 ipso
2330 3568 2666 3622 ostendebat
2678 3568 3029 3639 planissime,
3045 3574 3329 3641 quantum
3358 3570 3488 3625 ﬁdei
3508 3568 3637 3632 aliis,
3654 3562 3803 3636 quibus

2192 3655 2251 3710 in
2268 3655 2497 3727 ignotos
2510 3656 2794 3724 utebatur,
2812 3657 3308 3714 criminationibus
3326 3657 3664 3715 tribuendum
3679 3654 3801 3707 esset:

2183 3745 2409 3816 quando
2439 3744 2810 3800 Profuturum
2848 3747 3164 3802 Cirtensem
3194 3755 3327 3803 ante
3366 3746 3702 3820 paucissimos
3732 3754 3801 3793 an-

2183 3849 2285 3887 nos
2299 3833 2649 3895 defunctum,
2660 3835 2715 3905 ej
2726 3851 2902 3906 usque
2917 3852 3299 3891 successorem
3318 3839 3662 3893 Fortunatam
3671 3830 3800 3885 adhuc

2182 3922 2565 3993 superstitem,
2591 3923 2851 3978 homines
2882 3929 2999 3979 tam
3029 3926 3344 3996 exploratae
3367 3931 3584 3997 tamque
3605 3920 3801 3993 spectata

2180 4009 2537 4077 innocentiae,
2569 4016 2688 4066 tam
2727 4012 2998 4067 atrociter
3033 4012 3440 4070 insectabatur.
3475 4016 3621 4069 Hunc
3646 4008 3799 4064 librum

2178 4098 2476 4169 presbyter
2506 4099 2740 4170 quidam
2763 4101 3053 4155 Donatista
3092 4102 3195 4156 uni
3224 4119 3293 4158 ex
3322 4101 3511 4157 amicis
3544 4089 3802 4169 Augustini.

2178 4186 2411 4242 nomine
2449 4188 2840 4257 Constantino,
2874 4190 3065 4258 dedit;
3089 4207 3122 4245 a
3149 4208 3263 4263 quo
3293 4192 3456 4247 illum
3503 4193 3698 4246 sanctus
3728 4182 3802 4235 Do-

2179 4279 2302 4329 ctor
2320 4276 2556 4331 allatum
2578 4277 2649 4332 ad
2670 4294 2750 4341 se,
2781 4277 2919 4332 dum
2950 4278 3073 4333 ruri
3097 4284 3263 4348 esset,
3298 4279 3531 4352 accepit,
3567 4272 3801 4340 simulque.

2178 4367 2242 4418 ut
2270 4363 2392 4434 ejus
2420 4365 2871 4421 confutationem
2899 4367 3188 4435 scriberet,
3204 4366 3674 4441 obnixisprecibus
3690 4372 3806 4427 roga'

2176 4455 2267 4507 tus
2296 4456 2399 4508 est.
2459 4453 2497 4508 d
2522 4453 2704 4509 amico
2734 4457 3088 4527 negandum,
3120 4459 3347 4514 tametsi
3372 4460 3490 4530 jam
3510 4454 3693 4526 saepius
3718 4461 3804 4502 ma-

2174 4541 2380 4596 teriam
2425 4545 2738 4612 tractasset,
2802 4544 2956 4600 haud
3025 4545 3406 4615 existimavit;
3478 4551 3622 4601 ratus
3674 4541 3804 4595 bona

2179 4644 2305 4683 rum
2336 4629 2614 4685 librorum
2643 4632 2870 4703 copiam
2896 4634 3098 4705 augeri
3126 4651 3245 4691 non
3279 4636 3400 4691 sine
3434 4635 3625 4698 fructu,
3648 4634 3743 4683 tum
3764 4624 3806 4675 ui

2174 4716 2469 4772 faciliusin
2498 4722 2755 4774 omnium
2770 4724 3348 4792 manusperveniant,
3380 4729 3500 4779 tum
3519 4722 3600 4778 vel
3619 4714 3806 4773 maxime

2174 4811 2239 4860 ut
2254 4805 2363 4859 illis
2376 4806 2741 4877 satisfaciant,
2771 4810 2872 4881 qui
2884 4815 3044 4866 vetus
3057 4818 3463 4884 argumentum
3489 4826 3621 4867 nova
3638 4804 3806 4862 ratione

2172 4894 2535 4965 propositum
2574 4912 2680 4966 pro
2732 4914 2879 4953 novo
2926 4899 3160 4955 ducunt.
3196 4902 3309 4955 Hoc
3339 4907 3529 4956 autem
3576 4910 3698 4968 opus
3729 4884 3807 4959 ipSi

2177 4982 2546 5038 Constantino
2577 4983 2867 5058 inscripsit
2889 4988 3156 5057 (Ibid.,n.
3210 4991 3278 5057 1).
3333 4989 3527 5045 Libelli
3570 4980 3805 5056 cujusdam

2174 5087 2345 5142 supra
2375 5073 2768 5143 meminimus,
2803 5093 2977 5148 quem
3012 5094 3079 5133 ea
3127 5084 3319 5135 mente
3349 5077 3678 5152 Augustinus
3718 5064 3805 5123 edi-

2174 5159 2337 5215 derat
2363 5165 2429 5215 ut
2469 5162 2541 5216 ad
2588 5166 2957 5221 evertendum
3000 5166 3258 5223 funditus
3306 5168 3702 5223 Donatistarum
3733 5153 3805 5210 δά·

2171 5263 2368 5303 versus
2415 5250 2719 5307 Ecclesium
2745 5254 3085 5311 catholicam
3127 5255 3372 5329 impium
3418 5273 3480 5311 ac
3526 5240 3807 5329 superbissi-

2172 5351 2335 5392 mum
2363 5354 2635 5406 errorem,
2673 5343 2853 5397 solam
2883 5328 3423 5401 Maximiauistarum
3453 5341 3714 5400 historiam
3732 5328 3809 5387 sni-

2172 5424 2339 5481 ticcre
2378 5428 2616 5499 planum
2644 5431 2875 5489 faceret.
2909 5432 3050 5488 Huic
3082 5439 3272 5491 autem
3299 5438 3355 5490 et
3377 5432 3669 5490 secundum
3694 5424 3806 5495 ejus'

2171 5513 2299 5570 dem
2316 5519 2863 5587 argumentilibrum
2884 5526 3017 5593 post
3031 5523 3250 5596 aliquot
3271 5541 3447 5580 annos
3468 5518 3718 5593 udjunxit,
3737 5507 3805 5564 sed
