3912 6174
94 308 169 361 365
1485 298 1699 357 LIBER
1739 296 2036 356 SEXTUS.

91 428 233 498 priore
248 424 404 478 multo
426 420 785 492 prolixiorem
809 424 863 475 et
880 421 1287 475 accuratiorem
1302 422 1580 491 (Retract.,
1610 424 1704 477 lib.

94 520 233 581 Ἄρηι),
250 511 328 583 35)
349 528 359 565 :
379 510 473 581 qui
489 510 618 564 libri
638 509 1459 581 pariterinterciderunt.Nihil
1475 512 1710 582 quidem

100 602 293 674 suppetit,
321 600 461 654 unde
478 604 647 671 queat
669 599 997 653 memoratis
1020 599 1290 670 operibus
1312 616 1480 654 suum
1501 601 1708 671 cuique

100 699 259 761 tempus
298 687 558 759 assignari
590 706 605 741 :
639 692 697 741 at
726 704 791 741 ex
826 688 1047 755 ordine,
1094 704 1207 758 quo
1239 688 1297 742 in
1329 690 1707 743 Retractatio-

102 780 213 833 nibus
235 778 606 847 disponuntur,
641 776 807 829 nobis
838 776 1110 831 duntaxat
1136 776 1415 847 suspicari
1443 777 1593 844 licet,
1618 794 1709 830 ea-

100 870 185 923 dem
204 867 259 920 ab
280 882 415 920 anno
444 864 1005 936 quadringentesimo
1033 869 1188 919 sexto
1219 866 1289 919 ad
1319 865 1548 919 initium
1571 883 1711 936 qua-

96 952 441 1023 dringentesimi
480 952 769 1006 undecimi
807 952 980 1006 fuisse
1019 953 1367 1007 elucubrata.
1428 954 1541 1007 Hoc
1586 954 1709 1023 ipso

91 1061 198 1097 anno
232 1041 771 1113 quadringentesimo
817 1044 994 1109 sexto,
1024 1045 1089 1095 ut
1117 1046 1311 1095 nostra
1340 1042 1573 1111 quidem
1607 1044 1713 1096 fert

86 1133 243 1202 opinio,
287 1131 485 1185 bellum
538 1130 880 1200 Rhadagaisi
926 1131 1236 1184 Gothorum
1285 1130 1435 1201 regis
1480 1131 1707 1184 exarsit.

84 1221 188 1273 Tum
208 1234 319 1271 vero
340 1217 702 1287 Augustinus,
727 1233 855 1270 cum
883 1217 1223 1287 Carthagine
1242 1221 1407 1285 esset,
1440 1234 1557 1271 non
1588 1218 1708 1270 sine

85 1323 254 1360 summo
280 1306 461 1360 dolore
493 1305 732 1372 audivit,
757 1322 929 1376 quam
955 1305 1089 1359 inde
1111 1322 1338 1360 causam
1357 1305 1710 1360 obtrectandi

83 1392 337 1447 christiana:
359 1391 622 1461 religioni
645 1396 939 1462 captarent
959 1393 1155 1446 Romae
1186 1392 1466 1448 infideles.
1499 1395 1570 1446 At
1600 1393 1710 1447 cito

83 1481 201 1533 citius
225 1479 429 1534 eosdem
454 1478 779 1549 ignominia
808 1478 1063 1550 perfudit
1087 1478 1254 1549 impii
1276 1480 1448 1549 hujus
1470 1480 1707 1534 convicii

85 1568 286 1621 festinata
308 1566 649 1639 proﬂigatio.

684 1689 905 1743 CAPUT
945 1690 1035 1743 IV.

86 1819 96 1867 l
120 1815 515 1882 Carthaginensis
545 1814 759 1866 concilii
782 1815 916 1865 anni
946 1813 1468 1882 quadringentesimi
1496 1818 1714 1885 septimi

127 1905 340 1970 placitum
354 1903 416 1956 de
434 1904 683 1971 episcopo
702 1901 946 1970 plebibus
969 1916 1036 1954 ea:
1055 1903 1346 1956 schismate
1366 1906 1567 1957 Donati
1586 1920 1711 1958 con-

128 1994 261 2045 versis
288 1991 648 2061 praeﬁciendo.
698 1993 732 2044 2
778 1990 1034 2059 Ejusdem
1064 1991 1138 2043 ad
1164 1994 1541 2060 imperatorem
1572 1994 1713 2060 lega-

127 2082 231 2133 tioni
239 2081 359 2146 leges
378 2080 622 2133 indultae.
647 2081 677 2132 3
690 2081 1097 2145 Rogatistarum
1110 2080 1343 2134 schisma
1357 2082 1715 2137 Cartennensi

126 2168 285 2236 oppido
330 2172 375 2221 et
410 2167 771 2221 vicinioribus
815 2168 944 2221 locis
986 2172 1310 2223 contentum.
1360 2172 1394 2223 4
1445 2172 1717 2225 Vincentii

126 2257 243 2323 apud
263 2260 564 2321 Rogatistas
592 2258 828 2326 episcopi
853 2258 1119 2325 praecipui
1144 2259 1424 2327 epistolam
1449 2259 1715 2323 Augusti-

124 2359 203 2397 nus
226 2346 422 2411 refellit.

130 2454 165 2503 l.
196 2451 508 2505 Africanum
539 2451 864 2518 concilium,
900 2452 1053 2522 quod
1084 2467 1235 2505 anno
1266 2452 1711 2524 quadringente-

78 2537 184 2591 simo
216 2540 433 2610 septimo
464 2540 818 2593 celebratum
851 2545 935 2594 est
970 2540 1328 2610 Carthagine,
1359 2542 1619 2611 quaedam
1643 2542 1713 2595 ad

77 2628 318 2697 Augustini
359 2628 861 2682 Donatistarumve
908 2628 1206 2682 historiam
1254 2629 1602 2699 pertinentia
1644 2630 1712 2685 ad

82 2699 156 2765 n‘os
177 2717 478 2771 transmisit.
510 2719 718 2772 Fuerat
744 2734 773 2769 a
805 2716 1194 2787 superioribus
1215 2718 1446 2788 synodis
1464 2719 1716 2789 prohibi-

77 2806 182 2870 tum,
199 2821 259 2859 ne
278 2806 397 2860 novi
422 2806 806 2876 episcopatus,
831 2822 897 2859 eo
916 2806 1182 2875 episcopo
1208 2812 1482 2862 renuente
1505 2824 1534 2861 e
1553 2808 1715 2877 cujus

76 2889 251 2945 dioecesi
272 2893 639 2948 distrahenda
673 2898 793 2947 erat
823 2909 968 2946 nova
998 2892 1182 2962 sedes,
1210 2894 1712 2949 constituerentur.

73 2980 383 3048 Atprwterea
412 2982 597 3035 voluit
639 2980 938 3051 praesentis
970 2981 1100 3034 anni
1134 2981 1461 3047 concilium,
1495 2988 1558 3036 ut
1586 2999 1711 3035 cum

73 3067 296 3134 primatis,
326 3076 443 3124 tum
473 3069 845 3141 provincialis
890 3069 1089 3140 synodi
1138 3087 1448 3124 consensus
1498 3072 1715 3125 accede-

72 3158 133 3207 ret
153 3156 339 3225 (Codice
369 3160 648 3214 Canonum
676 3157 883 3223 Afric.,
916 3172 1034 3210 can.
1060 3158 1166 3225 98).
1200 3159 1245 3210 A
1273 3173 1384 3227 qua
1415 3161 1609 3211 tamen
1635 3158 1713 3211 le-

72 3257 120 3309 ge
136 3259 210 3296 eas
222 3245 470 3299 Ecclesias
493 3245 715 3314 eximit,
735 3261 861 3315 quae
884 3261 1013 3298 cum
1036 3244 1097 3298 in
1116 3246 1539 3299 Donatistarum
1554 3251 1714 3317 parte

72 3333 315 3402 proprium
342 3335 681 3389 habuissent
727 3335 1080 3405 episcopum,
1126 3334 1393 3389 eumdem
1441 3335 1549 3389 sibi
1578 3336 1716 3406 ipsis

70 3418 121 3471 ad
153 3422 401 3477 unitatem
450 3422 696 3477 reversis
740 3422 1059 3476 conservari
1106 3424 1481 3492 postulabunt
1514 3440 1526 3478 :
1560 3425 1713 3495 quod

72 3504 131 3557 eis
155 3509 253 3561 sine
280 3511 389 3563 ulla
419 3511 782 3576 difﬁcultate,
815 3526 919 3563 nec
947 3515 1268 3581 exspectata
1292 3512 1511 3582 synodo
1542 3512 1715 3566 tribui

66 3594 190 3659 jubet
208 3598 374 3667 (Ibid,
399 3616 527 3654 can.
568 3600 673 3668 99).
698 3598 794 3653 Sin
819 3603 1009 3652 autem
1034 3604 1263 3654 mortuo
1284 3602 1716 3671 przesule,plebs

71 3683 162 3749 ejus
195 3686 372 3741 vicinae
418 3687 655 3742 dioecesi
694 3688 1013 3757 aggregari,
1048 3704 1222 3759 quam
1254 3689 1305 3742 ei
1336 3705 1716 3743 successorem

69 3777 239 3842 petere,
262 3776 429 3831 satius
458 3779 629 3848 putet
659 3791 670 3829 :
700 3792 887 3846 neque
912 3777 1020 3830 hoc
1046 3777 1098 3830 ei
1125 3778 1453 3847 negandum
1479 3794 1598 3832 esse
1625 3779 1716 3833 de-

70 3862 229 3917 cernit.
264 3864 392 3918 Dein
424 3865 607 3919 etiam
634 3865 848 3933 statuit,
881 3869 943 3919 ut
972 3880 1113 3935 quas
1143 3866 1441 3937 episcopus
1472 3866 1715 3937 quisque

72 3946 223 4014 plebes
260 3953 323 4007 ad
373 3952 639 4007 Ecclesiae
688 3953 1017 4006 societatem
1066 3959 1198 4007 ante
1245 3955 1431 4025 legem
1482 3956 1714 4010 Honorii

70 4037 173 4088 anni
198 4041 735 4113 quadringentesimi
766 4040 954 4111 quinti
984 4042 1319 4111 reduxisset,
1343 4060 1436 4097 eas
1456 4043 1577 4115 ipse
1600 4049 1721 4097 tan.

68 4140 201 4194 quam
238 4131 617 4201 jurisdictioni
659 4149 775 4187 suae
824 4132 1077 4187 subditas
1120 4133 1429 4205 episcopali
1451 4135 1581 4203 jure
1612 4151 1717 4205 gu-

66 4212 225 4271 bernet
268 4236 279 4273 :
327 4221 593 4276 Ecclesia:
642 4237 772 4275 vero
804 4237 1020 4284 eorum,
1056 4222 1155 4293 qui
1184 4228 1315 4293 post
1345 4223 1531 4294 legem
1558 4223 1715 4278 illam

66 4301 117 4355 de
142 4306 328 4363 unitate
376 4310 553 4363 latam
595 4308 709 4363 sive
751 4310 1054 4364 rediissent
1090 4311 1161 4364 ad
1198 4311 1567 4391 Catholicam,
1603 4311 1717 4367 sive

66 4391 109 4443 in
143 4394 318 4450 barresi
362 4398 831 4469 permansissent,
883 4415 1013 4453 cum
1052 4398 1168 4453 suis
1196 4398 1465 4453 omnibus
1506 4399 1718 4454 instru-

68 4484 234 4536 mentis
257 4501 315 4539 ac
336 4487 570 4556 juribus
600 4487 714 4541 sint
744 4487 802 4540 in
825 4491 1102 4558 potestate
1129 4488 1390 4543 catholici
1418 4487 1569 4541 illius
1599 4488 1721 4557 epi-

67 4572 207 4639 scopi,
235 4577 387 4644 cujus
434 4577 495 4629 in
539 4576 767 4630 dioecesi
815 4576 1013 4646 positae
1046 4582 1225 4631 erant.
1261 4578 1503 4631 Planum
1545 4576 1722 4647 igitur

70 4656 132 4721 tit,
161 4661 567 4718 Donatistarum
591 4664 853 4718 ecclesias
875 4666 1182 4719 constituto
1212 4681 1315 4736 per
1342 4664 1581 4719 Unitatis
1603 4665 1719 4719 edi-

67 4752 189 4801 ctum
226 4753 348 4821 jure
399 4754 469 4807 ad
522 4753 839 4807 Catholicos
868 4753 1228 4825 pertinuisse.
1262 4756 1417 4808 Tunc
1446 4753 1722 4824 temporis

66 4833 193 4899 plebs
233 4840 752 4896 Germaniae-Novae
802 4858 931 4896 cum
978 4842 1290 4897 Maurentio
1332 4842 1596 4913 episcopo
1629 4842 1721 4896 lite

63 4927 396 4983 contendebat
421 4930 616 4999 (Ibid,
644 4946 765 4985 can.
802 4930 942 5001 lOO).
974 4930 1221 4984 Concilio
1253 4930 1435 4984 visum
1466 4936 1570 4996 est,
1601 4930 1720 5001 epi-

65 5023 225 5081 scopos
269 5018 560 5089 utrimque
609 5019 944 5089 deligendos
989 5036 1133 5088 esse,
1183 5019 1281 5090 qui
1311 5019 1722 5073 Thubursicam

63 5101 467 5171 proficiscentes,
520 5112 807 5161 maturum
848 5125 913 5162 ea
941 5108 1011 5163 de
1055 5124 1117 5163 re
1160 5108 1439 5179 judicium
1477 5108 1714 5162 ferrent.

65 5184 214 5258 Elegit
254 5208 282 5247 e
337 5194 582 5265 vestigio
628 5196 973 5250 Maurentius
1027 5197 1401 5267 Xantippum,
1460 5195 1726 5267 Augusti-

64 5286 192 5340 num,
254 5280 629 5347 Florentium,
687 5284 1013 5351 Theasium,
1082 5285 1461 5351 Samsucium,
1519 5284 1729 5339 Secun-

60 5360 171 5418 dum
212 5372 261 5422 et
314 5370 637 5425 Possidium
685 5388 697 5425 :
749 5389 894 5443 quos
940 5378 997 5428 et
1044 5373 1348 5429 concilium
1388 5373 1725 5444 comproba-

66 5450 140 5517 t‘it,
166 5458 215 5508 et
234 5458 587 5527 provinciam
609 5460 888 5531 Xantippo
915 5462 1092 5529 dedit,
1115 5466 1181 5517 ut
1201 5462 1341 5517 alios
1365 5462 1431 5516 ad
1452 5463 1726 5533 supplen-

63 5538 175 5595 dum
212 5561 520 5602 numerum
564 5548 903 5604 necessarios
937 5567 969 5605 a
999 5550 1499 5605 Germaniensibus
1537 5549 1724 5605 nomi-

3414 314 3519 368 366

1821 423 2039 477 nandos
2055 427 2299 476 curaret.
2325 422 2671 479 Maurentius
2696 424 2920 480 delectu
2949 442 3049 480 suo
3080 429 3214 481 satis
3239 429 3522 486 indicabat

1821 511 2267 581 haudquaquam
2286 512 2406 581 juri
2429 528 2531 565 suo
2551 528 2607 565 se
2636 513 2911 567 diffidere.
2941 516 3244 585 Reperitur
3269 517 3325 570 in
3350 519 3523 573 Colla-

1820 600 1973 653 tione
2006 600 2351 653 Maurentius
2382 601 2615 671 quidam
2645 602 3112 656 Thubursicensis
3148 605 3356 671 (Collat.
3389 608 3521 661 Car-

1822 690 1971 755 thag.
2002 691 2049 753 l,
2074 703 2195 756 cap.
2219 688 2356 757 143),
2382 706 2553 759 quem
2575 706 2692 743 non
2721 706 2840 743 asse
2860 690 3035 744 alium
3071 708 3103 744 a
3133 692 3525 749 Germaniensi

1820 779 2010 829 censet
2040 775 2388 828 Holstenius.
2424 778 2502 828 Ac
2536 776 2659 829 tieri
2691 776 2923 846 quidem
2954 778 3161 846 potuit,
3196 784 3262 833 ut
3292 781 3521 834 Germa-

1821 863 2108 916 nia-Nova
2130 863 2419 933 quondam
2443 863 2501 916 in
2517 865 2637 933 ejus
2656 864 2882 917 dioecesi
2902 868 3308 935 comprehensa
3329 868 3519 929 fuerit,

1821 950 2079 1021 quamvis
2128 951 2539 1019 posterioribus
2588 952 2937 1023 temporibus
2983 970 3100 1008 una
3158 955 3415 1010 dioecesis
3455 973 3522 1010 ex

1819 1038 1943 1108 ipsa
1973 1039 2091 1093 sola
2123 1040 2432 1093 constituta
2467 1041 2560 1093 sit.

1890 1131 1950 1180 2.
1992 1128 2145 1181 Idem
2190 1128 2492 1181 concilium
2534 1128 2747 1197 legatos
2798 1129 2866 1182 ad
2914 1132 3323 1199 Imperatorem
3367 1132 3523 1185 misit

1820 1214 2175 1269 Vincentium
2220 1232 2281 1268 ac
2330 1216 2802 1269 Fortunatianum
2851 1217 3149 1287 episcopos
3190 1216 3335 1286 (Cod.
3389 1222 3517 1275 Can.

1819 1304 2023 1368 Afric.,
2071 1318 2190 1356 can.
2228 1306 2338 1370 97),
2383 1304 2532 1356 hunc
2563 1304 2705 1357 forte
2738 1304 3078 1367 Siccensem,
3110 1306 3521 1361 Culusitensem

1819 1391 2003 1455 illum,
2039 1391 2245 1461 quibus
2278 1408 2389 1444 una
2420 1407 2547 1444 cum
2590 1391 2715 1444 aliis
2744 1392 2947 1461 legatis
2978 1393 3237 1447 Ecclesia)
3267 1410 3433 1447 causa
3464 1396 3523 1449 in

1820 1480 2135 1535 Collatione
2184 1479 2541 1533 defendenda
2572 1480 2784 1533 credita
2816 1486 2901 1534 est
2931 1482 3139 1547 (Collat.
3173 1483 3434 1551 Carthag.
3474 1488 3519 1550 1,

1819 1584 1978 1637 capp.
1998 1572 2116 1629 I38,
2151 1571 2282 1635 139).
2314 1568 2657 1638 Legatisillis
2673 1568 3025 1635 mandatum,
3047 1570 3189 1623 utab
3211 1573 3551 1641 Imperato-_

1817 1656 1999 1722 ribus,
2031 1657 2204 1709 totius
2233 1657 2541 1725 provinciae
2560 1657 2813 1723 nomine,
2841 1661 3102 1727 peterent
3122 1658 3524 1712 facultatemin

1821 1744 2080 1797 Ecclesiae
2143 1745 2466 1798 defensores
2518 1744 2859 1798 instituendi
2910 1746 3234 1811 advocatos,
3292 1747 3521 1816 quibus,

1821 1831 2045 1902 quoties
2091 1832 2147 1885 in
2192 1849 2313 1885 rem
2348 1833 2605 1886 Ecclesia:
2635 1833 2970 1903 iudicarent,
3008 1834 3076 1887 ad
3118 1834 3523 1889 Prcefectorum

1818 1920 2153 1987 tribunalia,
2196 1937 2325 1992 quas
2350 1921 2610 1991 judicum
2652 1922 2954 1974 secretaria
2997 1927 3157 1975 vocat
3197 1923 3521 1993 concilium,

1822 2008 2011 2062 aditus
2055 2009 2169 2063 sive
2203 2010 2273 2063 ad
2306 2008 2765 2078 supplicandum,
2800 2008 2914 2061 sive
2946 2009 3014 2063 ad
3050 2009 3522 2064 intercedendum

1822 2113 2119 2167 nunquam
2153 2097 2628 2151 intercluderetur
2659 2114 2670 2151 :
2704 2097 2855 2167 quod
2877 2097 2971 2165 jus
3000 2097 3136 2151 olim
3167 2099 3524 2169 provinciali-

1823 2185 1929 2239 bus
1962 2186 2330 2239 Ethnicorum
2364 2185 2751 2240 sacerdotibus
2781 2186 3160 2255 competebat.
3190 2188 3264 2240 De
3297 2192 3519 2253 caetero,

1821 2277 1981 2343 puta,
2016 2279 2078 2327 ut
2105 2273 2370 2327 adversus
2404 2272 2744 2337 Donatistas,
2779 2274 3061 2342 Paganos,
3095 2290 3158 2327 ac
3188 2274 3523 2342 idololatria:

1825 2362 2258 2431 superstitiones
2303 2367 2559 2432 agerent,
2608 2363 2787 2416 libera
2826 2367 3107 2432 potestate
3138 2364 3335 2418 donati
3367 2370 3521 2418 sunt.

1822 2451 2002 2521 Vulgo
2025 2450 2582 2520 opinantur,concilii
2608 2450 2778 2520 hujus
2802 2451 3065 2520 precibus
3091 2451 3337 2506 indultas
3354 2452 3523 2505 fuisse

1824 2538 1964 2593 duas
2009 2538 2135 2592 illas
2177 2540 2350 2609 leges,
2402 2556 2531 2609 quin
2580 2538 2799 2592 decimo
2850 2540 3092 2609 septimo
3132 2540 3402 2595 kalendas
3433 2558 3524 2595 se-

1823 2627 2099 2697 ptembris
2150 2627 2317 2691 datae,
2365 2626 2425 2679 in
2464 2642 2639 2679 unam
2671 2628 3008 2680 coaluerunt
3050 2628 3195 2695 (Cod.
3234 2629 3427 2683 Theod.
3462 2630 3528 2682 de

1823 2717 1997 2783 Epist.
2025 2720 2074 2768 et
2102 2716 2269 2781 Eccl.,
2296 2716 2406 2781 lege
2433 2716 2545 2783 38).
2584 2716 2830 2785 Utraque
2860 2721 3051 2769 autem
3078 2717 3271 2770 Romae
3303 2718 3414 2771 lata
3442 2722 3525 2771 est

1823 2819 1974 2857 anno
1994 2802 2559 2874 quadringentesimo
2584 2802 2843 2872 septimo,
2866 2806 3035 2873 atque
3054 2804 3123 2857 ad
3144 2804 3525 2874 Porphyrium

1822 2892 2023 2946 Africae
2066 2892 2467 2961 proconsulem
2521 2891 2710 2943 missa.
2768 2892 2979 2944 [larum
3022 2891 3179 2961 prior
3225 2892 3527 2961 privilegia

1823 2981 2094 3051 quaelibet
2139 2980 2254 3033 sive
2304 2979 2559 3033 Ecclesia:
2609 2979 2723 3031 sive
2755 2979 2969 3032 clericis
3016 2995 3281 3033 concessa
3318 2979 3526 3047 ﬁrmat,

1824 3084 1887 3123 ac
1924 3072 2199 3138 prieterea
2244 3083 2451 3122 novam
2505 3066 2813 3138 quamdam
2856 3067 3185 3122 facultatem
3217 3068 3392 3134 addit,
3429 3070 3525 3122 Ec-

1824 3157 2125 3211 clesiarum
2174 3156 2387 3210 scilicet
2433 3160 2486 3210 et
2532 3156 3043 3210 ecclesiasticorum
3092 3157 3523 3227 privilegiorum

1824 3246 2149 3300 defensores
2175 3244 2503 3299 assumendi
2533 3260 2599 3297 ex
2627 3244 3031 3298 advocatorum
3060 3262 3526 3317 numero,quem-

1826 3337 2129 3391 admodum
2180 3352 2210 3388 a
2253 3333 2495 3389 concilio
2529 3333 2774 3403 petitum
2802 3334 3013 3389 fuerat.
3071 3335 3246 3387 Porro
3278 3336 3527 3390 secunda

1824 3442 1957 3496 pars
1986 3441 2081 3479 eas
2112 3425 2285 3495 leges,
2327 3439 2455 3494 quae
2485 3426 2681 3476 contra
2725 3422 3041 3475 Douatistas
3091 3439 3153 3476 ac
3191 3423 3525 3477 Manichaaos

1825 3515 1987 3569 factae
2008 3514 2261 3580 fuerunt,
2281 3516 2429 3565 ratas
2451 3510 2666 3574 haberi,
2693 3515 2865 3579 atque
2888 3510 2946 3562 in
2968 3526 3134 3563 usum
3159 3510 3343 3581 redigi
3364 3527 3523 3564 man-

1826 3603 1921 3656 dat
1953 3602 2110 3671 (Ibid.
2142 3602 2206 3654 de
2232 3603 2451 3667 Haeret,
2484 3601 2592 3665 lege
2620 3601 2725 3657 4t).
2765 3600 3005 3668 Insuper
3029 3604 3223 3652 octavo
3254 3600 3527 3653 kalendas

1825 3689 2139 3745 decembris
2164 3688 2419 3759 ejusdem
2437 3687 2570 3739 anni
2594 3686 3146 3757 quadringentesimi
3168 3687 3395 3756 septimi
3420 3689 3525 3741 Ilo-

1827 3778 2021 3832 norius
2043 3778 2227 3847 legem
2251 3777 2319 3830 ad
2348 3775 2605 3830 Curtium
2628 3775 2963 3845 praefectum
2986 3776 3255 3846 prmtorio
3277 3775 3522 3845 scripsit,

1826 3866 2129 3932 mandatis,
2162 3880 2291 3935 qua:
2323 3863 2650 3917 Vincentius
2679 3880 2743 3917 ac
2771 3864 3214 3917 Fortunatianus
3243 3881 3275 3917 a
3304 3864 3523 3934 synodo

1828 3952 2253 4023 Carthaginensi
2276 3954 2632 4022 acceperant,
2656 3951 2915 4022 apprime
2940 3952 3529 4006 convenientemleec

1828 4042 1981 4097 enim
2024 4047 2147 4096 tum
2196 4042 2266 4095 ad
2310 4040 2597 4107 Ethnicos,
2631 4045 2754 4094 tum
2792 4040 2863 4094 ad
2908 4041 3226 4109 hmreticos,
3258 4058 3321 4094 ac
3351 4041 3410 4095 in
3440 4041 3531 4095 his

1827 4130 2074 4186 maxime
2122 4130 2189 4184 ad
2240 4129 2582 4195 Donatistas,
2635 4129 2993 4196 Manichaeos,
3051 4128 3527 4195 Priscillianistas,

1829 4220 2229 4290 Coelicolasque
2271 4218 2617 4288 pertinebat.
2647 4217 2775 4271 Fuit
2800 4222 2991 4271 autem
3024 4233 3088 4270 ea
3121 4219 3207 4271 lex
3239 4217 3406 4270 nonis
3431 4218 3530 4287 ju-

1827 4310 1909 4363 nii
1938 4324 2089 4361 anno
2139 4306 2702 4377 quadringentesimo
2753 4310 2948 4359 octavo
2989 4306 3215 4375 publice
3246 4306 3350 4358 sub
3382 4306 3527 4358 Por-

1827 4396 2019 4467 phyrii
2072 4394 2426 4465 proconsulis
2481 4397 2909 4463 programmate
2960 4394 3128 4446 affixa
3184 4393 3529 4463 Carthagine

1831 4484 2128 4556 (Sirmund.
2150 4484 2299 4553 App.
2323 4482 2451 4539 Cod.
2474 4482 2696 4548 Theod.,
2720 4498 2843 4551 cap.
2867 4482 2969 4551 12).
2997 4481 3127 4549 Ejus
3146 4497 3262 4534 non
3288 4482 3529 4535 minima

1828 4590 1959 4644 pars
1992 4572 2216 4626 duobus
2246 4570 2452 4625 codicis
2473 4569 2851 4625 Theodosiani
2872 4568 3008 4623 locis
3029 4568 3244 4623 inserta
3271 4574 3353 4623 est
3373 4571 3526 4638 (Cod.

1832 4662 2053 4730 Theod.,
2099 4662 2164 4715 de
2214 4662 2433 4726 Haeret,
2484 4661 2593 4725 lege
2630 4660 2697 4713 43
2747 4664 2796 4712 et
2842 4658 2951 4723 lege
2984 4659 3073 4721 44,
3104 4662 3154 4711 ct
3180 4657 3244 4711 de
3269 4660 3528 4726 Paganis,

1830 4752 1941 4818 lege
1990 4755 2097 4817 19),
2151 4752 2205 4803 et
2252 4764 2534 4820 nusquam
2584 4762 2700 4800 non
2751 4761 2901 4799 anno
2960 4744 3529 4817 quadringentesimo

1830 4844 2023 4895 octavo
2054 4843 2109 4893 et
2140 4838 2362 4893 decimo
2385 4835 2627 4905 septimo
2660 4833 2933 4887 kalendas
2963 4834 3281 4888 decembris
3314 4839 3529 4889 notata.

1830 4930 1903 4982 At
1931 4932 2147 4982 certum
2180 4931 2265 4980 est
2296 4927 2510 4987 Romce,
2544 4922 2697 4975 unde
2730 4921 3002 4991 prmdicta
3033 4922 3120 4975 lex
3153 4922 3285 4976 data
3310 4923 3530 4991 signiti-

1832 5021 2009 5083 catur,
2035 5032 2185 5069 anno
2206 5010 2772 5085 quadringentesimo
2798 5014 2994 5063 octavo
3017 5026 3213 5065 mense
3236 5011 3531 5064 novembri

1831 5121 1951 5159 non
1972 5104 2141 5158 fuisse
2169 5100 2506 5164 Honorium,
2534 5100 2628 5153 sed
2652 5100 2955 5153 Ravennae.
2985 5100 3177 5170 Neque
3200 5100 3370 5152 etiam
3396 5101 3530 5151 Por-

1832 5193 2034 5265 phyrio
2062 5190 2400 5263 proconsule
2428 5205 2575 5242 anno
2599 5188 3163 5259 quadringentesimo
3195 5204 3345 5241 nono
3375 5186 3533 5257 affigi

1832 5282 2019 5354 potuit
2039 5278 2406 5348 Carthagine;
2431 5276 2898 5348 quandoquidem
2920 5275 2971 5329 ei
2997 5278 3247 5330 Donatus
3270 5273 3373 5328 sub
3397 5275 3535 5328 anni

1834 5366 2387 5443 quadringentesimi
2419 5365 2600 5420 octavi
2650 5366 2825 5419 linem
2862 5364 2982 5433 jam
3015 5367 3375 5416 successerat.
3412 5363 3532 5426 Quo

1837 5459 2008 5515 etiam
2036 5461 2274 5513 exeunte
2307 5473 2457 5511 anno
2476 5456 2837 5511 Theodorum
2859 5453 3107 5525 praetorii
3132 5452 3530 5522 praefecturam

1840 5548 2071 5619 gerebat
2104 5564 2115 5600 :
2146 5547 2249 5601 hac
2280 5561 2411 5601 vero
2434 5545 2710 5615 dignitate
2734 5543 2957 5598 Curtius
2979 5556 3129 5594 anno
3154 5541 3537 5612 quadringen-
