3912 6174
305 321 404 374 367

301 439 506 496 tesimo
553 436 796 510 septimo
839 440 896 492 et
945 435 1179 490 ineunte
1208 430 1772 507 quadringentesimo
1802 435 1997 485 octavo

301 530 521 602 potitus
549 533 652 583 est.

373 620 424 672 3.
454 616 569 671 Sub
599 616 707 670 hoc
732 617 962 684 tempus
1002 610 1331 666 Vincentius
1358 608 1651 681 Rogatista
1691 607 1760 663 de
1790 607 1997 663 Catho-

300 705 424 761 licis
466 721 597 759 cum
637 703 954 775 Augustino
1001 717 1105 772 per
1150 700 1369 755 litteras
1396 696 1773 768 expostulavit
1804 712 1817 750 :
1846 700 1997 750 certe

301 793 537 865 quidem
565 808 680 846 non
710 792 891 845 multo
919 789 1132 856 serius;
1158 803 1294 842 nam
1323 787 1384 840 in
1415 785 1786 857 responsione
1807 786 1999 854 Augu-

300 882 453 947 stini,
503 895 832 952 quanquam
876 877 1095 949 prolixa
1127 892 1192 930 ac
1232 876 1301 930 de
1331 874 1645 929 secessione
1671 873 1996 928 Donatista-

297 987 429 1025 rum
456 970 623 1024 unice
651 970 875 1038 agente,
908 966 1131 1019 nullum
1160 967 1338 1018 exstat
1365 964 1451 1017 vel
1482 962 1789 1017 minimum
1818 961 1998 1015 colla-

296 1057 472 1113 tionis
515 1054 979 1125 Carthaginensis
1022 1052 1348 1123 vestigium.
1399 1054 1686 1107 Praeterea
1732 1050 1802 1104 de
1851 1049 1999 1103 facta

297 1145 529 1201 cuilibet
574 1144 679 1200 sub
728 1144 946 1199 exitum
992 1141 1130 1196 anni
1178 1139 1651 1213 quadringentesi
1696 1138 1835 1193 noni
1890 1154 1997 1208 po-

294 1237 497 1289 testate
544 1232 861 1303 deligenda:
908 1231 1203 1302 religionis
1246 1234 1483 1294 tacetur,
1517 1228 1745 1283 tametsi
1788 1227 1997 1281 litterae

294 1324 409 1378 illae
436 1322 497 1377 in
524 1321 881 1377 defendenda
908 1321 1100 1390 legum
1130 1335 1258 1389 quae
1289 1319 1416 1372 latae
1446 1318 1674 1372 fuerant
1699 1315 1995 1370 severitate

294 1415 432 1466 totas
473 1414 789 1465 versentur.
842 1408 937 1461 His
968 1407 1111 1462 adde
1142 1407 1293 1478 quod
1324 1405 1470 1460 nihil
1500 1405 1581 1460 ibi
1611 1405 1680 1459 de
1709 1401 1995 1459 Stiliconis

295 1499 573 1555 occisione
613 1498 846 1569 legitur,
894 1496 1041 1551 nihil
1088 1496 1156 1549 de
1203 1494 1273 1548 iis
1313 1510 1442 1565 quae
1470 1491 1711 1548 subinde
1751 1491 1993 1546 circum-

294 1592 501 1660 agente
531 1604 589 1642 se
619 1603 770 1640 anno
800 1601 973 1655 supra
996 1582 1629 1655 quadringentesimum
1650 1585 1846 1635 octavo
1871 1596 1994 1635 eve-

294 1680 523 1733 nerunt.
572 1674 901 1730 Vincentius
945 1673 1041 1727 ille
1071 1671 1276 1742 Rogati
1305 1670 1636 1726 Donatianze
1666 1669 1842 1741 partis
1871 1669 1992 1741 epi-

294 1765 469 1836 scopi,
500 1782 535 1819 a
554 1782 667 1836 quo
696 1764 1016 1833 Rogatense
1045 1762 1289 1815 schisma
1315 1761 1481 1831 (Cont.
1515 1760 1780 1825 Crescon.,
1814 1758 1909 1813 lib.
1935 1760 1989 1823 4,

291 1870 348 1909 n.
378 1857 493 1925 ‘73),
524 1852 925 1908 brevissimum
955 1850 1201 1905 frustum
1233 1849 1303 1903 de
1334 1848 1549 1919 majore
1577 1847 1758 1901 frusto
1788 1847 1990 1918 praeci-

293 1958 421 1997 sum
441 1946 525 1999 est
550 1941 742 2012 (Epist.
763 1943 851 2002 93,
876 1956 930 1994 n.
954 1938 1064 2007 2t),
1087 1937 1388 2008 presbyter
1406 1937 1567 2007 prius
1584 1936 1770 2008 (Ibid.,
1787 1951 1850 1990 n.
1875 1937 1985 2003 47).

291 2035 427 2085 tunc
455 2046 588 2085 vero
613 2026 889 2099 temporis
920 2042 1212 2082 successor
1238 2029 1360 2081 erat
1384 2025 1573 2096 (Ibid.,
1605 2041 1661 2079 n.
1690 2025 1763 2094 1),
1794 2024 1990 2078 sedem

292 2134 455 2173 suam
498 2116 795 2173 Cartennis
843 2114 1194 2170 Mauritaniae
1241 2112 1615 2169 Cmsareensis
1645 2112 1856 2184 oppido
1885 2113 1987 2166 ha-

290 2206 431 2261 bens
462 2205 646 2276 (Ibid.,
678 2220 736 2258 n.
768 2205 881 2271 20).
911 2204 978 2257 In
1005 2202 1194 2256 Africa
1221 2201 1347 2273 ipsa
1369 2206 1453 2256 tot
1480 2201 1595 2273 jam
1617 2205 1808 2272 partes
1827 2200 1988 2254 facta:

290 2297 453 2349 erant
492 2293 561 2348 de
607 2295 769 2363 parte
810 2290 1039 2360 Donati,
1068 2295 1131 2345 ut
1156 2306 1251 2349 eas
1279 2306 1396 2344 non
1422 2289 1551 2361 ipsi,
1585 2289 1632 2343 si
1661 2288 1988 2359 interroga-

290 2385 504 2447 rentur,
541 2380 847 2435 Donatistae
882 2378 1532 2446 recenserent(1bid.,n.
1560 2377 1670 2445 25).
1702 2378 1987 2447 Rogatcn-

290 2487 378 2525 ses
425 2485 619 2540 porro,
666 2484 797 2522 cum
841 2466 1151 2538 imperium
1197 2465 1496 2536 capessivit
1522 2464 1801 2532 Julianus,
1835 2463 1987 2535 quod

290 2558 394 2614 sub
413 2558 588 2631 ﬁnem
608 2557 745 2611 anni
764 2555 1150 2611 trecentesimi
1176 2553 1512 2626 scxagesimi
1526 2553 1700 2624 primi
1726 2552 1983 2623 contigit,

290 2647 549 2701 nondum
578 2645 931 2701 desciverant
958 2661 991 2698 a
1022 2642 1324 2697 Donatistis
1351 2642 1543 2713 (Ibid.,
1573 2657 1631 2695 η.
1666 2640 1770 2711 i2).
1795 2641 1878 2695 Ab
1898 2639 1986 2695 his

288 2739 481 2790 autem
502 2734 587 2789 illi
610 2734 682 2789 ob
695 2749 856 2788 suam
873 2731 1248 2787 defectionem
1270 2731 1414 2786 dura
1425 2730 1587 2785 valde
1603 2732 1772 2800 atque
1785 2729 1987 2783 acerba

285 2827 592 2897 pertulere.
621 2824 817 2893 Neque
837 2822 990 2877 enim
1007 2819 1602 2892 jussionibusitantum
1627 2821 1983 2872 terrenarum

285 2916 630 2986 potestatum
660 2912 721 2966 in
749 2910 1044 2965 haereticos
1076 2909 1241 2975 datis,
1269 2908 1363 2964 sed
1393 2908 1564 2964 etiam
1597 2906 1771 2962 Firmi
1803 2906 1981 2974 ducis,

285 3001 386 3073 qui
415 3018 566 3056 anno
588 2999 986 3055 trecentesimo
1009 2996 1431 3069 septuagesimo
1465 2996 1712 3051 secundo
1743 2996 1983 3050 rebella-

283 3091 383 3160 vit,
427 3089 731 3160 tyrannide
781 3088 854 3141 ad
896 3087 1233 3141 eorumdem
1281 3085 1711 3157 Rogatistarum
1743 3084 1982 3138 exitium

286 3176 448 3231 abusi
496 3180 631 3230 sunt
683 3173 988 3229 Donatistae
1042 3175 1210 3244 (Cont.
1266 3174 1399 3227 Litt.
1450 3174 1727 3240 Petiliani,
1786 3173 1879 3226 lib.
1926 3176 1980 3240 2,

283 3280 340 3318 η.
385 3263 502 3334 184)
546 3280 559 3317 :
593 3278 734 3333 quos
763 3262 833 3315 ob
873 3277 1001 3314 eam
1030 3276 1151 3314 rem
1201 3260 1516 3314 Firmianos
1545 3260 1628 3314 illi
1655 3259 1985 3315 vocitabant

285 3353 492 3423 (Epist.
536 3354 624 3420 87,
656 3367 713 3405 η.
749 3350 853 3419 10).
898 3348 1147 3404 Mitiores
1177 3348 1408 3419 quidem
1455 3348 1636 3402 videri
1681 3348 1793 3420 ipsi
1829 3349 1980 3403 vole-

282 3441 441 3509 bant,
464 3445 636 3512 atque
653 3439 722 3494 ab
740 3444 1078 3494 czeterorum
1101 3435 1527 3492 Donatistarum
1544 3436 1758 3491 srevitie
1778 3437 1983 3491 abhor-

282 3534 499 3586 rentes:
536 3533 593 3585 at
612 3530 722 3584 hoc
745 3543 863 3583 non
890 3532 1010 3583 tam
1035 3525 1359 3581 christianae
1385 3526 1840 3581 mansuetudinis
1869 3530 1981 3580 stu-

282 3618 397 3686 dio,
431 3634 605 3691 quam
638 3622 786 3673 nota;
807 3616 1062 3688 ipsorum
1084 3614 1467 3671 imbecillitati
1487 3614 1858 3669 tribuendum
1879 3631 1981 3686 pu-

279 3713 365 3762 tat
403 3707 778 3778 Augustinus,
818 3708 1036 3773 Sarvire,
1066 3704 1168 3773 ait,
1196 3720 1288 3759 vos
1316 3705 1455 3759 nolle
1484 3704 1667 3759 dicitis
1703 3721 1716 3758 :
1751 3719 1844 3771 ego
1872 3720 1979 3759 non

276 3811 433 3865 posse
458 3797 715 3849 arbitror.
748 3797 833 3848 Ita
859 3796 1002 3848 enim
1030 3796 1156 3849 estis
1188 3809 1409 3847 numero
1439 3795 1647 3860 exigui,
1679 3798 1741 3847 ut
1772 3809 1980 3848 movere

276 3899 369 3938 vos
397 3887 584 3938 contra
613 3882 958 3936 adversarius
979 3882 1128 3936 vobis
1156 3882 1538 3938 multitudines
1566 3896 1674 3935 non
1702 3882 1975 3949 audeatis,

278 3974 380 4026 etsi
435 3973 668 4040 cupiatis
720 3971 912 4041 (Epist.
971 3973 1059 4037 93,
1104 3986 1159 4024 n.
1214 3973 1318 4038 11).
1374 3971 1596 4024 Ponens
1638 3975 1831 4025 tamen
1879 3987 1977 4025 cos

277 4060 662 4132 evangelicam
693 4058 1058 4128 sententiam,
1101 4059 1161 4115 Si
1198 4061 1321 4127 quis
1350 4058 1451 4113 tibi
1477 4060 1707 4114 voluerit
1736 4063 1974 4115 tumcam

279 4150 536 4217 tollere,et
552 4148 765 4219 judicio
794 4151 964 4202 tecum
982 4146 1310 4210 contendere,
1332 4147 1544 4202 dimitte
1562 4148 1650 4203 illi
1671 4152 1721 4201 et
1744 4149 1977 4217 pallium

277 4239 490 4310 (Matth.
516 4253 572 4308 v,
593 4237 703 4304 40),
724 4235 804 4290 sic
822 4235 1162 4307 intelligere,
1189 4239 1255 4290 ut
1277 4236 1757 4307 persequentibus
1777 4252 1835 4290 se
1861 4252 1976 4291 non

276 4330 461 4384 solum
490 4328 649 4381 nulla
674 4324 906 4396 injuria,
937 4340 1136 4379 verum
1166 4324 1340 4380 etiam
1370 4325 1529 4380 nullo
1552 4326 1683 4397 jure
1712 4324 1976 4380 resisten-

275 4417 412 4471 dum
436 4420 668 4487 putent;
690 4412 986 4470 contendit
1013 4413 1297 4484 Rogatum
1327 4429 1524 4468 eorum
1557 4417 1980 4481 auctorem,aut

275 4520 396 4559 non
422 4505 501 4560 ita
525 4503 894 4572 intellexisse,
923 4506 1022 4558 aut
1051 4506 1201 4557 certe
1234 4502 1391 4573 quod
1420 4501 1699 4557 intellexit
1729 4517 1844 4555 non
1870 4500 1973 4556 im-

274 4593 487 4663 plesse;
510 4592 722 4665 quippe
744 4591 843 4663 qui
862 4591 930 4646 de
957 4589 1305 4662 quibusdam
1331 4590 1523 4658 rebus,
1557 4606 1697 4662 quas
1727 4606 1858 4644 suas
1887 4589 1972 4644 illi

274 4680 548 4748 dicerent,
596 4681 873 4736 acerrima
916 4679 1361 4753 perseverantia,
1395 4678 1570 4734 etiam
1606 4679 1820 4734 forensi
1850 4678 1972 4733 dis-

273 4768 591 4840 ceptatione
646 4768 983 4824 conﬂixerit.
1042 4768 1327 4825 Relictam
1379 4767 1451 4822 ab
1506 4784 1574 4823 eo
1614 4767 1970 4839 gregiculum

273 4859 471 4930 (Epist.
522 4861 609 4926 93,
646 4874 704 4912 π.
750 4856 839 4929 49)
885 4858 1035 4929 apud
1082 4858 1390 4913 Cartennas
1434 4859 1489 4910 et
1535 4855 1810 4911 viciniora
1846 4857 1971 4911 loca

272 4944 507 5002 curabat
552 4945 898 5012 Vincentius,
938 4961 1071 5001 cum
1112 4962 1322 5001 novem
1366 4943 1482 5000 sive
1511 4944 1705 4999 decem
1737 4944 1969 5015 collegis

271 5040 328 5093 et
357 5033 716 5092 consortibus
744 5033 937 5103 (Ibid.,
979 5051 1036 5088 η.
1068 5036 1274 5106 20-22).

340 5127 395 5183 4.
428 5126 480 5180 Is
510 5120 894 5195 Augustinum
935 5123 1355 5180 adolescentem
1398 5127 1455 5179 et
1484 5122 1825 5194 Carthagine
1854 5127 1968 5179 stu-

268 5215 377 5271 diis
422 5211 870 5277 incumbentem,
917 5210 1046 5265 vivo
1087 5211 1273 5267 adhuc
1323 5213 1565 5284 Rogato,
1624 5215 1967 5284 cognoverat

270 5302 456 5375 (Ibid,
471 5318 566 5358 nn.
588 5303 636 5369 1,
660 5297 770 5370 51).
792 5298 917 5352 Jam
940 5301 1077 5352 tunc
1099 5298 1576 5354 animadverterat
1601 5300 1752 5371 pacis
1770 5300 1831 5354 in
1842 5299 1966 5370 ipso

267 5372 332 5445 ac
358 5372 668 5445 honestatis
691 5401 978 5453 amorem;
1007 5400 1253 5457 cumque
1280 5386 1442 5441 illum
1474 5392 1737 5460 suscepta
1758 5387 1965 5443 Christi

265 5478 545 5549 religione
594 5478 765 5534 sacris
811 5474 1039 5531 Litteris
1085 5490 1293 5530 navare
1338 5491 1574 5546 operam
1622 5476 1959 5545 rescivisset,

266 5565 608 5621 existimavit
655 5566 835 5621 multo
885 5579 1058 5635 quam
1091 5566 1255 5617 antea
1289 5564 1469 5633 magis
1495 5564 1702 5635 quietis
1732 5565 1959 5620 avidum

1540 309 1705 363 VITA
1741 307 1798 362 S.
1838 305 2214 362 AUGUSTINI
2256 303 2593 360 EPISCOPI.

3705 307 3800 360 368

2109 432 2165 484 et
2189 432 2579 500 appetentem,
2609 442 2830 481 necnon
2872 425 2944 480 ab
2982 425 3143 481 omni
3181 425 3461 481 violenter
3488 428 3701 500 agendi
3728 445 3805 482 ra-

2105 516 2262 571 tione
2291 516 2545 571 alienum
2574 530 2714 569 esse.
2750 514 3025 578 Quocirca
3046 514 3115 568 de
3136 516 3593 586 severitate,quaz
3613 516 3677 569 in
3711 517 3805 570 Do-

2107 604 2344 659 natistas
2373 620 2478 675 per
2503 606 2658 675 leges
2682 604 2944 674 precibus
2965 603 3365 674 episcoporum
3394 604 3805 660 catholicorum

2106 694 2266 748 datas
2312 694 2697 755 exercebatur,
2744 692 2967 763 scripsit
3007 692 3079 746 ad
3115 693 3523 763 Augustinum,
3564 698 3806 747 conten-

2106 782 2243 836 deus
2254 782 2322 835 ad
2343 780 2797 852 amplectendam
2808 779 3094 851 justitiam
3116 784 3173 834 et
3188 780 3466 834 unitatem
3487 781 3806 852 cogendum

2106 887 2227 926 esse
2266 871 2558 926 neminem
2590 870 2771 941 (Ibid.,
2810 886 2905 923 nn.
2958 873 3011 935 5,
3050 872 3129 933 14)
3185 888 3202 924 :
3248 870 3514 925 adversus
3543 871 3811 926 inimicos

2106 959 2527 1015 communionis
2542 965 2770 1025 nostraz,
2795 959 3056 1029 querelas
3086 959 3426 1029 Imperatori
3456 960 3665 1015 deferri
3696 960 3805 1014 illi-

2106 1048 2281 1102 citum
2314 1048 2493 1118 (Ibid.,
2526 1063 2581 1102 η.
2611 1048 2690 1114 13)
2729 1063 2742 1100 :
2771 1063 2956 1118 neque
2978 1046 3038 1101 in
3063 1047 3402 1118 Evangeliis,
3434 1064 3624 1120 neque
3657 1051 3807 1120 apud

2105 1137 2407 1207 Apostolos
2421 1136 2555 1207 legi,
2580 1135 2897 1207 quidquam
2917 1152 2950 1189 a
2969 1134 3211 1189 terrenis
3232 1135 3587 1207 principibus
3605 1142 3806 1190 contra

2107 1225 2367 1280 Ecclesiae
2405 1224 2757 1279 adversarios
2804 1223 2978 1278 fuisse
3008 1224 3364 1294 postulatum
3392 1226 3588 1296 (Ibid.,
3613 1242 3672 1279 η.
3717 1229 3761 1294 1)
3789 1245 3804 1280 :

2104 1329 2220 1368 non
2267 1312 2569 1385 contigisse
2611 1311 2938 1384 aliquando,
2969 1317 3034 1366 ut
3075 1314 3483 1382 Apostolorum
3513 1315 3806 1386 quispiam

2103 1402 2163 1455 in
2196 1401 2410 1455 alienas
2435 1401 2691 1456 fortunas
2721 1400 2826 1455 sub
2854 1400 3097 1455 obtentu
3121 1401 3257 1455 ﬁdei
3285 1400 3583 1456 invaderet
3609 1403 3802 1474 (Ibid,

2102 1505 2157 1545 n.
2196 1489 2280 1560 11)
2307 1506 2320 1544 :
2343 1493 2400 1544 et
2419 1488 2636 1560 alioqui
2664 1488 2959 1543 violentias
2978 1489 3105 1543 illas
3128 1489 3188 1543 in
3205 1505 3476 1561 magnam
3499 1491 3805 1546 hominum

2102 1582 2324 1649 partem
2368 1577 2653 1632 incassum
2683 1576 2943 1631 adhiberi
2983 1577 3162 1641 (Ibid,
3195 1593 3252 1633 n.
3287 1580 3368 1648 3);
3400 1594 3462 1632 ac
3491 1578 3683 1633 vereri
3732 1597 3805 1644 se,

2104 1682 2177 1720 ne
2204 1666 2340 1721 hinc
2363 1665 2552 1737 potius
2572 1681 2784 1720 nomen
2803 1664 2905 1719 Dei
2924 1680 2957 1719 a
2973 1664 3182 1719 Iudaeis
3203 1669 3259 1719 et
3279 1666 3523 1736 Paganis
3541 1667 3804 1738 blasphe-

2100 1760 2291 1809 metur
2320 1755 2507 1826 (Ibid,
2530 1770 2585 1810 η.
2613 1756 2724 1823 26).
2758 1753 3039 1817 Ecclesiae,
3070 1754 3214 1808 utin
3243 1754 3441 1809 orbem
3474 1756 3806 1810 universum

2102 1859 2329 1913 semper
2358 1846 2634 1897 cresceret
2660 1859 2724 1897 ac
2751 1842 3104 1910 dilataretur,
3135 1842 3332 1898 datum
3362 1844 3637 1915 negabat;
3682 1862 3805 1900 eam

2100 1936 2299 1986 contra
2336 1947 2663 1985 asseverans
2692 1947 2854 2002 posse
2893 1929 2953 1984 in
2983 1931 3206 2002 reliquo
3233 1936 3517 1987 terrarum
3536 1934 3697 2003 orbe
3726 1951 3806 1987 ex-

2101 2019 2385 2082 stinctam,
2420 2035 2534 2073 una
2561 2019 2623 2073 in
2651 2018 2887 2089 regione
2917 2019 3130 2073 servari
3158 2020 3350 2087 ([bid.,
3383 2037 3436 2075 η.
3463 2022 3551 2088 2t)
3580 2039 3594 2076 :
3627 2038 3803 2093 quam

2098 2107 2160 2161 in
2186 2123 2307 2162 rem
2341 2106 2516 2161 Hilari
2542 2107 2931 2161 testimonium
2957 2107 3305 2177 proferebat,
3337 2109 3576 2163 Asiauas
3602 2110 3800 2165 decem

2097 2195 2422 2267 provincias
2461 2212 2527 2249 ex
2567 2194 2772 2266 majori
2807 2200 2967 2266 parte
3005 2212 3135 2250 vere
3183 2198 3361 2251 Deum
3407 2199 3628 2252 nescire
3676 2200 3806 2253 scri-

2098 2284 2488 2357 bentis(1bid.,
2504 2301 2597 2340 nn.
2625 2288 2712 2352 31,
2737 2286 2843 2354 32).
2874 2285 3192 2357 Pugnabat,
3214 2303 3341 2341 eam
3356 2292 3581 2357 partem
3606 2289 3673 2343 in
3698 2307 3805 2362 qua

2098 2372 2239 2427 ﬁdes
2268 2374 2585 2445 religioque
2633 2373 2941 2428 christiana
2970 2374 3157 2443 floret,
3191 2375 3235 2429 si
3268 2392 3398 2431 cum
3426 2381 3547 2432 toto
3581 2380 3801 2434 mundo

2098 2467 2480 2533 comparetur,
2516 2462 2803 2517 modicam
2847 2462 3029 2517 videri
3060 2464 3244 2535 (Ibid,
3293 2481 3349 2519 η.
3382 2468 3499 2535 22);
3548 2467 3802 2539 adeoque

2098 2550 2399 2606 Catholica:
2448 2566 2661 2605 nomen
2705 2568 2820 2605 non
2862 2567 2928 2605 ex
2971 2552 3146 2607 totius
3194 2553 3348 2608 orbis
3393 2557 3801 2611 communione

2097 2638 2604 2710 interpretabatur,
2656 2640 2754 2694 sed
2803 2656 2871 2694 ex
2927 2640 3322 2698 observatione
3374 2649 3801 2714 praeceptorum

2097 2727 2361 2783 omnium
2374 2727 2698 2783 divinorum
2712 2732 2883 2800 atque
2896 2728 3663 2786 omniumSacramentorum
3675 2749 3801 2805 :quo

2096 2814 2177 2868 sic
2223 2815 2486 2870 videlicet
2526 2816 2833 2886 Rogatensi
2863 2817 3159 2888 particulae
3191 2834 3308 2872 sum
3337 2818 3573 2873 titulum
3603 2822 3804 2877 Catho-

2094 2902 2219 2957 licae
2267 2896 2560 2975 arrogaret
2607 2904 2791 2974 (Ibid.,
2833 2920 2927 2959 nn.
2965 2907 3055 2972 23,
3104 2907 3210 2976 49).
3256 2907 3615 2978 Baptismum
3648 2917 3803 2964 extra

2097 2992 2401 3047 Ecclesiam
2431 2991 2916 3063 administratum,
2946 2995 3172 3049 nullum
3201 3011 3321 3049 esse
3343 2997 3648 3066 arguebat,
3684 3005 3803 3053 tum

2094 3082 2634 3153 martyreCypriano
2646 3086 2787 3136 teste
2797 3087 2940 3149 ,tum
2954 3082 3130 3154 ipsius
3141 3084 3769 3157 decessoreAgrippino
3786 3105 3799 3151 ;

2094 3175 2151 3224 et
2179 3170 2386 3225 debere
2412 3175 2539 3240 post
2566 3170 2863 3225 haereticos
2892 3171 3168 3242 baptizari
3192 3173 3381 3243 (Ibid.,
3415 3190 3511 3228 nn.
3536 3178 3625 3243 35,
3659 3179 3749 3247 36)
3783 3193 3795 3229 ε

2091 3258 2233 3313 Nam
2256 3263 2307 3313 et
2320 3263 2440 3328 post
2458 3259 3273 3329 Joannem,aiebat,baptisavit
3295 3263 3500 3317 Paulus
3520 3266 3801 3333 apostolus

2094 3346 2275 3416 (Ibid.,
2305 3362 2360 3400 n.
2394 3347 2503 3416 47).
2530 3345 2949 3415 Sciscitabatur,
2970 3364 3084 3419 qua
3104 3348 3173 3403 de
3194 3365 3382 3417 causa,
3401 3350 3451 3405 si
3471 3352 3685 3407 Donati
3710 3369 3798 3407 se-

2091 3437 2335 3488 ctatores
2355 3450 2607 3505 nequam
2628 3440 2801 3506 atque
2822 3436 3075 3491 haeretici
3095 3441 3444 3505 erant,tanto
3467 3444 3670 3495 tamen
3695 3446 3805 3497 stn-

2090 3522 2185 3577 dtO
2206 3527 2605 3594 quaererentur
2627 3541 2659 3578 a
2675 3525 3066 3596 Catholicis,et
3082 3525 3205 3581 sine
3220 3526 3561 3583 difﬁcultate
3573 3530 3698 3584 ulla
3714 3546 3800 3585 re-

2090 3610 2623 3683 eiperentur(1bid.,
2654 3628 2707 3667 η.
2735 3612 2853 3685 46).
2891 3615 3019 3668 Haec
3049 3613 3292 3685 epistola
3312 3615 3383 3669 ad
3403 3616 3799 3687 Augustinum

2088 3716 2195 3771 per
2212 3700 2557 3755 catholicum
2576 3700 2762 3755 virum
2783 3701 2893 3772 ipsi
2912 3702 3091 3773 probe
3113 3703 3407 3774 cognitum
3426 3705 3657 3774 perlata
3674 3711 3760 3760 est
3784 3720 3797 3760 :

2089 3795 2439 3861 quapropter
2457 3806 2586 3844 cum
2604 3791 2796 3845 nullus
2816 3796 2959 3846 esset
2986 3791 3289 3847 dubitandi
3311 3793 3646 3864 locus,quin
3674 3811 3797 3849 eam

2088 3878 2406 3949 scripsisset
2441 3878 2769 3933 Vincentius
2810 3879 3124 3951 Rogatista,
3156 3896 3325 3935 suum
3372 3881 3426 3936 ei
3450 3898 3795 3953 responsum

2087 3965 2242 4022 misit
2266 3967 2457 4037 (Ibid.,
2487 3983 2545 4024 η.
2580 3968 2658 4035 1);
2691 3972 2863 4039 atque
2880 3969 2936 4022 id
2962 3969 3196 4039 quidem
3222 3969 3355 4024 satis
3379 3972 3800 4043 amplum,non

2086 4058 2205 4109 tam
2244 4055 2313 4110 de
2362 4056 2641 4111 Vincentii
2669 4056 2862 4111 animo
2908 4056 3184 4128 cogitans,
3219 4074 3395 4130 quam
3439 4058 3509 4113 de
3544 4061 3794 4115 utilitate

2085 4159 2307 4211 eorum,
2326 4161 2358 4198 a
2378 4145 2587 4216 quibus
2603 4144 2840 4199 forsitan
2860 4161 2993 4200 cum
3011 4145 3112 4201 Dei
3127 4146 3332 4201 timore
3362 4148 3683 4219 legendum
3707 4165 3793 4204 es-

2085 4235 2200 4299 set;
2230 4248 2293 4287 ac
2315 4233 2572 4288 futurum
2589 4248 2841 4305 sperans,
2865 4238 2931 4289 ut
2946 4250 3011 4289 ex
3032 4234 3203 4302 illo,si
3224 4234 3414 4290 minus
3432 4236 3794 4307 Vincentius,

2084 4321 2289 4376 saltem
2317 4321 2412 4376 alii
2438 4321 2685 4377 fructum
2716 4322 2971 4394 aliquem
2997 4322 3359 4395 perciperent
3375 4323 3569 4395 (Ibid.,
3591 4342 3646 4382 n.
3676 4326 3789 4397 53).

2766 4412 2992 4467 CAPUT
3030 4414 3094 4469 V.

2086 4501 2105 4552 1
2137 4499 2375 4555 Melania
2402 4501 2579 4554 senior
2606 4502 2668 4555 in
2689 4500 2947 4569 Africam
2971 4503 3138 4557 venit.
3164 4504 3198 4557 2
3217 4502 3570 4570 Augustinus
3600 4504 3795 4560 scribit

2151 4589 2227 4643 ad
2262 4591 2570 4658 Paulinum,
2604 4605 2638 4643 a
2667 4606 2772 4659 quo
2798 4592 3041 4646 vicissim
3070 4592 3281 4647 litteras
3301 4595 3522 4663 accipit.
3559 4597 3590 4649 3
3620 4594 3786 4650 Cala-

2149 4680 2405 4733 mensium
2430 4678 2846 4734 idololatrarum
2874 4681 3161 4735 insolentia
3189 4685 3241 4734 et
3279 4682 3563 4748 ferocitas.
3594 4684 3627 4737 4
3656 4683 3790 4737 Αυ-

2149 4769 2427 4833 gustinum
2463 4769 2745 4825 Nectarius
2778 4785 2882 4838 pro
2914 4772 3023 4825 reis
3068 4770 3476 4826 Calamensibus
3503 4773 3621 4826 suis
3646 4774 3795 4825 ciri-

2151 4855 2247 4910 bus
2279 4856 2614 4927 deprecatur.
2645 4861 2675 4912 5
2713 4861 2905 4913 Eorum
2923 4860 2987 4914 ob
3010 4861 3179 4917 scelus
3198 4861 3256 4914 in
3280 4860 3464 4914 aulam
3494 4876 3552 4915 se
3573 4862 3789 4927 confert

2148 4945 2445 5000 Possidius.
2478 4948 2508 5000 6
2538 4947 2763 5002 Paulino
2799 4948 3051 5002 rescribit
3088 4948 3456 5016 Augustinus.
3486 4952 3521 5001 7
3564 4950 3788 5006 Necnon

2148 5034 2372 5089 Memori
2406 5036 2671 5106 episcopo,
2702 5037 2792 5092 cui
2814 5040 3026 5091 sea-tum
3050 5052 3118 5090 ea:
3152 5037 3308 5093 libris
3335 5039 3450 5092 suis
3476 5037 3549 5092 de
3574 5038 3793 5093 Musica

2148 5124 2339 5178 mittit.

2149 5214 2197 5267 1.
2233 5211 2472 5267 Melania
2501 5212 2693 5268 senior
2717 5228 2818 5268 seu
2847 5212 2992 5286 avia,
3019 5217 3285 5270 matrona
3314 5214 3470 5286 apud
3513 5214 3796 5270 ecclesia-

2074 5298 2242 5354 sticos
2270 5300 2574 5372 scriptores
2620 5301 3085 5370 celebratissima,
3118 5304 3362 5358 Romam
3393 5308 3527 5359 ante
3559 5303 3796 5375 aliquot

2074 5404 2276 5457 annos,
2318 5394 2449 5460 post
2491 5390 2819 5446 traductum
2848 5391 2910 5445 in
2935 5392 3165 5447 Oriente
3202 5392 3604 5463 longissimum
3630 5397 3794 5447 tem-

2073 5477 2229 5548 poris
2269 5478 2538 5549 spatium,
2585 5478 2851 5547 redierat,
2892 5495 3023 5535 cum
3062 5481 3173 5536 iter
3200 5481 3260 5535 in
3289 5481 3539 5535 Africam
3586 5495 3790 5535 susce-

2073 5566 2156 5637 pit
2188 5583 2201 5622 :
2227 5567 2346 5636 ubi,
2368 5584 2480 5639 qua
2510 5569 2899 5624 moderatione
2921 5570 3073 5623 unici
3096 5569 3198 5624 ﬁlii
3226 5574 3472 5624 mortem
3494 5569 3793 5624 sustinue-
