3912 6174
118 288 197 339 illiti

102 409 169 468 rit,
191 404 319 460 testis
336 402 437 457 fuit
452 398 801 469 Augustinus
824 398 1059 467 (Paulin.
1084 397 1235 465 apud
1255 399 1516 464 August,
1542 399 1719 466 Epist.

105 496 324 564 94,111).
352 490 499 544 Haud
538 504 673 541 sane
712 487 989 551 videmus,
1025 502 1139 557 qua
1166 485 1223 538 id
1263 484 1485 538 ratione
1524 482 1725 538 referri

108 584 230 654 queat
250 580 301 633 in
336 577 476 631 idem
506 577 691 646 ipsum
724 579 971 644 tempus,
1007 590 1121 643 quo
1150 573 1359 628 Albina
1397 574 1520 643 ejus
1547 589 1726 627 nurus

110 688 158 726 eo
195 685 295 723 cum
337 666 590 720 universa
635 663 850 717 familia
905 662 1148 733 trajecit,
1198 666 1468 731 vergente
1518 662 1729 715 scilicet

111 774 212 814 anno
230 750 764 827 quadringentesimo
794 752 1033 805 decimo.
1059 752 1198 805 Nam
1230 750 1275 803 si
1296 751 1448 804 tilius
1468 750 1725 821 ejusdem

112 844 291 902 Melaniae
325 841 605 897 Publicola
634 840 805 894 etiam
838 844 961 892 tum
998 838 1058 892 in
1098 838 1236 891 vivis
1267 838 1492 908 egisset,
1523 836 1727 890 Albina

106 934 211 987 illius
236 947 359 984 uxor
387 946 505 982 eam
538 928 747 999 potius,
782 944 954 999 quam
999 927 1175 981 tiliam
1206 926 1502 981 Melaniam
1528 925 1716 994 junio-

100 1038 201 1085 rem,
224 1024 307 1072 aut
333 1017 625 1071 Pinianum
654 1032 928 1087 generum
960 1016 1229 1069 comitata
1246 1017 1415 1066 esset.
1446 1015 1727 1067 Prwterea

96 1108 337 1162 Publicolae
381 1105 596 1158 obitum
637 1108 861 1158 secutus
909 1110 993 1158 est
1045 1102 1393 1159 Calamensis
1422 1102 1723 1167 tumultus,

93 1196 159 1249 cui
182 1210 376 1248 causam
404 1198 533 1263 post
559 1209 773 1246 annum
807 1192 1434 1262 quadringentesimum
1464 1190 1726 1243 Octavum

92 1285 235 1337 datam
257 1283 458 1336 nullam
492 1281 993 1352 deprehendimus.
1026 1284 1210 1350 Atque
1243 1279 1352 1332 ista
1376 1277 1609 1349 quidem
1639 1293 1728 1330 ra-

94 1372 149 1426 tio
187 1371 439 1442 prohibet,
486 1369 799 1441 quominus
840 1374 1085 1422 mortem
1131 1368 1436 1422 Publicolae
1482 1367 1541 1419 in
1589 1364 1727 1419 anni

91 1458 578 1532 quadringentesimi
608 1458 813 1512 decimi
846 1458 1059 1511 exitum
1090 1456 1415 1527 rejiciamus
1448 1472 1461 1508 :
1495 1458 1551 1508 at
1579 1470 1726 1524 prte-

91 1557 150 1603 ter
171 1549 292 1602 hanc
322 1547 427 1600 alia
469 1552 557 1601 est
586 1547 769 1601 adhuc
799 1546 1057 1610 validior,
1090 1545 1245 1616 quod
1285 1560 1491 1613 nempe
1524 1540 1726 1596 seditio

89 1636 159 1687 illa
178 1636 493 1689 Calamensis
525 1635 785 1689 kalendis
817 1634 998 1703 juniis
1028 1638 1083 1687 et
1121 1638 1271 1687 sexto
1304 1632 1432 1686 idus
1473 1630 1725 1701 ejusdem

90 1722 251 1776 mensis
283 1724 529 1778 Possidio
568 1728 851 1794 praesente
891 1722 1167 1792 contigit:
1202 1738 1318 1775 non
1357 1720 1535 1791 igitur
1574 1735 1725 1773 anno

88 1812 590 1883 quadringentesimo
621 1811 943 1871 undecimo,
976 1828 1089 1882 quo
1122 1810 1408 1865 Possidius
1440 1808 1728 1877 Carthagi-

87 1902 209 1953 neusi
246 1900 527 1955 collationi
572 1900 772 1955 iisdem
822 1902 993 1970 plane
1041 1900 1242 1954 diebus
1292 1899 1581 1952 intererat.
1616 1899 1728 1951 Nec

84 1989 213 2043 etiam
235 1991 535 2045 tumultum
558 1989 721 2044 illum
746 2006 894 2043 anno
918 1987 1484 2060 quadringentesimo
1507 1986 1726 2040 decimo

83 2078 302 2132 collocare
330 2079 484 2145 licet;
522 2078 751 2148 quando
783 2094 886 2149 per
932 2077 989 2132 id
1024 2082 1248 2146 tempus
1298 2077 1383 2129 lex
1428 2076 1587 2129 nulla
1623 2075 1727 2127 ad-

84 2182 232 2219 versus
259 2166 513 2221 Ethnicos
542 2182 739 2220 recens
780 2170 900 2219 erat
927 2166 1324 2236 promulgata;
1361 2180 1491 2218 cum
1534 2168 1726 2217 tamen

83 2256 222 2306 scelus
247 2261 429 2308 contra
458 2254 878 2308 recentissimas
908 2255 1062 2324 leges
1101 2255 1313 2307 factum
1346 2252 1495 2306 dicat
1525 2255 1723 2319 Augu-

82 2344 220 2396 stinus
246 2345 427 2415 (Epist.
464 2347 563 2410 91,
595 2343 751 2411 n..8).
786 2345 863 2395 Ac
893 2342 1014 2412 ipse
1049 2342 1281 2413 quidem
1311 2340 1574 2412 proxime
1600 2342 1728 2409 post

80 2432 174 2485 illas
205 2432 381 2486 turbas
411 2431 760 2501 Carthagine
800 2430 1073 2485 hiemavit
1101 2433 1301 2500 (Epist.
1348 2434 1467 2496 12l,
1510 2445 1628 2499 cap.
1673 2431 1723 2495 3,

80 2537 119 2572 η.
149 2523 209 2589 li}
227 2540 240 2582 ;
261 2538 379 2575 cum
398 2525 603 2575 contra
625 2520 896 2586 hiemem,
913 2537 1041 2591 quae
1064 2536 1213 2573 anno
1234 2516 1730 2589 quadringentesi-

78 2625 147 2661 mo
170 2609 362 2663 decimo
384 2609 582 2680 erepit,
614 2609 871 2679 Hippone
901 2607 1217 2662 traduxerit
1246 2608 1448 2678 (Epist.
1480 2607 1597 2666 1'24,
1631 2620 1722 2658 nn.

88 2701 119 2755 l,
142 2698 201 2761 2).
229 2698 358 2762 Quid
385 2699 456 2752 sit
488 2714 696 2763 causae,
724 2714 825 2751 cur
852 2697 1183 2767 praedictam
1212 2696 1547 2749 seditionem
1574 2708 1726 2747 anno

79 2785 593 2857 rpiadringentesimo
634 2790 827 2839 octavo
867 2801 1169 2856 ponamus,
1196 2800 1311 2837 non
1351 2788 1545 2836 autem
1586 2797 1729 2851 qua-

80 2873 469 2942 dringentesimo
489 2891 663 2938 nono,
681 2890 713 2927 a
726 2873 890 2927 nobis
916 2878 1111 2943 postea
1128 2871 1523 2941 explicabitur.
1542 2872 1728 2939 Ipsam

77 2977 191 3015 anno
216 2963 605 3017 trecentesimo
635 2961 1006 3032 nonagesimo
1029 2978 1184 3015 nono
1208 2960 1511 3029 contigisse
1533 2962 1730 3011 auctor

78 3055 140 3103 est
162 3052 411 3106 Baronius
445 3069 457 3106 :
494 3056 557 3107 at
582 3057 792 3122 praeter
821 3054 1162 3122 argumenta
1183 3049 1393 3121 quibus
1420 3065 1487 3101 ea
1506 3051 1731 3101 senten-

77 3136 503 3207 tialabefactatur,
525 3156 778 3193 asserere
792 3139 956 3193 nobis
977 3139 1129 3192 haud
1150 3137 1441 3205 integrum
1459 3137 1564 3203 est,
1582 3149 1730 3185 anno

79 3229 423 3283 trecentesimo
461 3228 843 3299 nonagesimo
875 3232 1096 3295 octavo,
1126 3226 1185 3279 in
1224 3225 1471 3279 Africam
1510 3222 1730 3276 venisse

79 3314 346 3372 Melaniam.
378 3319 594 3372 Verum
622 3318 711 3371 his
749 3318 1028 3388 majorem
1060 3317 1243 3370 lucem
1276 3314 1449 3368 series
1478 3311 1730 3367 historiae

79 3404 272 3459 allatura
307 3412 407 3462 est.

130 3496 173 3545 '2.
200 3495 313 3565 Ipsa
335 3495 593 3550 fortassis
623 3494 861 3549 Melania
892 3492 949 3546 in
986 3493 1236 3547 Africam
1264 3491 1498 3545 veniens
1536 3491 1729 3559 Augu-

78 3580 194 3635 stino
220 3600 398 3639 secum
425 3584 622 3638 attulit
643 3583 867 3637 Paulini
895 3583 1111 3636 litteras
1137 3582 1355 3652 priores
1376 3580 1501 3633 illas
1526 3578 1731 3649 quibus

80 3677 353 3726 nascentem
389 3672 701 3727 Publicolae
738 3672 1007 3725 virtutem
1040 3670 1163 3740 jam
1203 3669 1425 3723 abunde
1464 3668 1730 3722 laudave-

77 3763 162 3823 rat,
208 3766 501 3832 aanuam
546 3760 845 3831 epistolam
885 3759 1070 3813 eidem
1113 3759 1349 3812 ineunte
1389 3772 1539 3810 anno
1590 3772 1730 3826 qua-

80 3845 479 3918 dringentesimo
514 3854 713 3904 octavo
752 3848 1044 3915 scriberet,
1076 3864 1203 3918 qua:
1242 3846 1460 3915 incipit,
1494 3848 1734 3900 Lucerna

77 3949 245 4003 semper
268 3943 341 3993 est
364 3939 600 4008 pedibus
638 3939 769 3991 meis
808 3936 1031 3989 verbum
1079 3939 1231 3989 tuum
1272 3935 1466 4003 (Epist.
1517 3933 1627 4001 94).
1671 3932 1737 3985 Et

80 4023 271 4090 quidem
296 4027 652 4081 Publicolam
683 4027 741 4079 in
780 4025 969 4079 Africa
1007 4022 1306 4077 excessisse
1345 4021 1582 4075 minime
1622 4025 1734 4074 tra-

79 4110 229 4167 ditum
267 4114 542 4181 habetur;
584 4118 805 4168 constat
842 4114 1046 4181 solum,
1089 4112 1167 4177 id,
1208 4111 1344 4164 dum
1395 4114 1578 4163 mater
1616 4109 1738 4178 ejus

77 4198 253 4257 ibidem
271 4208 611 4269 versaretur,
636 4202 909 4257 evenisse.
937 4203 1085 4266 Quas
1112 4201 1389 4269 lacrymas
1411 4198 1545 4251 huic
1568 4197 1737 4250 morti

78 4287 261 4343 dederit
303 4292 419 4359 illa,
465 4308 643 4363 quam
673 4291 817 4363 pias,
867 4305 1156 4361 quamque
1209 4288 1553 4350 moderatas,
1601 4285 1742 4339 vidit

77 4378 414 4447 Augustinus;
448 4398 559 4436 nec
583 4385 902 4451 temperare
932 4379 1041 4433 sibi
1070 4376 1277 4448 potuit,
1313 4374 1453 4445 quin
1484 4392 1551 4427 ea
1579 4375 1649 4427 de
1681 4391 1741 4427 re

78 4464 134 4517 ad
173 4468 462 4523 Paulinum
510 4470 799 4535 scriberet,
846 4468 1011 4538 eique
1062 4465 1425 4536 significaret,
1472 4462 1580 4516 sibi
1630 4478 1742 4515 non

80 4558 172 4607 tam
197 4557 364 4611 videri
394 4558 699 4613 Melaniam
729 4557 884 4612 unici
911 4556 1013 4610 ﬁlii
1043 4559 1287 4609 mortem
1319 4554 1539 4623 lugere,
1572 4566 1744 4621 quam

80 4645 206 4709 quod
231 4647 486 4701 nondum
519 4647 567 4701 is
600 4646 828 4718 penitus
859 4646 1188 4699 saecularem
1208 4657 1485 4713 pompam
1509 4656 1573 4693 ac
1594 4638 1747 4692 vani-

81 4736 222 4787 tatem
254 4736 550 4807 abjecisset
578 4736 764 4807 (Ibid,
793 4752 885 4790 nn.
914 4738 968 4801 2,
994 4734 1061 4801 3).
1089 4731 1271 4787 Simul
1294 4747 1357 4783 ex
1389 4729 1591 4783 eodem
1610 4729 1749 4781 Pau-

78 4818 173 4873 lino
198 4824 600 4891 sciscitabatur,
631 4840 942 4895 quemnam
972 4823 1273 4877 beatorum
1304 4822 1431 4889 post
1459 4820 1750 4886 resumpta

79 4924 287 4978 corpora
310 4913 569 4967 futuram
585 4913 640 4966 in
657 4913 797 4966 coelo
818 4912 1103 4965 actionem
1124 4912 1355 4979 putaret
1373 4906 1557 4977 (Ibid.,
1589 4922 1643 4958 n.
1672 4905 1746 4973 4).

80 4994 194 5048 Cum
224 5015 287 5051 eo
318 5000 497 5054 etiam
530 5001 731 5071 agebat
759 5001 828 5054 de
868 4998 1016 5053 felici
1046 4998 1144 5051 illo
1171 4996 1288 5051 otio
1320 4996 1391 5049 ad
1431 4992 1749 5065 percipien-

79 5080 187 5137 dam
222 5088 302 5141 vel
344 5088 741 5143 disserendam
778 5087 1148 5142 christianum
1186 5084 1524 5154 sapientiam
1564 5097 1753 5135 neces-

80 5172 223 5234 sario,
251 5192 363 5245 quo
395 5177 722 5241 Paulinum,
755 5178 917 5247 cujus
952 5180 1150 5228 tamen
1194 5171 1552 5227 incredibiles
1586 5186 1753 5224 occu-

81 5260 312 5326 pationes
367 5269 573 5335 postea
622 5265 838 5331 didicit,
892 5269 1015 5318 tum
1080 5262 1331 5332 gaudere
1397 5259 1756 5314 existimabat

83 5348 263 5414 (Epist.
300 5356 388 5416 95,
422 5368 482 5405 η.
526 5356 593 5419 9).
638 5353 940 5423 Epistolam
981 5352 1127 5405 hanc
1162 5350 1267 5405 sub
1311 5348 1449 5402 anni
1494 5347 1757 5418 quadrin-

83 5438 361 5495 gentesimi
392 5440 579 5493 octavi
597 5440 827 5494 initium
860 5433 1065 5504 Quinto
1096 5439 1335 5492 diacono
1359 5436 1756 5507 perferendam

82 5521 217 5579 dedit
246 5530 450 5597 (Epist.
482 5530 571 5595 94,
598 5547 652 5583 n.
686 5532 761 5596 8).
800 5529 1019 5583 Etenim
1052 5528 1246 5581 Romae
1264 5525 1607 5595 jamdudum
1639 5529 1759 5605 erat

1501 273 1712 329 LIBER
1765 272 2064 329 SEXTUS.

3433 279 3534 329 370

1835 397 2095 464 Quintus,
2134 412 2265 451 cum
2295 413 2360 451 eo
2393 396 2665 451 Paulinus
2698 396 2765 450 ad
2805 395 3099 450 invisenda
3135 398 3534 466 Apostolorum

1834 490 2266 557 martyrumque
2296 488 2669 540 monumenta
2703 501 2891 538 annuo
2911 500 3071 537 more
3100 488 3229 554 post
3261 484 3401 538 festa
3432 486 3533 539 Pa-

1835 574 2045 629 schatis
2075 576 2401 629 adventavit
2434 576 2623 644 (Ibid,
2666 590 2721 627 η.
2779 576 2845 641 1).
2896 573 3109 626 Pascha
3153 578 3343 626 autem
3386 588 3534 626 anno

1834 663 2402 735 quadringentesimo
2431 668 2627 717 octavo
2650 663 2708 716 in
2740 667 3008 732 quartum
3040 662 3312 715 kalendas
3342 661 3538 731 aprilis

1834 752 2142 807 incidebat.
2180 754 2331 806 llanc
2363 752 2540 822 igitur
2579 752 2879 820 epistolam
2906 751 3120 805 ibidem
3152 750 3422 804 Paulinus
3452 766 3537 803 ac-

1835 841 2022 911 cepit;
2058 857 2241 911 neque
2282 845 2475 894 tamen
2506 840 2667 909 prius
2708 856 2833 893 eam
2878 839 3037 907 legit,
3081 855 3254 909 quam
3295 838 3535 892 Formiis

1835 936 2011 993 esset;
2046 946 2159 999 quo
2207 930 2263 982 in
2312 931 2434 983 loco
2480 929 2718 982 domum
2750 933 3015 997 repetens
3045 927 3195 981 diem
3243 927 3534 995 integrum

1834 1020 2141 1073 subsistere
2170 1022 2440 1071 statuerat
2464 1034 2477 1069 :
2503 1034 2569 1069 eo
2602 1017 2755 1087 quod
2775 1033 2877 1085 per
2905 1016 3192 1085 strepitus,
3218 1015 3317 1084 qui
3339 1016 3533 1069 Romae

1834 1107 1999 1161 vitari
2026 1111 2343 1176 nequeunt,
2375 1122 2501 1159 eam
2527 1104 2608 1158 ibi
2640 1121 2755 1157 non
2786 1104 3052 1165 licuisset,
3086 1104 3158 1158 ad
3188 1104 3535 1173 explendum

1834 1196 2203 1263 desiderium,
2236 1193 2594 1249 continenter
2623 1194 2831 1263 legere.
2858 1193 3017 1255 Quod
3041 1208 3176 1246 sane
3197 1197 3537 1262 argumento

1836 1290 1937 1349 est,
1973 1285 2188 1338 litteras
2227 1284 2374 1351 illas,
2408 1299 2535 1352 qua:
2580 1298 2733 1335 nunc
2773 1281 3181 1345 desiderantur,
3215 1282 3537 1351 peramplas

1836 1374 2007 1428 fuisse
2037 1378 2207 1443 atque
2240 1390 2271 1425 a
2318 1371 2552 1425 Paulino
2606 1370 2783 1423 libelli
2828 1369 3248 1438 nuncupatione
3272 1370 3405 1439 jure
3435 1370 3535 1423 do-

1832 1467 1998 1517 natas
2029 1462 2232 1531 (lbid.).
2281 1462 2383 1514 Eas
2413 1476 2531 1513 non
2578 1458 2905 1529 vulgaribus
2947 1458 3145 1527 elogiis
3176 1456 3541 1511 commendat

1834 1551 1893 1604 in
1925 1567 2026 1603 sua
2067 1549 2457 1619 responsione,
2493 1564 2665 1618 quam
2709 1546 2841 1600 satis
2886 1545 3307 1616 przecipitanter
3354 1545 3540 1599 idibus

1836 1640 2000 1693 maiis
2031 1638 2284 1708 scripsit;
2313 1654 2441 1690 cum
2475 1636 2715 1699 Quintus
2746 1652 2877 1689 eum
2899 1634 3079 1704 pridie
3112 1635 3234 1703 ejus
3264 1633 3395 1698 diei,
3425 1650 3538 1703 quo

1835 1728 2023 1798 reipsa
2053 1726 2340 1796 profectus
2372 1730 2475 1790 est,
2509 1725 2785 1778 discessus
2813 1724 2900 1776 sui
2930 1723 3321 1776 admonuisset
3352 1722 3536 1791 (lbid.,

1833 1834 1888 1871 η.
1923 1816 1971 1883 8)
2009 1832 2020 1869 :
2070 1831 2137 1868 ex
2168 1831 2281 1885 quo
2324 1814 2559 1876 factum,
2606 1816 2669 1865 ut
2719 1811 3060 1882 quibusdam
3108 1809 3539 1878 Augustiniante

1835 1904 2093 1974 epistolae
2141 1902 2420 1973 capitibus
2464 1900 2784 1954 satisfacere
2831 1898 3039 1952 oblitus
3088 1898 3159 1951 sit
3207 1901 3400 1966 (Epist.
3444 1902 3532 1962 95,

1833 2010 1889 2047 n.
1920 1994 1989 2061 9).
2026 1992 2166 2045 Cum
2205 2006 2430 2043 summo
2463 1987 2819 2042 demissionis
2851 2002 2913 2038 ac
2952 1984 3177 2055 pietatis
3216 2001 3382 2037 sensu
3423 1985 3533 2038 dis-

1835 2081 1972 2135 serit
2003 2080 2072 2134 de
2119 2079 2416 2132 beatorum
2457 2076 2518 2129 in
2557 2076 2748 2129 futuro
2793 2074 2995 2127 saeculo
3041 2072 3259 2126 actione
3293 2076 3419 2142 post
3446 2088 3535 2125 re-

1835 2167 2268 2233 surrectionem,
2311 2182 2495 2236 eoque
2535 2164 2640 2217 loei
2681 2168 2939 2217 sanctum
2978 2162 3306 2227 Prmsulem,
3350 2177 3379 2213 a
3420 2176 3532 2230 quo

1835 2273 1995 2310 suam
2025 2255 2129 2309 hac
2160 2254 2227 2307 de
2259 2269 2319 2306 re
2352 2251 2695 2306 sententiam
2726 2254 2960 2320 rogatus
2989 2252 3129 2313 erat,
3159 2246 3381 2318 magnis
3413 2247 3532 2300 lau-

1834 2347 2000 2401 dibus
2028 2352 2262 2399 exornat
2292 2344 2494 2412 (Epist.
2530 2344 2618 2407 94,
2646 2358 2702 2395 n.
2736 2342 2813 2411 6).

1907 2438 1964 2490 3.
2017 2435 2123 2489 Lex
2165 2440 2363 2487 octavo
2400 2431 2672 2486 kalendas
2717 2429 3033 2484 decembris
3068 2445 3217 2482 anno
3258 2427 3535 2498 quadrin-

1835 2523 2153 2594 gentesimo
2179 2522 2422 2593 septimo
2453 2521 2585 2575 data
2614 2520 2975 2589 Carthagine,
3008 2517 3093 2571 uti
3122 2516 3388 2581 diximus,
3422 2532 3534 2569 non

1836 2617 1967 2667 ante
1993 2628 2174 2666 nonas
2197 2610 2390 2681 junias
2418 2610 2554 2663 anni
2590 2605 3144 2679 quadringentesimi
3186 2606 3370 2659 octavi
3403 2620 3532 2674 pro-

1836 2704 2093 2773 mulgata
2119 2706 2205 2754 est
2230 2699 2555 2769 (Sirmund.,
2587 2697 2847 2766 Append.
2870 2697 3002 2753 Cod.
3030 2694 3249 2759 Theod.,
3271 2710 3388 2762 cap.
3427 2694 3532 2757 12).

1835 2791 2070 2845 Videtur
2097 2793 2287 2842 autem
2313 2787 2472 2856 prius
2510 2787 2570 2838 in
2602 2785 2869 2838 Numidia
2898 2784 3019 2854 ejus
3056 2783 3203 2836 facta
3242 2798 3360 2834 esse
3400 2797 3535 2849 pro-

1834 2879 2133 2949 mulgatio,
2183 2878 2229 2930 si
2277 2876 2429 2946 quod
2474 2875 2717 2929 Calamae
2769 2872 3027 2927 kalendis
3068 2869 3249 2940 juniis
3296 2869 3537 2938 contigit

1839 2969 2037 3039 (Epist.
2072 2971 2159 3033 91,
2184 2983 2239 3019 η.
2269 2966 2341 3034 8),
2365 2964 2436 3017 ad
2465 2964 2617 3017 hunc
2647 2977 2863 3016 annum
2894 2959 3081 3031 potius
3102 2958 3313 3012 referre
3338 2956 3533 3024 libeat,

1838 3072 2013 3127 quam
2043 3056 2113 3110 ad
2145 3054 2585 3124 subsequentem
2612 3067 2624 3105 ε
2650 3066 2823 3121 quam
2843 3049 2903 3102 in
2934 3046 3264 3118 opinionem
3287 3046 3409 3099 haec
3430 3061 3534 3099 nos

1838 3144 2069 3200 adducit
2097 3142 2433 3209 observatio,
2466 3140 2603 3212 quia
2630 3139 2892 3193 videlicet
2931 3140 3193 3190 exortum
3222 3135 3291 3188 de
3321 3133 3418 3187 illa
3447 3150 3532 3187 se-

1839 3235 2056 3290 ditione
2093 3232 2391 3303 negotium
2439 3230 2699 3283 nondum
2747 3227 3067 3281 confectum
3115 3227 3234 3279 erat
3281 3227 3534 3277 extremo

1840 3324 2043 3378 martio
2093 3323 2229 3376 anni
2271 3321 2340 3376 ab
2390 3320 2591 3374 eadem
2640 3315 2889 3389 proximi
2939 3317 3133 3383 (Epist.
3188 3314 3306 3379 104,
3354 3329 3410 3366 n.
3462 3316 3527 3377 1).

1840 3429 1965 3467 eam
2014 3428 2170 3481 ergo,
2204 3410 2252 3463 si
2291 3409 2525 3480 quidem
2575 3423 2726 3461 anno
2773 3402 3338 3475 quadringentesimo
3383 3416 3533 3453 nono

1839 3505 2107 3572 ponatur,
2159 3497 2447 3553 Possidius
2495 3496 2648 3565 apud
2708 3493 3053 3546 Comitatum
3100 3491 3282 3544 adhuc
3339 3504 3535 3541 mense

1839 3588 2006 3659 aprili
2031 3586 2170 3640 anni
2198 3580 2749 3655 quadringentesimi
2768 3578 2973 3634 decimi
2990 3576 3345 3642 versabatur;
3368 3578 3536 3644 atque

1838 3678 1918 3731 ita
1948 3676 2039 3729 vix
2067 3675 2163 3728 ille
2204 3672 2451 3726 redierat
2478 3671 2540 3724 in
2576 3669 2822 3723 Africam
2865 3666 3039 3737 (quod
3077 3664 3326 3735 profecto
3364 3678 3535 3715 nemo

1840 3764 2001 3819 facile
2050 3758 2392 3827 crediderit),
2424 3773 2555 3812 cum
2603 3756 2674 3811 ad
2722 3757 3130 3825 Imperatorem
3171 3767 3203 3803 a
3252 3748 3538 3818 Carthagi-

1841 3852 2006 3909 nensi
2035 3849 2271 3906 concilio
2296 3848 2387 3903 die
2419 3845 2639 3901 decimo
2672 3848 2867 3898 octavo
2894 3840 3169 3895 kalendas
3195 3838 3366 3909 julias
3404 3836 3539 3891 anni
3588 3880 3597 3883 ν

1844 3942 2100 4013 ejusdem
2128 3933 2673 4011 quadringentesimi
2695 3931 2901 3988 decimi
2932 3931 3152 4001 legatus
3182 3932 3284 3982 est.
3308 3930 3399 3989 At,
3424 3926 3540 3980 sive

1846 4035 2062 4095 octavo,
2095 4028 2211 4082 sive
2237 4042 2391 4080 nono
2414 4040 2583 4095 supra
2610 4018 3238 4093 quadringentesimum
3260 4030 3432 4081 anno,
3454 4030 3542 4067 res

1845 4120 1924 4173 ita
1957 4114 2199 4174 Calamus
2234 4132 2290 4170 se
2330 4114 2547 4168 habuit.
2591 4112 2790 4167 Contra
2826 4110 3219 4163 recentissimas
3256 4106 3413 4171 leges,
3451 4102 3543 4155 in-

1849 4209 1973 4279 quit
2001 4205 2378 4275 Augustinus,
2410 4202 2652 4257 kalendis
2670 4201 2873 4269 juniis,
2906 4201 3042 4265 festo
3078 4198 3419 4260 Paganorum
3447 4207 3542 4245 sa-

1848 4299 2049 4363 crilega
2075 4295 2384 4349 solemnitas
2432 4294 2646 4358 agitata
2686 4292 2783 4354 est,
2816 4288 3023 4340 nemine
3065 4282 3400 4352 prohibente,
3434 4283 3545 4331 tam

1850 4386 2101 4441 insolenti
2128 4398 2283 4448 ausu,
2318 4385 2376 4435 ut
2416 4379 2559 4449 quod
2604 4394 2695 4431 nec
2724 4378 2935 4432 Juliani
2986 4370 3309 4440 temporibus
3337 4370 3545 4434 factum

1851 4479 1949 4539 est,
1975 4471 2415 4541 petulantissima
2444 4467 2604 4521 turba
2653 4464 2974 4519 saltantium
3004 4462 3060 4513 in
3104 4457 3282 4511 eodem
3320 4468 3546 4523 prorsus

1850 4566 1969 4617 vico
1998 4566 2121 4615 ante
2150 4562 2292 4626 fores
2338 4561 2595 4609 transiret
2621 4555 2865 4608 ecclesiae.
2898 4551 3074 4615 Quam
3099 4562 3209 4601 rem
3252 4545 3547 4599 illicitissi—

1852 4667 1997 4705 mam
2026 4655 2188 4717 atque
2208 4647 2649 4713 indignissimam
2670 4642 2874 4695 clericis
2891 4637 3175 4707 prohibere
3196 4632 3545 4696 tentantibus,

1854 4742 2074 4795 ecclesia
2104 4738 2354 4807 lapidata
2386 4740 2481 4789 est.
2528 4732 2731 4787 Deinde
2756 4733 2879 4798 post
2920 4728 3034 4781 dies
3062 4727 3230 4793 fmne
3266 4727 3401 4790 octo,
3432 4737 3551 4776 cum

1857 4832 1994 4896 leges
2018 4829 2327 4881 notissimas
2352 4826 2629 4893 episcopus
2661 4819 2848 4873 ordine
2876 4818 3210 4885 replicasset,
3234 4816 3283 4865 et
3323 4811 3453 4865 dum
3490 4825 3552 4863 ea

1857 4934 1976 4987 qua:
1999 4918 2159 4986 jussa
2183 4918 2327 4977 sunt,
2350 4913 2493 4965 velut
2520 4909 2740 4976 implere
2767 4907 3079 4974 disponunt,
3111 4905 3303 4955 iterum
3335 4899 3553 4953 ecclesia

1861 5006 2110 5075 lapidata
2138 5008 2234 5057 est.
2278 4999 2544 5055 Postridie
2571 4998 2771 5051 nostris
2805 4994 2878 5048 ad
2908 4991 3287 5061 imponendum
3320 4986 3553 5056 perditis

1859 5100 2075 5161 metum,
2110 5091 2252 5160 quod
2276 5088 2562 5141 ridebatur
2578 5084 2727 5153 apud
2751 5083 2891 5136 Acta
2916 5080 3088 5134 dicere
3106 5075 3423 5161 volentibus,
3446 5087 3553 5161 pu-

1863 5183 2003 5236 blica
2016 5156 2153 5249 jura
2178 5180 2374 5243 negata
2402 5177 2547 5228 sunt.
2576 5171 2879 5238 Eodemque
2904 5170 3019 5236 ipso
3041 5166 3147 5230 die,
3171 5169 3229 5217 ut
3258 5162 3339 5215 vel
3358 5156 3558 5212 divini-

1865 5277 1947 5327 tus
1980 5272 2328 5332 terrerentur,
2363 5262 2573 5332 grando
2600 5258 3029 5330 lapidationibus
3054 5252 3272 5309 reddita
3308 5252 3384 5302 est
3408 5265 3421 5311 ;
3448 5260 3558 5314 qua

1866 5361 2143 5415 transacta
2190 5358 2441 5409 continuo
2494 5353 2709 5406 tertiam
2746 5347 3153 5418 lapidationem,
3198 5344 3246 5392 et
3292 5339 3558 5405 postremo

1866 5452 2016 5517 ignes
2064 5446 2435 5501 ecclesiasticis
2480 5444 2630 5496 tectis
2680 5443 2841 5508 atque
2889 5431 3189 5488 hominibus
3219 5426 3554 5490 intulerunt;

1869 5552 2035 5592 unum
2057 5549 2331 5591 servorum
2360 5534 2474 5600 Dei,
2506 5530 2565 5585 id
2590 5533 2695 5595 est,
2728 5523 3161 5584 monachorum,
3184 5516 3281 5585 qui
3306 5512 3559 5567 oberrans
