3912 6174
288 318 383 371 3⁸71

285 451 560 493 occurrere
570 436 773 507 potuit,
787 434 1114 500 occiderunt,
1138 434 1342 488 caeteris
1356 433 1566 502 partim
1584 429 1681 484 ubi
1700 430 1988 499 potuerant

283 526 650 590 latitantibus,
672 526 879 593 partim
910 539 1021 592 qua
1042 526 1336 594 potuerant
1362 519 1722 589 fugientibus,
1749 532 1868 572 cum
1896 519 1989 571 in-

283 618 429 670 terea
457 618 739 669 contrusus
768 616 931 681 atque
958 616 1263 667 coarctatus
1294 609 1529 679 quodam
1569 609 1676 663 loco
1706 621 1761 661 se
1784 605 1991 661 occulta

284 708 367 758 ret
407 705 706 773 episcopus,
736 702 830 755 ubi
856 716 910 756 se
939 701 1013 756 ad
1054 705 1277 755 mortem
1319 699 1671 768 quaerentium
1700 711 1848 751 voces
1889 710 2017 751 au-.

287 793 471 847 diebat
493 792 704 861 sibique
725 791 1143 859 increpantium,
1178 788 1324 859 quod
1349 803 1406 842 eo
1433 801 1541 841 non
1570 788 1786 841 invento
1814 785 1989 852 gratis

294 886 505 937 tantum
544 882 945 950 perpetrassent
982 880 1172 934 scelus.
1216 879 1379 935 Gesta
1407 882 1535 932 sunt
1583 877 1691 930 hac
1741 873 1809 927 ab
1856 874 1993 928 hora

285 973 456 1037 ferme
484 969 689 1023 decima
735 983 904 1037 usque
951 967 1024 1021 ad
1068 968 1238 1020 noctis
1280 969 1496 1035 partem
1534 980 1641 1018 non
1686 964 1987 1017 minimam.

286 1060 449 1112 Nemo
475 1072 818 1125 compescere,
849 1071 1000 1110 nemo
1028 1056 1311 1110 subvenire
1338 1055 1565 1109 tentavit
1593 1053 1830 1118 illorum,
1858 1066 1989 1121 quo-

260 1138 263 1145 ’
286 1161 410 1199 rum
439 1159 548 1199 esse
574 1146 761 1213 gravis
779 1149 960 1214 posset
986 1146 1306 1210 auctoritas,
1332 1148 1533 1212 praeter
1555 1156 1723 1196 unum
1751 1141 1991 1208 peregri-

286 1249 436 1299 num,
470 1248 567 1301 per
592 1247 748 1302 quem
772 1236 822 1286 et
846 1233 1078 1301 plurimi
1101 1233 1246 1285 servi
1272 1232 1389 1296 Dei,
1418 1230 1476 1284 id
1500 1232 1583 1284 est
1612 1226 1896 1294 monachi,
1928 1226 1993 1280 de

287 1322 538 1377 manibus
578 1322 876 1387 interﬁcere
918 1322 1228 1374 conantium
1276 1318 1494 1372 liberati
1540 1320 1686 1383 sunt,
1726 1319 1777 1370 et
1820 1314 1995 1369 multa

288 1414 504 1464 extorta
522 1409 925 1477 praedantibus;
947 1423 1047 1476 per
1071 1422 1227 1477 quem
1247 1408 1455 1461 clarum
1472 1406 1681 1472 factum
1708 1407 1806 1469 est,
1831 1418 1995 1472 quam

285 1500 451 1565 facile
478 1499 577 1553 illa
599 1499 682 1551 vel
711 1499 924 1551 omnino
950 1512 1056 1550 non
1084 1495 1295 1566 ﬁerent,
1339 1495 1423 1553 vel
1460 1498 1631 1562 coepta
1658 1492 1992 1557 desisterent,

287 1588 338 1642 si
363 1589 522 1652 cives,
537 1588 877 1653 maximeque
884 1588 1148 1655 primates
1168 1600 1231 1639 ea
1242 1585 1363 1653 ﬁeri
1376 1584 1668 1652 perﬁcique
1681 1582 1992 1636 vetuissent.

287 1672 483 1745 (Epist.
517 1676 607 1739 9l,
628 1689 681 1727 η.
715 1674 789 1741 8).
818 1672 967 1727 Dicit
990 1673 1101 1726 alio
1130 1671 1194 1726 in
1217 1672 1341 1726 loco
1373 1670 1749 1742 Augustinus,
1783 1666 1996 1722 infelici

289 1762 459 1830 vulgo
489 1762 561 1816 ad
586 1760 975 1832 diripiendum
1008 1759 1263 1831 exposita
1292 1759 1465 1814 fuisse
1496 1775 1587 1827 ea,
1618 1773 1747 1829 qua
1777 1755 1997 1811 alendis

288 1849 642 1922 pauperibus
668 1848 1131 1919 religiosissimis,
1156 1846 1507 1902 monasterio
1530 1845 1742 1900 scilicet
1761 1843 1998 1900 Possidii

291 1954 427 1993 cura
446 1937 728 2004 instituto,
754 1937 1003 2008 reposita
1024 1937 1251 1991 fuerant
1266 1956 1281 2003 ;
1296 1935 1636 2007 sanguinem
1655 1949 1886 2005 quoque
1907 1948 1998 1987 eo-

288 2041 441 2091 rum,
473 2041 587 2079 uno
618 2041 687 2080 ex
716 2025 830 2080 illis
859 2025 1177 2089 interfecto,
1209 2025 1401 2080 fusum
1426 2023 1601 2079 fuisse
1633 2024 1761 2093 (Ep.
1790 2024 1916 2088 104,
1936 2037 1993 2075 n.

298 2113 369 2184 5).
393 2114 551 2167 Idem
572 2113 873 2185 signiﬁcat,
888 2115 1201 2168 tumultum
1216 2114 1382 2168 illum
1400 2129 1514 2166 non
1531 2111 1762 2166 aliunde
1782 2114 1992 2175 ortum,

297 2217 470 2272 quam
501 2217 565 2256 ex
595 2202 937 2272 quibusdam
967 2202 1286 2256 simulacris
1313 2188 1620 2271 argenteis,
1647 2216 1777 2269 qua
1808 2199 1909 2252 abs
1939 2214 1997 2251 se

293 2288 540 2343 conﬂata
566 2291 651 2343 vel
680 2305 926 2355 servare,
958 2290 1045 2343 vel
1076 2290 1335 2359 adorare,
1359 2289 1447 2343 vel
1477 2289 1636 2343 cultu
1667 2303 1729 2341 ac
1759 2287 1993 2341 honori-

292 2376 399 2431 bus
427 2376 717 2448 sacrilegis
745 2377 976 2448 publice
1005 2377 1277 2448 prosequi
1307 2375 1709 2447 peroptabaut.
1735 2375 1866 2429 Erat
1892 2372 1995 2442 igi-

265 2471 391 2517 'tur
419 2464 479 2518 in
508 2465 676 2535 culpa
702 2468 823 2519 tota
847 2464 1062 2531 civitas,
1086 2481 1218 2519 cum
1247 2464 1287 2518 ii
1318 2463 1424 2518 soli
1452 2463 1646 2518 minus
1670 2460 1890 2517 cateris
1914 2461 1997 2516 rei

296 2556 502 2617 essent,
537 2552 636 2624 qui
665 2569 737 2607 ne
778 2553 839 2607 in
887 2553 1149 2608 inimicos
1182 2552 1464 2619 Ecclesia,
1496 2567 1641 2623 quos
1670 2550 1732 2605 in
1763 2550 1863 2605 illo
1893 2566 1999 2621 op-

298 2640 432 2712 pido
464 2641 779 2712 plurimum
801 2656 966 2711 posse
988 2646 1285 2709 noverant,
1319 2640 1379 2695 in
1405 2656 1464 2694 se
1484 2638 1856 2706 concitarent,
1882 2640 1997 2693 Deo

298 2728 626 2800 episcopum
652 2733 708 2783 et
730 2730 1043 2784 monachos
1068 2729 1330 2801 precibus
1357 2728 1759 2783 commendare
1787 2732 1873 2782 sat
1896 2727 1998 2781 ha-

298 2818 546 2872 buerunt
574 2817 768 2888 (Epist.
812 2821 901 2887 9l,
929 2835 987 2872 n.
1020 2821 1071 2887 9,
1104 2822 1153 2872 et
1190 2819 1369 2887 Epist.
1424 2819 1544 2884 104,
1574 2832 1629 2871 n.
1684 2817 1786 2883 17).
1840 2814 2001 2870 Unde

294 2906 532 2976 ignavos
560 2905 698 2961 istos
727 2910 782 2960 et
811 2906 1173 2961 meticulosos
1203 2905 1468 2961 homines
1494 2922 1524 2960 e
1555 2903 2000 2960 Christianorum

297 2998 491 3048 tamen
517 3009 759 3048 numero
780 2993 955 3048 fuisse
980 3010 1097 3048 non
1127 2994 1266 3049 levis
1296 2994 1625 3064 conjectura
1653 2997 1757 3047 est.
1779 2994 1846 3047 Et
1873 3007 2001 3046 sane

294 3081 649 3150 Augustinus
694 3082 755 3134 in
798 3082 1094 3151 publicum
1143 3081 1284 3135 illud
1314 3086 1612 3152 peccatum
1650 3096 1719 3135 ex
1768 3080 1856 3133 his
1888 3095 2003 3134 non

298 3184 509 3238 paucos
546 3167 813 3222 incidisse
853 3172 1153 3234 memorat,
1188 3168 1305 3223 sive
1344 3169 1499 3239 quod
1538 3184 1708 3239 opem
1747 3168 1997 3222 ecclesia

297 3255 674 3325 contlagranti
700 3271 815 3308 non
842 3256 1124 3321 tulissent,
1158 3255 1273 3309 sive
1304 3256 1478 3310 etiam
1509 3256 1661 3327 quod
1692 3272 1760 3310 ex
1788 3256 1888 3310 illa
1910 3272 2001 3310 sa-

300 3342 512 3413 crilega
540 3344 902 3413 Paganorum
934 3343 1132 3414 prada
1156 3343 1420 3397 nonnihil
1450 3343 1817 3397 abstulissent
1858 3359 1870 3397 :
1905 3342 2005 3413 qui

302 3435 495 3485 tamen
531 3434 731 3500 postea
770 3431 994 3502 culpam
1024 3446 1187 3485 suam
1225 3431 1600 3497 confessione,
1640 3430 1903 3502 precibus
1939 3446 2004 3484 ac

299 3518 651 3589 poenitentia
694 3519 848 3574 luctu
898 3519 1164 3574 eluerunt
1200 3519 1404 3591 (Epist.
1454 3520 1575 3585 104,
1623 3535 1679 3573 n.
1730 3517 1805 3589 9).
1850 3518 2005 3571 Hanc

300 3607 597 3662 historiam
619 3609 690 3662 ad
715 3624 932 3662 annum
950 3606 1415 3662 trecentesimum
1437 3606 1871 3679 nonagesimum
1900 3622 2002 3660 no-

300 3709 441 3748 num
470 3697 599 3765 post
632 3694 774 3748 latas
805 3694 874 3749 ab
916 3694 1168 3749 Honorio
1196 3693 1352 3766 leges
1378 3694 1647 3748 adversus
1674 3693 2003 3747 idololatras

300 3781 473 3837 refert
503 3781 779 3835 Baronius
807 3784 1111 3851 (Baronius,
1150 3782 1226 3836 ad
1253 3798 1457 3836 annum
1488 3785 1613 3848 399,
1644 3797 1700 3835 n.
1739 3780 1855 3850 78).
1904 3780 2001 3834 Ni-

300 3868 614 3923 hilominus
642 3869 1007 3938 Paganorum
1040 3869 1183 3923 festa
1211 3869 1431 3940 legibus
1458 3868 1594 3922 anni
1620 3866 2003 3922 trecentesimi

301 3953 660 4024 nonagesimi
705 3954 846 4008 noni
885 3954 1122 4009 minime
1166 3956 1700 4026 proscribebantur;
1745 3956 2002 4027 quinimo

302 4046 429 4115 lege
458 4042 680 4098 decimo
711 4042 882 4098 tertio
926 4044 1201 4100 kalendas
1231 4044 1582 4115 Septembres
1612 4044 1752 4098 anni
1781 4048 2001 4099 trecen-

303 4131 495 4189 tesimi
557 4131 914 4203 nonagesimi
968 4133 1108 4186 noni
1163 4133 1296 4187 data
1346 4132 1726 4187 firmabantur
1791 4132 2004 4202 (Codice

304 4220 526 4287 Theod.,
553 4220 619 4275 de
638 4221 898 4288 Paganis,
929 4221 1040 4289 lege
1074 4218 1182 4290 17).
1214 4220 1336 4284 Qua
1360 4218 1759 4274 observatione
1784 4218 2004 4274 inducti

299 4308 554 4381 quidam,
586 4323 786 4362 eorum
835 4306 1315 4378 proscriptionem
1367 4306 1483 4378 legi
1520 4307 1589 4361 ad
1620 4306 1878 4363 Curtium
1918 4306 2004 4360 in~

299 4397 523 4467 scripta
555 4394 739 4467 (Ibid.,
771 4396 883 4464 lege
914 4394 1024 4465 l9),
1049 4400 1325 4467 tanquam
1346 4395 1606 4450 omnium
1634 4395 1695 4451 in
1724 4411 1851 4450 eam
1879 4409 2000 4450 rem

299 4484 522 4555 prima,
553 4484 904 4539 adscribunt.

368 4574 423 4628 4.
446 4572 733 4628 Calamam
757 4588 873 4626 non
894 4571 976 4627 ita
1006 4572 1186 4626 multo
1205 4575 1338 4641 post
1363 4576 1482 4626 tam
1510 4569 1755 4642 impium
1782 4571 2002 4626 facinus

300 4660 654 4730 Augustinus
700 4660 1107 4731 proﬁciscitur.
1171 4663 1240 4716 Ut
1283 4661 1478 4729 nostri,
1524 4658 1731 4730 inquit,
1776 4662 1836 4714 in
1890 4665 2002 4716 tam

299 4749 460 4816 gravi
482 4747 661 4801 dolore
686 4750 771 4803 vel
799 4752 1203 4805 consolarentur
1220 4750 1439 4818 afﬂicti,
1460 4750 1544 4803 vel
1562 4749 1881 4804 sedarentur
1911 4766 2000 4805 ac-

299 4836 471 4898 censi;
514 4838 785 4903 quantum
815 4840 1110 4906 potuimus,
1153 4837 1298 4909 quod
1335 4839 1394 4892 in
1434 4841 1665 4907 tempore
1701 4839 2002 4907 oportuisse

299 4921 753 4990 eccistimavimus,
793 4939 913 4978 cum
952 4928 1282 4982 Christianis
1325 4928 1552 4994 egimus.
1596 4925 1799 4980 Deinde
1836 4928 2001 4980 etiam

299 5013 444 5081 ipsos
469 5012 735 5078 Paganos,
781 5012 915 5065 mali
960 5017 1102 5068 tanti
1140 5018 1304 5085 caput
1333 5018 1385 5071 et
1411 5028 1650 5081 causam,
1677 5018 1910 5084 petentes
1939 5019 2000 5070 ut

301 5100 368 5155 ab
398 5102 474 5154 eis
500 5099 829 5168 videremur,
857 5100 1195 5170 admisimus,
1227 5109 1289 5158 ut
1318 5103 1418 5158 hac
1445 5105 1718 5159 occasione
1747 5104 1997 5159 admone-

290 5200 476 5244 remus
505 5203 610 5249 eos,
636 5188 772 5256 quid
787 5189 967 5256 facere
995 5190 1263 5260 deberent,
1292 5194 1343 5247 si
1360 5197 1630 5262 saperent,
1660 5207 1767 5248 non
1788 5197 1999 5248 tantum

291 5296 396 5350 pro
424 5279 745 5335 removenda
770 5281 1027 5348 presenti
1053 5282 1436 5349 sollicitudine,
1467 5282 1748 5354 siquidem
1773 5298 1892 5337 non
1922 5282 1999 5336 in-

291 5368 447 5438 juria
484 5368 833 5432 metuebant,
867 5382 939 5420 ne
982 5383 1089 5437 pro
1132 5370 1293 5422 tanto
1333 5369 1543 5424 scelere
1582 5386 1781 5440 poenas
1822 5385 1998 5441 quam

298 5456 659 5524 gravissimas
687 5456 1099 5521 darent,verum
1126 5456 1290 5509 etiam
1314 5471 1417 5525 pro
1454 5457 1787 5526 inquirenda
1822 5459 1998 5512 salute

290 5548 574 5613 perpetua.
606 5544 785 5601 Multa
811 5560 848 5601 a
883 5544 1038 5601 nobis
1078 5542 1392 5611 audierunt,
1423 5545 1653 5602 multum
1692 5548 1857 5601 etiam
1884 5548 1999 5616 ipsi

1496 307 1668 363 VITA
1718 304 1776 361 S.
1820 301 2208 361 AUGUSTINI
2248 297 2592 357 EPISCOPl.

3696 298 3794 350 37'2

2101 426 2455 493 rogaverunt;
2488 420 2582 476 sed
2610 420 2775 479 absit,
2815 422 2875 473 ut
2904 419 3037 473 tales
3074 419 3219 472 servi
3244 419 3433 483 simus,
3466 431 3599 485 quos
3627 416 3697 470 ab
3731 419 3801 471 eis

2099 514 2288 579 rogari
2332 511 2570 575 delectet,
2603 525 2639 563 a
2678 508 2875 578 quibus
2921 510 3104 562 noster
3138 507 3387 560 Dominus
3430 520 3537 559 non
3582 510 3806 574 rogatur
3909 544 3912 553 .

2099 601 2306 672 (Epist.
2368 603 2454 665 9l,
2506 615 2560 654 n.
2612 599 2720 669 10).
2775 596 3089 663 Nectarius,
3145 595 3308 665 cujus
3357 596 3594 649 fecimus
3637 611 3807 665 supra

2100 689 2477 756 mentionem,
2509 687 2662 742 inter
2698 685 3023 758 pracipuos
3048 684 3197 739 cives
3227 684 3482 754 ejusdem
3513 683 3670 738 urbis
3701 700 3806 737 nu-

2104 778 2429 840 merandus,
2476 776 2736 831 ethnicus
2784 774 2907 846 ipse
2936 773 3135 843 (Epist.
3173 773 3283 841 90),
3334 772 3463 826 licet
3491 776 3655 842 patre
3706 773 3809 825 sal-

2100 872 2218 922 tem
2263 870 2396 920 ante
2445 864 2667 920 obitum
2716 861 3027 923 christiano
3075 859 3274 932 (Epist.
3327 864 3414 927 9l,
3460 877 3515 913 η.
3558 859 3632 929 2),
3676 876 3809 914 cum

2101 955 2349 1025 patriam
2367 970 2527 1008 suam
2554 953 2626 1008 ob
2645 952 2804 1007 illam
2832 949 3202 1017 seditionem,
3231 949 3392 1019 cujus
3417 948 3655 1019 quidem
3674 964 3810 1019 par-

2100 1043 2334 1115 ticipem
2365 1058 2496 1097 eum
2542 1057 2660 1095 non
2704 1039 2878 1095 fuisse
2907 1038 3179 1093 credibile
3209 1043 3314 1104 est,
3346 1042 3504 1090 tanto
3544 1036 3803 1107 periculo

2102 1131 2406 1187 obnoxiam
2435 1133 2715 1195 cerneret,
2762 1128 2835 1187 ad
2875 1126 3287 1197 Augustinum,
3319 1124 3508 1179 fratris
3537 1142 3673 1180 eum
3706 1142 3803 1178 vo-

2103 1220 2303 1275 cabulo
2330 1219 2703 1289 compellans,
2733 1216 2991 1287 scripsit:
3021 1216 3321 1286 fassusque
3344 1214 3639 1272 Calamam
3651 1214 3810 1284 juxta

2104 1310 2259 1380 leges
2292 1307 2664 1361 severissima
2695 1321 2882 1377 poena
2913 1320 3072 1358 ream
3100 1303 3314 1370 teneri;
3344 1303 3533 1372 illum,
3567 1308 3634 1357 ut
3662 1319 3815 1357 amo-

2102 1414 2228 1452 rem
2258 1395 2713 1451 mansuetudinis
2737 1394 3010 1465 episcopo
3048 1396 3347 1462 tantopere
3376 1392 3811 1446 convenientem

2104 1502 2225 1558 pra
2257 1501 2315 1539 se
2345 1485 2508 1552 ferat,
2542 1484 2883 1539 obtestatur.
2924 1483 3160 1550 Rerum,
3188 1497 3319 1553 qua
3347 1480 3660 1552 perierant,
3696 1481 3812 1551 ple-

2106 1590 2243 1630 nam
2272 1574 2439 1628 offert
2481 1576 2652 1643 atque
2690 1571 2975 1642 integram
3009 1569 3432 1641 reparationem
3467 1585 3481 1622 :
3515 1585 3580 1623 ac
3610 1585 3688 1623 ne
3737 1569 3814 1622 in.

2106 1667 2373 1717 nocentes
2397 1676 2528 1714 cum
2558 1658 2895 1714 nocentibus
2924 1657 3311 1724 involvantur,
3350 1673 3492 1711 neve
3533 1656 3815 1727 supplicia

2106 1751 2511 1816 adhibeantur,
2545 1748 2801 1820 exposcit
2842 1747 3040 1818 (Epist.
3089 1747 3203 1815 90).
3244 1748 3486 1817 Arrepta
3520 1747 3816 1801 occasione

2108 1858 2176 1896 ex
2207 1856 2298 1910 eo,
2328 1839 2479 1910 quod
2516 1837 2579 1892 in
2616 1837 2863 1908 patriam
2894 1836 3248 1904 ostendebat,
3281 1834 3484 1901 studio,
3515 1834 3685 1889 illum
3730 1835 3816 1889 ad-

2106 1930 2373 1985 hortatur
2399 1927 2458 1982 in
2486 1943 2589 1981 sua
2615 1924 2987 1997 responsione
3026 1922 3399 1995 Augustinus,
3432 1928 3497 1977 ut
3534 1928 3596 1978 et
3624 1939 3816 1977 veram

2105 2017 2351 2089 patriam
2373 2015 2593 2087 diligat,
2609 2019 2665 2068 et
2675 2013 3045 2068 christianum
3058 2012 3399 2083 religionem
3418 2017 3537 2066 tam
3561 2017 3819 2068 sanctam

2107 2111 2341 2176 tamque
2367 2105 2675 2159 salutarem
2698 2103 3096 2172 amplectatur.
3126 2102 3205 2155 De
3228 2100 3545 2155 Calamensi
3566 2116 3710 2154 vero
3741 2116 3820 2155 sc-

2109 2193 2327 2249 ditione
2370 2192 2699 2263 respondet,
2746 2189 3007 2245 statuisse
3052 2188 3349 2261 episcopos
3380 2204 3505 2243 eam
3555 2187 3818 2243 animad-

2107 2281 2428 2336 versionem
2458 2278 2753 2351 prosequi,
2787 2295 2915 2350 qua
2948 2277 3199 2349 reliquas
3229 2277 3400 2352 urbes
3439 2276 3508 2331 ab
3538 2276 3818 2332 imitando

2106 2370 2278 2425 hocce
2309 2368 2604 2423 teterrima
2636 2367 2897 2438 exemplo
2929 2366 3264 2431 deterreret,
3296 2380 3481 2437 neque
3513 2369 3720 2420 tamen
3752 2367 3810 2421 li-

2107 2458 2277 2513 mites
2318 2456 2632 2512 transiliret
2675 2454 2924 2510 lenitatis
2974 2453 3297 2509 christiana
3344 2469 3410 2508 ac
3454 2454 3813 2526 episcopalis,

2109 2546 2201 2601 cui
2231 2545 2467 2616 quidem
2498 2560 2616 2598 non
2659 2542 2901 2614 injurias
2934 2542 3129 2597 ulcisci
3171 2541 3532 2614 propositum
3576 2547 3688 2608 est,
3730 2544 3815 2598 scd

2108 2633 2469 2707 peccantium
2499 2632 2842 2688 correctioni
2872 2631 3155 2702 salutique
3175 2631 3471 2685 consulere
3502 2632 3708 2700 (Epist.
3735 2636 3812 2697 9l,

2109 2739 2164 2777 η.
2198 2723 2281 2793 6);
2314 2722 2548 2776 demum
2580 2721 2691 2776 reis
2741 2720 2936 2784 vitam,
2983 2719 3231 2791 vitaque
3281 2719 3690 2774 conservanda
3735 2736 3818 2773 ne-

2111 2810 2355 2866 cessaria
2401 2808 2675 2875 subsidia,
2716 2807 2946 2863 tametsi
2993 2806 3327 2876 resipiscere
3372 2806 3615 2868 nollent,
3658 2805 3818 2858 relin-

2114 2914 2311 2971 quare,
2345 2897 2414 2951 iis
2442 2901 2666 2952 tantum
2696 2895 2980 2966 ademptis
3006 2895 3218 2966 quibus
3247 2894 3320 2948 ad
3349 2893 3652 2947 malefacta
3684 2894 3816 2948 abu-

2113 2988 2416 3054 tebantur;
2441 2986 2557 3040 imo
2579 2985 2733 3057 quod
2758 2984 2829 3039 ad
2845 2982 3272 3055 inquisitionem
3291 2980 3647 3053 pertinebat,
3666 2980 3819 3054 quid-

2112 3075 2251 3147 quid
2280 3091 2397 3129 non
2423 3078 2618 3145 posset
2664 3072 2777 3127 nisi
2822 3072 2876 3126 vi
2913 3076 3333 3126 tormentorum
3380 3069 3653 3141 exprimi,
3686 3075 3820 3140 puta

2115 3163 2354 3235 quinam
2383 3161 2555 3233 primi
2605 3160 2896 3216 seditionis
2932 3165 3193 3215 auctores
3233 3158 3490 3219 fuissent,
3522 3157 3811 3212 omittere.

2111 3254 2183 3306 At
2209 3268 2343 3306 vero
2375 3267 2506 3305 cum
2551 3249 2611 3305 id
2656 3248 3019 3321 Imperatoris
3049 3253 3105 3301 et
3152 3246 3404 3301 civilium
3444 3246 3722 3317 judicum
3764 3246 3819 3299 in

2111 3340 2380 3395 manibus
2408 3344 2464 3394 et
2491 3338 2728 3393 arbitrio
2756 3342 2929 3405 esset;
2961 3336 3172 3403 subdit,
3204 3336 3253 3389 si
3282 3337 3395 3390 Deo
3430 3335 3741 3406 placuerit,
3765 3340 3821 3387 ut

2112 3428 2254 3483 illud
2282 3427 2499 3482 crimen
2527 3427 2615 3481 vel
2656 3426 2907 3481 severius
2934 3425 3227 3496 puniatur,
3259 3425 3348 3479 vel
3374 3423 3434 3478 in
3479 3423 3814 3495 praesentiae

2113 3533 2245 3571 rum
2273 3531 2377 3587 per
2403 3514 2725 3586 graviorem
2747 3513 2926 3585 ipsius
2950 3513 3095 3567 iram
3117 3512 3465 3584 impunitum
3501 3516 3814 3572 remaneat,

2111 3610 2237 3661 tum
2268 3603 2550 3675 episcopis
2575 3602 2721 3657 nihil
2750 3602 2903 3657 aliud
2930 3601 3273 3673 permissum
3305 3600 3396 3666 iri,
3423 3617 3598 3672 quam
3632 3601 3819 3656 divino

2113 3691 2348 3747 consilio
2380 3695 2632 3745 mentem
2662 3690 3027 3756 submittere;
3060 3706 3124 3744 ac
3153 3705 3212 3743 se
3252 3688 3407 3759 ipsos
3448 3688 3586 3743 inde
3619 3705 3817 3743 conso-

2113 3780 2239 3848 lari,
2273 3781 2421 3852 quod
2454 3795 2581 3834 eam
2613 3795 2734 3833 rem
2763 3779 2988 3833 efficere
3007 3777 3200 3833 conati
3218 3778 3450 3845 fuerint,
3474 3794 3653 3849 quam
3674 3777 3813 3848 opti-

2111 3883 2268 3923 mam
2297 3868 2451 3922 factu
2487 3872 2659 3938 atque
2686 3865 3051 3921 utilissimam
3078 3864 3406 3936 judicarant
3435 3865 3578 3935 (Ibid
3605 3907 3620 3932 ,
3655 3881 3712 3919 n.
3744 3868 3811 3923 9).

2114 3955 2444 4027 Epistolam’,
2466 3956 2614 4010 hanc
2642 3959 2772 4009 octo
2803 3954 2922 4009 fere
2958 3952 3252 4008 mensibus
3285 3958 3417 4008 ante
3453 3958 3681 4007 sextum
3721 3954 3814 4006 ka-

2112 4044 2309 4099 lendas
2338 4044 2567 4115 apriles,
2613 4043 2723 4097 hoc
2765 4047 2871 4109 est,
2904 4042 3009 4097 sub
3061 4041 3272 4096 mensis
3301 4040 3530 4112 augusti
3560 4040 3811 4106 initium,

2113 4132 2365 4187 exaravit
2392 4134 2587 4204 (Epist.
2638 4133 2757 4199 104,
2789 4147 2847 4187 η.
2885 4131 2966 4201 1);
3006 4130 3098 4185 cui
3134 4146 3239 4201 per
3275 4134 3457 4185 totum
3498 4129 3645 4185 illud
3682 4136 3814 4184 tem-

2111 4220 2269 4292 poris
2300 4220 2550 4291 spatium
2578 4236 2694 4274 non
2722 4219 3017 4290 respondit
3045 4219 3357 4274 Nectarius.
3390 4218 3557 4284 Quod
3587 4218 3815 4290 quidem

2112 4309 2248 4365 satis
2267 4309 2560 4364 commode
2574 4308 2635 4362 in
2654 4324 2871 4363 annum
2897 4307 3535 4380 quadringentesimum
3558 4313 3814 4363 octavum

2112 4398 2383 4469 quadrat;
2420 4413 2534 4468 quo
2564 4402 2845 4467 tempore,
2875 4403 2943 4451 ut
2988 4396 3326 4462 videbimus,
3370 4398 3548 4466 vulgo
3588 4401 3814 4451 conten-

2113 4486 2324 4541 debant
2350 4485 2855 4557 divulgabantque.
2888 4486 3045 4556 leges
3074 4502 3203 4556 qua
3228 4486 3471 4540 ﬂorente
3502 4485 3813 4541 Stilichone

2113 4575 2261 4629 data
2293 4574 2537 4639 fuerant,
2572 4574 2642 4628 ab
2675 4574 2797 4644 ejus
2827 4589 2964 4628 nece
2993 4590 3122 4645 qua
3151 4574 3259 4628 hoc
3288 4589 3440 4629 anno
3482 4590 3685 4629 mense
3712 4590 3815 4627 au-

2110 4665 2275 4732 gusto
2319 4659 2581 4730 contigit,
2612 4660 2788 4714 fuisse
2828 4660 3173 4732 antiquatas.
3220 4663 3590 4732 Quapropter
3627 4662 3813 4716 Necta-

2110 4749 2228 4804 rius
2271 4752 2427 4803 ratus
2470 4748 2728 4816 fortasse,
2778 4752 2901 4803 tum
2959 4765 3083 4804 eam
3135 4749 3205 4804 ob
3263 4764 3517 4817 causam,
3570 4754 3694 4804 tun:
3747 4748 3818 4803 ob

2108 4838 2304 4893 turbas
2334 4837 2440 4892 hoc
2476 4835 2604 4907 ipso
2647 4842 2903 4908 tempore
2945 4843 3191 4906 exortes,
3238 4838 3499 4892 futurum
3549 4844 3611 4893 ut
3661 4837 3816 4894 Cala-

2108 4926 2323 4982 mensis
2382 4927 2663 4981 tumultus
2719 4926 3021 4994 excideret,
3071 4926 3391 4999 Augustino
3449 4925 3668 4982 instare
3718 4941 3813 4979 su-

2107 5014 2379 5087 persedit.

2177 5107 2230 5158 5.
2261 5104 2391 5158 Erat
2427 5102 2611 5158 adhuc
2649 5103 2712 5158 in
2753 5102 2942 5158 Africa
2984 5103 3291 5171 Possidius,
3335 5119 3469 5158 cum
3511 5103 3810 5158 ad’Necta-

2105 5190 2256 5246 rium
2298 5190 2652 5263 Augustinus
2680 5191 2907 5263 scripsit
2950 5192 3143 5263 (Ibid.)
3179 5209 3192 5248 :
3234 5197 3292 5247 at
3329 5196 3534 5263 postea
3576 5192 3812 5263 trajectu

2105 5278 2252 5333 mari
2280 5278 2351 5334 ad
2378 5278 2739 5350 imperialem
2778 5280 2971 5335 aulam
3001 5296 3060 5336 se
3091 5280 3351 5349 contulit,
3384 5296 3621 5334 causam
3652 5294 3813 5333 suam

2105 5371 2303 5439 contra
2371 5368 2729 5423 Calamenses
2791 5366 3119 5441 idololatras
3198 5372 3453 5435 acturus,
3518 5383 3661 5439 quos
3720 5380 3813 5418 ve-

2104 5455 2225 5512 rius
2254 5457 2617 5529 sanctiusque
2652 5455 2947 5527 diligebat,
2988 5473 3163 5528 quam
3205 5456 3305 5528 qui
3349 5471 3554 5511 eorum
3594 5454 3809 5509 crimen

2104 5544 2456 5618 impunitum
2485 5561 2608 5602 esse
2634 5545 2962 5601 voluissent.
2997 5545 3372 5610 Quandonam
3393 5544 3540 5600 illud
3562 5544 3670 5599 iter
3685 5557 3808 5597 sus-
