3912 6174
134 267 217 317 37;:
1579 262 1785 318 LIBER
1825 262 2090 317 SEXTUS.

129 383 329 454 ceperit,
362 396 475 435 non
515 379 850 451 reperimus.
893 381 1298 434 Verumtamen
1342 398 1473 436 cum
1519 382 1787 453 Augusti-

132 490 222 528 nus
257 474 400 524 sexto
450 469 721 522 kalendas
766 468 989 539 aprilis,
1037 474 1232 523 utrum
1281 469 1376 524 ille
1430 470 1789 542 impetrasset

135 561 425 633 quidquam,
459 560 711 611 nondum
760 556 1148 628 comperisset,
1201 559 1357 612 credi
1394 576 1509 613 non
1541 560 1785 614 absurde

136 652 295 720 potest,
323 645 549 699 nonnisi
578 646 686 699 hoc
714 651 972 699 vertente
1004 662 1176 712 anno,
1210 647 1297 700 vel
1320 646 1493 701 etiam
1523 649 1788 719 sequenti

134 739 323 793 ineunte
352 735 661 805 profectum
695 751 837 789 esse.
872 736 936 788 Et
957 735 1142 806 reipsa
1172 753 1298 806 quae
1328 753 1431 807 per
1463 737 1783 791 Possidium

130 828 300 896 ipsum,
340 829 436 878 aut
482 840 615 877 sane
645 824 796 878 haud
831 825 1009 878 multo
1048 820 1175 895 post
1216 826 1339 895 ejus
1369 826 1783 896 profectionem

127 916 265 968 missa
325 917 405 966 est
456 913 524 965 ad
574 913 875 966 Paulinum
919 912 1157 982 epistola
1205 914 1407 982 (Epist.
1454 917 1540 979 95,
1599 931 1654 968 η.
1709 916 1779 983 1),

124 1007 219 1058 haec
254 1018 349 1073 per
385 1001 652 1063 hiemem,
699 1017 871 1072 quam
900 1002 1251 1071 Augustinus
1284 1002 1624 1071 Carthagine
1667 1008 1782 1057 tra-

123 1092 255 1146 duxit
297 1092 491 1159 (Epist.
538 1093 659 1157 121,
710 1107 763 1143 n.
820 1092 932 1160 14),
966 1090 1177 1161 scripta
1208 1095 1308 1145 est.
1348 1092 1422 1145 Ea
1452 1108 1623 1160 porro
1654 1091 1779 1160 epi-

119 1180 234 1233 stola
277 1178 353 1232 illi
396 1178 723 1247 respondet,
769 1195 943 1249 quam
988 1179 1057 1232 ad
1099 1196 1155 1232 se
1207 1197 1238 1232 a
1292 1180 1532 1233 Paulino
1592 1180 1780 1233 idibus

118 1268 253 1321 maiis
279 1267 460 1321 datam
490 1267 767 1320 diaconus
796 1267 1036 1330 Quintus
1068 1267 1369 1333 detulerat,
1404 1268 1777 1337 quemadmo-

116 1358 224 1411 dum
254 1372 316 1409 ex
358 1355 497 1426 ipsis
528 1356 785 1425 ejusdem
819 1355 1041 1409 Paulini
1074 1354 1257 1408 verbis
1290 1355 1347 1408 in
1379 1371 1445 1408 ea
1474 1355 1659 1408 citatis
1690 1355 1776 1409 in-

114 1445 327 1514 telligere
372 1449 475 1498 est.
512 1446 577 1498 In
605 1445 801 1498 eadem
833 1460 952 1498 non
995 1444 1116 1497 sine
1143 1443 1354 1498 doloris
1385 1461 1552 1497 sensu
1584 1461 1775 1498 neces-

114 1534 317 1598 sitatem,
375 1549 486 1603 qua
555 1532 846 1586 Possidius
909 1532 968 1585 in
1038 1532 1257 1585 Italiam
1316 1533 1773 1602 pertrahcbatur,

116 1622 316 1687 indicat;
364 1638 467 1674 nec
508 1626 704 1674 tamen
746 1620 910 1674 aliter
950 1620 1239 1689 exprimit,
1287 1636 1459 1690 quam
1511 1620 1773 1687 dicendo,

114 1710 432 1764 infirmorum
473 1709 687 1763 servire
718 1709 1113 1778 languoribus,
1148 1724 1281 1761 eum
1311 1714 1470 1762 tanto
1501 1707 1773 1778 imperio—

114 1799 204 1851 sius
228 1798 364 1869 cogi,
391 1803 611 1869 quanto
634 1798 1008 1869 periculosius
1031 1800 1334 1866 mgrotant.
1359 1799 1626 1850 Attamen
1648 1813 1777 1867 pro-

112 1889 268 1940 ﬁtetur
319 1887 424 1941 sibi
493 1887 699 1941 solatio
754 1903 874 1940 esse
934 1886 1193 1939 lmtitiam
1241 1886 1420 1951 illam,
1480 1902 1653 1956 quam
1707 1901 1775 1938 ex

112 1975 295 2030 Paulini
322 1980 628 2046 conspectu
659 1975 811 2045 capit
848 1974 1162 2029 Possidius.
1205 1976 1279 2027 Ex
1308 1991 1373 2027 eo
1402 1975 1527 2027 loco
1557 1973 1772 2027 intelli-

111 2080 273 2133 gamus
294 2064 440 2128 licet,
464 2081 583 2135 quo
614 2064 807 2117 animo
829 2068 947 2117 tam
970 2064 1300 2134 frequenter
1330 2064 1399 2117 ad
1427 2062 1774 2118 Comitatum

112 2154 255 2206 sancti
280 2153 359 2206 illi
395 2153 651 2207 Africani
687 2151 967 2205 antistites
1012 2150 1536 2220 proficiscebantur.
1586 2152 1773 2204 Testa-

111 2248 183 2293 tur
206 2242 400 2296 ibidem
444 2241 820 2312 Augustinus,
854 2256 911 2293 sc
942 2239 1105 2293 facile
1138 2241 1256 2293 solo
1285 2239 1511 2292 vivendi
1549 2239 1774 2293 Paulini

111 2329 347 2384 desiderio
399 2331 469 2384 ad
532 2329 925 2399 navigandum
971 2328 1031 2381 in
1074 2327 1295 2381 Italiam
1342 2327 1640 2381 inductum
1678 2328 1769 2392 iri,

111 2419 158 2471 ni
192 2418 423 2472 muneris
466 2418 561 2471 sui
610 2417 812 2472 officiis
857 2416 1229 2471 detineretur.
1276 2417 1421 2469 Dum
1470 2420 1663 2469 autem
1703 2416 1772 2470 de

112 2506 265 2572 rebus,
310 2524 432 2578 quae
464 2506 791 2561 Possidium
822 2505 893 2557 ad
924 2504 1336 2575 profectionem
1368 2504 1622 2557 Italicam
1664 2503 1771 2557 im-

110 2594 373 2661 pellebant,
425 2594 689 2665 loquitur
736 2609 747 2647 :
800 2595 987 2647 Utrum
1034 2608 1377 2646 exerceamur
1424 2593 1530 2658 his,
1564 2592 1769 2662 inquit,

112 2695 164 2733 an
199 2685 364 2750 potius
404 2684 734 2752 plectamur,
775 2683 977 2746 nescio;
1028 2683 1138 2734 nisi
1177 2681 1321 2748 quod
1348 2696 1454 2735 non
1482 2681 1771 2734 secundum

108 2776 289 2835 peccata
314 2776 495 2825 nostra
527 2773 673 2837 facit
718 2770 892 2835 nobis,
924 2785 1093 2837 neque
1121 2770 1410 2822 secundum
1456 2770 1771 2836 iniquitates

112 2862 282 2911 nostras
302 2861 553 2912 retribuit
574 2860 745 2923 nobis,
770 2860 867 2927 qui
880 2862 1034 2911 tanta
1054 2859 1252 2911 solatia
1272 2857 1545 2911 doloribus
1566 2859 1768 2922 miscet,

109 2948 288 3016 agitque
312 2949 557 3002 mirabili
586 2948 874 3010 medicina,
908 2963 973 3000 ne
1002 2962 1239 3002 amemus
1269 2946 1547 3015 mundum,
1580 2962 1645 3001 ne
1683 2946 1772 2999 de-

110 3036 313 3101 ﬁciamus
341 3039 396 3091 in
424 3036 630 3091 mundo
662 3037 861 3105 (Epist.
894 3040 984 3102 95,
1012 3052 1067 3089 n.
1106 3036 1172 3102 1).
1480 3048 1483 3051 ‘

164 3126 205 3177 6.
222 3125 417 3180 Deinde
437 3125 647 3180 litteris
668 3125 891 3179 Paulini
908 3124 1216 3194 respondet
1233 3123 1417 3194 (Ibid.,
1439 3139 1494 3176 n.
1510 3126 1542 3175 2
1559 3126 1733 3191 seqq.)
1753 3138 1764 3176 :

109 3227 315 3283 cumque
342 3214 491 3269 idem
549 3218 779 3268 sanctus
817 3213 1069 3278 dixisset,
1102 3213 1275 3266 satius
1306 3228 1425 3265 esse
1458 3228 1570 3281 quo
1601 3216 1767 3279 pacto

108 3296 181 3351 hic
206 3300 370 3356 vivere
394 3303 616 3368 deceat,
637 3318 807 3372 quam
834 3302 960 3372 quis
991 3305 1183 3355 noster
1209 3300 1436 3354 futurus
1457 3299 1528 3353 sit
1547 3299 1607 3353 in
1630 3300 1768 3353 c0310

109 3392 274 3447 status.
300 3390 628 3461 inquirere;
655 3391 800 3444 hanc
819 3390 1173 3460 Augustinus
1193 3388 1395 3459 arripit
1416 3387 1768 3442 occasionem

107 3479 456 3547 proponenda
506 3479 865 3550 qumstionis,
915 3478 1068 3532 haud
1111 3477 1268 3543 levis,
1304 3482 1365 3530 ut
1394 3476 1504 3547 ipsi
1534 3476 1767 3546 quidem

107 3563 384 3633 videbatur,
414 3567 718 3635 momenti,
750 3584 862 3637 qua
884 3567 1095 3620 scilicet
1124 3566 1345 3619 ratione
1370 3565 1674 3618 vivendum
1699 3565 1770 3619 sit

110 3650 229 3706 inter
253 3670 339 3709 eos
365 3672 428 3710 ac
457 3660 703 3726 propter
740 3672 854 3723 eos,
887 3656 985 3726 qui
1016 3655 1271 3709 nondum
1300 3671 1334 3708 a
1368 3653 1768 3722 cupiditatibus

109 3742 253 3795 soluti
278 3745 381 3799 sint
424 3750 481 3799 et
532 3744 701 3798 liberi
734 3761 745 3797 :
795 3748 964 3813 atque
1003 3744 1136 3797 hinc
1164 3742 1342 3796 animi
1370 3742 1456 3795 sui
1487 3742 1544 3795 in
1575 3742 1768 3795 multis

109 3829 213 3883 vitae
259 3833 448 3887 officiis
493 3833 963 3899 sollicitudinem,
1014 3831 1358 3886 anxietatem
1401 3848 1465 3884 ac
1502 3830 1768 3885 timorem

110 3919 371 3987 professus,
414 3926 586 3993 rogat
635 3926 698 3975 ut
740 3938 806 3974 ea
845 3921 914 3974 de
960 3937 1019 3974 re
1067 3920 1450 3975 communicet
1478 3936 1608 3973 cum
1646 3920 1768 3973 viro

110 4008 340 4077 quopiam
375 4027 505 4065 vere
555 4009 668 4080 pio,
698 4026 795 4063 seu
828 4013 1145 4076 mansueto,
1186 4014 1249 4063 ut
1277 4008 1552 4078 loquitur,
1586 4008 1771 4062 cordis

110 4096 311 4162 medico,
342 4116 515 4170 quem
545 4103 642 4152 aut
667 4099 821 4152 Nolae
845 4098 946 4153 ubi
968 4098 1144 4168 degit,
1178 4101 1277 4151 aut
1299 4099 1497 4152 Romae
1521 4114 1632 4167 quo
1660 4096 1769 4151 sin-

109 4184 230 4251 gulis
256 4188 406 4240 annis
446 4187 657 4259 pergit,
691 4187 996 4257 repererit;
1045 4186 1316 4257 quodque
1355 4186 1466 4256 ipsi
1501 4186 1771 4239 Dominus

109 4276 379 4344 aperuerit,
431 4276 643 4329 scribat
688 4275 813 4329 sibi.
858 4277 1059 4329 Postea
1088 4291 1219 4327 vero
1251 4273 1534 4329 delabitur
1564 4274 1636 4327 ad
1666 4278 1773 4328 sta-

108 4363 208 4413 tum
234 4363 674 4427 resurrectionis,
703 4364 761 4416 in
781 4364 849 4417 iis
879 4363 1120 4417 maxime
1152 4378 1281 4432 quae
1311 4361 1381 4415 ad
1413 4378 1619 4431 corpus
1648 4378 1772 4431 per-

109 4444 278 4503 tinent.
322 4455 503 4523 Atque
537 4451 709 4505 etiam
742 4450 1117 4521 quaestionem
1157 4449 1354 4519 agitat,
1387 4465 1527 4503 num
1572 4449 1774 4518 Angeli

110 4534 323 4593 habeant
342 4556 581 4611 corpora
602 4541 720 4593 suis
747 4538 950 4593 ofﬁciis
971 4538 1423 4603 accommodata;
1448 4537 1601 4607 quod
1625 4539 1770 4591 Pau-

113 4621 235 4677 linus
278 4643 368 4681 eos
407 4645 531 4682 esse
581 4632 869 4681 creaturas
907 4626 1243 4698 simpliciter
1271 4625 1618 4696 spirituales,
1647 4629 1769 4678 tan-

112 4727 257 4780 quam
290 4732 409 4770 rem
440 4722 657 4771 certam
686 4716 987 4787 posuisset.
1039 4716 1175 4769 Orat
1220 4715 1418 4785 igitur,
1465 4719 1532 4768 ut
1576 4715 1775 4768 beatus

114 4797 189 4852 ille
213 4804 291 4856 vir
313 4803 416 4858 sibi
446 4810 570 4859 tum
604 4822 670 4858 ea
702 4805 770 4859 de
802 4821 883 4871 re,
915 4810 1037 4857 tum
1068 4804 1136 4857 de
1164 4802 1275 4857 alio
1301 4802 1485 4873 capite
1516 4802 1576 4855 in
1606 4818 1772 4872 supe-

111 4889 222 4943 riori
261 4909 356 4946 sua
394 4894 638 4965 epistola
682 4893 829 4947 circa
858 4892 1230 4947 christianum
1270 4892 1450 4945 otium
1481 4891 1553 4945 ad
1580 4906 1773 4960 capes-

112 4979 313 5034 sendam
344 4982 682 5052 sapientiam
714 4981 1007 5052 proposito
1039 4980 1345 5034 satisfaciat
1372 4996 1384 5033 :
1420 4979 1774 5050 quandoqui-

112 5060 222 5118 dem
252 5068 484 5123 Paulino
507 5086 606 5139 per
622 5074 973 5123 maturatum
995 5068 1191 5133 Quinti
1213 5068 1464 5123 reditum
1483 5068 1551 5122 ad
1582 5068 1778 5122 omnia

112 5156 423 5221 respondere
464 5157 798 5226 neutiquam
841 5156 1092 5210 licuerat.
1140 5158 1354 5210 Putant
1390 5156 1538 5209 hanc
1594 5156 1776 5225 ipsam

110 5252 211 5293 esse
258 5243 323 5297 de
371 5244 555 5298 forma
601 5245 1031 5298 resurrectionis
1076 5244 1378 5314 epistolam
1421 5243 1619 5313 (Epist.
1656 5247 1774 5309 121,

111 5341 154 5378 n.
194 5332 287 5399 14),
328 5348 502 5402 quam
548 5334 617 5387 ad
666 5334 974 5387 secundam
1031 5332 1254 5387 Paulini
1301 5332 1776 5386 consultationem

113 5417 449 5487 rescripserat
478 5420 848 5489 Augustinus,
880 5421 940 5474 in
984 5438 1095 5490 qua
1128 5424 1466 5474 tractavcrat
1492 5421 1561 5473 de
1594 5436 1779 5474 mem-

114 5500 324 5561 brorum
354 5524 491 5575 usu;
524 5513 578 5562 et
617 5525 791 5579 quam
822 5509 931 5565 sibi
959 5509 1167 5564 iterum
1200 5514 1263 5563 ut
1292 5508 1504 5576 mittat,
1538 5508 1682 5578 petit
1711 5509 1780 5563 ab

3497 280 3556 330 37
3567 280 3597 331 4

1896 383 2099 437 eodem
2130 384 2402 438 Paulinus
2444 402 2457 439 :
2506 388 2765 456 quamvis
2804 404 2929 442 eam
2958 390 3189 444 brevem
3220 393 3391 447 fuisse
3422 396 3596 463 signi-

1897 471 2027 525 ﬁcet
2061 472 2269 541 (Epist.
2306 476 2392 538 95,
2425 490 2478 528 n.
2517 479 2581 543 ’ῖς
2615 479 2790 544 Epist.
2830 479 2948 543 149,
2982 494 3038 531 n.
3065 482 3138 541 2).
3181 479 3400 550 Quippe
3440 482 3599 537 illam

1897 575 2014 613 non
2058 560 2222 613 aliter
2268 560 2500 615 brevem
2542 562 2611 616 ab
2654 579 2718 616 eo
2751 563 2861 617 dici
2893 565 3259 619 manifestum
3292 572 3393 632 est,
3426 584 3597 638 quam

1895 653 2218 719 comparate
2252 650 2321 703 ad
2370 666 2436 703 ea
2466 651 2673 721 scripta
2720 669 2847 722 quae
2888 653 3067 706 libros
3098 655 3426 709 coniiciunt.
3463 658 3595 711 Bre-

1896 753 2020 790 vem
2052 754 2304 807 quoque,
2352 755 2454 808 pro
2504 741 2782 809 dogmatis
2814 741 2947 794 fidei
2979 741 3186 811 quibus
3216 747 3337 798 erat
3367 745 3592 812 referta,

1898 824 2081 878 dicere
2106 824 2257 878 haud
2287 824 2456 879 dubie
2487 826 2716 881 licebat.

1963 917 2016 967 7.
2054 914 2208 965 Inter
2239 914 2475 967 antistes
2515 916 2831 985 Augustino
2864 917 3179 971 litterarum
3225 920 3425 973 officiis
3458 938 3597 975 con-

1888 1001 2277 1069 junctissimos
2308 1007 2429 1055 erat
2456 1004 2688 1069 Memor,
2723 1020 2823 1057 seu
2848 1005 3171 1072 Memorius,
3202 1008 3413 1062 Juliani
3442 1010 3594 1065 illius

1892 1095 2073 1158 pater,
2127 1091 2224 1159 qui
2266 1097 2464 1160 postea
2511 1092 2571 1145 in
2617 1094 3056 1163 Pelagianorum
3088 1098 3352 1152 haeresim
3383 1100 3592 1155 misere

1889 1179 2185 1248 prolapsus
2234 1184 2319 1232 est
2370 1181 2591 1245 (Contra
2631 1183 2934 1249 Julianum,
2980 1186 3074 1237 lib.
3124 1190 3174 1253 1,
3210 1202 3263 1241 n.
3324 1190 3421 1247 1'2).
3482 1189 3591 1243 Sed

1891 1265 2083 1319 infelix
2111 1265 2216 1319 filii
2248 1284 2408 1319 casus
2441 1283 2806 1338 nequaquam
2848 1271 3259 1339 impedimento
3290 1275 3416 1340 fuit,
3450 1294 3589 1345 quo-

1889 1353 2081 1406 minus
2130 1354 2251 1423 ejus
2298 1360 2565 1424 parentes
2596 1361 2873 1426 tanquam
2904 1359 3209 1413 catholicos
3252 1362 3590 1417 christianos

1888 1457 2115 1510 semper
2144 1442 2505 1497 honorabiles
2535 1445 3190 1513 Augustinushabuerit,
3210 1454 3587 1520 reputaverit-

1888 1544 1998 1597 que
2030 1528 2088 1581 in
2118 1529 2223 1582 hoc
2256 1531 2596 1597 fortunatos,
2631 1535 2783 1603 quod
2817 1540 2948 1590 ante
2980 1538 3232 1592 defuncti
3263 1539 3392 1605 sint,
3418 1558 3591 1611 quam

1886 1616 2221 1671 haereticum
2263 1618 2447 1673 lilium
2499 1620 2758 1675 viderent
2802 1624 3010 1692 (Operis
3048 1628 3352 1695 imperfecti
3399 1630 3491 1682 lib.
3539 1634 3587 1691 l,

1885 1720 2003 1773 cap.
2058 1706 2165 1774 68).
2202 1708 2417 1761 Memor
2463 1708 2642 1779 igitur
2671 1710 2886 1765 litteras
2918 1714 2985 1766 ad
3027 1716 3411 1784 Augustinum
3452 1718 3588 1771 scri—

1884 1799 2078 1862 pserat
2120 1794 2328 1847 amoris
2369 1796 2532 1863 juxta
2574 1802 2630 1849 et
2668 1798 2903 1852 honoris
2936 1801 3152 1869 plenas,
3184 1809 3382 1871 petens
3412 1804 3588 1858 libros

1885 1882 1956 1935 ab
1989 1897 2054 1935 eo
2084 1883 2428 1952 compositos
2462 1885 2530 1938 de
2562 1885 2770 1939 Musica
2802 1887 2998 1956 (Epist.
3042 1890 3180 1960 101).
3212 1893 3323 1944 llos
3354 1894 3591 1964 castiga-

1885 1974 2081 2024 turum
2128 1988 2207 2038 se,
2254 1987 2481 2025 necnon
2518 1972 2603 2026 illi
2635 1974 2967 2041 missurum,
3001 1983 3226 2031 sanctus
3257 1980 3464 2034 Doctor
3492 1998 3585 2035 re-

1884 2063 2138 2128 ceperat.
2176 2059 2283 2113 Sed
2315 2076 2444 2114 cum
2476 2065 2622 2115 esset
2660 2063 2903 2132 negotiis
2946 2064 3417 2135 districtissimus,
3471 2086 3587 2123 non

1885 2147 2073 2200 solum
2121 2146 2175 2201 ei
2224 2164 2338 2202 non
2378 2149 2593 2203 vacavit
2634 2150 2765 2203 huic
2796 2152 3185 2207 emendationi
3226 2156 3583 2223 incumbere;

1885 2237 1983 2290 sed
2028 2252 2133 2291 nec
2174 2237 2300 2291 illos
2350 2239 2605 2309 quidem,
2649 2241 2849 2295 saltem
2893 2243 3148 2314 quinque
3198 2246 3432 2314 primos,
3478 2247 3586 2301 nisi

1886 2341 2036 2395 aegre
2064 2325 2315 2395 reperire
2342 2327 2529 2395 potuit
2554 2343 2567 2380 :
2597 2328 2735 2383 adeo
2760 2330 3006 2400 spatium
3034 2331 3369 2403 iudulgendi
3392 2336 3586 2405 hujus-

1883 2412 2043 2467 modi
2081 2414 2526 2470 relaxationibus
2575 2416 2626 2469 ei
2673 2434 2790 2473 suae
2844 2420 3249 2490 occupationes
3278 2424 3581 2493 negabant.

1884 2504 2025 2557 Cum
2068 2506 2263 2558 tamen
2313 2504 2635 2559 Possidium
2679 2507 2740 2561 in
2790 2524 2916 2562 eam
2969 2512 3262 2581 regionem
3304 2514 3585 2584 proficisci

1881 2591 2078 2657 nollet,
2110 2592 2251 2662 quin
2280 2592 2446 2647 illum
2470 2593 2531 2647 in
2561 2595 2947 2665 cognitionem
2978 2600 3243 2653 Memoris
3263 2601 3581 2669 induceret,

1884 2679 2118 2733 abeunti
2143 2685 2367 2735 sextum
2397 2680 2606 2735 librum
2639 2683 2749 2753 ipsi
2778 2684 3152 2739 deferendum
3183 2689 3451 2755 tradidit;
3482 2690 3579 2743 ad-

1876 2768 2014 2837 jecit
2042 2784 2272 2838 quoque
2300 2769 2618 2839 epistolam,
2644 2771 2705 2824 in
2727 2788 2839 2841 qua
2871 2775 3149 2827 nonnulla
3176 2775 3244 2829 de
3271 2776 3583 2846 disciplinis

1882 2858 2162 2923 edisserit,
2196 2873 2324 2927 quae
2344 2858 2482 2911 falso
2515 2859 2876 2929 plerumque,
2901 2877 3030 2914 cum
3054 2863 3199 2916 absit
3226 2880 3357 2916 vera
3376 2866 3578 2934 pictas,

1881 2946 2142 3000 liberales
2172 2946 2493 2999 vocitantur
2521 2962 2532 2999 :
2572 2963 2634 3000 ac
2664 2949 2971 3002 Memorem
2994 2954 3176 3019 rogat,
3208 2955 3271 3003 ut
3301 2951 3371 3004 ad
3402 2968 3460 3005 se
3490 2954 3581 3006 Ju-

1881 3034 2098 3088 lianum
2138 3033 2323 3087 ﬁlium
2352 3039 2487 3087 tunc
2518 3028 2823 3090 diacon'uin
2853 3036 3045 3091 mittat
3074 3054 3266 3092 secum
3296 3040 3578 3111 tantisper

1879 3127 2384 3177 commoraturum.
2418 3123 2741 3179 Sciscitatus
2780 3126 2851 3180 ab
2882 3142 2946 3180 eo
2973 3126 3158 3181 fuerat
3186 3129 3419 3196 Memor,
3452 3130 3580 3200 qui-

1877 3212 2121 3266 busnam
2150 3212 2405 3266 numeris
2433 3214 2809 3269 consisterent
2850 3215 3097 3269 Davidici
3134 3232 3331 3271 versus
3367 3234 3379 3270 :
3416 3218 3579 3289 inge-

1878 3316 1991 3354 nue
2020 3300 2229 3354 fatetur
2254 3299 2307 3354 id
2343 3300 2448 3354 sibi
2469 3300 2734 3371 ignotum
2756 3318 2897 3369 esse,
2920 3308 3116 3374 utpote
3145 3304 3397 3359 hebraici
3428 3305 3576 3359 idio-

1878 3388 2047 3442 matis
2076 3388 2374 3459 imperito;
2426 3389 2536 3442 sibi
2572 3393 2764 3443 tamen
2791 3392 2862 3444 ab
2893 3392 3128 3461 hujusce
3159 3392 3369 3463 linguae
3400 3394 3575 3447 doctis

1880 3477 2251 3544 affirmatum,
2287 3476 2415 3531 illos
2447 3477 2682 3531 omnino
2713 3479 2881 3532 certis
2908 3480 3163 3533 numeris
3189 3485 3464 3536 constare.

2551 3566 2773 3620 CAPUT
2812 3568 2899 3620 VI.

1884 3657 1903 3706 1
1941 3655 2002 3706 In
2030 3653 2343 3708 Stilichonis
2375 3656 2751 3708 auctoritatem
2780 3656 3017 3710 succedit
3047 3657 3348 3726 Olympius.
3382 3660 3413 3709 2
3441 3659 3577 3711 Huic

1950 3743 2007 3794 in
2071 3742 2346 3807 Bonifacii
2413 3742 2769 3811 Cataquensis
2819 3746 3057 3813 episcopi
3098 3747 3308 3812 negotio
3368 3744 3577 3799 litteras

1950 3832 2121 3884 mittit
2150 3831 2509 3896 Augustinus.
2544 3834 2573 3885 3
2604 3834 2883 3898 Bonifacii
2907 3835 3147 3903 episcopi
3168 3835 3483 3902 quaestiones
3510 3835 3578 3887 ab

1952 3920 2258 3985 Augustino
2298 3925 2659 3988 exponuntur.
2700 3923 2733 3975 4
2774 3923 2901 3975 Post
2942 3922 3256 3977 Stilichonis
3298 3939 3473 3978 necem
3501 3928 3581 3978 tu-

1950 4007 2342 4061 multuantibus
2376 4009 2620 4063 Ethnicis
2659 4014 2709 4062 et
2753 4010 3031 4064 Haercticis
3079 4012 3432 4079 perturbatur
3475 4013 3578 4065 Ec-

1953 4098 2134 4150 clesia.
2180 4100 2210 4149 5
2259 4098 2416 4152 Nova:
2458 4098 2516 4149 in
2559 4112 2642 4151 eos
2691 4098 2827 4164 leges
2868 4098 2936 4150 ab
2983 4100 3309 4166 Imperatore
3336 4099 3576 4152 obtentae.

1955 4187 1985 4237 6
2026 4187 2291 4237 Donatum
2322 4189 2478 4251 rogat
2507 4185 2867 4251 Augustinus,
2904 4191 2964 4238 ut
3009 4188 3247 4240 lenitatis
3275 4188 3582 4240 christiana:

1952 4287 2168 4339 memor,
2195 4274 2503 4326 Donatistas
2533 4275 2609 4327 sic
2642 4275 2775 4327 data
2798 4274 2906 4327 sibi
2932 4277 3194 4341 potestate
3238 4276 3489 4337 coerceat,
3521 4278 3581 4327 ut

1954 4375 2059 4414 non
2105 4360 2331 4413 occidat.
2377 4365 2407 4413 7
2451 4361 2545 4414 Ad
2588 4364 2836 4417 Italicam
2876 4362 2941 4415 de
2977 4361 3211 4415 videndo
3259 4362 3361 4414 Deo
3408 4376 3469 4413 ac
3517 4361 3581 4414 dc

1959 4448 2115 4503 Urbis
2146 4448 2419 4502 obsidione
2450 4450 2656 4504 scribit.

1959 4540 2005 4589 1.
2057 4537 2199 4590 Cum
2238 4537 2522 4591 Honorius
2569 4544 2819 4592 extremo
2872 4537 3021 4591 maio
3074 4539 3253 4591 Roma
3298 4536 3584 4607 profectus

1884 4628 2047 4691 esset,
2081 4629 2309 4695 accepta
2333 4625 2493 4696 prius
2522 4625 2582 4679 in
2612 4624 3042 4679 matrimonium
3075 4625 3444 4679 Thermantia
3474 4625 3583 4680 Sti-

1884 4712 2128 4766 lichonis
2159 4716 2406 4768 secunda
2436 4714 2574 4781 ﬁlia,
2608 4713 3096 4784 quemadmodum
3128 4729 3278 4766 anno
3311 4717 3586 4769 trecente-

1886 4800 2029 4854 simo
2073 4802 2442 4871 nonagesimo
2491 4807 2684 4855 octavo
2726 4801 2958 4855 Mariam
2990 4801 3110 4871 ejus
3146 4805 3277 4855 natu
3312 4803 3585 4871 majorem

1888 4889 2126 4943 duxerat
2158 4906 2171 4943 :
2204 4890 2303 4944 ubi
2329 4889 2590 4943 Ticinum
2610 4888 2891 4959 pervenit,
2916 4888 3251 4960 gravissima
3281 4894 3474 4944 coorta
3499 4905 3585 4942 se-

1888 4976 2106 5031 ditione
2134 4977 2342 5031 milites
2373 4977 2678 5047 praecipuis
2709 4977 2941 5048 Imperii
2970 4978 3252 5048 praefectis
3282 4993 3478 5031 necem
3510 4980 3588 5031 at-

1887 5066 2070 5120 tulere
2104 5082 2117 5120 :
2151 5067 2312 5137 cujus
2342 5066 2576 5135 quidem
2610 5067 2887 5119 tumultus
2920 5066 3011 5120 hic
3052 5067 3239 5120 exitus
3278 5065 3406 5130 fuit,
3438 5068 3502 5117 ut
3528 5064 3589 5118 in

1888 5155 2117 5210 vincula
2145 5155 2523 5225 conjiceretur
2550 5155 2669 5225 ipse
2691 5154 2948 5221 Stilicho,
2974 5158 3030 5209 et
3054 5155 3335 5210 Ravean
3368 5151 3587 5207 decimo

1890 5244 2162 5297 kalendas
2187 5244 2535 5313 septembres
2562 5243 2697 5297 anni
2730 5241 3279 5314 quadringentesimi
3309 5240 3487 5295 octavi
3499 5242 3592 5310 ju-

1892 5332 2205 5401 gularetur.
2239 5332 2567 5402 Olympium
2590 5332 2891 5388 Stilichoni
2913 5331 3150 5386 exitium
3180 5344 3417 5394 creasse,
3443 5344 3590 5382 com-

1893 5419 2083 5472 munis
2114 5423 2196 5473 est
2218 5419 2623 5475 historicorum
2653 5437 2984 5485 consensus,
3009 5434 3255 5488 quorum
3275 5416 3437 5470 illum
3461 5434 3592 5487 pro-

1895 5514 2091 5578 pterea
2135 5508 2373 5565 laudant
2401 5508 2518 5577 alii,
2550 5509 2649 5563 alii
2687 5509 2977 5563 damnant.
3010 5505 3398 5563 Christianum
3426 5504 3591 5560 illum
