3912 6174
294 212 394 263 375

289 329 464 385 fuisse
493 329 668 384 tradit
695 329 1067 401 Augustinus,
1099 327 1200 399 qui
1237 331 1292 382 et
1330 326 1692 382 commendat
1719 325 1840 396 ejus
1869 325 1990 396 pie-

291 424 489 486 tatem,
541 435 782 489 eamque
828 434 932 489 pro
982 433 1115 470 vera
1157 434 1220 470 ac
1266 415 1446 470 solida
1475 415 1698 470 videtur
1727 413 1991 468 habuisse

293 508 492 577 (Epist.
531 511 618 573 96,
657 523 712 560 η.
752 511 770 560 1
809 511 856 560 et
884 507 1067 575 Epist.
1109 508 1196 572 9‘7,
1235 521 1290 558 η.
1342 505 1414 575 1).
1464 508 1597 560 Erat
1635 503 1688 557 ei
1735 519 1865 557 cum
1892 502 1991 556 illo

291 595 610 649 litterarum
638 593 989 648 consuetudo
1024 610 1036 647 :
1070 609 1242 665 quem
1271 594 1413 647 forte
1444 609 1510 647 ex
1538 591 1815 663 episcopis
1843 590 1994 645 Afri-

291 685 464 750 canis,
506 684 605 754 qui
651 683 815 737 illum
863 682 924 735 in
967 682 1097 736 aula
1137 682 1415 747 viderant,
1465 684 1636 751 atque
1668 680 1738 734 ad
1767 695 1994 750 promo-

289 773 471 826 venda
502 775 693 826 sancta
723 787 924 825 eorum
957 769 1199 823 concilia
1228 785 1582 839 propensum
1615 767 1834 839 experti
1862 767 1991 821 fue-

291 865 438 926 rant,
488 859 780 930 cognitum
827 857 1091 912 habebat.
1144 857 1391 910 Zosimus
1435 856 1542 925 illi,
1585 857 1631 910 si
1673 873 1804 910 vere
1849 855 1993 909 chri-

292 949 433 1002 stian
443 964 538 1001 um
555 947 810 1017 putabat,
827 945 1141 999 necessario
1159 945 1435 1012 infensus,
1458 946 1648 1015 ipsum
1671 945 1993 999 christiana":

289 1035 516 1106 pietatis
573 1034 770 1088 ofﬁciis
828 1033 1116 1088 assiduam
1178 1033 1400 1087 dedisse
1456 1049 1693 1104 operam
1749 1033 1989 1098 fatetur;

291 1123 548 1195 quamvis
579 1127 869 1176 externam
895 1124 1054 1176 illam
1074 1122 1324 1193 speciem
1336 1123 1642 1177 contendat
1667 1122 1720 1176 ei
1736 1138 1994 1191 personae

291 1215 412 1266 loco
443 1211 635 1278 fuisse,
669 1228 783 1282 qua
813 1215 871 1265 et
914 1211 1228 1281 nequitiam
1254 1215 1474 1281 tegeret
1503 1227 1687 1276 suam,
1720 1215 1776 1264 et
1807 1211 1991 1280 Impe-

290 1299 496 1354 ratoris
521 1300 875 1353 voluntatem
903 1299 973 1352 ad
1003 1315 1060 1352 se
1091 1298 1410 1369 pelliceret.
1445 1299 1602 1353 Idem
1635 1298 1827 1364 tradit,
1861 1314 1993 1352 eum

291 1388 467 1442 veluti
497 1388 747 1457 quodam
779 1386 1074 1457 religionis
1113 1387 1299 1440 ofﬁcio
1328 1390 1576 1456 aegrotos
1606 1386 1817 1440 milites
1846 1385 1992 1440 invi-

293 1493 415 1530 sere
443 1476 692 1530 solitum.
727 1474 898 1529 Addit
939 1480 1242 1545 praeterea,
1277 1474 1597 1530 Honorium
1634 1491 1736 1546 per
1767 1473 1994 1545 Imperii

295 1564 533 1620 discidia
560 1565 618 1618 in
643 1565 910 1634 precibus
939 1564 1102 1617 istius
1131 1564 1379 1635 Olympii
1403 1564 1671 1618 ﬁduciam
1699 1580 1860 1617 suam
1890 1563 1995 1616 col-

294 1655 503 1707 locasse
535 1653 815 1723 (Zosimus,
852 1655 1107 1707 Historia?
1146 1654 1280 1707 libro
1311 1652 1385 1723 5).
1422 1652 1653 1706 Vivente
1683 1651 1994 1706 Stilichone

288 1742 408 1812 jam
439 1745 558 1795 tum
583 1740 962 1810 amplissimos
981 1741 1226 1794 honores
1253 1740 1494 1810 adeptus
1521 1744 1670 1806 erat;
1706 1756 1772 1793 eo
1803 1744 1995 1794 autem

294 1846 438 1883 caeso
487 1829 746 1900 magistri
785 1828 1125 1896 ofﬁciorum,
1158 1845 1331 1900 quem
1362 1829 1459 1882 alii
1490 1829 1768 1900 majorem
1797 1827 1995 1899 palatii

293 1923 510 1981 vocant,
545 1918 881 1989 dignitatem
924 1917 1199 1980 obtinuit;
1237 1935 1300 1971 ac
1330 1917 1566 1972 tandem
1603 1917 1828 1988 primus
1881 1916 1994 1970 mi-

295 2006 471 2059 nister
500 2009 556 2059 et
574 2021 768 2060 rerum
795 2005 1109 2060 aulicarum
1141 2005 1352 2060 arbiter
1381 2009 1466 2059 est
1494 2006 1855 2059 constitutus.
1886 2008 1997 2059 Au-

293 2095 552 2166 gustinus
573 2111 706 2148 eum
730 2095 835 2148 hoc
855 2095 1071 2148 honore
1096 2093 1334 2164 dignum
1357 2093 1662 2147 arbitratus
1694 2098 1808 2147 est:
1835 2109 1994 2146 cum-

295 2199 405 2253 que
437 2198 553 2236 non
580 2183 872 2252 ignoraret
901 2181 1171 2235 divinitus
1200 2181 1391 2250 ipsum
1424 2181 1705 2246 didicisse,
1739 2197 1851 2235 non
1883 2183 1998 2236 alta

297 2285 515 2339 sapere,
562 2269 660 2322 sed
701 2268 1016 2322 humilibus
1059 2267 1383 2322 οωδθῑιῐίνθ
1425 2269 1621 2339 (Epist.
1670 2272 1759 2336 96,
1807 2285 1863 2324 η.
1925 2269 1994 2339 1),

297 2357 535 2410 minime
568 2356 848 2411 dubitavit
893 2357 1034 2427 quin
1065 2356 1370 2427 temporali
1411 2356 1679 2410 felicitate
1711 2357 1998 2428 sapienter

298 2447 369 2500 ad
400 2451 613 2500 acterna
637 2445 1019 2515 comparanda
1046 2445 1249 2497 merita
1273 2448 1555 2510 uteretur;
1581 2449 1658 2513 et,
1681 2460 1811 2498 cum
1833 2461 1998 2498 \erus

303 2538 449 2587 esset
479 2532 738 2588 Ecclesiae
769 2532 941 2601 ﬁlius,
991 2532 1043 2585 ei
1075 2549 1237 2586 suam
1267 2549 1499 2603 operam
1539 2533 1646 2586 hoc
1677 2533 1881 2603 majori
1909 2550 1995 2586 se-

303 2622 540 2675 dulitate
587 2621 963 2692 impenderet,
1010 2638 1122 2692 quo
1170 2622 1299 2691 plus
1337 2621 1397 2674 in
1428 2621 1674 2692 Imperio
1706 2621 1998 2676 obtinebat

302 2709 669 2764 auctoritatis.
703 2711 896 2780 Itaque
923 2709 1018 2762 ubi
1042 2709 1296 2779 primum
1317 2710 1440 2780 ejus
1459 2709 1748 2779 promotio
1769 2709 1830 2763 in
1849 2709 1997 2763 Afri-

301 2816 424 2851 cam
468 2799 730 2852 nuntiata
773 2803 876 2865 est,
921 2798 1165 2852 necdum
1212 2797 1385 2850 etiam
1426 2797 1507 2850 rei
1550 2798 1786 2851 veritate
1829 2799 1998 2868 plane

299 2891 612 2956 comperta,
643 2887 748 2940 hoc
770 2891 873 2952 est,
892 2891 957 2939 ut
973 2885 1205 2956 quidem
1232 2885 1470 2953 videtur,
1496 2885 1732 2940 ineunte
1754 2891 2002 2956 septem-

301 2975 390 3028 bri
418 2975 504 3028 vel
533 2974 782 3043 circiter,
801 2974 986 3028 eidem
1009 2974 1282 3030 Boniiacii
1303 2991 1533 3028 causam
1555 2976 1996 3031 commendavit.

369 3067 428 3118 2.
471 3063 568 3116 Hic
597 3062 917 3116 Bonifacius
947 3062 1214 3132 Cataquae
1244 3061 1307 3115 in
1338 3061 1605 3116 Numidia
1633 3063 1870 3117 forsitan
1894 3080 2001 3134 po-

300 3150 422 3204 sitas
482 3150 782 3220 episcopus
808 3191 822 3215 ,
862 3149 1038 3204 Paulo
1086 3150 1168 3203 illi
1212 3155 1575 3218 successerat,
1603 3150 1764 3221 cujus
1795 3151 2000 3222 agendi

302 3237 580 3290 rationem
609 3237 853 3291 vidimus
883 3238 953 3291 ab
984 3238 1303 3308 Augustino
1341 3239 1745 3309 reprehensam
1778 3240 1996 3309 (Supra,

301 3341 422 3394 cap.
458 3328 508 3391 3,
540 3341 597 3379 η.
631 3327 704 3397 2).
739 3326 946 3380 Paulus
975 3341 1148 3396 porro
1172 3341 1290 3379 non
1311 3326 1496 3379 solum
1526 3327 1806 3396 quosdam
1835 3344 1999 3398 agros

300 3414 544 3484 pecunia
586 3432 614 3468 a
659 3431 717 3469 se
757 3415 892 3468 ﬁsco
922 3414 1114 3470 debita
1144 3418 1360 3468 emerat
1389 3415 1493 3468 sub
1525 3414 1710 3468 alieno
1742 3414 1996 3486 nomine,

299 3519 494 3557 verum
541 3503 712 3558 etiam
753 3504 970 3558 fructus
1013 3519 1283 3574 agrorum
1325 3503 1557 3557 illorum
1601 3503 1706 3558 sub
1740 3505 1998 3559 Ecclesiae

301 3592 532 3646 nomine
548 3592 890 3664 percipiens,
913 3593 1360 3663 haudquaquam
1381 3592 1736 3662 pependerat
1767 3593 1994 3656 tributa,

300 3680 506 3751 quibus
524 3682 596 3735 ob
617 3681 848 3735 eosdem
879 3681 1012 3734 fisco
1044 3680 1326 3735 obnoxius
1353 3685 1498 3734 erat.
1541 3682 1617 3734 De
1647 3681 1736 3735 his
1767 3683 1996 3736 tributis

297 3769 688 3839 persolvendis
733 3770 1128 3839 interpellatus
1158 3769 1385 3822 videtur
1420 3785 1706 3822 successor
1737 3771 1858 3840 ejus
1895 3773 1994 3824 Bo-

299 3855 554 3910 nifacius.
590 3859 656 3910 Et
685 3857 779 3910 ille
811 3857 1043 3927 quidem
1074 3872 1204 3910 cum
1232 3861 1422 3925 posset
1452 3856 1879 3912 immunitatem
1927 3860 1995 3914 ab

300 3946 403 3998 hac
435 3961 657 3998 summa
683 3946 1094 4015 Imperatorem
1118 3960 1338 4014 rogare,
1371 3961 1435 3996 ac
1466 3944 1671 3998 deinde
1697 3945 1845 3999 bona
1866 3963 1995 4017 qum

298 4048 609 4103 praecessor
655 4032 834 4102 ipsius
863 4035 1309 4102 comparaverat,
1354 4037 1411 4084 et
1451 4031 1553 4084 sub
1606 4033 1862 4087 Ecclesiae
1891 4051 1994 4088 no-

299 4121 452 4175 mine
480 4121 774 4192 possidere
788 4121 910 4191 jam
931 4124 1198 4190 coeperat,
1228 4123 1642 4190 consequenter
1672 4121 1844 4176 etiam
1873 4121 1994 4192 ipse

297 4210 416 4264 sine
451 4211 563 4264 ulla
601 4209 1007 4280 disceptatione
1039 4208 1317 4275 retinere;
1347 4209 1604 4263 fraudem
1636 4213 1829 4264 tamen
1859 4210 1993 4265 ﬁsco

296 4299 500 4353 factam
530 4299 887 4353 dissimulare
918 4314 1032 4351 non
1061 4296 1348 4361 sustinuit,
1385 4301 1484 4351 aut
1530 4297 1788 4352 animum
1827 4316 1994 4354 suum

295 4388 400 4440 hac
426 4388 703 4458 religione
743 4385 899 4457 angi,
930 4391 992 4440 ut
1021 4385 1171 4439 bona
1202 4385 1330 4439 dolo
1362 4386 1512 4438 malo
1545 4392 1874 4457 comparata
1903 4404 1992 4442 re-

297 4473 522 4528 tineret.
554 4475 750 4544 Itaque
781 4490 893 4545 qua
921 4474 1142 4527 ratione
1168 4489 1256 4526 res
1286 4478 1516 4542 peracta
1549 4479 1716 4542 esset,
1749 4475 1996 4529 declara-

295 4561 409 4628 vit;
441 4565 495 4614 et
537 4562 870 4617 eorumdem
904 4577 1176 4632 agrorum
1207 4576 1376 4614 usum
1410 4561 1477 4614 ab
1510 4563 1856 4631 Imperatore
1886 4581 1992 4633 po-

297 4648 509 4717 poscit;
559 4649 734 4702 satius
781 4665 899 4703 esse
940 4650 1152 4704 ducens
1199 4665 1296 4702 eos
1343 4648 1661 4702 manifestae
1716 4651 1995 4722 Principis

298 4734 659 4805 benignitati,
693 4752 867 4806 quam
897 4737 1128 4790 occultas
1158 4735 1519 4805 przecessoris
1548 4735 1860 4806 iniquitati,
1902 4755 1990 4792 re-

300 4821 437 4874 ferri
467 4825 748 4891 acceptos.
801 4823 950 4886 Quin
988 4823 1095 4876 etsi
1124 4821 1496 4892 contingeret,
1519 4827 1584 4875 ut
1613 4824 1898 4892 repulsam
1927 4841 1995 4878 ea

297 4909 358 4962 in
389 4926 448 4963 re
478 4913 788 4980 pateretur,
819 4909 993 4964 servis
1025 4910 1124 4964 Dei
1153 4903 1358 4964 melius
1401 4925 1522 4962 esse
1548 4909 1836 4979 judicabat
1862 4911 1993 4965 ino-

295 4999 407 5068 piae
436 4998 690 5052 laborem
722 4999 982 5066 tolerare,
1016 5015 1187 5069 quam
1215 4999 1324 5052 sibi
1355 4997 1670 5052 necessaria
1697 5015 1825 5052 cum
1857 5015 1990 5053 con-

296 5087 532 5142 scientia
551 5086 768 5141 fraudis
790 5087 1066 5141 obtinere.
1091 5089 1213 5140 Jam
1233 5089 1303 5141 ab
1330 5087 1680 5158 Imperatore
1713 5089 1991 5158 quosdam

293 5177 582 5231 codicillos
638 5176 744 5230 hac
791 5176 858 5229 de
907 5193 967 5230 re
1014 5177 1357 5242 obtinuerat,
1404 5175 1576 5246 idque
1631 5181 1690 5230 ut
1746 5176 1988 5248 videtur,

292 5265 620 5337 Augustini,
651 5281 684 5319 a
715 5281 829 5336 quo
857 5265 1045 5319 fuerat
1073 5265 1335 5335 Olympio
1367 5266 1990 5333 commendatus,bene-

277 5354 422 5410 Jicio
456 5371 468 5409 :
503 5356 602 5410 sed
631 5360 824 5410 tamen
857 5371 946 5408 res
993 5371 1108 5409 non
1138 5355 1372 5408 omnino
1404 5371 1470 5408 ex
1500 5357 1677 5410 animi
1709 5358 1989 5412 sententia

292 5449 643 5514 processerat
678 5445 860 5516 (Ibid.,
909 5461 966 5500 η.
1000 5444 1069 5515 3).
1103 5445 1463 5517 Quapropter
1491 5462 1622 5500 eum
1652 5447 1712 5501 hi
1743 5447 1989 5503 codicilli

1531 204 1688 258 VITA
1728 205 1783 258 s.
1825 187 2212 260 A'UGUSTINI
2255 202 2583 257 EPISCOPI.
3694 203 3792 255 376

2092 325 2341 397 (minime
2361 325 2687 379 sufﬁcerent
2709 341 2721 378 :
2741 323 2809 378 iis
2836 323 2941 391 uti,
2967 339 3079 394 quo
3094 329 3287 395 posset
3306 323 3450 376 alios
3472 322 3796 392 impetrare,

2105 413 2288 468 noluit
2317 412 2662 468 Bonifacius.
2701 412 3083 477 Quamobrem
3103 410 3451 482 Augustinus
3477 411 3596 481 ejus
3620 411 3798 480 gratia

2105 501 2363 572 Olympio
2397 501 2640 571 scripsit,
2673 516 2918 571 eumque
2948 499 3186 571 rogavit,
3220 505 3282 553 ut
3313 499 3495 554 eidem
3535 498 3798 568 episcopo

2104 589 2174 642 ad
2202 587 2581 643 obtinendum
2602 588 2708 642 hoc
2725 588 3067 642 beneﬁcium
3087 587 3329 653 faveret;
3351 587 3437 640 vel
3457 587 3563 640 sibi
3581 603 3803 656 posses-

2104 677 2293 731 siones
2324 677 2450 731 illas
2487 677 2610 747 ipse
2651 680 2890 748 peteret,
2937 692 3078 747 quas
3107 680 3307 745 postea
3333 674 3668 746 Cataquensi
3701 675 3801 727 Ec-

2104 766 2287 820 clesia:
2309 766 2457 820 dono
2481 766 2659 820 daret.
2683 764 2986 835 Reperitur
3007 764 3065 818 in
3087 764 3408 819 Collatione
3435 763 3803 834 Cataquensis

2102 854 2256 908 illius
2296 854 2568 908 Bonifacii
2598 855 2812 908 mentio
2857 855 3069 920 (Collat.
3115 853 3377 919 Carthag.
3425 856 3474 919 1,
3505 869 3621 922 cap.
3661 855 3800 906 142;.

2105 944 2179 997 Ex
2211 959 2295 1008 ea,
2330 960 2502 1014 quam
2552 942 2612 996 in
2649 947 2767 996 toto
2817 942 2923 995 hoc
2974 941 3201 1012 negotio
3244 958 3362 1010 prae
3394 957 3451 992 se
3481 941 3633 1000 tulit.
3667 956 3802 992 con-

2104 1030 2352 1085 scientiaa
2413 1031 2761 1100 integritate,
2809 1029 2960 1084 haud
3007 1045 3310 1100 perperam
3365 1027 3799 1098 augurabimur,

2104 1136 2235 1173 eum
2261 1120 2452 1190 ipsum
2501 1135 2620 1173 esse
2655 1117 3006 1172 Bonifacium
3039 1136 3070 1172 a
3109 1117 3407 1172 mendacio
3437 1117 3803 1170 vehementer

2105 1210 2528 1273 abhorrentem,
2561 1209 2627 1263 ad
2658 1209 2818 1280 cujus
2857 1207 3258 1278 inquisitiones
3287 1207 3594 1278 respondet
3622 1211 3804 1276 Augu~

2105 1297 2287 1351 stinus
2314 1297 2508 1367 (Epist.
2553 1300 2641 1363 98,
2688 1313 2742 1350 η.
2793 1299 2850 1366 ’7)
2884 1313 2896 1350 :
2931 1296 3031 1368 qui
3062 1295 3230 1349 variis
3258 1295 3319 1349 in
3343 1296 3479 1349 locis
3509 1295 3579 1349 de
3612 1302 3801 1348 sancto

2104 1387 2278 1441 fratre
2318 1403 2418 1440 suo
2450 1384 2738 1440 Bonifacio
2770 1385 3023 1456 loquitur
3065 1386 3259 1454 (Epist.
3293 1387 3381 1451 97,
3415 1401 3470 1438 η.
3506 1387 3596 1454 3);
3641 1401 3708 1437 ac
3735 1390 3804 1437 te-

2106 1479 2285 1529 statur
2311 1473 2535 1540 alicubi,
2581 1474 2732 1544 apud
2757 1473 2920 1527 illum
2947 1490 3066 1527 sese
3095 1489 3246 1526 anno
3273 1472 3498 1526 circiter
3527 1472 3800 1544 quadrin-

2105 1563 2420 1635 gentesimo
2452 1562 2670 1616 decimo
2703 1566 2905 1633 quarto
2934 1561 3107 1615 fuisse
3136 1563 3332 1631 (Epist.
3366 1563 3485 1627 149,
3519 1577 3575 1614 n.
3611 1564 3686 1628 ‘2).

2177 1656 2228 1707 3.
2271 1651 2433 1716 Quod
2474 1667 2606 1704 vero
2656 1652 2872 1720 spectat
2906 1650 2978 1703 ad
3011 1649 3355 1720 quaestiones
3383 1648 3686 1714 Bonifacii,
3719 1649 3800 1702 ha:

2106 1740 2232 1794 duae.
2255 1743 2437 1794 erant.
2469 1738 2660 1792 Prima
2683 1738 2915 1807 scilicet,
2946 1741 3142 1791 utrum
3168 1741 3431 1808 parentes
3463 1736 3664 1790 liberis
3696 1737 3803 1791 suis

2104 1827 2373 1899 parvulis,
2407 1827 2634 1898 quando
2667 1843 2866 1880 eorum
2899 1826 3282 1880 sanandorum
3313 1842 3482 1879 causa
3509 1827 3602 1879 vel
3631 1842 3807 1880 reme-

2106 1916 2200 1970 dia
2228 1915 2622 1987 superstitiosa
2650 1915 2736 1968 vel
2767 1914 3028 1968 inanium
3065 1915 3304 1968 deorum
3333 1913 3609 1969 sacriﬁcia
3640 1914 3806 1969 adhi-

2105 2004 2266 2072 bent,
2295 2003 2627 2058 detrimenti
2655 2003 2948 2074 quidpiam
2975 2003 3216 2057 atferant
3246 2019 3259 2055 :
3291 2019 3430 2062 cum
3453 2009 3697 2074 negaret
3728 2004 3804 2057 in-

2105 2091 2362 2163 telligere
2413 2108 2491 2158 se,
2538 2091 2677 2162 quid
2720 2096 2886 2158 esset,
2919 2091 3075 2162 quod
3104 2091 3417 2145 infantibus
3449 2092 3519 2145 ad
3559 2092 3805 2145 viviﬁcas

2109 2180 2470 2252 Baptismatis
2511 2197 2685 2250 aquas
2733 2180 2935 2233 oblatis
2975 2183 3279 2250 parentum
3318 2180 3456 2233 ﬁdes
3478 2180 3804 2250 prodesset;

2108 2269 2155 2323 si
2173 2269 2406 2340 quidem
2433 2267 2514 2322 eis
2543 2268 2774 2322 illorum
2804 2267 3046 2338 perﬁdia
3068 2267 3211 2321 nihil
3239 2273 3466 2322 noceret
3489 2269 3698 2338 (Epist.
3724 2271 3802 2328 98,

2106 2374 2161 2413 η.
2215 2357 2283 2429 1).
2339 2357 2603 2411 Defendit
2645 2358 3019 2428 Augustinus,
3059 2355 3312 2427 parvulis
3343 2356 3709 2427 spiritualem
3740 2357 3805 2410 vi-

2107 2451 2225 2501 tam
2272 2445 2418 2516 eripi
2448 2462 2481 2498 a
2510 2444 2841 2514 parentibus
2870 2445 3028 2500 nullo
3060 2445 3231 2498 modo
3262 2461 3426 2516 posse
3463 2462 3477 2500 :
3509 2445 3650 2499 dein
3681 2445 3804 2499 locis

2108 2535 2448 2606 quibusdam
2469 2533 3245 2604 abstrusiorisintelligentiae
3267 2550 3334 2588 ex
3352 2534 3640 2605 Cypriane
3671 2535 3801 2605 peti-

2108 2624 2178 2677 tis
2207 2622 2533 2694 respondet.
2567 2622 2839 2677 Observat
2873 2626 3173 2692 praeterea,
3205 2622 3453 2676 infantes
3484 2622 3556 2677 ab
3588 2623 3662 2676 iis
3688 2623 3802 2693 qui-

2109 2713 2261 2780 dem,
2295 2728 2540 2783 quorum
2569 2715 2866 2782 gestantur
2894 2710 3179 2771 manibus,
3213 2711 3260 2764 si
3292 2726 3422 2764 vere
3448 2710 3652 2765 ﬁdeles
3682 2712 3802 2777 sint,

2110 2798 2298 2852 offerri
2329 2799 2398 2852 ad
2430 2798 2812 2869 Baptismum;
2844 2799 2939 2852 sed
2974 2798 3220 2852 maxime
3241 2803 3436 2852 tamen
3457 2799 3528 2852 ab
3550 2798 3802 2853 universa

2110 2890 2439 2939 sanctorum
2486 2889 2656 2955 atque
2705 2885 2962 2939 ﬁdelium
3010 2886 3295 2939 societate.
3345 2884 3408 2938 Id
3451 2890 3654 2940 autem
3684 2902 3800 2940 cum

2110 2973 2319 3028 sentire
2367 2973 2688 3026 Bonifacius
2731 2973 3044 3040 videretur,
3090 2974 3357 3044 parvulos
3412 2974 3484 3026 ab
3539 2974 3798 3044 originali

2110 3062 2334 3115 macula
2362 3077 2476 3115 non
2507 3061 2744 3133 expiari,
2777 3061 2888 3115 nisi
2918 3061 2987 3116 ab
3020 3067 3263 3132 utroque
3292 3065 3602 3132 parentum
3637 3062 3706 3116 ad
3734 3079 3805 3115 sa-

2109 3149 2366 3203 lutiferas
2399 3165 2577 3220 aquas
2607 3149 2852 3218 delatos,
2903 3149 2958 3203 ei
3003 3149 3359 3220 Augustinus
3388 3166 3554 3221 posse
3586 3167 3805 3222 quoque

2109 3237 2238 3292 illos
2284 3255 2318 3292 a
2363 3239 2712 3310 quibuslibet
2753 3237 2942 3292 offerri
2982 3255 3048 3292 ex
3096 3238 3377 3292 constanti
3409 3239 3676 3293 Ecclesim
3711 3256 3803 3293 usu

2110 3326 2481 3381 demonstrat.
2503 3327 2695 3381 Altera
2723 3327 2996 3381 Bonifacii
3027 3327 3268 3397 quaestio
3291 3331 3432 3392 erat,
3457 3344 3575 3398 qua
3597 3329 3804 3382 ratione

2108 3415 2461 3486 parentibus,
2505 3415 2643 3486 dum
2693 3416 2762 3470 ad
2818 3432 3002 3469 sacros
3045 3417 3232 3470 fontes
3281 3417 3546 3486 parvulos
3587 3418 3804 3482 sistunt,

2110 3519 2205 3558 eos
2234 3504 2483 3570 credere,
2516 3503 2767 3575 itemque
2795 3505 2865 3559 ad
2891 3504 3049 3570 alias,
3081 3521 3210 3575 quae
3235 3503 3359 3558 ﬁeri
3391 3505 3602 3571 solent,
3636 3505 3803 3559 inter-

2108 3591 2451 3662 rogationes,
2511 3593 2853 3663 respondere
2904 3593 3070 3647 liceat
3123 3592 3309 3662 (Ibid.,
3352 3609 3408 3646 η.
3463 3596 3537 3661 7).
3595 3595 3725 3647 Htec
3759 3593 3803 3645 ei

2109 3683 2374 3751 quaestio,
2401 3687 2702 3751 propterea
2732 3682 2888 3752 quod
2932 3699 2964 3735 a
2991 3681 3290 3736 mendacio
3320 3683 3570 3736 multum
3604 3683 3800 3736 abhor-

2109 3770 2289 3836 rebat,
2319 3769 2617 3824 videbatur
2648 3770 2911 3825 difﬁcilis.
2961 3770 3346 3840 Augustinum
3387 3770 3449 3824 in
3492 3770 3801 3825 litterarum

2107 3857 2258 3911 calce
2299 3858 2554 3927 rogabat,
2587 3862 2652 3912 ut
2697 3858 2812 3912 suis
2842 3858 3296 3912 dubitationibus
3333 3859 3723 3930 responderet,
3751 3859 3802 3911 in

2108 3946 2165 4001 id
2189 3962 2305 4000 non
2335 3947 2455 4000 sola
2482 3947 2909 4001 consuetudinis
2939 3947 3296 4013 auctoritate,
3326 3948 3426 4001 sed
3456 3948 3802 4017 argumentis

2108 4051 2172 4088 ex
2213 4035 2336 4105 ipsa
2365 4035 2584 4089 ratione
2610 4035 2886 4090 adductis.
2917 4036 3032 4105 Ipsi
3061 4035 3236 4106 igitur
3257 4040 3320 4089 ut
3340 4038 3635 4090 cumulate
3656 4039 3799 4090 satis-

2107 4124 2275 4178 faciat
2313 4123 2688 4194 Augustinus,
2722 4141 2856 4178 usus
2885 4124 3246 4179 ecclesiastici
3277 4125 3587 4189 rationem,
3623 4125 3800 4197 quoad

2107 4216 2230 4264 erat
2259 4227 2574 4277 necessum,
2609 4213 2862 4282 exponit.

2177 4301 2228 4353 4.
2263 4299 2400 4363 Qua:
2443 4299 2771 4354 Stilichonis
2821 4315 3016 4354 casum
3064 4300 3124 4354 in
3172 4300 3301 4354 aula
3333 4306 3653 4356 consecutus
3685 4306 3803 4354 sunt

2107 4388 2310 4453 turbae,
2345 4388 2562 4442 easdem
2593 4388 2731 4442 alias
2766 4405 2995 4460 quoque
3027 4387 3088 4442 in
3116 4389 3381 4443 Africana
3415 4389 3664 4443 Ecclesia
3689 4396 3801 4443 tur-

2107 4475 2206 4528 bas
2228 4477 2497 4530 continuo
2517 4482 2884 4547 pepererunt.
2911 4478 3168 4549 Namque
3189 4477 3405 4548 Pagani
3425 4483 3484 4532 et
3502 4479 3802 4533 Donatista:

2106 4565 2261 4634 leges
2289 4565 2512 4619 vivente
2541 4565 2850 4620 Stilichone
2879 4567 3021 4620 latas
3050 4583 3180 4620 cum
3213 4584 3279 4620 eo
3311 4565 3483 4620 simul
3510 4566 3800 4621 exstinctas

2106 4653 2297 4724 palam
2332 4655 2625 4724 jactabant
2673 4654 2872 4724 (Epist.
2910 4660 2997 4721 97,
3030 4672 3084 4710 η.
3113 4658 3163 4722 2,
3198 4660 3248 4708 ct
3266 4657 3445 4724 Epist.
3484 4658 3609 4721 100,
3639 4672 3694 4709 n.
3725 4655 3798 4724 ‘2);

2106 4746 2304 4811 utpote
2335 4758 2464 4812 qua:
2491 4743 2610 4796 sola
2635 4743 2870 4814 hujusce
2904 4743 3152 4798 ministri
3170 4744 3534 4813 auctoritate,
3571 4746 3804 4814 Impera-

2106 4833 2227 4884 tore
2283 4828 2462 4884 inscio
2510 4834 2608 4885 aut
2644 4831 2819 4886 etiam
2862 4831 3065 4902 invito,
3104 4833 3483 4903 promulgata:
3536 4832 3797 4895 fuissent;

2106 4922 2275 4988 atque
2317 4919 2459 4973 adeo
2498 4919 2620 4989 jam
2658 4919 2805 4974 nihil
2849 4921 3036 4974 valere
3067 4937 3160 4974 eas
3191 4919 3536 4988 sanctiones,
3569 4937 3696 4992 quae
3720 4919 3800 4973 vel

2105 5008 2173 5060 ad
2224 5008 2521 5062 haereticos
2563 5008 2960 5079 reprimendus
2989 5010 3078 5063 vel
3107 5009 3177 5063 ad
3208 5008 3360 5062 idola
3389 5008 3800 5080 contriugenda

2101 5094 2458 5164 pertinerent
2488 5112 2500 5148 :
2535 5096 2675 5167 quin
2705 5096 2878 5151 etiam
2904 5098 3132 5168 vulgata
3153 5096 3263 5151 fuit
3283 5112 3316 5150 a
3339 5096 3647 5151 Donatistis
3670 5095 3801 5149 falsa

2103 5185 2367 5254 quaedam
2391 5185 2625 5239 Honorii
2642 5172 2700 5239 id
2731 5203 2932 5240 eorum
2954 5186 3201 5257 gratiam
3223 5185 3589 5256 indulgentia
3609 5186 3794 5254 (Epist.

2105 5274 2224 5338 105,
2267 5290 2320 5327 n.
2368 5275 2438 5342 6).
2478 5274 2620 5328 Vani
2666 5275 3069 5345 hujuscemodi
3113 5291 3376 5329 rumores
3423 5273 3493 5327 ab
3546 5272 3798 5328 Ecclesia:

2103 5360 2435 5414 adversariis
2479 5363 2659 5432 sparsi
2701 5363 3099 5434 dissipatique,
3129 5367 3303 5418 totam
3334 5362 3581 5417 Africam
3615 5361 3795 5414 subito

2100 5454 2488 5519 pervaserunt,
2541 5455 2595 5506 et
2640 5452 2903 5523 ingentes
2947 5453 3158 5524 ubique
3199 5453 3480 5507 tumultus
3519 5451 3704 5515 edere,
3735 5465 3794 5502 ac
