3912 6174
149 265 203 313 77
1548 268 1761 327 LIBER
1802 270 2096 327 SEXTUS.
3455 279 3556 331 378

120 384 297 439 animos
331 382 579 437 adversus
609 383 889 439 antistites
917 384 997 439 ita
1025 386 1309 441 concitare
1340 396 1651 459 coeperunt,
1689 396 1751 445 ut

123 474 184 527 illi
215 472 271 527 de
303 472 468 525 salute
510 488 608 525 sua
649 489 764 526 non
796 479 983 528 essent
1012 475 1128 529 ullo
1170 476 1341 530 modo
1372 479 1575 532 securi.
1606 482 1749 535 Tum

122 576 247 632 porro
274 559 443 613 necati
474 565 597 614 sunt
629 576 658 612 a
690 561 932 631 Paganis
963 567 1061 616 aut
1098 564 1382 617 haereticis
1420 582 1615 620 mense
1646 565 1747 619 cir-

125 651 224 702 citer
243 649 528 719 septembri
565 649 801 703 Severus
842 655 897 704 et
923 650 1195 705 Macarius
1226 669 1238 706 :
1266 653 1503 707 Evodius
1535 659 1746 722 autem,

126 737 332 792 Theasins
365 754 426 791 ac
462 738 643 791 Victor
684 739 937 810 episcopi
977 740 1308 795 verberibus
1346 759 1410 795 ac
1448 744 1631 814 plagis
1662 761 1751 798 ex-

124 827 227 897 cepti
252 827 393 881 fuere
417 828 626 899 (Codice
646 830 1139 896 CanonumAfric.,
1157 846 1274 885 can.
1305 832 1440 901 106).
1466 832 1752 902 Appendi-

120 914 173 968 cis
195 914 251 968 ad
284 914 521 969 codicem
557 917 1011 972 Theodosianum
1053 919 1275 973 decima
1304 926 1507 991 quarta
1546 921 1753 975 consti-

116 1006 220 1058 tutio
246 1005 285 1058 si
316 1011 429 1059 tota
456 1006 527 1060 ad
557 1023 640 1072 ea,
663 1024 790 1078 qua:
822 1025 924 1079 per
945 1010 1188 1064 Africam
1220 1026 1283 1063 eo
1307 1016 1561 1080 tempore
1593 1016 1752 1081 gesta

110 1098 225 1157 sunt,
260 1099 487 1163 spectat;
523 1096 603 1149 ibi
638 1098 939 1151 manifesto
990 1099 1178 1153 videre
1221 1104 1304 1153 est
1352 1100 1749 1170 episcoporum

111 1182 220 1235 alios
240 1198 333 1253 per
357 1184 469 1237 vim
499 1200 566 1239 ex
593 1186 709 1239 suis
730 1188 966 1250 aedibus,
988 1188 1104 1241 imo
1130 1189 1303 1243 etiam
1331 1206 1359 1243 e
1383 1190 1611 1260 templis
1631 1190 1751 1245 abs—

110 1274 288 1339 tractos,
315 1288 373 1325 ac
403 1272 637 1327 diversis
666 1274 899 1345 insuper
937 1277 1229 1347 suppliciis
1266 1278 1499 1331 allectos
1528 1278 1700 1332 fuisse
1734 1295 1747 1333 :

107 1359 214 1413 alios
234 1376 349 1415 vero
377 1360 560 1415 minus
594 1363 824 1432 quidem
855 1365 1181 1432 crudeliter,
1214 1366 1311 1420 sed
1343 1366 1527 1437 magis
1555 1373 1752 1421 contu-

107 1447 292 1503 meliose
338 1454 625 1518 tractatos;
682 1452 895 1523 quippe
954 1454 1163 1524 quibus
1215 1455 1553 1525 capillorum
1618 1474 1750 1527 pars

106 1536 272 1603 evulsa,
302 1543 353 1591 et
378 1540 549 1593 variae
576 1540 637 1593 in
666 1541 989 1595 christianae
1023 1542 1159 1596 Iidei
1186 1545 1465 1613 probrum
1494 1561 1557 1599 ac
1584 1546 1750 1599 dede-

106 1640 177 1676 cus
207 1624 360 1680 illata:
396 1633 530 1682 sunt
569 1628 795 1699 injuria:
834 1646 847 1682 :
882 1634 1053 1700 atque
1100 1631 1221 1685 haec
1259 1633 1491 1702 scelera,
1523 1633 1750 1688 tametsi

107 1712 341 1768 mediisin
372 1715 603 1769 urbibus
630 1723 951 1788 perpetrata
982 1718 1421 1789 magistratuum
1462 1722 1750 1792 cognitio-

104 1817 205 1855 nem
238 1803 416 1873 fugere
454 1821 573 1859 non
604 1811 889 1875 poterant,
923 1807 1095 1860 nullis
1130 1813 1321 1862 tamen
1367 1810 1554 1879 poenis
1592 1826 1749 1864 coer-

105 1888 269 1943 citaab
299 1891 405 1945 illis
444 1908 592 1964 esse,
636 1909 701 1947 ac
745 1910 818 1949 ne
853 1894 1088 1966 quidem
1124 1896 1347 1965 perlata
1386 1896 1448 1951 in
1488 1898 1751 1952 notitiam

105 1977 429 2048 Imperatoris.

156 2070 197 2120 ὅ.
226 2069 308 2121 His
341 2071 587 2140 permoti
610 2070 670 2124 in
712 2072 1141 2143 Carthaginensi
1172 2074 1385 2144 synodo
1416 2074 1688 2145 episcopi,
1722 2091 1751 2129 e

104 2170 180 2207 suo
197 2158 412 2227 collegio
436 2160 794 2214 Florentium
815 2177 879 2214 ac
900 2161 1245 2215 Restitutum
1268 2162 1436 2216 tertio
1454 2163 1581 2217 idus
1603 2169 1754 2217 octo-

103 2242 189 2296 bris
226 2244 277 2299 in
311 2248 491 2301 aulam
545 2249 818 2303 adversus
864 2248 1194 2304 idololatras
1238 2254 1409 2321 atque
1453 2252 1751 2306 ha-reticos

102 2330 404 2389 destinarant
445 2336 659 2405 (Ibid).
706 2338 817 2391 Nec
860 2338 1086 2392 videtur
1130 2339 1286 2392 aliud
1333 2339 1587 2394 inuuisse
1634 2344 1748 2395 Au-

102 2422 329 2491 gustinus,
375 2441 503 2480 cum
546 2426 619 2480 ab
663 2427 945 2497 episcopis
992 2428 1059 2482 ad
1113 2430 1524 2498 Imperatorem
1562 2430 1750 2484 missis

103 2508 289 2565 indicari
323 2530 481 2583 posse
521 2514 698 2568 tradit
736 2515 887 2570 viam
924 2515 1177 2587 aliquam
1218 2517 1308 2571 his
1350 2517 1515 2571 malis
1554 2535 1749 2572 occur-

102 2599 241 2663 rendi,
284 2608 445 2671 prout
494 2603 796 2657 communi
836 2605 1182 2675 collegarum
1224 2606 1458 2659 consilio
1506 2606 1750 2677 diligen-

104 2684 186 2738 tius
216 2688 578 2746 deliberatum
618 2693 825 2757 fuerat,
860 2704 1144 2763 quantum
1189 2694 1464 2765 temporis
1506 2696 1747 2766 permit-

101 2774 217 2829 tebat
263 2782 514 2849 angustia
573 2784 775 2851 (Epist.
825 2786 913 2849 97,
962 2799 1017 2836 η.
1076 2785 1123 2849 3)
1183 2802 1199 2837 :
1258 2783 1365 2837 sibi
1418 2800 1549 2837 vero
1617 2801 1753 2839 con-

101 2862 247 2917 silium
267 2882 383 2921 cum
405 2870 518 2923 illis
543 2870 971 2924 communicare
991 2886 1108 2925 non
1129 2870 1355 2925 licuisse
1382 2873 1570 2941 (Ibid,
1590 2889 1647 2926 η.
1672 2874 1749 2935 2).

100 2948 268 3013 Quibus
294 2957 468 3011 verbis
490 2959 932 3029 Carthaginensi
953 2959 1036 3013 illi
1062 2960 1298 3030 synodo,
1324 2977 1497 3031 quam
1524 2962 1753 3030 provin-

100 3039 255 3096 cialem
284 3048 495 3101 tantum
529 3047 706 3102 fuisse
746 3048 880 3102 satis
917 3048 1225 3103 verisimile
1265 3054 1366 3116 est,
1400 3049 1588 3120 ipsum
1630 3067 1749 3105 non

100 3126 369 3188 interfuisse
396 3137 741 3191 declaratur.
769 3137 949 3193 Simul
972 3138 1147 3193 etiam
1174 3139 1418 3192 afﬁrmat
1444 3138 1589 3192 bene
1610 3141 1756 3193 mul-

102 3224 168 3269 tos
192 3223 446 3278 antistites
467 3226 697 3295 ingenti
727 3226 823 3280 illo
854 3226 1113 3280 Ecclesiae
1134 3226 1385 3292 tumultu
1415 3242 1479 3279 ac
1508 3228 1754 3297 trepida-

100 3304 237 3374 tione,
264 3316 318 3364 nt
344 3312 399 3366 in
428 3316 627 3367 aulam
658 3315 1090 3381 contenderent,
1126 3332 1189 3368 ac
1217 3315 1631 3385 propemodum
1664 3316 1750 3369 fu-

100 3405 280 3467 gerent,
322 3407 539 3456 coactos
595 3403 775 3471 (Ibid)
813 3422 829 3457 :
870 3420 1001 3457 cum
1044 3404 1105 3457 lii
1150 3405 1349 3473 procul
1401 3403 1600 3473 dubio,
1654 3404 1754 3475 qui

101 3486 396 3543 vexabantur
424 3492 700 3560 atrocius,
728 3509 847 3546 sese
872 3493 1073 3563 legatis
1104 3491 1306 3562 synodi
1335 3492 1748 3561 adjunxissent.

100 3571 132 3623 li
148 3574 303 3629 Roma
321 3580 565 3634 transire
592 3580 1021 3635 constituerant.
1048 3583 1263 3635 Horum
1288 3581 1521 3652 quidem
1542 3581 1754 3635 incom-

99 3664 355 3721 modorum
380 3669 438 3723 in
467 3670 737 3741 epistola,
767 3686 941 3741 quam
969 3671 1039 3725 ad
1070 3670 1397 3741 Olympium
1429 3670 1497 3723 de
1528 3670 1750 3724 Bonifa-

97 3752 162 3802 cio
188 3755 464 3826 scripserat
492 3759 874 3829 Augustinus,
903 3760 1062 3813 nulla
1100 3760 1283 3812 fuerat
1312 3760 1459 3813 facta
1489 3759 1709 3812 mentio
1736 3776 1749 3826 ;

98 3840 295 3897 necdum
323 3847 472 3901 enim
504 3848 609 3901 illa
646 3848 950 3919 contigisse
980 3849 1257 3904 audierat.
1289 3848 1399 3902 Sed
1436 3864 1565 3901 cum
1599 3854 1751 3918 post-

97 3942 147 3979 ea
169 3929 357 3988 litteras
387 3936 643 4007 Olympii
681 3937 1009 4007 accepisset,
1052 3954 1185 3991 eum
1220 3938 1368 3990 ultro
1400 3937 1751 4006 compellan-

96 4016 167 4083 υδ,
202 4026 254 4073 αὶ
287 4023 351 4078 de
389 4026 565 4079 rebus
606 4025 866 4079 Ecclesia:
905 4026 1200 4079 commodo
1241 4025 1598 4093 necessariis,
1640 4042 1753 4096 quo

98 4113 421 4173 procurandis
458 4114 578 4168 illis
617 4131 851 4185 operam
890 4131 1098 4168 navare
1129 4130 1289 4167 suam
1330 4119 1541 4184 posset,
1576 4114 1645 4167 ab
1687 4130 1753 4169 eo

96 4198 262 4251 certior
280 4202 434 4257 ﬁeret
456 4202 608 4271 (Ibid
617 4244 654 4272 .,
676 4220 730 4257 η.
758 4202 811 4273 l)
836 4220 849 4257 :
876 4207 1263 4275 opportunam
1285 4202 1515 4255 tandem
1539 4200 1754 4272 episco-

96 4298 153 4350 po
174 4286 350 4342 Severo
378 4297 725 4361 procurante
754 4292 1116 4346 occasionem
1148 4294 1346 4345 nactus
1373 4291 1555 4360 (Ibid,
1586 4306 1639 4343 n.
1678 4293 1746 4359 3),

96 4374 353 4433 Milevitani
381 4381 598 4434 scilicet
638 4380 974 4452 presbyteri,
1008 4381 1109 4451 qui
1137 4382 1379 4450 urgente
1420 4378 1750 4433 necessitate

95 4474 176 4526 pro
214 4466 374 4520 salute
419 4470 559 4522 civis
588 4471 677 4523 sui
714 4470 783 4523 ad
823 4470 949 4523 illas
988 4474 1180 4539 partes
1220 4466 1525 4538 proﬁcisci,
1567 4483 1749 4537 quan-

94 4564 235 4616 quam
263 4556 442 4610 media
471 4558 686 4624 hieme,
717 4558 1183 4628 compellebatur,
1211 4574 1276 4611 eo
1306 4572 1441 4610 usus
1468 4560 1551 4609 est
1579 4555 1753 4609 tabel-

96 4635 226 4705 lario,
255 4648 313 4696 ut
335 4646 639 4715 epistolam
668 4648 906 4701 alteram
929 4646 1194 4717 Olympio
1215 4645 1483 4709 mitteret,
1511 4660 1624 4715 qua
1645 4643 1747 4709 illi,

94 4740 234 4793 quam
276 4736 656 4789 necessarium
702 4740 847 4789 esset
900 4735 1158 4790 Ecclesia:
1218 4735 1497 4788 Africana:
1561 4734 1749 4804 praesi-

92 4811 237 4884 dium,
266 4823 411 4890 quod
440 4824 627 4877 eidem
658 4824 729 4877 ab
754 4823 878 4895 ipso
910 4828 1114 4894 sponte
1144 4824 1398 4878 oblatum
1430 4824 1635 4889 fuerat,
1661 4840 1783 4902 ex:

89 4905 239 4968 ponit.
271 4910 331 4963 In
358 4910 457 4965 illo
507 4917 790 4982 quantum
816 4912 1042 4966 ﬁducia:
1079 4916 1404 4983 reponeret,
1450 4928 1517 4965 ea
1547 4928 1607 4965 re
1649 4911 1748 4965 de-

90 5000 351 5064 monstrat,
392 5001 546 5070 quod
584 5016 699 5054 non
741 5000 962 5055 dubitet
1006 5000 1178 5054 simul
1218 4999 1746 5067 commonitorium,

87 5094 176 5147 quo
200 5084 325 5153 quid
352 5089 639 5159 agendum
670 5094 926 5144 censeret
955 5090 1291 5160 explicabat,
1317 5090 1386 5143 ad
1409 5105 1541 5142 eum
1563 5091 1750 5158 perfe-

86 5171 291 5227 rendum
321 5177 475 5241 dare,
509 5179 661 5249 quod
708 5179 1005 5250 episcopis,
1049 5183 1426 5249 posteaquam
1466 5178 1525 5231 in
1558 5178 1749 5231 aulam

87 5264 431 5332 pervenerint,
494 5268 691 5322 reddat
747 5269 933 5339 (Ibid,
977 5284 1032 5322 η.
1086 5270 1159 5333 4).
1222 5267 1443 5321 Etenim
1511 5266 1751 5336 putabat

88 5342 203 5413 fore,
231 5355 288 5403 ut
316 5352 397 5406 illi
425 5370 459 5407 a
486 5356 843 5426 presbytero,
866 5372 1195 5428 quanquam
1227 5354 1418 5409 itineri
1450 5354 1670 5425 priores
1691 5371 1749 5407 se

89 5430 358 5508 dedissent,
404 5449 902 5512 praeverterentur.
963 5446 1049 5499 Sic
1115 5450 1307 5499 tamen
1361 5443 1593 5498 consilia
1648 5460 1749 5495 sua

87 5524 293 5592 confert,
333 5536 397 5583 ut
435 5531 641 5601 quibus
674 5532 780 5586 viis
818 5533 1085 5588 Ecclesiae
1132 5532 1351 5587 consuli
1387 5529 1748 5586 commodius

1861 393 2060 463 possit,
2091 393 2431 465 praesulibus
2476 394 2679 449 iisdem
2708 394 2994 466 relinquat
3023 396 3450 467 exponendum.
3488 401 3561 451 At

1858 498 1990 535 vero
2022 482 2184 553 petit,
2228 483 2504 553 obsecrat,
2536 483 2776 555 flagitat,
2816 488 2879 537 ut
2916 483 3036 555 ipse
3077 484 3317 555 publicis
3354 502 3555 556 quam-

1859 571 2108 641 primum
2141 571 2495 625 documentis
2521 572 2789 638 declaret,
2828 572 3002 641 leges,
3033 589 3161 643 quae
3188 571 3250 625 in
3280 574 3555 643 Paganos,

1856 659 2268 730 haereticosque
2319 660 2625 730 proposita:
2666 660 2912 722 fuerant,
2955 661 3025 714 ab
3066 662 3412 731 lmperatore
3458 676 3557 712 vo-

1858 748 2010 801 lente
2055 766 2116 802 ac
2164 748 2372 802 sciente
2416 748 2588 802 fuisse
2637 748 2939 819 profectas,
2990 766 3094 803 nec
3146 748 3387 820 proinde
3434 747 3559 801 illas

1858 836 2185 890 Stilichonis
2234 841 2417 890 morte
2460 837 2710 907 potuisse
2741 838 3039 907 abrogari;
3075 854 3265 907 operae
3306 837 3557 907 pretium

1860 942 2002 993 esse,
2032 931 2097 979 ut
2126 926 2247 979 sine
2280 926 2395 979 ulla
2426 926 2933 995 procrastinatione
2966 927 3019 980 id
3044 926 3163 991 ﬁat,
3188 943 3291 979 nec
3312 927 3558 980 adventu

1860 1013 2094 1085 quidem
2114 1014 2507 1085 episcoporum
2534 1014 2592 1067 in
2616 1015 2805 1068 aulam
2834 1020 3155 1085 exspectato
3174 1015 3366 1083 (Ibid,
3392 1031 3447 1067 η.
3474 1013 3555 1084 3);

1858 1104 2161 1170 propterea
2184 1101 2334 1170 quod
2368 1117 2433 1153 ea
2455 1100 2705 1169 procella
2734 1100 2790 1153 in
2824 1100 3020 1153 salutis
3042 1101 3360 1170 periculum
3386 1100 3560 1153 addu-

1858 1192 2123 1242 cerentur
2167 1188 2385 1242 infirmi
2424 1189 2766 1259 complures,
2819 1190 3026 1259 quibus
3074 1206 3177 1260 per
3222 1189 3367 1242 vires
3425 1188 3559 1241 ﬁdei

1859 1277 2115 1331 nondum
2136 1277 2340 1330 licebat
2365 1294 2537 1346 supra
2559 1278 2809 1330 humana
2832 1294 2949 1330 sese
2979 1279 3253 1332 attollere.
3284 1280 3405 1348 Ipse
3427 1293 3558 1330 vero

1858 1382 1972 1437 qua
2000 1366 2219 1419 ratione
2246 1365 2598 1419 difﬁcillimis
2628 1366 2779 1419 hisce
2810 1367 3164 1437 temporibus
3194 1356 3383 1419 animo
3411 1382 3560 1418 com-

1857 1460 2090 1526 paratus
2120 1454 2313 1521 fuerit,
2344 1455 2588 1524 explicat
2608 1454 2667 1508 in
2698 1456 2852 1508 hunc
2884 1455 3120 1508 modum
3148 1456 3413 1509 :Mullum
3433 1470 3561 1507 sane

1858 1543 1924 1596 de
1967 1543 2343 1610 quorumdam,
2390 1558 2559 1611 neque
2598 1558 2897 1611 paucorum
2938 1543 3044 1611 ﬁde
3084 1546 3242 1610 ﬁrma
3282 1547 3330 1595 et
3373 1541 3562 1594 stabili

1856 1632 2220 1697 gratulamur,
2254 1633 2350 1699 qui
2370 1647 2435 1684 eae
2458 1634 2732 1685 occasione
2754 1633 2926 1699 legum
2950 1634 3195 1700 ipsarum
3217 1630 3290 1684 ad
3310 1629 3563 1684 christia-

1857 1736 1984 1773 nam
2014 1720 2326 1785 religionem
2354 1721 2436 1772 vel
2462 1721 2781 1773 catholicam
2798 1736 2984 1788 pacem
3016 1722 3257 1773 conversi
3286 1724 3441 1783 sunt;
3463 1732 3563 1786 pro

1859 1824 2085 1877 quorum
2123 1810 2298 1862 salute
2344 1810 2671 1877 semIJiterna
2702 1823 2794 1863 nos
2842 1811 2898 1861 in
2932 1810 3031 1863 hac
3080 1809 3363 1877 temporali
3400 1810 3564 1861 etiam

1853 1898 2161 1967 periclitari
2189 1897 2435 1951 delectat.
2470 1899 2761 1966 Propterea
2798 1899 2939 1951 enim
2967 1899 3204 1951 mawime
3231 1896 3298 1950 ab
3328 1897 3561 1949 homini~

1861 1987 1957 2041 bus
1988 1986 2215 2040 nimium
2249 1986 2486 2055 dareque
2510 1988 2800 2055 perversis,
2827 2002 2965 2039 nunc
2994 1987 3410 2039 inimicitiarum
3431 1999 3560 2052 gra-

1859 2078 2031 2131 viores
2061 2078 2291 2145 impetus
2336 2077 2661 2129 sustinemus
2692 2075 2877 2144 (Ibid,
2918 2091 2974 2129 η.
3004 2076 3081 2145 4).
3115 2072 3381 2138 Quamvis
3410 2088 3559 2125 asse-

1859 2169 1949 2219 rat
1977 2164 2329 2234 Augustinus
2384 2164 2683 2234 epistolam
2736 2164 2892 2216 illam
2939 2179 3101 2216 suam
3145 2162 3333 2216 media
3372 2161 3561 2214 hieme

1860 2259 2148 2308 exaratam
2185 2254 2366 2321 (Ibid,
2410 2270 2463 2307 n.
2517 2254 2606 2323 22);
2656 2268 2771 2305 non
2816 2252 3023 2305 desunt
3065 2255 3259 2305 tamen
3299 2250 3399 2321 qui
3439 2250 3563 2320 ejus

1860 2360 2030 2397 causa
2061 2344 2277 2413 (procul
2310 2342 2485 2396 dubio
2518 2348 2732 2411 quanta
2763 2340 2921 2393 licuit
2962 2340 3262 2411 diligentia
3303 2339 3559 2409 perlatas)

1859 2434 2074 2486 factum
2099 2436 2387 2497 censeant,
2428 2436 2490 2483 ut
2521 2431 2708 2501 legem
2746 2429 2851 2483 hoc
2880 2429 3002 2499 ipso
3042 2445 3193 2482 anno
3234 2434 3430 2482 octavo
3461 2428 3561 2480 ka-
3613 2424 3627 2438 '

1861 2522 2059 2575 lendas
2101 2521 2429 2575 decembres
2459 2520 2673 2584 datam,
2722 2535 2786 2571 ac
2820 2520 3038 2572 Donato
3081 2518 3138 2571 id
3188 2516 3464 2587 temporis
3506 2516 3560 2569 in

1860 2610 2047 2663 Africa
2076 2609 2476 2680 proconsulem
2508 2607 2701 2678 agenti
2738 2602 3071 2677 inscriptam
3105 2607 3308 2675 (Codice
3342 2606 3563 2670 Theod,

1861 2698 1927 2751 de
1958 2700 2251 2762 Hareticis,
2287 2699 2396 2763 lege
2424 2698 2531 2759 44).
2569 2695 2773 2748 sanciri
2810 2699 3035 2748 curaret
3072 2693 3369 2764 Olympius
3402 2710 3414 2747 :
3452 2710 3565 2764 qua

1862 2788 2096 2858 quidem
2121 2788 2245 2856 lege
2263 2789 2539 2838 statutum
2566 2784 2927 2853 intelligitur,
2948 2788 3011 2836 ut
3029 2783 3076 2836 si
3100 2782 3227 2853 quis
3248 2783 3307 2836 in
3331 2782 3581 2852 religio?

1864 2890 1995 2928 nem
2026 2874 2243 2943 aliquid
2284 2876 2604 2937 attentaret,
2635 2877 3055 2925 sacramentave
3086 2870 3433 2940 profanaret,
3467 2886 3562 2923 ex-

1862 2963 2069 3034 pressis
2098 2961 2443 3015 nominatim
2478 2959 2805 3025 Donatistis,
2836 2958 2895 3011 in
2935 2974 3067 3012 eum
3108 2974 3175 3010 ex
3204 2959 3399 3028 legum
3435 2958 3563 3028 jure

1862 3050 2426 3105 animadverteretur.
2474 3050 2703 3103 Decimo
2752 3051 2947 3101 octavo
2992 3046 3264 3100 kalendas
3309 3046 3562 3116 ejusdem

1862 3141 2076 3194 mensis
2108 3141 2227 3211 jam
2268 3140 2450 3193 fuerat
2490 3139 2560 3193 ab
2610 3137 2857 3192 I'Ionorio
2905 3136 3286 3207 prohibitum,
3320 3152 3390 3189 ne
3436 3135 3563 3207 quis

1862 3230 1969 3300 ipsi
2009 3229 2144 3283 ﬁdei
2182 3228 2589 3299 religionisque
2629 3227 2855 3280 vinculo
2899 3242 3013 3280 non
3051 3226 3407 3296 conjunctus,
3459 3224 3566 3278 hoc

1863 3322 1965 3376 est.
1999 3334 2064 3372 ex
2096 3318 2433 3383 adversariis
2459 3316 2710 3370 veritatis
2749 3315 3061 3383 catholiczn,
3094 3315 3212 3369 ulla
3250 3312 3563 3383 imperialis

1862 3407 2009 3460 aula:
2048 3423 2291 3461 munera
2328 3409 2645 3477 capesseret
2686 3405 2868 3474 (Ibid,
2902 3407 3013 3473 lege
3049 3405 3155 3471 42).
3196 3403 3331 3456 Hinc
3371 3402 3563 3455 Ethni-

1863 3496 1941 3548 cis
1981 3512 2047 3549 eo
2092 3500 2347 3566 tempore
2394 3493 2793 3565 hujuscemodi
2839 3492 3151 3546 honoribus
3198 3490 3563 3543 interdictum

1862 3583 2035 3637 fuisse
2083 3589 2323 3637 testatur
2372 3584 2631 3637 Zosimus
2698 3582 2984 3650 (Zosimus,
3046 3581 3300 3632 Historiae
3338 3578 3431 3630 lib.
3489 3580 3560 3637 5).

1862 3672 1946 3725 Ad
1974 3673 2097 3725 haec
2120 3671 2400 3725 Honorius
2421 3672 2719 3725 Theodoro
2742 3668 2993 3739 praetorii
3025 3667 3289 3737 praefecto
3318 3665 3564 3718 edictum

1863 3759 2066 3829 quinto
2090 3760 2362 3813 kalendas
2383 3760 2641 3829 ejusdem
2664 3756 2877 3811 mensis
2900 3755 3075 3819 dedit,
3100 3771 3213 3825 quo
3241 3754 3567 3808 defensores

1862 3848 2167 3919 casterique
2209 3848 2575 3917 magistratus
2613 3846 2911 3900 universos
2960 3862 2991 3898 a
3028 3842 3432 3897 communione
3472 3859 3564 3895 ca-

1862 3937 2205 3991 tholicorum
2234 3936 2559 3990 antistitum
2589 3935 2806 3989 alienos
2848 3952 2879 3988 a
2910 3933 3110 4005 quavis
3139 3932 3412 3986 concione
3450 3931 3565 3985 sive

1860 4026 1923 4079 in
1962 4026 2198 4080 urbibus
2242 4043 2341 4079 seu
2392 4025 2513 4079 ruri
2560 4024 2824 4079 habenda
2868 4022 3258 4093 prohiberent,
3303 4020 3568 4074 universa

1861 4114 2009 4181 loca,
2036 4113 2098 4167 in
2130 4112 2339 4184 quibus
2378 4111 2703 4166 istiusmodi
2749 4110 2933 4165 illiciti
2963 4115 3155 4164 ccetus‘
3177 4107 3446 4161 celebrati
3478 4125 3562 4159 es-

1862 4207 2007 4267 sent,
2036 4203 2173 4255 lisco
2204 4201 2564 4267 addicerent;
2597 4206 2767 4272 atque
2809 4200 2947 4253 adeo
2976 4199 3104 4252 illos
3144 4196 3567 4267 proscriberent

1860 4295 2247 4361 eogerentque
2278 4290 2347 4343 ad
2378 4290 2566 4343 solum
2610 4288 2972 4355 vertendum,
3004 4286 3104 4356 qui
3145 4284 3462 4338 doctrinam
3493 4282 3563 4336 ab

1861 4396 1948 4445 ea,
1981 4395 2156 4450 quam
2196 4378 2469 4433 divinitus
2512 4377 2857 4447 accepimus,
2904 4376 3339 4429 condemnatam
3375 4371 3563 4441 trade-

1859 4473 1989 4522 rent
2018 4468 2225 4538 (Codice
2260 4467 2481 4535 Theod.,
2515 4468 2580 4521 de
2609 4468 2886 4522 Haereticis
2918 4466 3027 4532 lege
3061 4466 3168 4529 45).
3207 4464 3319 4515 Hoc
3358 4461 3563 4517 eodem

1862 4558 1974 4623 die,
2008 4557 2055 4611 si
2094 4558 2443 4612 credendum
2482 4557 2904 4611 Sirmundianze
2943 4550 3257 4623 Appendici
3290 4552 3561 4621 (Append

1859 4647 1987 4702 Cod.
2028 4648 2251 4714 Theod,
2280 4663 2400 4715 cap.
2435 4647 2517 4717 9);
2549 4647 2636 4700 vel
2668 4643 2924 4699 kalendis
2956 4640 3292 4707 decembris,
3317 4640 3362 4693 si
3396 4640 3568 4695 Codi-

1859 4736 1937 4788 cis
1966 4735 2204 4789 editioni
2236 4736 2503 4790 standum
2534 4734 2743 4802 (Codice
2776 4732 2996 4797 Theod,
3023 4731 3088 4783 de
3118 4732 3422 4799 Episcopis,
3456 4731 3567 4797 lege

1860 4826 1971 4893 39),
2005 4824 2287 4878 Ilonorius
2317 4822 2679 4879 demandavit
2717 4822 2904 4876 eidem
2948 4820 3241 4874 Theodoro
3289 4818 3567 4872 constitu-

1858 4913 2075 4967 tionem
2116 4914 2309 4979 aliam,
2348 4930 2461 4983 qua
2500 4911 2861 4982 disciplinam
2904 4908 3340 4964 ecclesiasticam
3383 4907 3563 4961 sancit

1860 5013 1922 5050 ac
1950 4997 2161 5063 ﬁrmat,
2185 4996 2475 5063 edicendo,
2513 5002 2575 5051 ut
2603 4996 2703 5067 qui
2734 4995 2802 5049 ab
2829 4994 3108 5066 episcopis
3137 4994 3408 5049 clericatu
3439 4993 3561 5045 fue-

1861 5086 1980 5140 rint
2014 5086 2275 5152 abdicati,
2306 5088 2391 5139 vel
2425 5102 2556 5139 eum
2587 5091 2784 5155 suapte
2815 5089 3015 5155 sponte
3041 5082 3413 5146 deseruerint,
3442 5080 3565 5149 ejus

1860 5175 2031 5229 etiam
2061 5174 2374 5246 privilegiis
2402 5175 2691 5234 caderent,
2725 5174 2938 5227 muniis
2971 5173 3356 5239 oneribusque
3380 5167 3565 5238 publi-

1859 5264 1937 5316 cis
1970 5263 2242 5318 laicorum
2273 5263 2450 5316 instar
2481 5263 2820 5333 mancipati;
2847 5262 2943 5316 sed
2972 5262 3085 5315 illis
3108 5259 3342 5314 omnino
3373 5255 3564 5308 aditus

1860 5353 1926 5406 ad
1960 5352 2265 5421 dignitates
2316 5351 2591 5406 militares
2636 5352 3129 5406 intercluderetur.
3165 5349 3358 5415 Neque
3403 5343 3561 5398 enim

1856 5440 2189 5493 hominibus
2220 5440 2417 5494 ﬁdeles
2448 5446 2715 5511 praestare
2764 5458 2821 5495 se
2873 5441 2987 5493 ullo
3020 5436 3187 5491 modo
3235 5450 3416 5504 posse,
3454 5434 3554 5506 qui

1857 5529 2030 5583 ﬁdem
2060 5531 2167 5583 Deo
2198 5530 2525 5601 fregissent.
