3912 6174
363 263 465 316 379

434 390 486 442 6.
517 386 594 440 Ex
624 384 741 438 illis
771 399 907 439 sane
932 381 1436 438 constitutionibus
1465 381 1599 436 satis
1629 381 1943 449 constabat,
1974 397 2072 435 au-

364 478 433 531 la:
464 474 786 529 voluntates
814 490 878 527 ac
909 472 1097 527 studia
1126 472 1185 526 in
1217 470 1522 527 Ecclesiam
1548 470 1886 525 catholicam
1912 471 2070 524 nulla

364 568 526 635 parte
546 563 724 617 fuisse
745 561 1072 617 immutata.
1089 561 1449 631 Quapropter
1461 559 1613 613 haud
1626 558 1737 613 erit
1755 558 2071 613 absurdum

365 652 615 719 credere,
668 652 737 705 ad
779 650 1029 721 primam
1078 649 1410 703 earumdem
1455 648 1646 717 legum
1694 646 1905 702 famam
1954 650 2069 700 Au-

365 740 662 812 gustinum
703 743 921 793 Donato
961 737 1250 807 scripsisse
1291 737 1595 808 epistolam
1634 737 1815 805 illam,
1859 752 1974 807 qua
2017 734 2070 789 ei

368 829 709 901 persuadere
738 827 963 893 nititur,
996 832 1060 880 ut
1084 826 1392 881 Donatistis
1417 842 1511 880 eas
1541 825 1718 896 leges,
1750 841 1893 896 quas
1922 823 2069 878 anti-

367 923 569 990 quatas
599 916 1005 989 praedicabant,
1030 915 1145 968 vim
1175 931 1336 969 suam
1368 914 1554 970 adhuc
1585 914 1843 969 obtinere
1876 930 2072 984 quam-

372 1006 622 1078 primum
669 1004 853 1058 edicto
894 1004 1177 1073 signiticet
1216 1006 1412 1074 (Epist.
1453 1006 1575 1070 lOO,
1622 1020 1677 1057 η.
1722 1006 1798 1072 7).
1834 1004 1911 1057 De
1952 1002 2070 1057 ido-

372 1094 588 1150 lolatris
615 1092 758 1148 nihil
793 1092 971 1160 addit,
999 1108 1129 1147 cum
1159 1093 1314 1163 leges
1342 1094 1449 1146 hoc
1480 1108 1630 1147 anno
1660 1093 1789 1146 lata:
1818 1108 1886 1146 ea
1915 1091 1983 1145 de
2012 1107 2072 1144 re

370 1183 557 1239 verbis
584 1181 866 1252 expressis
894 1198 1011 1235 non
1040 1180 1278 1251 perinde
1309 1180 1709 1251 praeciperent,
1743 1183 1913 1250 atque
1950 1179 2069 1245 illa,

369 1289 498 1343 quae
528 1271 787 1343 proxime
814 1270 1078 1341 sequenti
1107 1269 1469 1340 promulgata
1494 1273 1599 1322 est.
1630 1268 1846 1323 Obnixe
1878 1284 1940 1321 ac
1970 1283 2070 1321 ve-

366 1362 667 1416 hementer
688 1360 854 1414 illum
883 1359 1159 1424 obsecrat,
1186 1362 1248 1411 ut
1277 1373 1349 1411 ne
1379 1373 1555 1427 quem
1576 1360 1813 1427 propter
1842 1355 1957 1409 vim
1980 1356 2074 1409 Ec-

368 1450 553 1504 clesiae
590 1448 808 1506 illatam
837 1446 1038 1518 capitis
1080 1446 1316 1500 damnet
1356 1446 1538 1516 (Ibid.,
1583 1461 1677 1499 nn.
1732 1449 1782 1512 l,
1810 1445 1880 1514 2).
1910 1443 2075 1509 Quod

367 1538 568 1609 utique
610 1538 672 1591 in
702 1535 1010 1608 praeteritis
1056 1535 1393 1590 criminibus
1436 1550 1733 1589 necessum
1769 1550 1889 1588 non
1928 1537 2069 1599 erat,

368 1632 498 1699 post
522 1628 706 1697 legem
756 1624 977 1680 decimo
1027 1628 1223 1679 octavo
1262 1624 1532 1678 kalendas
1575 1622 1889 1677 februarias
1936 1621 2073 1677 anni

369 1714 918 1788 quadringentesimi
947 1712 1086 1766 noni
1114 1712 1336 1778 datam;
1367 1712 1581 1783 quippe
1608 1728 1757 1784 quae,
1791 1716 2071 1783 quantum

368 1806 439 1861 ad
468 1805 586 1872 illa,
618 1803 921 1873 capitalem
969 1817 1198 1873 poenam
1246 1805 1597 1867 removeret;
1631 1801 1831 1855 eadem
1878 1805 2071 1855 tamen

365 1893 479 1948 illis
508 1891 817 1963 proposita,
854 1890 955 1962 qui
987 1891 1100 1945 tale
1127 1889 1428 1961 quidpiam
1470 1888 1529 1943 in
1558 1894 1853 1961 posterum
1886 1892 2069 1942 atten-

365 1984 597 2037 tassent.
632 1982 906 2047 Donatus,
940 1979 1026 2034 uti
1050 1978 1299 2041 videtur,
1332 1978 1639 2049 proconsul
1670 1978 1822 2032 haud
1853 1977 1934 2032 ita
1960 1976 2071 2046 pri-

364 2071 495 2125 dem
526 2070 704 2124 factus
734 2070 944 2137 fuerat,
971 2083 1107 2122 cum
1134 2067 1353 2122 litteras
1383 2066 1601 2137 accepit
1628 2066 1697 2120 ab
1726 2066 2066 2138 Augustino.

364 2155 760 2212 Intercedebat
786 2153 954 2209 alteri
992 2169 1124 2208 cum
1155 2154 1336 2207 altero
1375 2158 1535 2207 vetus
1564 2153 1830 2223 quaedam
1862 2169 1926 2206 ac
1954 2152 2068 2207 sin-

367 2244 583 2317 gularis
611 2242 974 2297 necessitudo
1007 2242 1210 2312 (Epist.
1248 2245 1364 2306 112,
1398 2258 1451 2296 n.
1492 2246 1537 2312 t)
1572 2258 1584 2296 :
1630 2242 1710 2297 ita
1747 2246 1811 2296 ut
1849 2240 2071 2296 etiamsi

365 2331 722 2404 Augustinus
751 2329 1059 2401 episcopali
1088 2328 1369 2400 dignitate
1393 2333 1633 2396 careret,
1659 2330 1909 2384 Donatus
1937 2345 2069 2383 vero

365 2421 607 2491 gradum
635 2420 1041 2490 proconsulatu
1090 2418 1272 2471 multo
1302 2416 1564 2471 altiorem
1594 2417 1897 2478 obtineret,
1937 2418 2071 2473 huic

364 2513 559 2564 tamen
587 2508 741 2579 apud
768 2507 934 2561 illum
967 2506 1221 2561 licuisset
1248 2522 1522 2577 magnam
1549 2506 1874 2561 libertatem
1905 2523 2071 2560 usur-

367 2613 503 2669 pare
531 2596 728 2669 (Epist.
776 2598 897 2662 100,
926 2612 982 2650 n.
1034 2594 1109 2666 2).
1145 2595 1421 2650 Eumdem
1471 2594 1923 2650 sincerissimum
1971 2596 2067 2649 Ec-

364 2685 550 2742 clesiae
591 2684 887 2740 catholica:
929 2683 1115 2739 filium
1147 2684 1427 2755 appellat;
1460 2683 1797 2755 putavitque
1843 2684 1981 2739 dum
2020 2683 2069 2739 is

363 2771 756 2844 proconsulari
806 2771 1140 2827 auctoritate
1180 2773 1443 2843 polleret,
1482 2771 1762 2827 Africana:
1809 2770 2069 2827 Ecclesiae

366 2861 565 2916 datum
597 2860 891 2926 divinitus,
915 2861 1016 2932 qui
1038 2862 1307 2915 solatium
1329 2860 1382 2916 ei
1404 2860 1703 2916 adhiberet
1724 2860 1989 2915 maximis
2009 2861 2068 2915 in

366 2950 554 3017 malis,
586 2967 650 3004 ac
698 2949 1066 3004 inimicorum
1116 2950 1270 3004 illius
1312 2950 1610 3005 audaciam
1659 2949 1970 3022 frangeret.
2005 2951 2067 3005 ld

364 3051 546 3090 unum
569 3036 638 3091 ab
671 3037 795 3107 ejus
820 3037 881 3091 in
904 3037 1189 3108 justitiam
1219 3037 1404 3092 studio
1426 3038 1736 3105 metuebat,
1759 3055 1830 3093 ne
1856 3039 2070 3094 scilicet

364 3123 611 3178 admissa
640 3128 837 3179 contra
864 3125 1170 3180 Ecclesiam
1200 3142 1442 3189 summa,
1472 3143 1647 3197 quam
1677 3128 2067 3193 merebantur,

365 3212 687 3278 severitate,
720 3212 780 3267 id
807 3217 912 3279 est,
944 3218 1198 3269 extremo
1237 3214 1516 3284 supplicio
1543 3214 1872 3271 vindicaret.
1906 3214 2068 3279 Quod

364 3316 438 3355 ne
466 3300 805 3367 committat,
835 3300 1027 3371 ipsum
1054 3302 1187 3357 Jesu
1216 3302 1421 3358 Christi
1463 3302 1697 3358 nomine
1726 3302 2067 3371 interposito

365 3388 681 3443 obtestatur
713 3405 726 3443 :
761 3388 897 3444 hinc
925 3388 1213 3462 siquidem
1236 3390 1380 3459 fore,
1411 3395 1477 3445 ut
1505 3407 1574 3446 ea
1596 3391 1787 3446 clerici
1810 3392 1879 3446 ad
1904 3391 2068 3447 illum

344 3477 584 3545 (deferre
607 3478 729 3548 jam
758 3494 874 3532 non
912 3479 1179 3539 audeant,
1223 3496 1288 3534 ac
1328 3479 1546 3535 caeteris
1583 3479 1725 3536 illud
1771 3480 1945 3535 ofﬁcii
1974 3497 2070 3535 ne-

364 3558 714 3638 gligentibus
743 3567 1032 3638 impunita
1074 3568 1173 3623 illa
1210 3572 1566 3638 remaneant,
1610 3569 1961 3641 insuperque
1999 3570 2069 3625 ad

364 3655 567 3710 eadem
595 3656 979 3727 perpetranda
1006 3657 1236 3712 accedat
1265 3657 1601 3712 adversariis
1633 3658 1894 3713 Ecclesia:
1926 3675 2072 3714 nova

366 3743 622 3799 audacia.
653 3746 867 3811 Corrigi
890 3761 975 3800 eos
998 3748 1267 3815 cupimus,
1299 3747 1398 3813 ait,
1422 3764 1529 3802 non
1553 3750 1754 3814 necari,
1776 3764 1870 3803 nec
1901 3749 2069 3803 disci-

361 3834 577 3902 plinam
606 3835 751 3887 circa
775 3848 859 3888 eos
885 3836 1092 3901 negligi
1114 3837 1380 3903 volumus,
1420 3852 1513 3890 nec
1558 3838 1843 3906 suppliciis
1873 3838 2070 3907 quibus

367 3921 526 3987 digni
548 3926 675 3975 sunt
704 3923 961 3975 emercari.
993 3923 1083 3978 Sic
1111 3926 1287 3992 igitur
1318 3940 1500 3979 eorum
1528 3930 1755 3993 peccata
1783 3941 2067 3995 compesce,

368 4011 428 4062 ut
455 4010 569 4069 sint
598 4023 730 4078 quos
751 4011 1011 4078 poeniteat
1033 4026 1282 4079 peccasse
1309 4012 1499 4081 (Ibid.,
1521 4028 1583 4067 n.
1628 4012 1693 4073 l).
1718 4013 1830 4067 Nec
1857 4013 2070 4068 minori

367 4097 558 4153 studio
587 4113 721 4152 eum
752 4092 1044 4165 admonet,
1066 4115 1139 4152 ne
1172 4100 1593 4155 Donatistarum
1621 4101 1989 4155 vanissimam
2015 4106 2071 4156 et

364 4186 562 4259 impias
592 4186 878 4258 superbiae
907 4186 1297 4259 plenissimam
1341 4193 1554 4243 sectam
1584 4187 1662 4241 ita
1700 4194 1860 4244 curet
1886 4188 2068 4259 impe-

366 4276 604 4333 rialibus
629 4276 853 4349 legibus
891 4275 1215 4348 comprimi,
1250 4281 1310 4331 ut
1337 4278 1424 4332 vel
1451 4276 1559 4331 sibi
1584 4276 1669 4333 vel
1694 4277 1810 4333 suis
1839 4278 2069 4333 videan-

366 4370 463 4421 tur
490 4366 938 4438 qualescumque
988 4365 1279 4421 molestias
1308 4382 1411 4437 pro
1458 4366 1694 4421 veritate
1737 4367 1824 4422 vel
1847 4367 2071 4439 justitia

368 4454 650 4509 sustinere
674 4470 688 4509 :
716 4454 964 4526 ideoque
994 4453 1041 4509 si
1066 4455 1195 4526 quis
1217 4470 1418 4510 eorum
1441 4455 1605 4526 jussu
1626 4455 1805 4527 ipsius
1829 4456 2069 4511 attinea-

367 4547 483 4610 tur,
516 4541 681 4598 illum
718 4559 753 4597 a
780 4543 1103 4610 Catholicis,
1134 4543 1234 4599 ubi
1263 4542 1559 4614 petierint,
1590 4543 2071 4598 manifestissimis

372 4646 568 4684 rerum
597 4636 882 4686 certarum
907 4631 1264 4688 documentis
1286 4631 1437 4702 apud
1458 4633 1597 4685 Acta
1615 4630 1876 4686 convinci
1900 4636 2071 4703 atque

368 4716 574 4771 instrui
612 4718 887 4788 patiatur.
934 4722 1221 4776 Onerosior
1267 4724 1346 4775 est
1388 4722 1609 4790 quippe,
1658 4718 1866 4791 inquit,
1909 4736 2074 4789 quam

368 4806 559 4861 utilior
587 4806 894 4874 diligentia,
923 4812 1173 4877 quamvis
1192 4821 1252 4865 ut
1272 4824 1528 4877 magnum
1545 4808 1827 4864 deseratur
1846 4810 2067 4877 malum,

366 4899 421 4950 et
448 4909 706 4961 magnum
736 4898 981 4950 teneatur
1020 4898 1234 4965 bonum,
1266 4900 1385 4967 cogi
1421 4902 1633 4953 tantum
1679 4899 1936 4964 homines,
1966 4915 2072 4953 non

370 4984 552 5039 doceri
577 4982 772 5052 (Ibid.,
810 4999 869 5037 n.
909 4985 981 5047 2).
1014 4987 1295 5050 Quoniam
1344 4991 1537 5042 autem
1584 4987 1894 5058 perspectis
1936 5005 2071 5059 pro-

370 5072 621 5129 consulis
651 5071 889 5142 hujusce
920 5072 1151 5129 dotibus
1175 5080 1347 5147 atque
1378 5076 1753 5144 ornamentis,
1787 5075 2071 5131 existima-

369 5162 469 5218 bat
495 5160 849 5233 Augustinus
872 5159 1146 5217 idoneum
1191 5162 1296 5217 viri
1325 5168 1545 5234 pectus,
1575 5164 1667 5219 cui
1713 5180 1771 5219 se
1820 5164 2073 5219 Christus

370 5250 693 5322 largissime
738 5248 1085 5315 infunderet,
1135 5257 1441 5322 propterea
1496 5254 1774 5308 desiderio
1826 5254 1949 5325 ejus
1996 5252 2075 5306 vi-

372 5337 545 5394 dendi
570 5355 744 5412 quam
791 5338 1295 5395 vehementissimo
1334 5343 1636 5397 tenebatur
1667 5360 1680 5398 :
1714 5359 1914 5397 verum
1952 5343 2074 5413 ejus

378 5427 663 5495 explendi,
694 5427 881 5500 quoad
911 5426 1005 5481 ille
1035 5427 1434 5497 magistratum
1466 5430 1658 5501 gessit,
1691 5430 1951 5502 quamvis
1981 5430 2074 5485 Ti-

374 5512 541 5568 bilim
572 5516 860 5588 Hippone-
875 5516 1078 5589 Regio,
1111 5520 1173 5571 ut
1199 5532 1305 5589 par
1329 5521 1412 5572 est
1439 5518 1691 5587 credere,
1722 5535 1841 5575 non
1884 5519 2078 5575 admo-

1608 257 1766 311 VITA
1803 256 1858 312 S.
1901 256 2278 312 AUGUSTINI
2322 255 2655 311 EPISCOPI.
2768 280 2775 287 -

2228 256 2278 310 ει
2322 255 2655 311 EPISCOPI.
2768 280 2775 287 -
3687 231 3773 320 '33..

2182 380 2321 436 dum
2375 383 2658 435 remotam
2715 378 2976 441 venisset,
3033 378 3374 436 occasionem
3425 399 3679 457 nunquam
3726 396 3783 445 est

2182 470 2421 540 adeptus
2452 470 2652 539 (Epist.
2692 472 2812 536 ll2,
2860 485 2913 523 η.
2953 469 3023 536 l).
3075 470 3147 522 At
3189 468 3285 523 ubi
3318 471 3536 525 terrenis
3576 474 3703 528 curis
3727 493 3785 529 so-

2181 559 2368 613 lutum
2393 557 2559 612 illum
2590 574 2652 612 ac
2701 557 2945 611 liberum
2976 555 3139 625 vidit,
3183 557 3390 628 aliquid
3433 576 3544 614 cum
3573 577 3630 615 eo
3670 580 3786 618 com-

2182 646 2379 701 mercii
2409 646 2559 701 coire
2589 645 2790 701 dandis
2821 650 2993 716 atque
3043 644 3373 716 accipiendis
3421 648 3551 702 ultro
3586 650 3788 723 citroque

2183 735 2385 791 litteris
2412 735 2668 790 tentavit.
2702 737 2766 789 In
2806 733 2895 788 his
2942 734 3013 788 ad
3064 734 3309 789 studium
3345 735 3566 802 virtutis,
3592 754 3687 793 non
3710 741 3789 794 hu-

2183 840 2369 878 manae
2394 823 2832 878 existimationis
2855 822 3158 878 laudumve
3179 822 3493 893 cupiditate,
3515 826 3596 880 sed
3618 828 3791 882 virtutis

2185 910 2364 983 ipsius
2391 927 2453 965 ac
2482 911 2768 981 mquitatis
2819 928 3012 965 amore
3042 910 3371 966 inﬂammat.
3409 914 3611 980 Intuere,
3634 915 3710 977 ait,
3748 922 3792 970 ut

2185 1002 2414 1069 ca'pisti,
2445 1001 2755 1067 fortissima
2775 1000 2954 1054 cordis
2983 1002 3097 1053 acie
3121 1002 3393 1054 Dominum
3414 1008 3625 1057 nostrum
3646 1005 3791 1057 Jesum

2184 1090 2476 1151 Christum,
2508 1094 2558 1143 et
2602 1089 2670 1142 ab
2708 1091 2854 1143 omni
2890 1090 3049 1143 inani
3081 1091 3236 1156 fastu
3268 1091 3469 1143 omnino
3505 1090 3791 1145 detumescens

2184 1192 2407 1245 assurge
2434 1181 2492 1232 in
2520 1179 2693 1243 illum,
2728 1180 2825 1246 qui
2859 1193 2965 1231 non
3002 1182 3213 1232 ventose
3251 1178 3439 1231 allevat
3476 1193 3710 1233 conversos
3743 1180 3794 1232 ad

2183 1281 2257 1332 se,
2288 1266 2383 1320 sed
2427 1269 2587 1321 certis
2616 1267 2748 1336 ﬁdei
2769 1266 3023 1335 passibus
3066 1268 3349 1321 innitentes
3376 1270 3524 1335 atque
3563 1267 3794 1321 ascenden-

2186 1360 2261 1408 tes
2290 1356 2512 1409 collocat
2538 1358 2597 1409 in
2625 1358 2946 1424 sempiterno
2973 1357 3203 1422 fastigio
3230 1355 3443 1409 caelestis
3472 1359 3614 1423 atque
3637 1356 3795 1422 angeli-

2184 1460 2257 1498 cae
2303 1443 2593 1512 dignitatis
2651 1443 2832 1514 (Ibid.,
2895 1459 2950 1497 n.
3008 1446 3079 1512 3).
3136 1443 3197 1497 Ei
3245 1443 3314 1498 de
3362 1447 3514 1514 patre
3557 1443 3608 1496 in
3657 1444 3797 1497 Eccle-

2184 1531 2282 1586 sia:
2310 1532 2532 1603 gremio
2562 1532 2742 1602 ipsius
2785 1548 2961 1603 opera
2989 1531 3181 1602 genito
3230 1532 3547 1602 gratulatur.
3575 1531 3799 1601 Supplicat

2185 1621 2361 1676 etiam
2388 1626 2451 1675 ut
2478 1637 2535 1675 se
2566 1620 2883 1687 conveniat,
2909 1637 3023 1692 quo
3045 1620 3171 1691 pari
3199 1619 3428 1674 consilio
3457 1620 3687 1674 laborent
3706 1636 3799 1689 pro-

2184 1710 2451 1765 curandae
2500 1710 2673 1764 saluti
2720 1710 3127 1782 quorumdam,
3187 1708 3399 1780 praedia
3450 1709 3561 1777 ejus
3608 1708 3659 1762 in
3703 1723 3798 1777 agro

2183 1798 2458 1853 Sinitensi
2487 1803 2655 1871 atque
2686 1798 3041 1871 Hipponensi
3078 1799 3269 1870 posita
3305 1797 3621 1863 colentium;
3649 1795 3800 1866 quibus

2182 1890 2247 1941 ut
2273 1887 2505 1942 interim
2536 1888 2763 1947 scribat,
2796 1904 3005 1959 eosque
3036 1887 3109 1942 ad
3149 1885 3581 1958 amplectendam
3606 1883 3799 1938 Ecclesia

2182 1976 2479 2031 catholicae
2518 1976 2985 2031 communionem
3033 1975 3282 2047 benigne
3335 1979 3497 2046 atque
3546 1972 3804 2028 humaniter

2182 2064 2408 2133 excitet,
2438 2081 2647 2134 cupere
2690 2081 2748 2119 se
2775 2067 3037 2120 testatur.
3078 2064 3451 2129 Quandonam
3488 2058 3801 2133 proconsulari

2183 2152 2461 2223 dignitate
2493 2154 2744 2208 Donatus
2772 2153 2994 2220 abierit,
3027 2169 3149 2207 non
3183 2152 3367 2224 liquet
3397 2168 3410 2206 :
3441 2150 3497 2206 id
3520 2155 3689 2204 tamen
3718 2148 3802 2217 pla-

2182 2257 2322 2295 num
2344 2245 2429 2295 est
2449 2241 2755 2312 contigisse
2775 2246 2905 2296 ante
2935 2240 3248 2314 septimum
3266 2239 3527 2295 kalendas
3541 2237 3689 2309 julias
3706 2234 3799 2289 anni

2183 2329 2735 2401 quadringentesimi
2774 2330 3010 2398 decimi;
3043 2346 3157 2403 quo
3188 2329 3281 2385 die
3331 2329 3514 2385 datam
3550 2326 3613 2381 ad
3645 2325 3800 2379 Macro-

2181 2418 2343 2473 bium
2382 2420 2786 2489 proconsulem
2832 2418 3036 2474 Africae
3074 2419 3265 2491 legem
3309 2416 3610 2489 reperimus
3651 2411 3801 2483 {Codice

2185 2507 2409 2577 Theod.,
2439 2508 2505 2561 de
2530 2507 2735 2576 Indul.,
2770 2509 2880 2575 lege
2909 2508 2981 2578 6).

2249 2600 2303 2651 7.
2333 2597 2459 2661 Quo
2488 2599 2747 2667 tempore
2774 2595 3127 2667 Augustinus
3155 2593 3419 2667 Olympio
3458 2594 3666 2648 alteram
3686 2602 3800 2642 suam

2181 2683 2483 2754 epistolam
2515 2684 2779 2739 mittebat
2801 2684 2997 2756 (Epist.
3032 2688 3140 2753 97),
3176 2701 3291 2756 qua
3314 2685 3529 2754 legatos
3551 2676 3735 2734 concilii
3750 2674 3800 2727 si-

2181 2773 2489 2844 gnificabat
2507 2773 2667 2828 brevi
2688 2774 2926 2829 Romam
2955 2789 3076 2827 esse
3098 2777 3501 2844 perventuros;
3524 2770 3672 2839 hujus
3692 2762 3803 2819 urbis

2180 2860 2565 2916 obsessionem
2584 2863 2846 2917 nondum
2875 2861 3155 2930 audierat,
3177 2878 3310 2916 cum
3335 2860 3482 2915 illius
3502 2858 3642 2913 nulla
3659 2853 3721 2908 ibi
3737 2851 3803 2906 ﬁat

2180 2951 2397 3006 mentio
2420 2967 2433 3005 :
2454 2967 2654 3005 verum
2684 2950 2743 3006 id
2772 2967 2891 3005 non
2916 2950 2995 3005 ita
3015 2952 3196 3005 multo
3226 2955 3359 3021 post
3385 2948 3579 3004 evenit.
3604 2942 3804 3014 Legimus

2180 3040 2463 3111 siquidem
2504 3042 2704 3095 Romae
2756 3040 3033 3110 prmsules
3068 3039 3369 3094 Africanos
3410 3036 3664 3092 exstitisse
3701 3037 3802 3091 tum,

2180 3145 2311 3184 cum
2342 3130 2545 3185 eadem
2577 3130 2715 3183 urbs
2752 3130 2993 3200 ejusque
3022 3128 3273 3184 conﬁnia
3310 3124 3641 3199 gravissimis
3671 3116 3806 3192 premi

2179 3217 2598 3273 calamitatibus
2654 3234 2719 3272 ac
2777 3217 3002 3272 damnis
3059 3216 3479 3272 nuntiabantur
3531 3213 3701 3284 (Epist.
3744 3208 3805 3267 99,

2178 3322 2234 3361 n.
2274 3306 2338 3375 l).
2376 3306 2442 3360 Et
2471 3310 2623 3361 certe
2648 3305 2696 3360 si
2726 3305 3014 3361 Zosimum
3057 3304 3413 3359 audiendum
3447 3307 3706 3374 putemus,
3740 3307 3809 3347 nc-

2180 3409 2332 3448 cesse
2344 3393 2517 3449 fuerit
2529 3393 2885 3448 obsidionem
2906 3393 3063 3448 illam
3090 3393 3150 3447 in
3171 3394 3310 3448 anni
3332 3377 3811 3464 quadringentesimi

2181 3482 2363 3536 octavi
2392 3482 2607 3537 exitum
2655 3482 2867 3537 referre
2900 3484 3177 3549 (Zosimus,
3210 3483 3471 3536 Historia:
3515 3477 3603 3532 lib.
3632 3474 3694 3543 5).
3726 3467 3809 3524 Cir-

2181 3587 2466 3625 cumsessa
2494 3573 2674 3626 Roma
2696 3570 2766 3625 ad
2786 3574 3098 3624 extremam
3129 3569 3392 3624 ciborum
3416 3566 3810 3629 commeatusque

2179 3659 2504 3729 pecuniam,
2539 3675 2714 3731 quam
2746 3659 2868 3730 ipsa
2906 3674 3138 3731 quoque
3162 3658 3345 3729 pestis
3384 3654 3612 3727 excepit,
3641 3649 3812 3705 redacta

2181 3752 2286 3802 est.
2314 3746 2702 3818 Augustinum
2729 3748 2798 3803 de
2836 3748 3160 3803 miserrimo
3202 3747 3362 3802 illius
3406 3745 3560 3802 urbis
3596 3744 3720 3796 statu
3744 3735 3812 3790 de

2181 3840 2423 3890 cuerunt
2485 3834 2749 3900 fratrum,
2802 3840 2865 3889 ut
2916 3835 3147 3903 indicat,
3206 3835 3606 3907 episcoporum
3660 3827 3811 3881 lillerm

2180 3923 2381 3992 (Epist.
2416 3927 2509 3992 99,
2541 3940 2597 3978 n.
2632 3923 2701 3995 l).
2738 3925 2814 3979 Ex
2851 3924 2940 3978 his
2978 3924 3210 3995 quidem
3250 3924 3349 3978 ille
3382 3923 3614 3978 molesta
3638 3921 3686 3972 et
3714 3913 3815 3968 dura

2179 4011 2480 4083 comperit,
2513 4012 2613 4067 sed
2660 4011 2871 4083 quibus
2898 4011 3116 4068 addidit
3153 4013 3423 4084 vulgatus
3468 4023 3653 4065 rumor
3684 4000 3815 4057 multo

2181 4100 2367 4155 adhuc
2420 4099 2733 4154 acerbiora.
2780 4100 3012 4171 Accepit
3062 4100 3195 4155 dein
3250 4100 3464 4155 Italicae
3514 4092 3700 4152 nobilis
3739 4088 3816 4141 Roo

2182 4204 2367 4243 manas
2394 4188 2633 4255 litteras,
2667 4205 2797 4260 quae
2826 4190 2969 4245 nihil
2996 4206 3230 4261 prorsus
3260 4191 3315 4245 ei
3340 4191 3449 4245 hac
3476 4187 3541 4244 de
3567 4202 3624 4240 re
3650 4175 3819 4237 nuntia-

2180 4277 2303 4332 bat.
2338 4277 2399 4332 Id
2429 4278 2806 4349 Augustinus,
2830 4295 3003 4351 quem
3024 4295 3127 4333 sua
3154 4279 3406 4334 charitas
3434 4294 3547 4333 non
3565 4270 3821 4351 patiebatur

2181 4365 2447 4421 fraternis
2470 4365 2747 4421 aerumnis
2768 4349 2885 4422 non
2914 4366 3085 4432 affici,
3106 4366 3351 4422 miratus
3376 4372 3481 4434 est,
3508 4364 3600 4419 sed
3619 4376 3707 4416 nec
3721 4349 3821 4410 illud

2181 4455 2392 4522 minus,
2445 4459 2670 4509 sanctos
2714 4454 2980 4511 videlicet
3027 4456 3321 4527 episcopos
3370 4455 3672 4527 (Africanos
3710 4437 3823 4500 haud

2181 4542 2373 4609 dubie,
2402 4542 2503 4614 qui
2534 4546 2660 4597 tum
2691 4542 2752 4597 in
2794 4543 2908 4598 illis
2936 4543 3195 4615 partibus
3223 4540 3616 4608 versabantur)
3642 4550 3730 4609 per
3750 4530 3824 4586 do-

2182 4632 2447 4687 mesticos
2495 4632 2706 4687 Italicae.
2750 4650 2867 4688 non
2910 4633 3282 4705 rescripsisse.
3318 4635 3481 4689 Patet
3522 4627 3671 4686 Urbis
3707 4632 3824 4677 com-

2183 4721 2463 4776 mercium
2495 4725 2634 4775 tunc
2678 4721 3050 4776 interclusum
3097 4723 3441 4793 neutiquam
3491 4719 3673 4775 fuisse.
3709 4706 3827 4766 Unde

2182 4811 2469 4881 intelligas
2516 4810 2573 4864 id
2620 4810 2711 4864 vel
2748 4810 3084 4881 priusquam
3130 4810 3390 4865 Alaricus
3431 4807 3639 4865 Tiberis
3681 4798 3825 4856 aditus

2184 4898 2527 4964 occlusisset,
2559 4897 2669 4953 hoc
2697 4903 2803 4965 est,
2834 4897 2998 4953 initio
3030 4898 3363 4964 obsidionis,
3398 4899 3488 4953 vel
3532 4889 3739 4952 nonnisi
3759 4883 3831 4941 illa

2178 4987 2299 5058 jam
2326 4991 2630 5054 transacta,
2680 4987 2913 5042 factum.
2946 4988 3082 5041 Eam
3110 5003 3235 5042 rem
3280 4988 3567 5059 pertinere
3595 4982 3660 5038 ad
3696 4988 3830 5045 θιριι·

2185 5075 2519 5147 gnationem
2552 5074 2715 5130 Urbis
2744 5074 2926 5144 illam,
2958 5092 3089 5147 quas
3124 5092 3276 5131 anno
3316 5064 3831 5148 quadringentesimo

2191 5164 2415 5219 decimo
2438 5164 2699 5237 contigit,
2722 5164 2992 5235 opinatur
3014 5165 3307 5219 Baronius.
3332 5168 3404 5220 At
3418 5180 3554 5219 vero
3579 5162 3661 5217 lex
3681 5155 3833 5210 contra

2186 5252 2482 5308 hmreticos
2512 5254 2845 5308 Heracliano
2876 5252 3173 5324 inscripta,
3203 5269 3376 5325 quam
3407 5268 3529 5307 non
3566 5248 3681 5304 sine
3705 5252 3836 5298 causa

2185 5341 2507 5413 legatorum
2542 5340 2823 5396 Africanae
2854 5342 3111 5397 Ecclesia:
3137 5341 3403 5414 precibus
3431 5349 3740 5396 concessam
3760 5343 3834 5380 VO‘

2183 5429 2331 5499 lunt,
2380 5430 2533 5486 diem
2564 5435 2827 5485 octavum
2870 5431 3145 5485 kalendas
3190 5428 3551 5502 septembris,
3596 5439 3702 5498 quo
3741 5418 3835 5488 ipso

2184 5524 2447 5592 tempore
2495 5526 2823 5592 expugnata
2863 5524 2946 5575 est
2995 5521 3198 5585 Roma,
3242 5535 3361 5592 pra:
3409 5534 3473 5573 se
3520 5518 3627 5573 fert
3669 5506 3838 5581 (Cadio!
