3912 6174
137 282 209 354 381
1551 293 1682 347 LIBI

1551 293 1752 347 LIBER
1793 292 2064 347 SEXTUS.

138 418 320 483 Theod.,
349 417 408 471 de
444 414 733 480 Haereticis,
775 415 887 482 lege
936 412 1052 484 51).
1103 414 1224 478 Quo
1263 418 1427 486 pacto
1470 414 1645 484 igitur
1688 416 1768 471 ibi

136 514 243 570 tum,
269 521 383 558 cum
420 508 575 574 capta
607 507 708 569 est,
743 503 918 571 legati
944 503 1119 557 fuisse
1152 504 1377 558 dicendi
1412 507 1590 559 sunt?
1624 507 1768 559 Nam

139 592 247 664 quod
265 591 548 659 adlannum
563 590 1196 661 quadringentesimum
1220 607 1457 658 nonum,
1491 608 1604 662 quo
1628 592 1768 647 item

142 698 247 734 anno
274 681 463 734 Urbem
494 679 743 732 Alarieus
787 678 965 748 copiis
1006 679 1203 745 cinxit,
1245 679 1512 733 Afrorum
1550 681 1766 735 antisti-

142 780 223 823 tum
262 768 312 821 in
354 767 540 833 Italia,
599 768 755 837 quod
807 768 1040 838 quidem
1087 768 1326 838 legendo
1376 768 1763 837 didicerimus,

138 857 278 911 nullus
300 856 419 911 fuit.
456 856 704 909 Italicam
738 856 916 920 illam,
951 873 1123 927 quam
1151 858 1503 927 Augustinus
1532 858 1766 929 religio-

132 946 352 998 sissimam
382 960 441 997 ac
466 945 666 998 merito
693 944 1039 998 laudabilem
1075 946 1174 998 Dei
1212 946 1488 999 famulam
1520 948 1771 1017 appellat

126 1036 275 1102 -'Epist.
306 1034 404 1101 99),
436 1049 549 1086 non
582 1033 677 1085 abs
707 1049 768 1087 re
799 1034 1060 1087 eamdem
1093 1051 1214 1087 esse
1254 1040 1545 1105 putamus,
1594 1052 1768 1107 quam

124 1122 527 1191 Chrysostomus,
555 1121 971 1175 malevolorum
1003 1122 1318 1191 exagitatus
1357 1124 1634 1193 nequitia,
1668 1139 1771 1193 per

122 1212 296 1264 litteras
323 1210 387 1263 ad
418 1226 649 1280 operam
676 1226 837 1264 suam
869 1212 1283 1280 componendis
1327 1212 1627 1267 Orientalis
1672 1215 1769 1267 Ec-

121 1299 264 1351 clesize
298 1297 537 1351 discidiis
582 1298 962 1368 preestandam
995 1300 1404 1353 adhortabatur
1448 1302 1767 1368 (Chrysost.,

118 1389 257 1455 Epist.
298 1387 400 1455 70).
464 1388 600 1440 Eam
659 1387 852 1440 Romae
905 1393 1041 1440 tunc
1071 1387 1350 1442 exstitisse
1402 1389 1628 1443 disertis
1675 1390 1771 1443 ille

120 1475 261 1528 verbis
285 1475 505 1539 indicat,
524 1475 618 1528 sed
641 1480 916 1544 praeterea
944 1476 1088 1530 nihil
1119 1477 1294 1532 addit.
1330 1479 1502 1531 Erant
1520 1478 1571 1531 ei
1603 1484 1770 1532 aetate

121 1562 331 1617 nondum
360 1562 550 1616 adulta
579 1563 766 1629 liberi,
814 1581 976 1634 quos,
1028 1566 1321 1634 praeterita
1380 1566 1570 1620 mariti
1607 1583 1770 1620 men-

118 1652 255 1716 tione,
284 1651 338 1704 in
364 1667 635 1721 responso
655 1652 723 1705 ad
747 1668 872 1705 eam
894 1669 1045 1707 nunc
1068 1653 1240 1708 misso
1272 1654 1482 1708 salutat
1504 1656 1771 1725 Augusti-

118 1756 197 1792 nus
223 1741 398 1809 (Epist.
434 1744 518 1803 99,
555 1758 612 1794 η.
645 1742 717 1807 3).
748 1742 811 1794 Et
836 1741 988 1807 hinc,
1015 1742 1135 1810 jam
1159 1749 1289 1797 ante
1320 1744 1655 1813 ademptum
1686 1744 1771 1798 illi

117 1830 251 1882 fuisse
278 1829 598 1899 conjugem,
630 1829 847 1899 liquido
898 1835 1151 1897 constat;
1198 1832 1576 1903 eamdemque
1622 1834 1771 1887 hanc

120 1933 229 1981 esse,
257 1933 415 1987 quam
446 1918 516 1971 de
547 1917 809 1988 conjugis
847 1918 1008 1973 obitu
1052 1919 1111 1972 in
1143 1920 1376 1974 exordio
1422 1922 1655 1975 alterius
1700 1923 1770 1977 ad

117 2006 321 2059 Italicam
342 2006 599 2076 epistola:
629 2008 955 2060 consolatur
986 2009 1183 2075 (Epist.
1215 2011 1303 2075 9?,
1335 2026 1389 2062 n.
1424 2008 1490 2077 1),
1525 2009 1626 2063 ubi
1650 2010 1770 2079 ejus

117 2089 501 2159 quoqueliberis
514 2090 755 2143 salutem
792 2090 976 2144 verbis
988 2091 1104 2144 suis
1130 2092 1383 2145 nuntiari
1400 2094 1566 2163 jubet
1586 2095 1767 2160 (Ibid.,

115 2194 155 2230 η.
182 2178 242 2246 6).
274 2179 328 2231 In
354 2178 457 2231 hac
487 2194 664 2248 porro
694 2182 849 2231 totus
879 2179 1057 2233 ferme
1105 2184 1189 2233 est
1217 2180 1275 2232 in
1318 2182 1645 2235 refellendis
1676 2182 1766 2249 iis,

114 2266 190 2335 qui
217 2267 375 2320 Deum
404 2265 589 2320 videri
621 2266 799 2319 oculis
835 2268 1125 2337 corporeis
1172 2284 1336 2339 posse
1387 2270 1767 2325 affirmabant.

115 2354 316 2417 Quinam
351 2354 440 2407 isti
471 2359 688 2419 essent,
715 2356 977 2409 consulto
1018 2373 1137 2410 non
1184 2356 1432 2411 indicat:
1476 2375 1610 2412 nam
1650 2364 1771 2412 erat

116 2441 231 2493 inter
264 2458 350 2495 eos
375 2441 682 2495 Africanus
720 2442 956 2512 quidam
985 2443 1311 2513 episcopus,
1344 2445 1506 2515 cujus
1548 2446 1770 2500 nomini

113 2530 413 2598 parcendum
470 2530 820 2584 existimavit
860 2534 1056 2601 (Epist.
1122 2535 1242 2589 148.
1300 2549 1392 2586 nn.
1441 2538 1490 2601 1,
1556 2536 1643 2601 4);
1707 2552 1769 2589 ac

113 2635 271 2672 eorum
307 2619 481 2686 aliqui
524 2636 658 2672 cum
712 2624 883 2674 antea
928 2625 1157 2675 tantum
1207 2620 1498 2689 dixissent,
1549 2624 1767 2678 Christo

113 2706 382 2773 priestitum
413 2712 477 2761 ut
530 2708 787 2777 corporis
838 2708 1048 2763 intuitu
1097 2709 1349 2764 divinam
1392 2712 1769 2767 substantiam

110 2794 431 2864 conspiceret,
465 2813 536 2849 eo
570 2797 805 2850 demum
852 2798 1140 2868 progressi
1172 2800 1419 2864 fuerant,
1454 2805 1517 2854 ut
1565 2818 1768 2855 omnes

109 2886 209 2948 post
250 2870 715 2939 resurrectionem
776 2891 999 2939 sanctos
1056 2886 1259 2941 eodem
1325 2888 1497 2942 modo
1549 2889 1767 2943 visuros

110 2969 253 3025 Deum
281 2979 619 3041 assererent,
654 2974 769 3029 imo
801 2974 964 3029 istam
998 2976 1171 3029 etiam
1201 2976 1395 3047 impiis
1418 2978 1646 3033 videndi
1669 2979 1767 3033 Dei

106 3062 499 3127 possibilitatem
537 3066 824 3118 donarent
863 3066 1063 3134 (Epist.
1099 3068 1186 3131 92,
1218 3081 1274 3119 η.
1330 3066 1405 3134 4).
1458 3067 1569 3119 Ilos
1610 3066 1768 3120 duris

104 3148 370 3204 admodum
394 3158 572 3223 atque
593 3153 923 3222 asperrimis
943 3154 1128 3208 verbis
1156 3154 1415 3224 castigat,
1441 3154 1653 3209 veritus
1675 3154 1769 3208 sci-

105 3236 205 3291 licet
239 3256 304 3293 ne
332 3242 577 3295 subinde
622 3242 771 3295 Deus
810 3242 929 3313 ipse
973 3259 1278 3313 corporeus
1321 3249 1377 3297 et
1420 3260 1525 3314 per
1566 3243 1767 3297 localia

102 3326 247 3395 spatia
272 3328 575 3384 divisibilis
598 3331 924 3385 crederetur
947 3332 1134 3399 (Ibid.,
1168 3348 1223 3388 η.
1259 3335 1309 3398 3,
1333 3338 1382 3385 et
1426 3335 1604 3401 Epist.
1644 3337 1765 3400 148,

102 3418 206 3481 ml).
234 3418 401 3488 Rogat
431 3420 693 3473 Italicam
721 3424 783 3473 ut
813 3419 914 3486 eis,
955 3419 1239 3490 siquidem
1269 3421 1421 3491 ipsos
1439 3422 1587 3492 apud
1608 3421 1766 3475 illam

99 3501 152 3555 de
190 3505 293 3559 suis
343 3508 738 3561 deliramentis
784 3508 1059 3563 disserere
1107 3510 1417 3581 contingat,
1470 3510 1764 3580 epistolam

98 3590 215 3645 hanc
242 3611 393 3649 suam
424 3598 602 3667 legat,
635 3596 856 3667 sibique
887 3597 959 3651 ad
998 3614 1122 3651 eam
1177 3598 1314 3669 quid
1346 3599 1763 3668 responderint,

99 3682 330 3736 rescribat
358 3688 561 3754 (Epist.
592 3688 679 3750 92,
706 3702 761 3739 η.
796 3686 873 3753 6).
910 3687 972 3739 In
1002 3686 1114 3740 alia
1151 3686 1467 3756 posteriore
1508 3688 1575 3740 ad
1609 3704 1765 3742 eam-

95 3767 201 3822 dem
226 3772 470 3841 epistola,
502 3778 789 3844 quantum
808 3774 1068 3829 dolorem
1090 3792 1154 3828 ex
1188 3774 1349 3829 Urbis
1379 3775 1762 3831 incommodis

98 3857 266 3926 capiat,
298 3863 550 3916 ostendit
580 3864 773 3931 (Epist.
809 3866 897 3928 99,
930 3879 986 3917 n.
1024 3863 1094 3933 1).
1126 3865 1383 3935 Itemque
1414 3864 1766 3920 animadver-

96 3945 148 3998 tit
172 3948 356 4004 Italicae
387 3951 624 4016 liberos,
676 3951 842 4004 exiis
892 3968 1021 4022 qua:
1068 3953 1429 4022 contingunt,
1472 3954 1594 4023 jam
1634 3959 1758 4008 tum

96 4048 226 4101 posse
262 4038 315 4090 in
342 4039 580 4092 aetatula
627 4040 767 4093 adeo
821 4044 1013 4094 tenera
1060 4040 1403 4111 intelligere,
1462 4058 1636 4113 quam
1690 4043 1765 4097 sit

93 4138 226 4177 amor
247 4127 409 4197 hujus
441 4130 642 4183 saeculi
670 4129 1027 4199 periculosus
1062 4135 1120 4184 et
1149 4131 1372 4185 noxius.
1423 4135 1603 4200 Atque
1656 4135 1763 4185 uti-

94 4226 213 4277 nam,
243 4214 443 4286 inquit,
474 4234 600 4271 cum
642 4234 845 4285 magna
874 4223 924 4272 et
953 4219 1093 4273 dura
1121 4222 1466 4288 quatiuntur,
1494 4238 1673 4290 parva
1716 4226 1765 4275 et

88 4301 313 4364 ﬂexibilia
343 4309 698 4373 corrigantur
728 4306 913 4376 (Ibid.,
945 4323 999 4361 η.
1035 4309 1109 4377 3).

725 4395 949 4449 CAPUT
990 4396 1107 4450 VII.

95 4477 108 4527 1
145 4477 288 4545 Leges
315 4481 578 4537 adversus
608 4484 863 4537 Ethnicos
901 4486 951 4536 et
981 4486 1265 4539 Haereticos
1305 4484 1446 4538 latas
1487 4489 1765 4555 conﬁrmat

144 4566 426 4634 Honorius;
458 4586 785 4639 rursumque
812 4573 1098 4627 Nectar-ius
1132 4574 1502 4640 Augustinum
1531 4589 1629 4643 pro
1663 4576 1762 4630 Ca-

145 4654 450 4713 lamensibus
482 4664 660 4725 rogat.
689 4663 722 4712 2
747 4660 995 4714 Libertas
1024 4663 1302 4716 Haereticis
1341 4667 1392 4716 et
1428 4664 1667 4730 Pagauis
1696 4663 1763 4716 ab

142 4746 357 4803 Honorio
387 4750 626 4803 indulta.
664 4754 694 4804 3
716 4750 810 4803 Ad
837 4751 1151 4805 Donatistas
1175 4751 1367 4805 scribit
1396 4752 1760 4817 Augustinus.

141 4835 170 4886 4
195 4836 400 4892 Necnon
430 4839 507 4892 ad
544 4841 775 4893 Festum.
824 4842 854 4892 5
885 4839 1228 4908 SummOpere
1273 4840 1546 4894 contendit
1575 4857 1608 4893 a
1635 4844 1762 4895 Ma-

139 4924 323 4991 crobio,
370 4932 435 4980 ut
479 4942 545 4981 ne
591 4929 967 4983 Rusticianum
1021 4928 1409 4982 subdiaconum
1457 4934 1764 4997 apostatam

141 5014 446 5083 rebaptizet.
502 5020 531 5070 6
582 5019 816 5071 Litteras
864 5016 939 5070 ad
974 5019 1157 5071 varios
1202 5018 1391 5071 scribit
1422 5019 1480 5070 in
1518 5021 1765 5073 Faventii

137 5106 377 5165 gratiam.
409 5110 440 5159 7
460 5108 829 5160 Victor-ianum
859 5105 922 5160 ob
961 5106 1325 5161 intolerabiles
1354 5106 1496 5161 orbis
1536 5108 1761 5161 calami-

140 5192 260 5244 tates
281 5195 461 5248 animo
491 5196 728 5259 fractum
758 5194 1085 5248 corroborat.

140 5279 181 5330 1.
206 5278 406 5349 Legem
439 5283 604 5337 nobis
638 5282 1064 5337 Tbeodosianus
1094 5282 1268 5337 codex
1291 5283 1621 5354 suppeditat
1638 5284 1760 5355 jam

79 5376 105 5413 a
118 5363 321 5420 decimo
334 5369 583 5438 septimo
601 5371 877 5425 kalendas
890 5371 1204 5425 februarias
1220 5372 1757 5444 annigquadringen-

77 5450 242 5506 tesimi
279 5456 417 5509 noni
448 5456 519 5509 ab
560 5460 807 5513 Honorio
837 5460 1029 5514 datam
1057 5460 1264 5528 (Codice
1296 5461 1516 5527 Theod.,
1546 5462 1611 5515 de
1634 5464 1755 5516 Hae-

75 5542 257 5609 reticis,
287 5544 400 5611 lege
429 5545 558 5615 46),
588 5563 761 5618 quam
800 5546 1034 5618 quidem
1077 5548 1444 5619 impetratam
1487 5554 1756 5620 putamus

3473 298 3575 349 382

1876 416 2137 487 precibus
2166 414 2504 481 antistitum,
2539 414 2637 486 qui
2668 416 2739 469 ad
2776 415 2967 485 ipsum
3016 416 3243 470 decreto
3290 417 3588 489 Carthagi-

1878 505 2069 560 nensis
2116 503 2342 557 concilii
2384 502 2552 557 tertio
2606 503 2733 558 idus
2782 503 3029 557 octobris
3097 504 3234 557 anni
3283 504 3592 575 superioris

1878 594 2049 664 legati
2070 586 2221 657 sunt,
2246 580 2581 663 praesidium
2612 607 2897 662 opemque
2911 591 3257 661 postulaturi
3282 597 3479 646 contra
3494 596 3587 647 Pa-

1884 695 2062 749 ganos
2091 685 2262 750 atque
2292 678 2611 744 hiereticos,
2640 696 2673 731 a
2712 679 2921 749 quibus
2953 681 3105 749 leges
3144 680 3203 733 in
3230 697 3287 733 se
3328 682 3587 751 promul-

1887 774 2043 838 gatas
2069 768 2377 823 Stilichone
2409 767 2683 821 exstincto
2730 769 2920 837 vigere
2966 769 3200 822 desiisse
3242 769 3583 839 jactabatur.

1882 860 1959 911 Ne
1990 857 2274 927 siquidem
2326 856 2637 909 Donatistae
2687 855 2849 909 aliive
2880 856 3153 922 hmretici,
3212 857 3448 927 Pagani,
3490 864 3589 911 aut

1875 946 2058 1000 Judaei
2090 946 2157 999 de
2187 945 2553 1015 abrogatione
2585 960 2782 998 earum
2813 946 3005 1015 legum
3037 944 3143 998 sibi
3186 946 3574 1012 blandiantur,

1878 1033 2192 1104 imperator
2224 1033 2496 1085 universis
2522 1033 2831 1102 judicibus,
2866 1037 2926 1086 ut
2975 1035 3199 1086 easdem
3249 1039 3583 1103 sequantur,

1879 1127 2051 1192 atque
2092 1122 2319 1175 illarum
2339 1121 2682 1174 exsecutioni
2708 1138 2882 1190 quam
2904 1121 3335 1190 diligentissime
3367 1122 3581 1192 prospi-

1879 1211 2052 1271 ciant,
2088 1210 2295 1275 edicit;
2328 1209 2437 1275 his,
2490 1210 2589 1280 qui
2636 1210 2916 1280 imperata
2959 1211 3143 1264 facere
3201 1211 3586 1281 negligercnt,

1878 1298 2177 1369 proposita
2207 1298 2439 1351 mulctas
2493 1298 2857 1367 pecuniaria‘,
2902 1298 3238 1368 privationis
3278 1299 3588 1365 honorum,

1882 1404 2107 1442 necnon
2135 1387 2307 1441 etiam
2334 1388 2621 1441 bonorum
2668 1386 3068 1457 publicationis
3099 1392 3154 1441 et
3184 1388 3364 1441 exsilii
3397 1405 3590 1459 poma.

1882 1478 2024 1531 Cum
2055 1480 2247 1529 autem
2280 1476 2411 1530 inde
2442 1475 2739 1546 perspicue
2772 1476 3210 1546 intelligeretur,
3245 1492 3419 1546 quam
3444 1478 3591 1530 bene

1879 1563 1940 1617 in
1973 1563 2275 1617 Ecclesiam
2300 1564 2581 1617 animatus
2614 1568 2760 1617 esset
2788 1563 3139 1633 imperator;
3170 1569 3290 1617 erat
3316 1580 3449 1617 sane
3491 1580 3591 1617 cur

1879 1657 2212 1704 vererentur
2232 1651 2544 1705 idololatrzr.
2576 1652 2956 1716 Calamenses,
2985 1669 3057 1705 ne
3086 1653 3319 1706 meritas
3360 1657 3592 1723 propter

1880 1740 2188 1809 superioris
2209 1740 2347 1792 anni
2370 1740 2615 1793 nefarios
2645 1744 2879 1793 conatus
2906 1757 3103 1809 poenas
3136 1742 3371 1794 luerent.
3410 1741 3589 1804 Quam

1880 1828 1951 1882 ob
1981 1844 2101 1881 rem
2122 1829 2383 1882 animum
2406 1828 2628 1882 induxit
2660 1829 2973 1895 Nectarius,
2998 1829 3068 1883 ad
3096 1846 3265 1898 opem
3286 1828 3591 1898 Augustini

1881 1918 2071 1971 denuo
2085 1918 2415 1988 confugere,
2450 1922 2506 1971 et
2536 1918 2778 1988 acceptis
2794 1919 2863 1972 ab
2890 1936 2957 1972 eo
2989 1922 3118 1971 ante
3150 1923 3370 1988 septem
3389 1925 3583 1973 octove

1879 2022 2102 2060 menses
2132 2006 2336 2061 litteris
2366 2007 2713 2077 respondere
2745 2005 2940 2076 (Epist.
2968 2009 3086 2071 104,
3108 2024 3163 2061 n.
3193 2008 3257 2073 1).
3297 2007 3579 2061 Universis

1879 2092 1997 2161 ille,
2030 2094 2131 2164 qui
2171 2111 2403 2165 quoquo
2438 2096 2604 2148 modo
2638 2096 2835 2148 sceleri
2865 2095 2958 2148 isti
2985 2096 3185 2149 affines
3213 2096 3460 2161 fuerant,
3484 2112 3577 2149 ve-

1880 2182 2035 2235 niam
2065 2183 2374 2252 impetrare
2408 2183 2629 2249 nititur,
2663 2184 2816 2237 falsae
2848 2184 3021 2253 hujus
3052 2182 3345 2253 opinionis
3371 2184 3585 2239 benefi-

1878 2271 1988 2335 cio,
2020 2272 2172 2341 quod
2205 2272 2399 2325 omnia
2429 2276 2658 2341 peccata
2686 2272 2843 2341 paria
2888 2272 3001 2324 sint
3032 2273 3226 2341 (Epist.
3268 2276 3388 2335 103,
3419 2290 3474 2325 n.
3510 2272 3583 2341 3).

1881 2362 2015 2431 Ejus
2045 2361 2343 2430 epistolam
2373 2360 2730 2430 Augustinus
2769 2365 2923 2413 sexto
2950 2360 3223 2415 kalendas
3259 2359 3455 2431 aprilis
3487 2377 3576 2414 ac-

1881 2448 2066 2519 cepit:
2100 2450 2172 2504 ad
2203 2466 2377 2523 quam
2408 2449 2779 2519 respondens,
2812 2448 3093 2519 principio
3116 2448 3281 2502 illum
3302 2452 3484 2517 rogat,
3524 2453 3589 2501 ut

1881 2539 1927 2592 si
1951 2540 2103 2609 quod
2126 2539 2375 2593 edictum
2402 2555 2566 2608 aequo
2588 2538 2839 2591 severius
2870 2537 3241 2606 impetratum
3271 2553 3304 2589 a
3330 2536 3584 2590 Possidio

1878 2627 2053 2681 fuisse
2084 2628 2235 2681 fama
2266 2628 2612 2697 praevolante
2644 2626 2925 2691 didicerit,
2955 2626 3011 2680 id
3042 2625 3148 2679 sibi
3182 2625 3435 2693 nuntiet,
3470 2642 3584 2689 quo

1880 2716 2206 2786 prospicere
2239 2716 2435 2775 valeat,
2476 2716 2564 2768 vel
2612 2715 2745 2784 quid
2795 2714 3083 2783 agendum
3140 2730 3211 2767 ne
3265 2713 3578 2784 quidquam

1879 2803 2137 2874 asperius
2158 2804 2274 2869 fiat,
2308 2804 2393 2857 vel
2421 2803 2557 2873 quid
2589 2802 3057 2872 respondendum
3086 2801 3157 2854 iis
3191 2801 3292 2871 qui
3319 2801 3458 2854 falso
3485 2818 3580 2853 ru-

1877 2891 2027 2945 mori
2056 2896 2269 2945 temere
2309 2890 2696 2944 credidissent.
2744 2889 2903 2953 Quod
2936 2904 3066 2941 vero
3104 2887 3177 2941 ad
3227 2886 3584 2956 pecuniarias

1876 2981 2115 3034 mulctas
2169 2979 2390 3046 attinet,
2425 2995 2671 3049 quarum
2717 2976 3080 3031 incommoda
3128 2974 3340 3029 mirum
3398 2990 3583 3044 quan-

1876 3073 2000 3123 tum
2032 3068 2407 3138 amplificarat
2439 3067 2752 3135 Nectarius,
2799 3066 2871 3130 ei,
2907 3081 3081 3136 quam
3127 3064 3249 3117 sine
3298 3079 3466 3116 causa
3515 3065 3584 3117 de

1878 3156 1946 3209 iis
2001 3160 2299 3226 tantopere
2352 3156 2657 3220 laboraret,
2714 3154 2853 3225 ipsis
2890 3152 3369 3224 philosophorum
3411 3151 3582 3205 docu-

1875 3244 2085 3299 mentis
2113 3244 2464 3315 Augustinus
2493 3244 2860 3299 demonstrat.
2898 3245 3291 3313 Prieterquam
3337 3239 3489 3311 quod
3532 3240 3579 3292 is

1876 3349 1995 3386 non
2027 3338 2147 3387 erat
2196 3332 2649 3387 Christianorum
2683 3332 2927 3398 animus,
2984 3337 3047 3385 ut
3098 3346 3225 3383 reus
3274 3329 3345 3383 ad
3391 3344 3583 3381 rerum

1876 3420 2139 3491 inopiam
2180 3420 2634 3475 necessariarum
2680 3422 2891 3473 vellent
2933 3419 3214 3489 redigere.
3271 3419 3382 3471 Nec
3429 3416 3583 3469 enim

1876 3509 1991 3563 illis
2022 3510 2398 3581 propositum,
2433 3509 2627 3563 ulcisci
2657 3508 3027 3573 adversarios,
3060 3507 3155 3559 sed
3203 3521 3405 3559 eorum
3449 3520 3582 3558 con-

1876 3599 2062 3652 sulere
2095 3598 2285 3651 saluti.
2317 3599 2480 3660 Tum,
2512 3597 2666 3667 quod
2689 3597 2782 3649 ille
2814 3597 2882 3649 de
2906 3598 3267 3666 peccatorum
3299 3592 3584 3663 parilitate

1877 3687 2116 3755 dixerat,
2148 3691 2373 3739 sanctus
2407 3684 2909 3739 Doctorconfutat:
2945 3699 3007 3735 ac
3022 3698 3153 3735 eum
3180 3695 3583 3750 sunmmopcre

1879 3776 1949 3829 ad
2003 3774 2439 3846 amplexandam
2498 3774 2672 3828 fidem
2719 3772 3085 3826 christianam
3130 3772 3412 3824 hortatur.
3476 3770 3581 3822 Po-

1876 3870 2087 3918 stremo
2120 3864 2189 3918 de
2220 3863 2339 3917 tilio
2372 3863 2513 3933 ejus,
2546 3862 2637 3916 cui
2690 3877 2904 3914 nomen
2959 3860 3268 3925 Paradoxo,
3327 3856 3574 3911 mentio-

1874 3970 2007 4007 nem
2046 3952 2279 4017 faciens,
2312 3967 2541 4005 rursum
2574 3966 2745 4022 quam
2776 3949 3097 4019 periculosa
3141 3948 3213 4001 sit
3262 3963 3394 4001 mox
3425 3946 3571 4000 dicta

1873 4041 2187 4096 Stoicorum
2238 4041 2308 4094 de
2356 4039 2599 4110 peccatis
2675 4038 2953 4107 doctrina,
3014 4037 3240 4091 dextere
3296 4036 3576 4106 approbat

1876 4130 2075 4200 (Epist.
2114 4128 2255 4199 104).

1944 4222 1996 4272 2.
2038 4220 2252 4272 Prmter
2282 4218 2404 4270 huic
2433 4216 2720 4270 Honorius
2763 4216 3019 4271 Ecclesiae
3051 4215 3233 4285 gratia
3279 4215 3433 4266 sexto
3481 4212 3581 4264 ka-

1874 4307 2072 4361 lendas
2091 4307 2267 4376 julias
2299 4304 2435 4359 anni
2468 4306 2702 4375 hujusce
2730 4300 3279 4374 quadringentesimi
3309 4299 3449 4353 noni
3484 4299 3581 4353 de-

1873 4394 2066 4457 crevit,
2103 4400 2184 4456 ut,
2218 4410 2346 4464 qua
2378 4394 2445 4447 ad
2482 4394 2639 4447 illam
2663 4392 3033 4463 pertinerent,
3061 4390 3281 4459 judices
3311 4388 3431 4441 sine
3462 4388 3579 4440 ulla

1872 4483 2389 4553 procrastinatione
2407 4486 2751 4536 statuerent:
2786 4485 2963 4550 utque
2985 4477 3185 4541 edicta,
3210 4476 3257 4529 si
3288 4493 3399 4546 qua
3430 4475 3577 4529 forte

1874 4575 2095 4643 legibus
2122 4574 2181 4627 in
2201 4572 2497 4627 haereticos
2514 4573 2635 4643 jam
2660 4570 2824 4625 toties
2854 4568 3069 4623 iteratis
3091 4566 3374 4621 contraria
3397 4566 3495 4619 abs
3516 4583 3575 4620 se

1874 4663 2335 4732 impetrarentur,
2372 4662 2531 4715 omni
2564 4678 2654 4714 om
2676 4658 2813 4713 nino
2836 4658 2888 4710 vi
2935 4674 2999 4709 ac
3047 4654 3382 4709 auctoritate
3422 4671 3579 4709 care-

1872 4756 2022 4820 rent,
2052 4767 2156 4805 nec
2176 4752 2293 4805 ullo
2324 4750 2493 4803 modo
2535 4746 2879 4803 exsecutioni
2928 4745 3339 4799 mandarentur
3378 4745 3585 4813 (Codice

1877 4840 2100 4905 Theod.,
2138 4841 2202 4893 de
2234 4840 2533 4903 Haereticis,
2569 4838 2679 4903 tege
2708 4835 2818 4903 47).
2876 4835 3014 4887 Fore
3062 4832 3439 4903 praesagiebat
3475 4832 3584 4886 for-

1873 4929 2040 4994 sitan,
2075 4933 2138 4982 ut
2169 4928 2227 4981 in
2250 4931 2404 4981 tanta
2424 4923 2653 4995 imperii
2679 4922 3067 4977 imbecillitate
3098 4926 3331 4992 tamque
3359 4920 3580 4977 afflictis

1871 5017 1988 5072 suis
2042 5018 2235 5081 rebus,
2293 5015 2444 5068 inter
2492 5012 2809 5084 praecipuos
2862 5028 2996 5065 suos
3044 5010 3412 5065 administros
3466 5024 3580 5060 non

1871 5106 2153 5170 deessent,
2190 5120 2433 5175 quorum
2469 5101 2658 5173 pravis
2715 5100 3075 5155 suasionibus
3124 5099 3191 5153 ad
3242 5096 3457 5167 aliquid
3513 5111 3574 5149 se

1872 5210 2088 5264 suaque
2116 5192 2389 5260 religione
2411 5190 2716 5260 indignum
2746 5189 3147 5244 adduceretur.
3178 5187 3288 5240 Nec
3309 5200 3439 5237 eum
3469 5185 3575 5237 liac

1868 5282 1927 5337 in
1960 5299 2018 5336 re
2049 5280 2248 5336 fefellit
2276 5279 2522 5333 animus.
2560 5280 2783 5333 Etenim
2824 5295 2894 5333 ex
2941 5275 3179 5331 concilio
3228 5271 3571 5341 Carthagine

1868 5371 2087 5426 decimo
2117 5374 2309 5423 octavo
2349 5369 2625 5423 kalendas
2658 5368 2833 5439 julias
2864 5366 3000 5420 anni
3034 5360 3580 5435 quadringentesimi

1867 5458 2069 5513 decimi
2099 5454 2290 5511 habito
2318 5463 2557 5521 constat,
2589 5457 2643 5510 id
2674 5455 2948 5526 temporis
2982 5456 3103 5521 lege
3134 5457 3364 5503 cautum
3423 5466 3565 5510 eSsc,

1868 5566 1941 5604 ne
1969 5548 2095 5622 quis
2126 5548 2233 5603 nisi
2262 5548 2441 5603 libera
2468 5549 2759 5603 voluntate
2790 5542 3111 5599 christiana:
3142 5538 3435 5609 religionis
3461 5540 3577 5594 cul-
