3912 6174
264 260 364 311 383

260 386 384 435 tum
419 380 862 451 amplecteretur
885 380 1098 448 (Codice
1128 380 1402 436 Canonum
1428 379 1636 446 Arria,
1668 393 1788 432 can.
1819 378 1955 445 107),

256 468 418 533 Quod
448 468 681 538 quidem
711 484 827 521 non
860 468 1012 523 aliud
1046 471 1187 537 erat,
1219 484 1392 539 quam
1419 467 1595 522 cuivis
1624 465 1960 537 religionem

258 557 578 627 quamlibet
605 556 883 627 sequendi
914 555 1210 626 optionem
1241 556 1588 628 relinquere,
1622 571 1842 608 necnon
1875 571 1962 608 ea-

261 647 392 698 dem
432 661 606 715 opera
635 644 917 715 quidquid
944 645 1014 699 ad
1045 660 1169 698 eam
1219 644 1371 698 diem
1420 649 1618 697 contra
1665 642 1964 697 bmreticos

264 735 588 804 Paganosve
617 732 992 786 constitutum
1039 732 1244 797 fuerat,
1302 731 1623 800 antiquare.
1665 733 1728 785 In
1777 731 1962 785 edicto

262 825 458 875 octavo
505 821 776 875 kalendas
830 820 1165 890 septembris
1232 819 1966 891 auni"quadringcntesimi

262 910 470 964 decimi
497 910 626 962 dato
656 909 909 980 agnoscit
947 909 1246 974 Honorius,
1280 909 1576 962 haereticos
1629 909 1966 980 rescriptum

262 999 330 1052 ab
362 1014 420 1050 se
450 1014 552 1067 per
583 998 776 1051 dolum
806 997 1166 1067 expressisse,
1199 1014 1312 1067 quo
1343 1015 1473 1051 suos
1519 997 1626 1051 sibi
1656 1003 1964 1052 conventus

261 1086 547 1139 celebrare
587 1086 781 1140 liceret
813 1087 1020 1153 (Codice
1070 1087 1290 1153 Theod.,
1323 1087 1388 1140 de
1426 1089 1645 1154 Haeret,
1706 1088 1816 1155 lege
1855 1083 1961 1156 51).

261 1176 401 1227 Item
433 1174 491 1228 in
525 1174 658 1243 alio,
691 1175 842 1246 quod
870 1174 1054 1245 pridie
1083 1175 1208 1229 idus
1239 1175 1483 1229 octobris
1514 1175 1686 1239 dedit,
1721 1175 1969 1230 declarat

259 1263 592 1333 imperator,
623 1263 670 1316 si
713 1263 852 1334 quid
894 1263 1176 1330 statuerit,
1209 1264 1363 1334 quod
1393 1263 1452 1317 in
1481 1280 1602 1317 rem
1633 1280 1798 1317 suam
1843 1280 1964 1316 esse

261 1352 578 1406 existiment
614 1352 817 1406 Donati
847 1355 1171 1422 sectatores,
1201 1352 1255 1406 id
1289 1353 1348 1406 in
1382 1352 1490 1406 hoc
1516 1356 1740 1407 tantum
1772 1352 1964 1406 animo

261 1440 472 1494 factum
503 1440 694 1507 fuisse,
728 1445 792 1494 ut
821 1441 1048 1494 suavius
1081 1457 1279 1495 eorum
1306 1446 1526 1495 mentes
1574 1442 1643 1496 ad
1687 1441 1963 1511 supersti-

262 1529 453 1582 tiones
481 1528 828 1598 abjiciendas
866 1528 1349 1598 corrigendosque
1388 1545 1610 1582 errores
1640 1530 1966 1599 impelleret

263 1617 443 1688 (Ibid.,
478 1619 543 1670 de
583 1618 780 1684 Relig.,
829 1618 926 1671 sub
974 1619 1083 1685 lege
1117 1621 1184 1687 3).
1241 1619 1447 1689 Legem
1493 1617 1650 1671 illam
1682 1617 1982 1679 libertatis.

261 1709 525 1759 autumat
555 1705 831 1758 Baronius
881 1705 1116 1759 consilio
1165 1707 1339 1759 latam
1400 1706 1719 1760 Heracliani
1765 1707 1967 1761 Africae.

261 1794 485 1848 comitis
513 1797 567 1847 et
590 1793 856 1848 Macrobii
885 1795 1280 1865 proconsulem
1303 1794 1383 1848 ibi
1403 1811 1555 1849 anno
1578 1795 1966 1866 quadringen-

260 1881 464 1937 tesimo
495 1881 714 1935 decimo
747 1881 1005 1951 agentis:
1039 1887 1102 1934 ut
1129 1899 1203 1936 ne
1234 1883 1495 1936 videlicet
1540 1883 1968 1937 Donatistarum

259 1970 568 2026 factionem
594 1969 983 2040 gentilemque
1015 1975 1225 2024 sectam
1273 1971 1451 2025 nimia
1479 1971 1844 2042 superiorum
1888 1972 1965 2025 le-

261 2075 401 2131 gum
456 2058 754 2112 severitate
809 2058 1145 2125 abalienari,
1205 2060 1275 2114 ab
1326 2061 1597 2126 Honorio,
1656 2065 1828 2132 atque
1899 2061 1969 2114 ad

235 2147 438 2210 Attali
457 2151 649 2217 partes
681 2147 1293 2219 traducicontingeret.
1318 2149 1682 2202 Heraclianus
1711 2149 1968 2219 quidem,

263 2237 494 2307 qualem
523 2251 655 2288 eum
682 2235 1060 2306 Hieronymus
1090 2236 1346 2306 depingit
1377 2240 1634 2305 (Hieron,
1666 2240 1844 2307 Epist.
1894 2239 1967 2304 8),

262 2340 330 2376 eo
363 2326 485 2376 erat
515 2322 771 2393 ingenio,
803 2328 870 2377 ut
900 2324 957 2378 id
986 2325 1209 2378 consilii
1259 2343 1374 2378 non
1421 2326 1726 2380 difﬁculter
1769 2326 1966 2380 daret:

265 2410 579 2468 Macrobius
608 2427 742 2464 vero
776 2411 842 2477 si,
876 2412 1030 2482 quod
1081 2413 1344 2466 nonnulli
1391 2418 1617 2483 putant,
1663 2413 1816 2467 idem
1865 2418 1970 2484 est,

265 2500 366 2572 qui
395 2500 781 2554 Saturnalium
809 2500 989 2554 libros
1019 2501 1213 2567 edidit,
1241 2501 1396 2556 haud
1421 2501 1657 2556 obscure
1683 2502 1973 2557 idolorum

265 2587 438 2642 cultui
490 2587 752 2642 addictus
807 2588 1274 2659 deprehenditur.
1333 2590 1418 2645 Ad
1473 2591 1732 2644 eamdem
1786 2591 1972 2660 legem

267 2680 547 2747 spectasse
595 2675 821 2730 videtur
863 2678 1141 2737 Zosimus,
1186 2677 1288 2732 ubi
1348 2677 1584 2733 tradidit
1639 2679 1856 2733 aditum
1905 2680 1973 2733 ad

270 2765 578 2836 dignitates
610 2770 733 2819 tum
764 2765 1034 2832 forenses,
1092 2771 1215 2820 tum
1272 2766 1549 2820 militares
1602 2767 1672 2822 ab
1723 2768 1971 2821 Honorio

267 2854 557 2922 omnibus,
592 2857 810 2908 retenta
853 2871 954 2908 sua
982 2855 1258 2926 cujusque
1296 2854 1597 2924 religione,
1631 2856 1970 2926 patefactum

268 2960 423 3010 esse;
453 2947 621 3013 atque
655 2943 724 2996 ob
757 2959 883 2997 eam
916 2960 1059 3009 rem,
1092 2945 1296 3015 legem,
1330 2960 1504 3015 quam
1533 2944 1751 2998 decimo
1782 2949 1974 2999 octavo

267 3031 541 3086 kalendas
570 3031 888 3086 decembris
920 3031 1057 3085 anni
1085 3033 1634 3104 quadringentesimi
1665 3033 1847 3088 octavi
1879 3041 1971 3087 tu-

270 3123 412 3176 lerat
442 3122 725 3184 (Zosimus,
757 3123 900 3174 Hist.
946 3121 1038 3175 lib.
1071 3122 1141 3190 5),
1195 3122 1542 3191 abrogatam.
1594 3122 1733 3176 Huic
1780 3127 1973 3175 autem

270 3207 643 3276 abrogationi
659 3223 888 3262 causam
911 3208 1133 3263 dedisse
1149 3210 1398 3263 affirmat
1417 3209 1758 3264 Generidum
1775 3225 1976 3279 quem-

280 3297 414 3351 dam
446 3295 722 3366 religione
742 3312 1238 3367 paganum,quem
1267 3314 1397 3352 cum
1418 3299 1737 3368 Imperator
1754 3299 1975 3352 Dalma-

276 3384 401 3438 ticis
430 3384 752 3454 legionibus
781 3386 1069 3456 praeﬁcere
1100 3385 1387 3452 voluisset,
1419 3387 1566 3440 facta
1593 3386 1645 3440 ei
1675 3387 1836 3456 legis,
1863 3403 1976 3456 qua

273 3475 495 3529 honore
525 3473 624 3527 illo
645 3474 1070 3545 excludebatur,
1101 3475 1302 3545 gratia,
1333 3476 1578 3530 delatam
1608 3476 1704 3530 ille
1732 3476 1970 3546 dignita-

274 3565 412 3630 tem,
443 3560 553 3614 nisi
583 3577 650 3615 ea
688 3562 774 3616 lex
823 3563 1060 3616 omnino
1106 3564 1524 3634 antiquaretur,
1565 3565 1856 3618 recusarit.
1914 3565 1974 3619 Id

271 3648 369 3703 ille
401 3649 704 3719 contigisse
736 3651 912 3705 tradit
947 3653 1119 3722 paulo
1151 3657 1458 3724 antequam
1498 3653 1568 3708 ab
1607 3654 1830 3708 Alarico
1863 3654 1974 3707 Im-

275 3741 507 3807 perator
537 3743 828 3792 crearetur
843 3740 1066 3792 Attalus
1091 3757 1102 3792 :
1129 3745 1299 3810 atque
1331 3741 1473 3794 adeo
1507 3757 1620 3794 nou
1652 3740 1893 3795 absurde
1914 3741 1976 3794 in

275 3825 536 3878 medium
579 3842 797 3879 annum
837 3827 1465 3898 quadringentesimum
1514 3846 1729 3883 nonum
1776 3830 1976 3884 referri

276 3918 485 3982 posset.
517 3914 582 3967 Et
613 3930 747 3967 sane
778 3920 984 3985 putant
1011 3917 1245 3970 Honorii
1275 3917 1334 3970 in
1361 3918 1653 3971 hmreticos
1680 3918 1978 3989 indulgen-

276 3999 417 4053 tiam
449 4004 769 4071 postremos
799 4002 934 4056 anni
974 4004 1527 4076 quadringentesimi
1565 4006 1701 4060 noni
1755 4023 1980 4060 menses

276 4091 529 4156 durasse,
553 4107 617 4144 ac
638 4091 948 4162 sequentis,
973 4094 1751 4165 nempe‘quadringentesimi
1776 4095 1983 4149 decimi

279 4179 513 4252 primos.
542 4179 836 4250 Olympius
867 4197 934 4234 eo
962 4186 1217 4253 tempore
1241 4185 1603 4254 Imperatoris
1633 4184 1818 4254 gratia
1846 4184 1985 4240 exci-

282 4270 458 4334 derat,
504 4271 559 4323 et
579 4268 856 4340 dignitate
880 4276 1080 4325 exutus
1111 4272 1169 4325 in
1187 4272 1522 4327 Dalmatiam
1550 4273 1810 4328 secedere
1831 4289 1956 4328 com
1973 4303 1986 4312 -

287 4358 486 4427 pulsus
516 4358 732 4424 fuerat;
759 4363 930 4430 atque
951 4361 1021 4414 ob
1049 4376 1173 4414 eam
1199 4377 1314 4415 rem
1348 4362 1676 4433 neutiquam
1696 4361 1981 4426 eilicebat,

295 4447 612 4502 Honorium
639 4464 673 4501 a
702 4449 909 4518 pravis,
945 4465 1074 4519 quae
1117 4449 1228 4519 ipsi
1279 4451 1746 4521 suggerebantur,
1799 4450 1986 4505 consi-

291 4533 382 4588 liis
413 4540 665 4591 avertere
696 4537 876 4606 (Ibid).
915 4538 1028 4591 Illis
1055 4542 1244 4592 tamen
1276 4555 1393 4592 non
1433 4539 1529 4593 diu
1559 4539 1752 4610 paruit
1800 4542 1981 4610 Impe-

293 4627 471 4689 rator,
497 4639 560 4677 ac
586 4625 848 4694 proximo
872 4643 1022 4681 anno
1056 4626 1229 4680 visuri
1255 4643 1471 4695 sumus,
1502 4628 1988 4699 quemadmodum

284 4710 343 4764 in
397 4710 536 4781 ipsis
589 4713 1097 4770 turbulentissimis
1137 4717 1327 4784 rebus,
1370 4733 1494 4770 eam
1550 4717 1756 4788 legem,
1817 4734 1990 4788 quam

291 4798 393 4854 abs
423 4815 483 4852 se
510 4803 836 4871 extorqueri
885 4805 1247 4876 praeposteris
1275 4805 1524 4860 consiliis
1551 4823 1750 4878 passus
1786 4806 1988 4875 fuerat,

285 4886 672 4957 abrogaverit.

368 4979 420 5031 3.
469 4975 666 5030 Datam
701 4977 986 5034 credimus
1025 4982 1096 5037 ab
1139 4983 1459 5053 Augustino
1505 4985 1610 5038 sub
1647 4984 1819 5055 hujus
1860 4985 1994 5039 anni

303 5063 536 5118 initium
565 5064 886 5135 epistolam,
910 5084 1038 5138 quae
1068 5072 1668 5141 generatimfomnibus
1690 5073 1992 5127 Donatistis

297 5153 644 5208 inscribitur
674 5155 866 5224 (Epist.
905 5159 1045 5225 105).
1088 5161 1152 5212 In
1193 5176 1257 5213 ea
1280 5161 1436 5214 enim
1483 5161 1696 5215 mentio
1735 5161 1798 5216 ﬁt
1838 5162 1994 5216 falsas

297 5243 457 5297 illius
508 5243 881 5316 indulgentize
919 5262 1019 5300 seu
1067 5248 1456 5319 abrogationis
1498 5251 1742 5304 latarum
1791 5250 1851 5303 in
1900 5267 1996 5304 eos

292 5330 510 5402 legum,
535 5334 698 5405 cujus
737 5333 820 5389 illi
849 5333 1059 5388 famam
1091 5342 1343 5392 vertente
1373 5355 1522 5392 anno
1549 5338 1994 5410 quadringente-

297 5418 445 5472 simo
478 5426 674 5477 octavo
702 5427 1060 5494 sparserant;
1112 5424 1304 5494 ibique
1347 5426 1548 5496 recipit
1595 5431 1822 5481 sanctus
1867 5427 1994 5498 Epi-

300 5521 524 5576 scopus,
559 5511 1080 5568 demonstraturum
1112 5527 1193 5583 se,
1224 5514 1394 5570 modo
1424 5515 1537 5586 ipsi
1575 5516 1767 5571 venire
1797 5515 1858 5570 in
1877 5517 1994 5571 col-

1515 256 1667 309 VITA
1719 255 1776 310 S.
1818 255 2191 310 AUGUSTINI
2235 253 2562 309 EPISCOPI.

3671 256 3765 308 38'i

2073 377 2335 448 loquium
2365 393 2482 431 non
2504 376 2840 441 detrectent,
2860 374 3124 446 quaedam
3154 373 3224 428 ad
3243 373 3527 429 Caiciliani
3547 391 3770 428 causam

2072 466 2448 536 pertinentia,
2489 481 2618 536 quae
2655 463 2946 534 praecipua
2991 463 3229 516 materia
3257 463 3414 516 fuere
3460 463 3773 517 collationis

2075 554 2577 625 Carthaginensis:
2611 553 2680 607 de
2712 569 2826 623 qua
2851 551 3083 623 quidem
3114 551 3416 605 collatione
3453 569 3564 606 non
3597 553 3772 622 signi-

2075 645 2206 698 fieat
2235 642 2535 715 quidpiam
2567 642 2750 696 adhuc
2774 641 2949 694 fuisse
2979 640 3372 695 constitutum.
3404 641 3690 695 Plurimos
3721 641 3777 694 in

2076 731 2351 802 epistolae,
2406 732 2619 785 calcem
2675 729 2932 800 congerit
2995 729 3302 800 Scriptura:
3351 731 3518 790 locos,
3570 728 3780 800 quibus

2079 820 2391 874 Ecclesiam
2413 819 2751 874 catholicam
2776 835 2877 888 per
2891 833 3089 871 omnes
3113 822 3309 888 gentes
3321 817 3584 871 diffusam
3597 822 3781 871 osten-

2081 909 2222 962 dat:
2256 909 2594 979 ejustamen
2625 907 2932 962 maximam
2964 911 3184 976 partem
3235 923 3300 958 eo
3351 907 3544 972 refert,
3601 911 3663 959 ut
3711 907 3782 961 ab

2079 1014 2278 1052 eorum
2308 997 2806 1052 criminationibus
2821 997 3019 1067 legum
3036 995 3272 1050 Honorii
3288 995 3641 1048 severitatem
3662 994 3782 1048 vin-

2077 1086 2262 1141 dicet:
2296 1087 2448 1141 unde
2491 1086 2543 1140 id
2603 1087 2880 1156 scriptum
2932 1085 3219 1155 intelligas
3269 1088 3401 1138 ante
3457 1083 3782 1137 libertatem

2078 1173 2382 1246 cujuslibet
2410 1175 2664 1230 colendae
2708 1174 3004 1244 religionis
3034 1174 3104 1228 ab
3155 1172 3406 1228 Honorio
3457 1188 3782 1226 concessam

2077 1270 2330 1318 extremo
2353 1264 2460 1318 isto
2483 1281 2630 1318 anno
2654 1261 3221 1335 quadringentesimo
3244 1278 3414 1315 nono.
3434 1260 3575 1314 Huic
3588 1265 3784 1314 autem

2077 1351 2393 1408 scribenda:
2427 1354 2680 1423 epistolae
2709 1353 3062 1407 occasionem
3085 1351 3460 1422 praebuerunt
3490 1349 3730 1420 quidam
3758 1365 3786 1402 e

2080 1442 2282 1497 Donati
2304 1446 2466 1513 parte
2493 1441 2838 1513 presbyteri,
2871 1440 2968 1512 qui
2990 1439 3307 1493 renuntiari
3334 1438 3656 1503 Augustino
3672 1439 3788 1506 jus-

2077 1547 2200 1584 sere
2235 1530 2521 1601 ipsissima
2556 1531 2677 1584 haec
2713 1530 2883 1583 verba
2909 1546 2921 1582 :
2953 1528 3198 1582 Recedite
3227 1543 3261 1580 α
3290 1526 3536 1596 plebibus
3562 1528 3782 1588 nostris,

2075 1619 2126 1671 si
2145 1631 2249 1670 non
2269 1616 2434 1669 vultis
2465 1618 2523 1668 ut
2548 1615 2933 1682 interﬁciamus
2963 1627 3054 1666 vos
3086 1610 3270 1681 (Ibid.,
3292 1626 3328 1663 τι
3354 1653 3365 1664 .
3392 1610 3461 1679 1).

2148 1707 2198 1759 4.
2243 1705 2481 1764 Insanae,
2541 1719 2670 1774 quae
2720 1702 2781 1756 in
2838 1701 3066 1755 exordio
3124 1699 3377 1770 epistola:
3430 1699 3501 1753 ad
3559 1699 3787 1752 Festum

2077 1796 2618 1856 commemorantur,
2641 1790 3065 1845 Donatistarum
3091 1788 3261 1842 minae
3283 1789 3483 1857 (Epist.
3507 1789 3600 1852 89,
3623 1803 3695 1867 τι.⁴
3715 1790 3783 1852 1).

2078 1882 2316 1936 forsitan
2337 1882 2477 1951 ipsae
2507 1885 2658 1942 sunt,
2679 1896 2820 1950 quas
2847 1895 2915 1933 ex
2943 1877 3109 1932 dictis
3130 1875 3438 1947 Augustini
3458 1875 3529 1929 ad
3559 1875 3788 1929 eosdem

2079 1970 2285 2025 litteris
2315 1970 2491 2024 modo
2513 1968 2839 2023 retulimus.
2876 1965 3240 2022 Tentationes
3269 1982 3423 2030 vero,
3457 1964 3677 2035 quibus
3699 1980 3790 2018 eos

2077 2059 2354 2131 probatos
2407 2057 2568 2125 dicit,
2621 2057 2723 2128 qui
2763 2057 2822 2110 in
2861 2055 3149 2127 gremium
3197 2053 3457 2108 Ecclesia}
3501 2053 3793 2107 redierant

2083 2148 2428 2218 (Ibid.,n.7),
2446 2163 2719 2216 peraeque
2747 2146 2816 2200 ad
2849 2161 2915 2199 ea
2935 2159 3066 2214 quae
3086 2147 3185 2197 aut
3215 2141 3544 2197 Stilichonis
3569 2158 3789 2206 necem,

2083 2241 2181 2291 aut
2227 2236 2459 2290 Honorii
2511 2236 2780 2290 adversus
2831 2232 3148 2288 Donatistas
3183 2231 3467 2302 jussiones
3520 2231 3596 2284 ab
3645 2247 3791 2283 anno

2082 2323 2651 2396 quadringentesimo
2681 2323 2883 2394 quinto
2925 2326 3224 2376 consecuta
3273 2319 3546 2386 diximus,
3591 2319 3793 2372 referri

2081 2417 2320 2485 queunt.
2367 2415 2508 2467 Nam
2539 2429 2652 2483 quo
2691 2416 2950 2482 tempore
2976 2412 3106 2466 data
3129 2410 3238 2464 fuit
3270 2410 3391 2464 haac
3421 2409 3698 2479 epistola,
3731 2425 3791 2461 co

2081 2507 2230 2557 certe
2246 2503 2305 2556 in
2329 2502 2458 2556 illos
2488 2518 2557 2556 ex
2585 2501 2983 2572 imperialibus
3013 2499 3208 2555 edictis
3235 2514 3352 2552 non
3382 2497 3640 2567 segniter
3658 2513 3790 2567 age-

2080 2593 2246 2647 batur
2274 2591 2467 2660 (Ibid.,
2507 2607 2601 2645 nn.
2638 2595 2686 2659 l,
2727 2592 2780 2657 2,
2814 2593 2868 2658 3,
2911 2593 2977 2649 6).
3005 2587 3337 2644 Collationis
3369 2592 3564 2640 autem
3593 2586 3658 2640 in
3681 2587 3792 2657 ipsa

2081 2679 2238 2733 nulla
2265 2679 2506 2732 mentio.
2544 2680 2741 2733 Festus
2795 2693 2970 2748 porro
3014 2677 3194 2730 laicus
3224 2680 3367 2744 erat,
3421 2691 3484 2729 ac
3541 2675 3791 2745 publicis

2082 2768 2348 2838 gerendis
2379 2769 2716 2823 muneribus
2736 2767 3079 2838 implicatus.
3115 2766 3255 2820 Huic
3284 2771 3448 2819 erant
3473 2765 3531 2818 in
3577 2765 3791 2836 Hippo-

2083 2857 2245 2912 nensi
2271 2862 2447 2912 tractu
2481 2874 2512 2911 e
2543 2856 2749 2912 Donati
2778 2861 2928 2910 secta
2963 2855 3176 2909 subditi
3205 2855 3390 2924 (Ibid,
3419 2871 3475 2908 η.
3505 2855 3557 2922 8)
3584 2874 3600 2908 :
3653 2871 3793 2925 quos

2083 2946 2316 3016 quidem
2345 2946 2440 3000 ille
2474 2945 2696 3016 scriptis
2741 2943 2945 2999 litteris
2976 2943 3048 2998 ad
3087 2944 3610 2998 reconciliationem
3669 2959 3791 2997 cum

2084 3036 2328 3090 Ecclesia
2369 3036 2555 3089 fuerat
2612 3033 2981 3101 cohortatus;
3031 3049 3229 3086 verum
3272 3031 3589 3103 quominus
3626 3032 3691 3085 id
3732 3047 3792 3084 ex

2083 3127 2213 3177 voto
2243 3123 2585 3189 succederet,
2618 3121 2884 3177 nonnihil
2929 3121 3188 3176 fortassis
3219 3121 3538 3175 obstiterat.
3576 3122 3794 3174 Horum

2084 3212 2280 3265 salutis
2306 3211 2590 3266 studiosus
2619 3215 2740 3265 erat
2777 3210 3149 3281 Augustinus,
3183 3226 3298 3263 non
3320 3209 3584 3279 ipsorum
3622 3208 3797 3262 modo

2085 3301 2383 3368 causa,sed
2401 3300 2574 3354 etiam
2596 3300 2824 3353 illorum
2852 3300 2951 3370 qui
2979 3315 3109 3352 cum
3139 3299 3210 3352 ad
3241 3297 3586 3352 catholicam
3621 3297 3795 3350 fidem

2085 3407 2144 3443 se
2169 3389 2533 3460 recepissent,
2562 3386 2825 3442 nonnihil
2857 3387 3156 3459 capiebant
3187 3403 3253 3440 ex
3298 3385 3549 3440 aliorum
3589 3385 3800 3439 vicinia

2086 3477 2432 3532 detrimenti.
2473 3479 2670 3547 Itaque
2719 3477 2787 3530 ad
2820 3478 3047 3530 Festum
3079 3476 3294 3530 litteras
3352 3474 3528 3540 dedit,
3584 3491 3799 3545 rogans

2061 3570 2149 3620 'ut
2177 3567 2425 3637 aliquem
2458 3565 2637 3620 ﬁdum
2660 3582 2723 3619 ex
2771 3565 3112 3627 domesticis,
3148 3565 3231 3618 vel
3273 3580 3342 3617 ex
3370 3563 3568 3617 amicis
3622 3562 3801 3618 desti-

2086 3660 2268 3722 naret,
2302 3655 2400 3726 qui
2431 3671 2498 3708 eo
2526 3671 2641 3708 non
2670 3657 2824 3708 recta
2852 3671 3116 3724 pergens,
3149 3653 3218 3706 ad
3261 3669 3318 3705 se
3352 3652 3574 3706 caeteris
3604 3651 3800 3705 insciis

2089 3745 2416 3812 diverteret,
2456 3759 2569 3814 quo
2614 3742 3048 3796 communicatis
3095 3740 3362 3802 consiliis,
3413 3755 3529 3811 qua
3570 3739 3797 3810 potissi-

2087 3849 2248 3887 mum
2278 3833 2500 3887 ratione
2520 3831 2714 3902 pellici
2743 3831 2813 3886 ad
2845 3831 3149 3884 Ecclesium
3181 3834 3418 3901 possent
3456 3829 3800 3883 decernere-

2086 3925 2200 3974 tur.
2227 3923 2294 3975 Et
2312 3937 2383 3975 ne
2413 3921 2543 3992 quis
2566 3913 2792 3974 Festum
2825 3919 2894 3972 ab
2925 3935 2991 3973 eo
3022 3918 3430 3973 dehortaretur
3447 3916 3666 3983 studio,
3691 3932 3799 3987 quo

2090 4008 2418 4063 revocandis
2457 4009 2526 4062 ad
2575 4007 2749 4062 ﬁdem
2812 4005 3056 4061 subditis
3104 4021 3337 4076 Operam
3387 4021 3600 4058 navare
3641 4021 3800 4058 suam

2091 4101 2358 4168 coeperat,
2391 4112 2616 4150 causam
2645 4096 2828 4150 eidem
2846 4095 3080 4165 exponit
3109 4093 3450 4159 schismatis,
3475 4109 3802 4163 quonamve

2092 4187 2265 4240 modo
2295 4185 2366 4240 ad
2396 4202 2454 4238 se
2502 4186 2804 4239 redeuntes
2847 4183 3090 4238 Ecclesia
3137 4181 3392 4251 recipiat.
3437 4181 3521 4235 Ad
3573 4183 3802 4236 Festum

2093 4280 2288 4328 contra
2317 4273 2635 4328 Donatistas
2657 4273 2836 4327 sancti
2868 4271 3132 4327 Prcesulis
3164 4269 3677 4324 commonitorium
3706 4271 3802 4324 ad-

2093 4367 2255 4418 notat
2279 4362 2563 4417 Possidius
2594 4362 2673 4432 (In
2701 4361 2962 4426 Indiculo,
2985 4375 3101 4429 cap.
3135 4360 3211 4427 3).

2237 4449 2732 4515 Quemadmodum
2753 4448 3106 4518 Augustinus
3133 4446 3194 4500 in
3215 4445 3270 4499 id
3293 4445 3664 4499 incumbebat
3686 4450 3804 4522 toto

2096 4539 2288 4593 animo
2319 4543 2375 4593 et
2398 4537 2586 4592 studio
2616 4535 2797 4602 omni,
2842 4540 2907 4590 ut
2961 4553 2990 4590 e
3034 4551 3136 4588 sua
3178 4533 3534 4606 Hipponensi
3577 4532 3808 4589 dioecesi

2095 4627 2353 4682 funditus
2385 4625 2794 4696 exstirparetur
2824 4622 3249 4678 Donatistarum
3288 4621 3559 4676 haeresis:
3592 4621 3673 4675 sic
3701 4623 3809 4676 Do-

2100 4716 2318 4770 natistae
2339 4714 2586 4768 vicissim
2613 4713 2727 4767 illic
2756 4717 2820 4766 ut
2843 4729 2908 4767 ea
2938 4703 3269 4766 firmaretur
3297 4716 3466 4782 atque
3515 4710 3693 4765 etiam
3729 4710 3811 4763 in-

2099 4809 2450 4859 crementum
2483 4806 2730 4873 caperet,
2773 4818 2878 4872 pro
2907 4801 3126 4855 viribus
3175 4800 3562 4855 enitebantur.
3611 4801 3814 4869 Neque

2099 4894 2353 4964 profecto
2383 4892 2563 4946 valuit
2588 4889 3008 4961 vigilantissimi
3056 4906 3194 4944 cura
3239 4890 3515 4960 laborque
3563 4888 3812 4959 pastoris

2099 4981 2401 5053 impedire,
2433 4980 2742 5052 quominus
2776 4979 2845 5034 de
2873 4995 2977 5033 suo
3009 4995 3184 5049 grege
3215 4977 3558 5049 proﬂigatus
3580 4976 3814 5047 aliquis,

2103 5076 2160 5125 et
2191 5072 2394 5124 scelere
2423 5065 2694 5141 perditus~
2715 5085 2775 5122 ac
2801 5073 3070 5139 egestate,
3109 5068 3181 5122 ad
3212 5082 3414 5122 eorum
3452 5067 3644 5120 caulas
3675 5081 3813 5136 per-

2101 5163 2341 5231 fugeret.
2369 5163 2510 5216 Nem
2536 5176 2639 5232 per
2667 5161 2777 5215 hoc
2822 5159 3036 5230 ipsum,
3069 5159 3133 5214 in
3161 5175 3274 5230 quo
3315 5172 3633 5222 versamur,
3665 5161 3819 5210 tem-

2102 5267 2211 5321 pus
2236 5250 2596 5305 Bustisianus
2625 5248 2859 5320 quidam
2892 5247 3275 5319 Hipponensis
3301 5247 3558 5300 dioecesis
3587 5244 3817 5298 subdia-

2103 5355 2278 5394 conus
2308 5339 2642 5404 catholicus,
2672 5337 2771 5408 qui
2801 5338 2872 5391 ob
2915 5335 3214 5408 improbos
3260 5351 3446 5388 mores
3485 5349 3819 5388 excommu-

2106 5427 2324 5482 nicatus
2340 5444 2373 5481 a
2401 5428 2734 5498 presbytero
2757 5443 2858 5480 suo
2882 5430 3025 5491 erat,
3050 5440 3275 5479 necnon
3305 5424 3618 5477 multorum
3632 5422 3817 5475 etiam

2109 5517 2172 5573 in
2208 5516 2306 5572 illa
2336 5516 2570 5588 regione
2597 5516 2817 5570 debitor
2861 5514 3064 5581 factus,
3099 5513 3237 5570 dum
3276 5511 3492 5583 aliquid
3535 5509 3819 5584 praesidii,
