3912 6174
127 306 204 353 3ὃῆ
1566 291 1672 346 LIB

1566 290 1778 347 LIBER
1820 290 2116 349 SEXTUS.

119 437 216 475 cum
253 417 493 471 adversus
530 413 833 468 creditores
880 429 1034 479 suos,
1080 417 1205 467 tum
1243 418 1445 467 contra
1489 415 1749 468 Ecclesia:

120 507 413 577 disciplinam
424 520 618 575 parare
645 502 754 557 sibi
777 502 955 573 cupit,
979 502 1261 574 optimum
1288 503 1434 557 factu
1450 504 1743 573 judicavit,

124 598 235 653 adire
257 595 317 649 ad
346 593 679 648 Macrobium
714 592 1209 646 schismaticorum
1235 593 1387 663 apud
1422 593 1747 664 Hipponem

126 688 399 757 episcopum,
439 686 494 735 et
522 683 764 735 alterum
812 682 883 735 ab
916 697 981 734 eo
1026 680 1383 751 Baptismum
1411 682 1696 752 suscipere
1728 698 1740 735 :

125 791 201 845 quo
218 771 461 827 nimirum
492 770 669 837 fieret,
696 774 763 823 ut
792 770 861 823 ab
891 770 1459 824 Circumcellionibus
1488 771 1751 841 diligere-

122 872 185 917 tur
209 863 339 915 velut
377 859 801 924 mundissimus,
851 862 906 912 et
952 859 1357 913 defenderetur
1390 860 1589 930 (Epist.
1631 862 1748 929 £08,

116 968 152 1004 η.
180 952 264 1016 19).
295 947 630 1017 Augustinus
661 963 796 1017 ergo
823 947 919 1001 ubi
949 948 1199 1017 primum
1228 948 1533 1002 concilium
1566 948 1752 1002 Rusti-

110 1037 221 1089 ciani
240 1034 515 1096 intellexit,
546 1034 768 1087 litteras
794 1033 1021 1103 scripsit
1043 1034 1113 1087 ad
1145 1035 1511 1101 Macrobium,
1550 1035 1747 1089 breves

107 1126 200 1178 illas
234 1123 465 1194 quidem,
512 1123 608 1176 sed
656 1122 1035 1176 nihilominus
1084 1122 1482 1191 vehementes;
1544 1124 1750 1195 quibus

103 1209 226 1267 illum
247 1228 339 1282 per
364 1211 600 1265 salutem
631 1210 843 1265 animae
870 1211 1117 1281 adjurat,
1148 1228 1221 1265 ne
1254 1212 1525 1267 iteratum
1556 1213 1747 1283 Bapti-

104 1316 247 1353 smum
268 1299 701 1354 istisubdiacono
732 1298 1009 1365 conferat,
1027 1303 1125 1353 aut
1150 1300 1349 1352 saltem
1366 1300 1750 1370 utquzestioni

104 1389 153 1442 de
190 1387 519 1457 Baptismate,
570 1388 725 1459 quod
777 1387 1095 1441 Felicianus
1142 1387 1645 1442 administraverat
1689 1390 1747 1441 in

105 1477 369 1530 Maximiani
399 1477 722 1537 schismate,
776 1477 1138 1547 respondeat.
1182 1476 1345 1539 Quod
1392 1481 1747 1547 postremum

105 1565 135 1617 si
155 1565 231 1619 ille
255 1565 593 1634 praestiterit,
616 1570 883 1635 paratum
907 1581 966 1619 se
990 1569 1217 1618 sanctus
1245 1567 1449 1619 Doctor
1478 1566 1745 1631 afﬁrmat,

105 1654 152 1705 ad
191 1654 516 1724 Baptismum
569 1655 757 1708 denuo
799 1654 1229 1724 suspiciendum
1278 1670 1290 1708 :
1340 1654 1427 1707 sin
1458 1660 1648 1708 autem
1680 1656 1748 1709 de

106 1742 317 1796 Feliciani
360 1743 502 1797 facto
543 1743 788 1809 dubitet,
821 1742 877 1796 id
907 1759 964 1795 se
992 1742 1369 1813 probaturum
1400 1759 1466 1796 ea
1506 1743 1630 1813 lege
1660 1760 1749 1796 re—

103 1830 221 1899 cipit,
249 1838 303 1886 nt
328 1832 381 1885 ni
408 1832 632 1898 fecerit,
664 1832 999 1902 episcopatu
1029 1847 1132 1885 suo
1164 1832 1325 1885 cadat
1358 1832 1561 1900 (Epist.
1602 1832 1745 1902 106).

104 1918 288 1972 Maximo
315 1924 366 1972 et
400 1919 698 1973 Theodoro
746 1919 1045 1989 epistolam
1092 1919 1238 1972 hanc
1286 1918 1357 1972 ad
1401 1920 1746 1991 Macrobium

102 2007 410 2061 deferendam
438 2008 698 2062 tradidit.
736 2008 834 2061 Hic
872 2008 1125 2078 primum
1155 2008 1306 2069 illos,
1338 2023 1411 2061 ne
1444 2008 1751 2078 Augustini

101 2094 268 2148 litteras
298 2096 345 2149 ei
372 2097 701 2164 recitarent,
732 2096 1032 2150 admittere
1063 2094 1123 2149 in
1153 2095 1505 2165 colloquium
1538 2096 1745 2162 noluit;

100 2184 173 2237 sed
209 2185 418 2238 tandem
468 2185 815 2255 urgentibus
861 2184 1089 2250 cedens,
1141 2201 1236 2238 eas
1275 2184 1381 2238 sibi
1409 2184 1522 2255 legi
1554 2201 1749 2255 passus

102 2277 176 2325 est.
202 2274 273 2328 Ad
300 2291 431 2345 quas
452 2274 578 2328 haec
602 2274 725 2344 ejus
758 2272 868 2327 fuit
906 2272 1203 2342 responsio
1228 2289 1239 2325 :
1265 2274 1383 2328 Non
1402 2286 1619 2341 possum
1642 2272 1755 2325 nisi

100 2362 155 2415 ad
174 2366 513 2417 mevenientes
546 2365 839 2431 suscipere.
871 2366 922 2415 et
958 2361 1151 2414 iisdem
1177 2361 1338 2429 fidem
1378 2376 1541 2428 quam
1560 2364 1747 2429 postu-

102 2451 283 2505 laverint
321 2453 447 2506 dare
489 2469 501 2506 :
560 2452 673 2505 hoc
704 2454 788 2504 est
831 2450 1099 2504 iteratum
1148 2448 1456 2518 Baptisma.
1489 2448 1651 2512 Quod
1678 2448 1749 2501 ad

104 2541 399 2597 Primianum
446 2547 693 2614 spectat,
742 2559 775 2595 a
823 2556 937 2611 quo
970 2544 1024 2593 et
1056 2539 1370 2593 Felicianus
1400 2543 1456 2593 et
1482 2555 1625 2610 quos
1658 2538 1749 2592 hic

103 2629 427 2699 baptizaverat
451 2631 693 2686 admissi
718 2630 967 2697 fuerant,
990 2645 1120 2683 cum
1142 2629 1212 2683 ad
1231 2628 1471 2683 Maximo
1492 2645 1555 2682 ac
1575 2629 1751 2683 Theo-

99 2716 202 2772 doro
227 2720 605 2792 interrogatus
636 2722 799 2781 esset,
847 2718 984 2789 quid
1014 2717 1272 2788 responsi
1302 2717 1371 2771 ad
1404 2717 1462 2771 id
1492 2717 1745 2783 afferret;

95 2806 200 2861 dixit
226 2826 237 2862 :
265 2811 329 2863 Se
354 2826 527 2879 nuper
569 2808 887 2863 ordinatum
912 2809 1095 2876 patris
1137 2808 1225 2861 sui
1241 2806 1484 2875 judicem
1512 2822 1621 2861 esse
1643 2821 1750 2860 non

91 2909 225 2965 posse,
251 2900 336 2952 sed
364 2902 417 2953 in
446 2901 507 2953 id
541 2898 687 2966 quod
714 2912 748 2950 a
793 2898 1069 2966 prioribus
1101 2898 1213 2950 suis
1243 2899 1504 2965 acceperit
1529 2911 1748 2965 perma-

91 3000 184 3037 nere
222 2989 401 3055 (Epist.
460 2986 608 3055 107).
662 2987 816 3040 Hanc
856 2984 1125 3039 Macrobii
1155 2985 1586 3055 responsionem
1617 3000 1745 3037 cum

94 3070 153 3124 illi
176 3075 464 3144 Augustino
491 3074 939 3145 significassent,
974 3073 1021 3127 is
1048 3073 1255 3129 timore
1276 3074 1443 3126 simul
1466 3078 1520 3126 et
1550 3073 1746 3126 dolore

90 3169 334 3228 permotus
361 3165 431 3219 ad
460 3164 735 3219 eumdem
766 3163 1028 3235 pluribus
1059 3162 1423 3217 scribendum
1451 3161 1743 3231 judicavit.

92 3248 175 3302 Hac
198 3252 341 3306 illum
372 3254 429 3308 in
460 3252 731 3324 epistola,
774 3255 1111 3322 argumento
1144 3268 1208 3304 ex
1239 3250 1441 3304 eodem
1467 3250 1613 3303 facto
1647 3250 1747 3303 Fe-

88 3336 238 3393 liciani
263 3346 423 3413 atque
453 3359 523 3396 ex
558 3341 681 3412 ipsa
712 3341 987 3395 Primiani
1018 3344 1075 3395 et
1103 3338 1429 3394 Maximiani
1458 3354 1627 3392 causa
1653 3354 1748 3408 pe-

88 3424 182 3491 tito,
221 3444 411 3500 urgere
461 3430 676 3501 pergit,
730 3429 1024 3501 magisque
1078 3444 1314 3500 operose
1370 3428 1745 3496 demonstrat,

88 3514 321 3588 quidquid
371 3519 440 3574 ab
479 3535 553 3573 eo
584 3521 782 3573 contra
813 3517 1116 3571 Ecclesiam
1150 3516 1341 3570 atierri
1370 3515 1746 3586 excogitarive

86 3610 255 3674 posset,
292 3607 346 3661 id
388 3623 567 3662 omne
609 3607 716 3661 hac
764 3606 932 3659 unica
976 3605 1213 3659 historia
1255 3604 1514 3671 convelli,
1572 3620 1747 3674 quam

85 3698 339 3763 propterea
356 3698 659 3767 speculum
680 3696 819 3766 ipsis
840 3694 1205 3749 correctionis
1228 3710 1260 3747 a
1281 3692 1473 3747 divina
1497 3693 1745 3747 clemen-

84 3780 145 3833 tia
184 3784 244 3837 ob
286 3787 473 3840 oculos
516 3784 779 3856 positum
809 3790 973 3838 vocat
1026 3801 1038 3838 :
1078 3784 1158 3836 ita
1195 3787 1261 3837 ut
1291 3782 1478 3836 omnis
1511 3783 1746 3835 omnino

86 3867 340 3929 difﬁcultas
380 3876 612 3930 sublata
659 3873 750 3929 sit.
798 3874 997 3944 Itaque
1038 3888 1169 3927 eum
1200 3872 1548 3938 cohortatur,
1582 3876 1645 3925 ut
1678 3872 1747 3925 de

82 3962 309 4025 praedicta
352 3963 681 4035 objectione
728 3966 1054 4033 cognoscat,
1110 3962 1402 4032 illamque,
1451 3960 1497 4014 si
1544 3960 1742 4031 possit,

82 4044 263 4104 diluat:
293 4051 379 4105 sin
407 4068 550 4107 vero
580 4068 697 4106 non
726 4051 927 4121 possit,
961 4066 1033 4104 ne
1064 4053 1356 4121 susceptas
1388 4049 1592 4103 Donati
1620 4066 1747 4120 par-

82 4136 143 4189 tes
170 4138 256 4193 Dei
281 4140 471 4196 timori
501 4140 875 4213 propriaeque
908 4140 1075 4195 saluti
1104 4142 1433 4209 anteponat.
1463 4138 1645 4202 Quam
1674 4139 1746 4193 ob

79 4237 268 4282 causam
315 4231 365 4285 ei
413 4236 547 4286 tum
595 4228 916 4285 schismatis
967 4228 1119 4283 mala
1158 4228 1409 4298 exponit,
1441 4231 1566 4281 tum
1598 4229 1748 4283 bona

78 4313 273 4371 unitatis
321 4321 522 4391 (Epist.
583 4320 725 4383 t08).
769 4317 1004 4372 Dicendi
1051 4333 1234 4387 genus
1283 4332 1494 4386 magna
1530 4317 1746 4387 ubique

77 4400 268 4460 lenitate
296 4412 683 4480 temperatum
716 4425 831 4462 non
862 4409 1011 4462 male
1040 4406 1287 4478 quadrat
1316 4405 1373 4459 in
1405 4411 1632 4476 tempus
1663 4406 1743 4460 in-

78 4488 218 4548 duitas
243 4512 341 4566 per
370 4497 693 4553 Honorium
720 4496 1022 4557 libertatis,
1052 4495 1124 4549 ad
1150 4510 1326 4566 quam
1356 4495 1509 4549 haud
1536 4495 1747 4549 scimus

79 4592 135 4631 an
152 4583 427 4653 quidpiam
453 4590 611 4641 vetet
640 4585 838 4639 referri
860 4584 1015 4655 quod
1039 4582 1117 4637 ait
1147 4598 1160 4636 :
1193 4584 1337 4637 Ante
1366 4585 1528 4637 istam
1558 4584 1745 4652 legem,

80 4682 163 4733 qua
176 4673 411 4738 gaudetis
430 4675 585 4729 vobis
600 4674 871 4729 redditam
886 4674 1205 4727 libertatem.
1227 4672 1419 4741 Neque
1433 4670 1585 4724 enim
1601 4672 1743 4741 jam,

75 4760 125 4807 ut
148 4759 207 4813 ab
241 4762 500 4817 iterando
537 4762 880 4832 Baptismate
913 4761 1216 4826 deterreat,
1253 4760 1445 4830 legum
1478 4760 1748 4813 severita-

78 4845 167 4899 tem
212 4850 509 4919 Macrobio,
554 4850 1047 4923 quemadmodum
1085 4850 1171 4903 vel
1205 4854 1334 4903 ante
1378 4849 1521 4902 latas
1552 4852 1743 4919 poste-

75 4932 222 4989 riores
274 4941 562 5011 Crispino,
621 4940 923 4994 minitatur
975 4937 1350 5009 Augustinus.
1403 4937 1743 5008 Quanquam

74 5020 289 5081 fortassis
323 5045 462 5099 erga
502 5030 665 5083 illum
706 5029 785 5083 ita
815 5045 872 5081 se
913 5026 1169 5097 gesserit,
1203 5043 1273 5079 ne
1304 5026 1455 5079 illius
1486 5025 1744 5079 animum

70 5116 420 5185 exacerbaret,
464 5117 722 5172 futurum
758 5132 1010 5188 sperans,
1045 5120 1111 5168 ut
1139 5114 1577 5168 mansuetudine
1608 5114 1743 5167 faci-

70 5198 157 5253 lius
180 5211 615 5277 expugnaretur.
652 5209 1042 5275 Przeterquam
1075 5204 1225 5274 quod
1261 5203 1605 5257 Macrobium
1637 5202 1745 5255 exi-

68 5289 303 5348 stimabat
350 5296 523 5351 bonae
571 5295 1079 5366 indolisjuvenem
1114 5309 1125 5347 :
1157 5290 1247 5345 cui
1275 5290 1493 5363 ingenii
1515 5307 1742 5361 quoque

67 5393 115 5430 ac
142 5382 477 5453 eloquentiae
509 5385 734 5440 laudem
767 5382 1000 5437 tribuit.
1038 5383 1087 5435 Is
1116 5396 1313 5451 porro,
1345 5396 1473 5435 cum
1508 5380 1578 5434 ad
1610 5397 1744 5435 eum

63 5468 388 5538 Augustinus
427 5468 651 5526 litteras
699 5472 874 5533 dedit,
923 5486 1037 5524 non
1088 5470 1166 5523 ita
1194 5468 1419 5540 pridem
1449 5468 1744 5523 ordinatus

65 5554 241 5625 fuerat,
268 5561 591 5632 Hipponem
622 5560 865 5615 solemni
895 5575 1110 5630 pompa
1142 5559 1448 5629 perductus
1476 5561 1577 5626 est,
1612 5558 1727 5629 epi-

3462 314 3563 365 386

1863 414 2074 484 scopali
2098 414 2179 469 ibi
2210 431 2450 469 munere
2472 416 2770 472 funeturus
2793 420 3001 490 (Collat.
3033 425 3293 493 Carthag.
3322 431 3370 492 1,
3400 446 3557 500 capp.

1865 505 1985 569 138,
2018 505 2144 573 201)
2177 520 2188 557 :
2222 503 2281 557 in
2311 504 2415 558 hac
2446 506 2660 577 quippe
2687 507 2909 561 civitate
2935 510 3161 578 plebem
3192 530 3351 568 suam
3382 516 3563 570 habe-

1859 591 1957 646 bat
2002 595 2206 662 (Epist.
2259 596 2380 660 108,
2423 611 2516 648 7m.
2574 600 2660 663 17,
2687 596 2795 666 20).
2830 598 3253 668 Ingredientem
3293 603 3457 657 illum
3501 605 3561 659 in

1862 681 2062 734 urbem
2095 682 2635 738 Circumcellionum
2667 685 2835 739 duces
2865 688 3193 743 cohortibus
3226 690 3341 743 suis
3385 691 3560 763 stipa-

1858 771 1981 821 tum
2014 769 2320 834 deduxere,
2357 772 2471 824 Deo
2503 773 2722 827 laudes!
2775 774 2925 827 inter
2962 777 3176 830 cantica
3202 780 3563 835 conclaman-

1858 859 1942 909 tes
1971 858 2137 927 (Ibid.
2170 875 2233 913 η.
2276 860 2388 929 14);
2423 861 2630 930 quibus
2645 862 2894 928 vocibus,
2921 868 3194 935 tanquam
3224 868 3558 935 praeliorum

1861 962 2095 999 suorum
2125 947 2280 1013 tuba,
2316 949 2570 1002 solebant
2596 966 2653 1002 se
2686 951 2755 1004 ad
2796 953 2979 1005 caedes
3014 959 3213 1008 mutuo
3244 956 3553 1011 cohortari.

1862 1035 2175 1087 Macrobius
2217 1040 2409 1089 tamen
2458 1053 2657 1090 eorum
2704 1041 3020 1108 petulantia
3067 1043 3249 1112 magis
3288 1044 3555 1113 otiensus,

1862 1137 2035 1191 quam
2082 1122 2367 1192 obsequiis
2408 1124 2737 1191 delectatus,
2786 1143 2986 1196 aspera
3038 1128 3098 1181 in
3144 1146 3240 1183 eos
3286 1132 3556 1201 postridie

1857 1225 1964 1279 per
1980 1209 2352 1279 interpretem
2376 1210 2588 1282 linguae
2602 1214 2825 1282 punicae
2844 1216 3012 1269 verba
3032 1218 3560 1291 protulit,indigna-

1858 1297 2077 1351 tionem
2108 1315 2269 1352 suam
2301 1300 2587 1369 professus
2620 1318 2685 1355 ea
2716 1303 2996 1369 libertate,
3031 1321 3158 1375 quae
3184 1307 3369 1361 virum
3397 1309 3555 1381 inge-

1859 1402 2039 1439 nuum
2069 1391 2240 1456 atque
2268 1388 2575 1441 honestum
2602 1389 2827 1445 deceret
2859 1408 2871 1445 :
2903 1394 3059 1462 quod
3090 1395 3229 1448 adeo
3261 1395 3558 1467 impatien-

1858 1478 1946 1527 ter
1992 1476 2265 1542 tulerunt,
2318 1481 2380 1531 ut
2424 1482 2555 1530 ante
2603 1479 2845 1532 solutam
2894 1482 3225 1535 concionem
3267 1501 3381 1537 non
3436 1486 3558 1540 sine

1859 1564 2106 1617 motibus
2135 1565 2547 1634 indignationis
2579 1584 2641 1620 ac
2662 1568 2872 1622 furoris
2895 1569 3177 1625 indicibus
3205 1574 3559 1629 excederent.

1861 1653 2040 1721 Hujus
2099 1653 2181 1706 rei
2228 1659 2401 1707 testes
2452 1656 2760 1710 adfuerunt
2809 1658 3229 1713 Catholicorum
3276 1663 3560 1729 nonnulli,

1859 1741 2067 1809 quibus
2112 1741 2329 1810 pariter
2375 1744 2634 1813 egressis,
2689 1745 3080 1814 pavimentum
3126 1749 3220 1801 ubi
3266 1754 3560 1817 steterant,

1861 1830 2007 1882 salsa
2070 1846 2220 1900 aqua
2273 1831 2539 1885 Macrobii
2588 1833 2775 1886 clerici
2804 1835 3129 1902 abluerunt,
3162 1838 3315 1906 quod
3370 1838 3559 1908 ipsum

1861 1917 2142 1971 familiare
2168 1918 2281 1971 illis
2311 1919 2481 1973 fuisse
2505 1920 2661 1973 testis
2689 1926 2773 1974 est
2797 1922 3031 1993 Optatus
3058 1926 3324 1993 (Optatus,
3346 1929 3439 1981 lib.
3467 1929 3517 1999 6)
3546 1946 3558 1983 :

1863 2022 2033 2076 quem
2080 2023 2212 2060 vero
2260 2008 2447 2061 locum
2491 2009 2988 2064 Circumcelliones
3037 2021 3467 2083 occupaverant,
3512 2018 3561 2070 is

1860 2095 1931 2148 ad
1964 2096 2228 2149 eumdem
2256 2096 2493 2150 modum
2516 2113 2875 2168 nequaquam
2904 2100 3162 2170 expiatus
3192 2102 3319 2157 fuit.

1932 2188 1988 2239 6.
2051 2185 2330 2238 Honorius
2375 2186 2712 2240 duodecimo
2750 2188 3023 2241 kalendas
3053 2189 3370 2245 februarias
3411 2209 3559 2263 prae-

1861 2272 2036 2325 sentis
2074 2272 2210 2326 anni
2240 2274 2425 2343 legem
2455 2275 2666 2343 posuit,
2701 2292 2814 2346 qua
2847 2276 2997 2330 inter
3025 2282 3230 2331 caetera
3252 2280 3431 2349 jubet,
3467 2298 3563 2336 eos

1862 2362 1962 2431 qui
1981 2361 2330 2428 detinentur,
2355 2362 2568 2433 quique
2583 2365 2694 2417 alio
2712 2366 3082 2435 postmodum
3106 2372 3236 2421 sunt
3257 2370 3559 2424 traducen-

1860 2450 1917 2503 di
1947 2454 2011 2504 ut
2031 2450 2258 2521 judiciis
2292 2452 2690 2522 exhibeantur,
2730 2453 2892 2523 prius
2932 2455 3123 2526 rogari
3154 2472 3346 2511 coram
3377 2460 3559 2530 magi-

1861 2539 2149 2607 stratibus,
2199 2541 2451 2596 velintne
2494 2542 2613 2597 dies
2644 2544 2884 2613 triginta
2913 2544 2971 2597 in
3004 2560 3068 2599 ea
3099 2545 3322 2601 civitate
3352 2547 3410 2601 in
3450 2566 3563 2620 qua

1861 2630 2258 2698 comprehensi
2301 2635 2452 2697 sunt,
2503 2632 2606 2685 sub
2656 2633 2949 2686 moderata
2992 2635 3248 2688 custodia
3287 2637 3559 2703 residere,

1860 2720 1984 2770 tum
2000 2722 2063 2771 ut
2076 2718 2398 2773 domesticis
2416 2719 2730 2775 rationibus
2753 2723 3073 2788 consulant,
3089 2726 3210 2777 tum
3224 2728 3289 2778 ut
3302 2732 3566 2796 sumptus
3588 2731 3592 2735 ’

1861 2805 1970 2859 sibi
1998 2808 2344 2861 necessarios
2374 2814 2605 2878 parent;
2637 2809 2821 2879 iisque
2852 2810 2994 2863 illud
3024 2812 3214 2881 spatii,
3246 2813 3293 2865 si
3322 2830 3387 2867 eo
3420 2816 3563 2867 velle

1861 2894 1943 2948 nti
1974 2895 2314 2965 significent,
2356 2913 2424 2950 ex
2464 2897 2589 2967 lege
2622 2914 2652 2950 a
2682 2899 3023 2963 Theodosio,
3073 2900 3242 2953 tertio
3290 2902 3565 2956 kalendas

1852 2983 2145 3052 januarias
2166 2985 2301 3038 anni
2318 2986 2697 3039 trecentesimi
2715 2987 3049 3058 octogesimi
3070 2991 3434 3060 promulgata
3446 3008 3562 3045 non

1858 3072 2059 3143 negari
2076 3073 2236 3143 (Cod.
2259 3074 2551 3142 Theod.,de
2565 3076 2866 3131 Exibendis
2890 3077 2970 3130 vel
2983 3080 3417 3134 transmittendis
3429 3083 3556 3146 reis,

1859 3163 1970 3227 lege
2000 3165 2047 3232 6)
2084 3179 2096 3217 :
2133 3162 2219 3216 sin
2250 3179 2433 3233 secus,
2478 3164 2604 3217 illos
2636 3181 2666 3217 e
2708 3165 2942 3234 vestigio
2982 3182 3111 3220 cum
3139 3169 3557 3224 accusatoribus

1857 3250 2092 3319 perduci
2114 3267 2244 3305 eum
2267 3251 2326 3306 in
2349 3253 2557 3319 locum,
2584 3253 2682 3324 qui
2699 3254 2915 3324 judicio
2942 3255 3013 3309 sit
3032 3256 3345 3312 destinatus
3365 3258 3561 3329 (Ibid.,

1859 3339 1969 3405 lege
1999 3342 2067 3407 3).
2105 3340 2282 3411 Hujus
2314 3342 2661 3412 Augustinus
2692 3343 2834 3413 legis
2872 3343 2931 3397 in
2980 3345 3241 3414 pluribus
3283 3347 3562 3417 epistolis,

1859 3444 2034 3481 unam
2057 3430 2434 3501 eamdemque
2453 3431 2523 3485 ob
2546 3448 2771 3485 causam
2795 3432 3039 3503 scriptis,
3066 3434 3328 3489 meminit
3353 3436 3553 3505 (Epist.

1861 3519 2137 3589 113-115).
2165 3519 2462 3572 Faventius
2492 3535 2627 3588 ergo
2658 3519 2891 3589 quidam
2918 3521 3198 3575 conducto
3231 3525 3400 3588 saltu,
3429 3541 3560 3578 cum

1860 3605 1930 3659 ab
1961 3606 2082 3675 ejus
2110 3622 2433 3676 possessore
2466 3607 2766 3677 quidpiam
2797 3607 2903 3661 sibi
2934 3608 3182 3676 timeret,
3216 3611 3474 3681 confugit
3502 3613 3563 3665 in

1858 3694 2152 3747 ecclesiam
2178 3695 2621 3763 Hipponensem,
2646 3694 2840 3764 ibique
2871 3695 3149 3766 tantisper
3174 3704 3559 3753 commoratus

1859 3786 1965 3850 est,
1998 3782 2136 3837 dum
2167 3783 2463 3853 negotium
2489 3783 2651 3850 illud,
2676 3788 2900 3838 sanctus
2923 3786 3138 3839 Prtesul
3169 3793 3558 3857 componeret.

1859 3873 1939 3925 Re
1970 3877 2161 3926 autem
2191 3888 2411 3926 moram
2442 3872 2723 3938 trahente,
2756 3873 2968 3927 sensim
2996 3874 3177 3927 factus
3207 3875 3372 3946 quasi
3402 3894 3561 3931 secu-

1860 3961 1995 4030 rior,
2042 3961 2128 4015 sui
2173 3962 2439 4016 servandi
2484 3966 2653 4033 atque
2682 3962 2830 4016 intra
2861 3963 3072 4018 limites
3104 3965 3353 4020 ecclesia
3384 3967 3563 4022 conti-

1858 4050 2033 4104 nendi
2071 4067 2268 4105 curam
2316 4051 2493 4105 ferme
2541 4052 2845 4121 adjecerat.
2896 4053 3037 4107 Hinc
3075 4053 3310 4117 factum,
3340 4060 3405 4109 ut
3433 4073 3563 4111 cum

1857 4138 2166 4208 aliquando
2197 4139 2265 4192 ab
2296 4140 2500 4205 amico,
2535 4156 2781 4210 quocum
2811 4156 2925 4193 una
2954 4147 3291 4209 coenaverat,
3326 4143 3556 4210 rediret,

1859 4242 1992 4281 eum
2041 4227 2397 4282 Florentinus
2447 4228 2681 4299 quidam
2730 4229 2963 4284 Comitis
3018 4230 3219 4284 Africae
3271 4231 3562 4301 apparitor

1859 4332 1986 4369 cum
2019 4316 2254 4369 militari
2278 4333 2448 4371 manu
2469 4319 2854 4389 interciperet,
2876 4322 2951 4384 et,
2975 4319 3253 4373 incertum
3285 4336 3555 4391 quo,per-

1857 4404 2127 4458 traheret.
2174 4403 2295 4468 Qua
2326 4404 2385 4457 in
2415 4421 2474 4459 re
2501 4422 2617 4459 non
2662 4413 2908 4460 servatas
2952 4407 3123 4459 fuisse
3153 4407 3327 4477 leges,
3361 4408 3561 4463 asserit

1856 4492 2211 4562 Augustinus
2260 4496 2461 4562 (Epist.
2506 4499 2644 4563 115).
2690 4496 2760 4560 Is,
2794 4494 2892 4547 ubi
2922 4494 3175 4565 primum
3206 4496 3443 4566 hujusce
3474 4515 3560 4552 ra-

1856 4585 1987 4651 ptus
2034 4581 2214 4635 factus
2268 4586 2352 4636 est
2399 4583 2625 4649 certior,
2677 4584 2839 4636 illum
2878 4582 3065 4637 statim
3098 4600 3201 4653 per
3230 4586 3556 4641 sehedulam

1857 4670 2158 4723 Cresconio
2206 4669 2599 4739 tribunohcni
2649 4669 2944 4741 provincia
2986 4672 3183 4725 tuendi
3208 4674 3559 4730 maritimam

1858 4774 2018 4813 oram
2049 4759 2351 4813 commissa
2380 4760 2585 4826 fuerat,
2620 4758 3125 4829 nuntiavit(Epist.
3164 4764 3281 4825 H3)
3319 4780 3330 4817 :
3363 4764 3432 4817 ab
3455 4764 3558 4819 hoc

1856 4847 2016 4901 missi
2061 4848 2282 4921 aliquot
2324 4865 2353 4902 e
2385 4848 2523 4917 suis,
2555 4847 2697 4901 nihil
2729 4864 2992 4917 reperere
3028 4853 3234 4920 (Epist.
3274 4854 3414 4922 115).
3452 4855 3556 4908 Po-

1856 4940 2006 4990 stero
2037 4936 2128 4991 die
2170 4954 2300 4992 cum
2333 4936 2648 5006 diluxisset,
2677 4938 3005 4993 Faventium
3033 4940 3091 4993 in
3117 4941 3287 4995 domo
3310 4942 3555 5012 quadam

1856 5028 2081 5079 noctem
2112 5025 2315 5097 egisse,
2360 5042 2420 5079 ac
2462 5042 2689 5080 summo
2722 5042 2890 5080 mane
2922 5033 3141 5083 certum
3188 5029 3246 5083 in
3299 5031 3482 5083 locum
3526 5049 3555 5083 a

1858 5114 2184 5168 Florentino
2213 5114 2535 5167 traductum
2568 5113 2740 5169 fuisse
2768 5117 3120 5186 Augustinus
3150 5117 3446 5186 comperit.
3481 5118 3554 5170 Eo

1855 5204 2158 5257 confestim
2189 5203 2393 5256 direxit
2418 5218 2599 5257 unum
2627 5220 2656 5257 e
2687 5204 2803 5258 suis
2822 5205 3167 5277 presbyteris
3186 5206 3415 5259 nomine
3442 5206 3557 5261 Coe-

1858 5293 2148 5361 lestinum,
2189 5292 2313 5361 lege
2355 5292 2722 5362 Imperatoris
2755 5293 3117 5361 instructum,
3151 5293 3250 5364 qui
3282 5295 3553 5347 Florenti-

1856 5397 1995 5436 num
2038 5380 2106 5435 de
2150 5380 2246 5433 illa
2278 5379 2632 5435 observanda
2659 5384 3047 5454 compellaret.
3082 5382 3361 5436 Recitavit
3390 5384 3443 5436 ei
3474 5384 3553 5438 le-

1856 5486 1987 5540 gem
2038 5468 2403 5536 Coelestinus;
2449 5470 2546 5524 sed
2577 5486 2647 5524 ne
2689 5471 2875 5542 potuit
2905 5470 3135 5542 quidem
3166 5470 3234 5523 ab
3263 5486 3329 5525 eo
3369 5471 3555 5543 impe-

1856 5564 2028 5626 trare,
2080 5562 2143 5612 ut
2172 5558 2276 5613 sibi
2307 5560 2591 5631 captivum
2629 5559 2855 5614 videndi
2888 5562 3133 5628 potestas
3163 5557 3325 5615 ﬁeret
3353 5562 3549 5631 (Epist.
