3912 6174
293 278 390 330 387

291 397 433 468 114),
464 395 741 452 Postridie
762 394 885 466 ejus
902 393 1017 449 diei
1035 393 1252 450 litteras
1283 393 1355 448 ad
1384 393 1651 448 eumdem
1677 392 1832 447 misit
1855 408 1986 446 cum

286 486 384 540 illa
414 486 538 556 ipsa
567 487 689 556 lege
711 485 1062 554 conjunctas,
1088 499 1297 554 rogans
1323 487 1379 536 et
1401 500 1504 553 per
1526 481 1773 552 proprim
1804 481 1989 536 existi-

285 574 554 628 mationis
579 591 772 628 curam
797 578 852 627 et
881 589 983 644 per
1013 572 1268 626 debitum
1297 571 1565 642 Principi,
1589 571 1750 640 cujus
1770 571 1862 624 ille
1886 570 1990 623 mi-

287 663 466 716 nister
504 668 643 728 erat,
697 662 1056 732 obsequium,
1098 665 1159 714 ut
1188 659 1442 730 episcopi
1471 675 1702 730 quoque
1733 658 1986 712 interve-

285 751 496 805 nientis
541 767 605 804 ac
635 751 880 819 benigne
913 749 1266 819 deprecantis
1297 748 1518 801 ratione
1548 746 1762 810 habita,
1796 747 1985 801 vincto

285 855 402 894 non
436 841 762 910 denegaret,
795 839 949 909 quod
984 837 1038 891 ei
1067 838 1208 908 legis
1238 853 1503 890 concessu
1539 835 1871 889 debebatur.
1898 835 1982 890 Si-

285 929 403 981 mul
437 933 492 980 et
516 928 684 980 aliam
716 926 1036 996 epistolam,
1057 925 1167 978 nisi
1188 926 1328 978 forte
1351 925 1540 994 idjam
1559 923 1742 994 pridie
1765 925 1985 994 praesti-

288 1020 454 1084 terat,
477 1016 635 1069 dedit
655 1015 950 1068 Cresconio
975 1013 1367 1081 deferendam,
1396 1013 1477 1066 illi
1500 1012 1775 1067 nimirum
1801 1013 1986 1067 tribu-

281 1121 380 1174 no,
429 1104 520 1157 cui
559 1103 815 1158 custodia
845 1103 1052 1157 littoris
1085 1103 1425 1157 demandata
1455 1103 1669 1168 fuerat;
1706 1118 1838 1154 nam
1863 1102 1984 1171 jam

280 1197 408 1246 ante
434 1193 503 1246 ad
535 1193 698 1246 illum
724 1191 926 1245 eadem
950 1191 1018 1245 de
1037 1207 1095 1244 re
1117 1190 1418 1260 scripserat
1439 1191 1810 1260 Augustinus.
1846 1190 1986 1244 Huic

279 1297 448 1352 porro
481 1281 750 1345 declarat,
791 1296 923 1334 cum
965 1280 1266 1334 Faventius
1298 1280 1368 1334 ad
1401 1279 1654 1333 Ecclesia:
1684 1296 1801 1334 suae
1830 1296 1984 1348 prae-

281 1370 491 1423 sidium
521 1368 862 1436 confugerit,
897 1369 1008 1422 sibi
1036 1369 1282 1422 liberum
1312 1385 1429 1422 non
1457 1385 1600 1436 esse,
1634 1369 1794 1422 illum
1825 1369 1984 1421 dese-

283 1474 429 1524 rere,
474 1474 537 1511 ac
573 1474 690 1512 non
723 1457 1025 1511 defendere
1064 1473 1168 1527 pro
1199 1457 1414 1510 viribus
1447 1474 1459 1511 :
1493 1473 1565 1511 ne
1597 1457 1748 1527 apud
1779 1459 1978 1520 Deum,

283 1546 400 1600 imo
427 1552 482 1600 et
507 1547 660 1615 apud
690 1562 821 1600 eum
849 1545 1060 1615 ipsum,
1095 1563 1127 1598 a
1157 1562 1267 1616 quo
1297 1546 1391 1599 ille
1421 1545 1832 1616 exagitabatur,
1863 1543 1984 1597 cul-

287 1650 420 1704 pam
455 1633 804 1699 incurreret;
858 1633 1325 1704 quandoquidem
1369 1633 1487 1704 ipse
1518 1633 1667 1687 haud
1699 1632 1984 1686 immerito

277 1722 682 1792 suspicaretur,
729 1738 851 1776 sese
900 1722 970 1775 ab
1014 1722 1260 1775 Ecclesia
1305 1721 1521 1792 pariter
1559 1720 1984 1774 destituendum

281 1810 476 1875 fuisse,
508 1810 555 1862 si
585 1810 656 1863 ad
689 1825 815 1863 eam
843 1809 1014 1862 simili
1043 1809 1099 1862 in
1131 1825 1264 1863 casu
1295 1809 1600 1878 confugere
1629 1808 1980 1878 contigisset.

281 1899 426 1968 Ergo
468 1914 600 1951 eum
640 1902 824 1968 rogat,
857 1902 921 1950 ut
953 1897 1060 1950 sibi
1089 1897 1316 1951 accedat
1346 1897 1658 1967 postulanti
1689 1913 1720 1950 a
1751 1898 1981 1950 Floren-

279 1986 398 2040 tino
426 1986 769 2056 apparitore,
797 2001 868 2038 ne
891 1985 1177 2056 captivum
1209 1985 1485 2039 beneﬁcio
1515 1985 1654 2055 legis
1685 1985 1763 2038 uti
1794 1984 1983 2054 prohi-

279 2075 441 2141 beat;
477 2091 709 2146 sperare
738 2075 892 2128 enim
924 2091 1005 2136 se,
1038 2090 1157 2128 rem
1190 2073 1370 2128 amice
1400 2075 1548 2128 intra
1577 2074 1718 2127 illud
1750 2074 1983 2143 triginta

280 2164 502 2217 dierum
547 2163 794 2234 spatium
836 2179 1001 2233 posse
1050 2163 1318 2232 componi
1358 2163 1555 2232 (Epist.
1593 2164 1730 2230 113).
1774 2163 1981 2216 Verum

283 2251 470 2305 omnis
513 2251 636 2321 ejus
675 2250 975 2320 diligentia
1006 2251 1214 2304 frustra
1243 2251 1369 2304 fuit.
1407 2249 1626 2303 Etenim
1657 2251 1812 2304 nulla
1842 2250 1982 2321 legis

283 2340 503 2393 ratione
523 2339 738 2404 habita,
765 2340 1122 2392 Florentinus
1142 2339 1307 2392 illum
1328 2339 1387 2392 in
1409 2338 1771 2392 remotiorem
1793 2339 1980 2392 locum

281 2428 546 2493 deduxit;
600 2444 736 2498 quo,
783 2428 867 2481 uti
913 2428 1197 2501 creditum
1245 2433 1348 2494 est,
1382 2427 1677 2480 sisteretur
1707 2427 1980 2482 tribunali

280 2516 563 2570 Numidiae
615 2516 948 2571 consularis.
985 2517 1123 2571 Huic
1150 2532 1361 2570 nomen
1401 2521 1520 2570 erat
1566 2517 1883 2584 Generoso;
1916 2535 1980 2572 ac

281 2621 412 2659 cum
441 2605 702 2658 ferebant
730 2604 1001 2676 aequitate
1033 2621 1257 2660 summa
1278 2608 1446 2675 atque
1469 2605 1797 2674 integritate
1822 2605 1979 2675 judi-

279 2709 404 2746 cem
429 2709 440 2746 :
462 2692 556 2746 sed
586 2708 715 2746 cum
739 2693 1003 2746 Faventio
1026 2709 1112 2746 res
1137 2696 1284 2746 esset
1305 2708 1435 2745 cum
1455 2691 1690 2745 homine
1715 2692 1980 2762 pecunio-

277 2781 524 2845 sissimo,
555 2780 859 2835 subtimuit
887 2781 984 2834 Vir
1013 2786 1261 2847 sanctus,
1294 2796 1366 2834 ne
1391 2780 1529 2852 quid
1550 2781 1645 2834 ille
1664 2785 1874 2851 printer
1895 2781 1978 2834 fas

277 2873 330 2923 et
361 2886 589 2940 aequum
621 2873 914 2939 pateretur
941 2870 1012 2923 ab
1045 2869 1316 2925 Generosi
1345 2869 1649 2925 ministris.
1681 2871 1876 2940 Itaque
1908 2870 1976 2924 ad

279 2973 409 3012 eum
443 2973 615 3028 super
644 2973 710 3010 ea
739 2973 800 3011 re
831 2958 1046 3011 litteras
1075 2957 1232 3011 dedit
1255 2959 1452 3026 (Epist.
1491 2959 1628 3026 116),
1662 2975 1764 3012 nec
1785 2964 1977 3013 tamen

277 3047 541 3118 exposuit
570 3046 707 3116 quid
730 3047 837 3100 hoc
861 3051 1010 3100 esset
1036 3045 1275 3116 negotii,
1302 3061 1511 3115 rogans
1534 3052 1648 3100 uta
1671 3048 1976 3102 Fortunato

277 3134 520 3190 Cirtensi
551 3135 838 3204 episcopo,
878 3135 1039 3205 cujus
1081 3135 1176 3188 ille
1207 3135 1469 3188 manibus
1500 3136 1645 3188 hanc
1676 3135 1974 3205 epistolam

275 3225 608 3290 accepturus
629 3225 770 3287 erat,
802 3225 858 3273 et
881 3221 952 3274 ad
981 3236 1150 3291 quem
1181 3221 1350 3273 aliam
1381 3221 1502 3290 ipse
1529 3219 1761 3274 miserat
1791 3220 1974 3276 cidem

277 3310 560 3362 Generoso
611 3308 982 3376 recitandam,
1018 3309 1086 3362 de
1118 3313 1235 3361 tota
1261 3307 1365 3362 hac
1395 3325 1565 3361 causa
1595 3308 1783 3362 doceri
1815 3326 1874 3363 se
1905 3326 1974 3364 ne

275 3401 612 3466 gravaretur
660 3399 855 3467 (Epist.
890 3397 1030 3465 H5).
1066 3396 1314 3467 Epistola
1343 3396 1520 3468 igitur
1550 3398 1855 3451 Fortunato
1884 3398 1973 3451 in-

280 3485 490 3556 scripta
520 3489 692 3540 lotam
720 3485 802 3539 rei
835 3485 1036 3539 seriem
1063 3485 1313 3548 exhibet,
1342 3484 1737 3556 significatque
1768 3502 1974 3557 cupere

277 3591 354 3639 se,
391 3579 450 3628 ut
480 3591 656 3628 morae
679 3580 736 3629 et
753 3573 1146 3644 ampliationis
1175 3573 1394 3644 aliquid
1424 3574 1684 3643 cognitor
1704 3574 1976 3629 concedat

276 3663 574 3728 Faventio;
604 3663 819 3734 quippe
858 3661 958 3732 qui
988 3661 1208 3716 violatis
1251 3662 1474 3733 legibus
1509 3663 1777 3734 abreptus
1807 3667 1969 3730 esset,

273 3767 336 3804 ac
366 3751 652 3805 dilationis
681 3750 956 3805 beneﬁcio
986 3751 1312 3805 frustratus.

340 3843 393 3892 7.
431 3841 546 3893 Hoc
576 3855 726 3892 anno
775 3838 971 3892 multis
1001 3843 1057 3892 et
1083 3839 1304 3909 magnis
1329 3839 1746 3894 calamitatibus
1775 3840 1971 3894 confli-

272 3930 484 3980 ctatum
518 3926 774 3997 undique
797 3932 882 3981 est
906 3926 1225 3980 Occidentis
1250 3927 1583 3998 Imperium.
1607 3928 1861 3982 Alaricus
1881 3931 1972 3983 cui

275 4015 566 4086 superiore
581 4031 729 4069 anno
753 4031 881 4069 suas
903 4030 1060 4085 opes,
1084 4019 1200 4068 uta
1225 4014 1545 4084 direptione
1564 4032 1621 4068 se
1644 4017 1970 4087 redimeret,

269 4105 450 4158 Roma
495 4103 749 4168 dederat,
796 4103 986 4174 ipsum
1031 4103 1209 4156 Italiae
1260 4103 1644 4158 meditullium
1677 4121 1808 4159 cum
1854 4107 1971 4161 suis

270 4193 452 4264 copiis
483 4209 709 4263 semper
737 4193 994 4258 tenebat;
1039 4209 1284 4263 cumque
1319 4193 1532 4246 nullam
1561 4210 1689 4247 cum
1724 4195 1969 4249 llonorio

270 4283 594 4352 paciscendi
637 4281 745 4336 sibi
788 4281 1139 4353 propositam
1185 4281 1466 4336 rationem
1511 4282 1646 4336 satis
1677 4283 1966 4352 probaret,

272 4371 480 4426 Urbem
528 4372 716 4426 denuo
764 4371 918 4425 venit
962 4371 1275 4437 obsessum,
1323 4375 1491 4442 atque
1541 4389 1666 4425 eam
1697 4373 1766 4426 ad
1797 4373 1970 4426 susci-

265 4459 543 4528 piendum
592 4460 845 4514 Attalum
876 4460 1279 4530 imperatorem
1312 4460 1599 4529 compulit.
1632 4461 1815 4515 Novus
1847 4462 1966 4515 Cae-

267 4564 359 4600 sar
400 4549 675 4618 quasdam
725 4549 796 4603 ad
844 4548 1092 4602 Africam
1124 4548 1509 4618 occupandam
1542 4548 1734 4618 copias
1762 4549 1916 4602 misit
1950 4566 1962 4602 :

264 4635 363 4688 sed
399 4637 616 4706 periere
659 4637 772 4690 illae
823 4636 1073 4690 consiliis
1103 4652 1166 4689 ac
1196 4636 1501 4706 prudentia
1540 4636 1761 4690 comitis
1793 4638 1965 4692 Hera-

266 4723 457 4793 cliani,
486 4724 584 4794 qui
612 4724 880 4794 prmsidio
904 4725 1224 4796 quibusque
1247 4723 1552 4795 provincia:
1575 4725 1852 4795 portubus
1870 4743 1966 4796 po-

265 4812 397 4876 sito,
449 4813 691 4866 Romam
735 4813 890 4866 brevi
939 4815 1011 4867 ad
1051 4820 1359 4868 extremam
1393 4829 1634 4867 annona:
1663 4815 1965 4884 penuriam

266 4900 508 4971 redegit,
531 4904 586 4953 et
616 4901 924 4955 Honorium
949 4902 1244 4972 dignitatis
1270 4902 1520 4973 insignia
1541 4903 1863 4972 deponendi
1888 4910 1966 4959 at-

264 5007 374 5061 que
399 4990 458 5043 in
479 4989 769 5044 Orientem
794 4989 1049 5059 fugiendi
1070 4992 1398 5046 necessitate
1421 4991 1964 5063 liberavit.Amplius

257 5081 378 5151 jam
421 5079 646 5134 duobus
689 5077 854 5132 annis
901 5080 1094 5134 Gallia:
1122 5081 1501 5136 barbarorum
1531 5081 1962 5138 innumerorum

264 5168 689 5224 incursionibus
716 5166 1012 5236 patebant,
1056 5184 1119 5220 ac
1147 5168 1383 5240 insuper
1409 5169 1589 5223 civilis
1619 5169 1773 5236 belli,
1808 5171 1961 5242 quod

263 5258 479 5313 ibidem
510 5255 912 5313 Constantinus
943 5255 1297 5324 excitaverat,
1322 5258 1643 5328 flagrabant
1672 5258 1956 5314 incendio.

264 5347 326 5399 In
355 5346 652 5417 Hispanias
681 5347 932 5399 extremo
959 5345 1288 5415 septembri,
1309 5351 1406 5400 aut
1427 5348 1598 5417 paulo
1624 5347 1804 5401 serius
1828 5347 1958 5402 bar-

262 5433 383 5488 bari
430 5438 831 5506 Pyrenmorum
877 5434 1158 5488 montium
1211 5435 1499 5504 angustias
1539 5436 1662 5490 sine
1693 5436 1958 5508 praesidio

263 5522 434 5588 nacti,
463 5523 542 5578 ita
567 5541 688 5580 sese
719 5522 1064 5589 effuderunt,
1091 5525 1155 5577 ut
1183 5522 1314 5578 inde
1345 5523 1471 5578 illos
1502 5525 1783 5594 expellere
1813 5541 1956 5580 nun-

1525 270 1690 326 VITA
1727 269 1781 324 S.
1825 268 2200 325 AUGUSTINI
2242 267 2574 325 EPISCOPI.
3695 275 3784 329 388

2099 408 2273 463 quam
2299 396 2496 462 postea
2526 389 2816 463 quiverint
2834 386 3078 446 Romani
3109 407 3123 445 :
3157 405 3298 462 quas
3327 397 3518 448 autem
3546 393 3644 448 illa
3671 411 3790 464 pro-

2098 481 2285 536 vincia
2325 482 2514 536 clades
2558 482 2629 535 ab
2670 481 2742 535 iis
2771 497 2934 551 passa
2973 481 3068 549 sit,
3105 480 3217 536 dici
3243 482 3333 535 vix
3363 486 3571 552 potest.
3613 483 3791 538 Africa

2099 586 2330 642 quoque
2377 569 2813 624 luctuosissimis
2863 569 2976 624 illis
3019 571 3374 642 temporibus
3410 571 3564 625 haud
3589 571 3793 627 intacta

2098 660 2206 713 fuit
2237 676 2250 713 :
2284 676 2470 730 neque
2501 659 2653 713 enim
2681 658 2942 712 dubitare
2963 658 3112 724 licet,
3131 659 3276 730 quin
3300 660 3369 714 de
3400 660 3668 731 quapiam
3698 661 3793 714 hu-

2091 748 2341 818 jusmodi
2361 748 2680 802 calamitate
2703 747 2994 817 scripserit
3025 747 3094 800 ad
3126 747 3510 818 Augustinum
3535 749 3794 804 Victoria-

2097 853 2204 890 nus
2250 837 2569 906 presbyter,
2621 835 2691 888 ad
2740 851 2912 905 quem
2953 835 3049 888 ille
3095 836 3268 905 paulo
3318 841 3449 905 post
3487 837 3790 906 rescripsit.

2099 925 2260 981 Certe
2287 930 2526 980 tractum
2564 923 3013 995 Hipponensem,
3043 925 3134 979 cui
3155 931 3530 996 pepercerant
3549 927 3793 996 barbari,

2094 1031 2166 1068 ne
2216 1014 2410 1068 mitius
2456 1012 2676 1067 cmteris
2721 1012 3052 1082 regionibus
3091 1017 3449 1080 tractaretur,
3492 1015 3707 1068 fazdum
3738 1016 3793 1069 in

2095 1103 2332 1156 modum
2368 1101 2794 1156 Donatistarum
2833 1118 2895 1155 ac
2927 1101 3462 1156 Circumcellionum
3495 1105 3794 1175 exagitavit

2095 1192 2281 1246 furor.
2312 1191 2434 1254 Qua
2461 1191 2530 1245 de
2552 1207 2612 1244 re
2641 1191 2852 1244 dictum
2871 1191 2993 1260 jam
3019 1207 3052 1244 a
3071 1191 3238 1245 nobis
3260 1192 3542 1261 superius.
3565 1194 3680 1247 Sed
3701 1210 3794 1264 per

2094 1279 2199 1334 hoc
2224 1279 2414 1349 ipsum
2441 1283 2690 1349 tempus,
2725 1295 2855 1332 cum
2884 1279 3073 1348 prima
3098 1279 3440 1333 afferrentur
3469 1281 3674 1334 nuntia
3707 1298 3794 1334 ex-

2095 1383 2324 1422 scensus
2352 1368 2722 1422 barbarorum
2748 1367 2808 1420 in
2841 1366 3188 1438 Hispaniam,
3217 1366 3391 1439 idque
3421 1368 3567 1423 forte
3601 1369 3712 1423 sub
3737 1370 3795 1424 ti-

2097 1469 2229 1507 nem
2273 1454 2550 1521 octobris;
2583 1471 2698 1508 uno
2730 1455 2788 1508 in
2821 1455 2942 1508 loco
2973 1455 3354 1526 quadraginta
3384 1461 3509 1511 octo
3541 1458 3796 1512 homines

2095 1543 2166 1596 ab
2194 1542 2318 1596 istis
2348 1543 2628 1597 haareticis
2658 1543 2840 1598 coacti
2867 1547 3001 1597 sunt
3029 1545 3382 1614 baptismum
3414 1546 3604 1600 denuo
3631 1548 3795 1601 susci-

2093 1646 2250 1700 pere.
2281 1631 2620 1684 Mocstissimi
2644 1631 2796 1684 illius
2831 1648 2992 1685 casus
3022 1633 3227 1686 certior
3251 1639 3337 1686 est
3361 1633 3544 1688 factus
3573 1641 3795 1690 sanctus

2098 1720 2310 1772 Prmsul
2340 1719 2525 1789 pridie
2554 1735 2729 1790 quam
2768 1719 3090 1774 Victoriano
3120 1722 3455 1792 presbytero
3502 1740 3680 1793 super
3709 1726 3794 1778 illa

2093 1807 2462 1877 responderet
2491 1807 2868 1862 barbarorum
2907 1810 3279 1878 grassatione,
3321 1827 3456 1880 qua,
3491 1816 3556 1866 ut
3586 1813 3634 1865 is
3664 1829 3791 1867 nar-

2095 1896 2275 1963 rabat,
2307 1897 2544 1967 quidam
2573 1897 2717 1950 servi
2746 1897 2864 1962 Dei,
2889 1898 2944 1952 id
2977 1903 3061 1952 est
3092 1899 3372 1966 monachi,
3407 1901 3640 1954 fuerant
3672 1907 3790 1954 tru-

2093 1985 2282 2050 cidati,
2308 2001 2528 2040 necnon
2554 2002 2726 2040 sacras
2743 1987 2992 2058 virgines
3011 1988 3070 2041 in
3093 1988 3482 2058 captivitatem
3514 1989 3793 2056 abductae,

2093 2079 2260 2144 atque
2281 2073 2583 2128 hominum
2601 2075 2877 2145 religione
2894 2077 3049 2130 omni
3072 2093 3135 2129 ac
3153 2078 3369 2147 pudore
3390 2077 3789 2132 destitutorum

2094 2161 2325 2230 objectze
2359 2162 2605 2216 libidini.
2643 2164 2901 2233 Rogabat
2927 2166 3311 2234 Augustinum
3338 2167 3722 2230 Victorianus,
3737 2173 3793 2221 ut

2091 2249 2198 2304 sibi
2223 2250 2368 2303 hanc
2397 2250 2455 2304 in
2491 2267 2612 2306 rem
2641 2253 2811 2322 paulo
2841 2252 3022 2306 fusius
3054 2254 3442 2323 responderet.
3476 2256 3565 2308 vel
3601 2272 3671 2310 ea
3695 2273 3791 2326 po-

2091 2338 2378 2393 tissimum
2425 2341 2494 2393 de
2523 2356 2711 2406 causa,
2744 2342 2898 2412 quod
2936 2357 3135 2396 ansam
3166 2343 3299 2396 hinc
3329 2344 3544 2412 Pagani
3576 2346 3791 2415 arripe-

2092 2432 2218 2480 rent
2243 2427 2592 2498 blasphemis
2604 2429 2837 2482 vocibus
2853 2431 3033 2483 Deum
3049 2430 3384 2500 impetendi,
3408 2446 3637 2484 necnon
3654 2435 3793 2485 mala

2089 2514 2188 2568 illa
2226 2517 2556 2570 conferendi
2603 2517 2663 2570 in
2711 2517 3049 2588 religionem
3094 2518 3487 2573 Christianam.
3540 2519 3793 2590 Respon-

2091 2620 2220 2658 sum
2251 2604 2406 2658 dedit
2435 2605 2487 2659 ei
2520 2605 2614 2660 Vir
2643 2612 3004 2677 sanctus,pro
3027 2607 3144 2661 suis
3165 2608 3662 2678 occupationibus,
3686 2627 3794 2663 am-

2094 2693 2276 2762 plum,
2319 2697 2375 2746 et
2419 2693 2569 2763 quod
2600 2694 2671 2748 ad
2703 2711 2823 2748 rem
2867 2700 2952 2749 sat
2979 2700 3146 2749 esset.
3182 2697 3242 2750 In
3274 2697 3382 2750 hoc
3411 2697 3790 2762 demonstrat,

2095 2781 2235 2834 nihil
2250 2785 2370 2835 tum
2390 2782 2636 2836 Ethnicis
2656 2787 2780 2836 tum
2806 2783 3143 2838 Christianis
3155 2785 3344 2855 aptius
3365 2786 3791 2840 commodiusve

2089 2885 2253 2940 posse
2276 2870 2497 2940 reponi,
2532 2887 2705 2941 quam
2734 2872 2780 2924 si
2813 2872 3066 2926 dicamus
3097 2873 3456 2943 gravioribus
3491 2875 3682 2944 poenis
3713 2876 3789 2929 di-

2088 2975 2230 3027 gnos
2257 2974 2399 3021 esse,
2432 2959 2530 3027 qui
2562 2959 2785 3014 Domini
2812 2961 3189 3031 voluntatem,
3212 2979 3385 3033 quam
3409 2963 3684 3033 ignorare
3704 2981 3791 3018 ne.

2087 3053 2324 3119 queunt,
2353 3055 2751 3118 aspernantur,
2776 3067 2948 3122 quam
2971 3051 3033 3121 ii,
3061 3052 3270 3123 quibus
3287 3053 3354 3107 de
3377 3053 3472 3107 illa
3494 3070 3786 3125 nunquam

2087 3137 2401 3208 quidquam
2428 3139 2625 3192 audire
2657 3140 2893 3210 contigit
2927 3157 2938 3194 :
2969 3140 3092 3211 pios
3109 3157 3262 3207 vero,
3283 3143 3646 3212 quantalibet
3667 3145 3787 3197 vitae

2086 3226 2462 3280 sanctimonia
2483 3227 2757 3296 fulgeant,
2774 3244 3139 3299 nequaquam
3155 3229 3215 3283 in
3237 3229 3568 3301 integritate
3591 3249 3657 3286 ac
3679 3249 3788 3285 meo

2085 3330 2214 3368 rum
2230 3314 2550 3369 innocentia
2566 3317 2780 3386 primas
2801 3317 2908 3371 sibi
2934 3334 3201 3388 arrogare
3223 3335 3389 3389 posse
3410 3335 3532 3390 prae
3561 3321 3786 3374 Danielc

2085 3419 2148 3456 ac
2167 3403 2332 3456 sociis
2352 3403 2476 3472 ejus
2493 3405 2864 3458 sanctissimis
2881 3405 2992 3459 illis
3005 3407 3482 3474 adolescentibus,
3505 3410 3592 3462 vel
3619 3411 3787 3464 etiam

2087 3491 2446 3557 Machabwis;
2499 3492 2599 3563 qui
2659 3497 2850 3548 tamen
2891 3511 3090 3549 omnes
3149 3496 3434 3550 atrocibus
3482 3498 3788 3552 conflictati

2087 3581 2352 3647 miseriis,
2379 3583 2571 3653 puniri
2602 3599 2659 3637 se
2686 3583 2858 3653 digne
2890 3590 2944 3637 et
2967 3584 3122 3652 juste
3142 3601 3247 3654 pro
3272 3585 3388 3638 suis
3411 3585 3790 3656 ipsorummet

2084 3671 2328 3740 peccatis
2357 3670 2765 3741 praedicarunt.
2806 3673 3190 3735 Quamobrem
3228 3674 3620 3730 Victoriauum
3653 3677 3787 3730 hor-

2084 3763 2258 3826 tatur,
2291 3763 2352 3812 ut
2376 3765 2570 3814 caveat
2597 3776 2702 3831 pro
2732 3760 2969 3822 viribus,
3002 3761 3441 3834 prohibeatquc,
3477 3766 3787 3835 quominus

2085 3843 2142 3898 in
2169 3845 2323 3900 hisce
2355 3848 2610 3902 cladibus
2637 3863 2701 3902 ac
2728 3849 2952 3902 damnis
2975 3850 3120 3903 Deus
3143 3850 3394 3922 indignis
3412 3853 3785 3923 querimoniis

2085 3931 2340 3988 irritetur
2371 3952 2384 3988 :
2416 3939 2541 3990 tum
2571 3953 2642 3990 ne
2673 3941 2851 3992 cesset
2876 3937 2944 3992 ad
2975 3954 3108 3992 eum
3137 3955 3243 4009 pro
3273 3940 3514 4011 captivis
3545 3941 3782 4012 virgini-

2081 4020 2188 4075 bus
2213 4022 2616 4094 ingemiscere;
2649 4025 2789 4096 quid
2831 4027 2899 4080 de
2942 4025 3054 4080 illis
3092 4028 3303 4082 factum
3335 4029 3427 4095 sit,
3456 4035 3558 4084 aut
3585 4047 3699 4102 qua
3729 4033 3782 4084 in

2083 4125 2142 4161 re
2165 4111 2354 4180 juvari
2384 4113 2622 4182 possint,
2665 4130 2891 4168 summa
2917 4114 3212 4185 diligentia
3237 4116 3493 4187 inquirat
3522 4135 3537 4172 :
3569 4136 3634 4174 ac
3657 4124 3782 4174 tan-

2082 4198 2212 4252 dem
2234 4206 2425 4269 speret
2455 4201 2597 4267 fore,
2629 4207 2693 4256 ut
2722 4219 2890 4273 opem
2921 4203 3034 4256 illis
3058 4205 3206 4258 Deus
3225 4205 3440 4270 afferat,
3475 4209 3566 4261 vel
3596 4208 3783 4279 prohi-

2079 4286 2196 4340 bita
2227 4289 2295 4343 ab
2327 4305 2521 4344 carum
2547 4291 2883 4361 corporibus
2909 4292 3143 4363 injuria,
3176 4295 3265 4348 vel
3295 4296 3652 4352 confirmatis
3683 4313 3786 4367 per

2080 4376 2322 4444 gratiam
2354 4379 2685 4433 earumdem
2717 4379 2947 4449 animis,
2980 4385 3044 4434 ut
3073 4398 3244 4452 quam
3277 4383 3385 4453 ipsi
3417 4389 3551 4439 voto
3569 4402 3784 4440 nuncu-

2078 4469 2306 4533 parunt,
2338 4466 2724 4537 virginitatem
2745 4468 3047 4524 retineant.
3075 4470 3169 4524 llis
3197 4471 3355 4525 addit
3384 4473 3644 4529 futurum
3674 4475 3785 4528 for-

2079 4557 2244 4619 tasse,
2296 4559 2359 4608 ut
2401 4555 2545 4609 hanc
2585 4557 2920 4612 ancillarum
2951 4574 3184 4613 suarum
3213 4561 3603 4632 captivitatem
3637 4565 3784 4617 Deus

2079 4647 2198 4696 tum
2223 4642 2460 4698 insuam
2482 4645 2657 4716 ipsius
2679 4646 2945 4716 gloriam,
2971 4651 3094 4702 tum
3123 4648 3181 4702 in
3208 4648 3441 4704 illarum
3471 4651 3778 4706 utilitatem

2077 4747 2188 4784 non
2213 4731 2332 4786 sine
2364 4749 2572 4803 magno
2603 4735 2795 4788 fenore
2824 4741 3135 4790 convertat.
3168 4738 3340 4808 Cujus
3366 4739 3449 4792 rei
3476 4740 3785 4795 documen-

2075 4821 2196 4870 tum
2223 4822 2415 4872 narrat
2458 4819 2517 4872 in
2543 4819 2763 4890 virgine
2795 4821 3041 4891 quadam
3071 4824 3491 4879 sanctimoniali
3527 4826 3783 4897 regionis

2076 4905 2374 4972 Sitifensis,
2419 4907 2611 4962 Severi
2657 4909 2908 4980 episcopi
2955 4915 3150 4981 nepte,
3189 4916 3318 4966 ante
3357 4929 3571 4983 paucos
3599 4931 3781 4968 annos

2075 4995 2409 5049 exhibitum.
2452 4999 2648 5050 Domus
2687 5000 2828 5051 enim
2860 4999 2976 5063 illa,
3011 4999 3218 5070 inquit,
3255 5001 3631 5070 barbarorum,
3683 5004 3783 5057 ubi

2074 5086 2293 5151 captiva
2322 5087 2566 5153 ingressa
2593 5091 2688 5150 est,
2713 5089 2895 5141 subita.
2917 5090 3078 5156 ccepit
3100 5088 3438 5144 dominorum
3460 5095 3783 5161 inﬁrmitate

2066 5170 2298 5240 jactari,
2326 5174 2406 5226 ita
2444 5176 2503 5226 ut
2533 5189 2708 5228 omnes
2738 5176 2848 5243 ipsi
2885 5175 3128 5241 barbari,
3164 5181 3296 5243 tres,
3327 5181 3439 5232 nisi
3463 5181 3647 5246 fallor,
3696 5182 3783 5233 vel

2071 5260 2308 5328 amplius
2345 5263 2572 5328 fratres,
2601 5264 3063 5331 periculosissima
3092 5267 3412 5335 inﬁrmitate
3442 5268 3779 5321 laborarent.

2071 5349 2304 5412 Quorum
2324 5354 2497 5405 mater
2517 5351 2908 5406 animadvertit
2923 5354 3163 5422 puellam
3186 5357 3290 5408 Deo
3307 5355 3570 5422 deditam,
3593 5361 3639 5409 et
3660 5373 3782 5410 ere-

2069 5436 2211 5490 didit
2239 5439 2383 5506 quod
2406 5439 2523 5508 ejus
2553 5442 2888 5495 orationibus
2913 5444 3002 5495 sui
3017 5443 3125 5511 ﬁlii
3157 5449 3375 5512 possent
3400 5445 3468 5498 ab
3496 5447 3782 5500 imminen-

2069 5528 2138 5580 tis
2161 5527 2282 5595 jam
2311 5530 2499 5582 mortis
2542 5531 2785 5598 periculo
2833 5531 3086 5599 liberari;
3129 5535 3328 5601 petivit
3366 5538 3428 5587 ut
3461 5539 3632 5589 oraret
3671 5550 3781 5602 pro
