3912 6174
106 298 186 350 389
1503 288 1651 342 LIBE

2000 293 2027 344 ὃ.
3443 301 3545 352 390

101 419 173 482 eis,
197 413 432 483 pollicens,
464 409 610 480 quod
631 411 682 464 si
705 410 848 464 salvi
865 411 1006 477 facti
1033 413 1224 477 essent,
1257 425 1372 464 eam
1399 412 1514 464 suis
1537 426 1732 479 paren-

102 505 211 558 tibus
233 499 508 554 redderent.
529 498 806 566 Jejunavit
829 500 945 568 illa,
969 503 1019 553 et
1039 500 1236 566 oravit,
1265 503 1314 552 et
1330 499 1593 552 exaudita
1613 515 1730 552 con-

105 595 215 644 tinuo
236 593 317 641 est.
345 587 432 640 Ad
452 588 541 640 hoc
561 589 699 640 enim
728 589 938 653 factum
964 592 1099 652 erat,
1133 592 1394 655 quantum
1424 591 1602 641 exitus
1633 588 1732 641 do-

107 682 198 732 cuit.
218 679 286 730 Ita
309 677 388 728 illi
417 680 522 728 tam
552 678 828 744 repentino
853 678 953 730 Dei
981 677 1226 744 beneﬁcio
1254 678 1428 730 salute
1457 681 1728 745 percepta,

106 769 300 820 mirantes
311 780 417 818 eam
435 770 483 818 et
501 765 836 828 honorantes,
856 766 1000 834 quod
1020 781 1199 819 eorum
1219 770 1391 819 mater
1407 768 1732 834 promiserat

104 857 407 924 impleverunt.
439 854 632 923 Itaque
659 870 763 924 per
793 853 1114 908 mirabilem
1151 854 1248 908 Dei
1280 853 1730 908 misericordiam

99 960 190 997 cum
213 943 407 996 honore
438 958 646 1012 magno
681 943 796 996 suis
831 944 1162 1014 parentibus
1200 943 1458 997 restituta
1490 949 1593 998 est.
1632 946 1733 998 De-

95 1049 212 1085 mum
235 1030 466 1102 subjicit,
488 1035 711 1084 tantum
737 1031 794 1084 in
818 1037 1007 1086 mente
1029 1033 1214 1086 valere
1239 1032 1621 1102 integritatem
1647 1050 1733 1085 ca-

91 1119 267 1188 stitatis,
293 1124 349 1172 ut
376 1119 470 1172 illa
494 1118 786 1189 inviolata,
810 1136 912 1173 nec
937 1119 998 1174 in
1027 1136 1263 1191 corpore
1293 1121 1475 1191 possit
1502 1120 1729 1192 pudici-

90 1209 148 1263 tia
167 1207 336 1262 violari
365 1208 564 1278 (Epist.
604 1211 658 1262 ll
679 1207 749 1278 Ι).

675 1297 901 1352 CAPUT
939 1298 1081 1351 VIII.

91 1390 125 1439 l.
148 1386 280 1439 Anno
306 1384 829 1454 quadringentesimo
859 1385 1082 1453 decimo,
1115 1391 1431 1456 expugnata
1459 1387 1615 1453 Urbe,
1649 1403 1734 1441 va-

139 1476 223 1527 rios
245 1490 300 1528 ea
324 1474 385 1527 de
412 1489 470 1528 re
507 1489 772 1528 sermones
804 1475 963 1528 habet
992 1475 1066 1528 ad
1093 1475 1323 1544 plebem.
1356 1478 1388 1530 2
1419 1478 1731 1544 Hipponen-

136 1562 255 1614 sibus
276 1562 566 1615 absentiam
588 1578 742 1616 suam
772 1567 1017 1631 excusat,
1040 1568 1204 1631 utque
1227 1563 1293 1617 de
1316 1564 1606 1618 vestiendis
1635 1580 1732 1633 pro

136 1665 211 1704 suo
236 1666 366 1704 more
394 1651 738 1720 pauperibus
778 1653 1029 1718 cogitent,
1073 1652 1342 1706 hortatur.
1378 1656 1407 1707 3
1461 1657 1502 1708 Α
1553 1653 1732 1707 morbo

137 1740 460 1793 cmwalescens
491 1741 617 1793 ruri
641 1741 926 1809 respondet
964 1743 1216 1794 Dioscoro
1246 1741 1312 1794 de
1349 1743 1731 1809 quaestionibus

136 1828 256 1882 abeo
281 1831 473 1884 missis.
505 1830 540 1883 4
572 1830 912 1885 Consentium
942 1831 1116 1883 animi
1145 1832 1498 1900 simplicitate
1527 1847 1588 1884 ac
1619 1834 1734 1884 sine

136 1919 415 1982 arrogantia
462 1922 735 1971 errantem
773 1918 1010 1984 dedocet,
1054 1919 1354 1987 imbuitque
1396 1921 1604 1973 saniori
1635 1920 1731 1973 do-

135 2007 296 2060 ctrina.
323 2009 352 2060 5
384 2005 628 2062 Colenda:
657 2021 766 2060 suae
794 2009 986 2074 cuique
1011 2007 1290 2073 religionis
1317 2008 1614 2062 libertatem
1644 2008 1734 2060 (la-

135 2098 224 2146 tam
259 2095 388 2148 tollit
431 2097 725 2149 Honorius.
763 2097 793 2147 6
837 2095 984 2148 Idem
1021 2095 1177 2164 jubet
1218 2099 1280 2148 ut
1323 2096 1585 2150 Catholici
1614 2109 1732 2147 cum

135 2183 392 2235 Donatistis
430 2185 488 2236 in
530 2184 854 2250 colloquium
895 2185 1130 2236 veniant.
1163 2187 1193 2236 7
1238 2182 1492 2238 Curanda
1529 2184 1733 2248 futurae

133 2271 406 2325 Collationis
435 2271 596 2325 modo
624 2288 686 2325 ac
715 2271 899 2324 ordini
923 2271 1228 2341 prae/icitur
1256 2273 1620 2325 Marcellinus.

136 2361 173 2412 l.
201 2359 484 2430 Superiora
515 2376 672 2414 anno
699 2360 1085 2414 V’ictorianum
1108 2361 1178 2413 ob
1201 2359 1578 2414 intolerabilia
1611 2376 1730 2414 ma-

84 2446 255 2517 la,qua3
275 2448 650 2501 barbarorum
673 2447 1100 2502 incursionibus
1116 2446 1364 2517 Imperio
1386 2445 1728 2513 acciderant,

84 2534 230 2589 animo
257 2535 486 2590 fractum
529 2536 872 2591 confirmare
907 2536 1168 2591 studebat
1207 2535 1559 2607 Augustinus
1595 2551 1606 2589 :
1636 2551 1730 2588 ve-

83 2638 178 2676 rum
197 2624 246 2678 id
281 2642 454 2695 genus
485 2625 780 2689 remediis,
815 2642 944 2697 quae
987 2625 1096 2696 ipsi
1122 2641 1407 2696 propensa
1436 2625 1495 2679 in
1535 2640 1731 2678 omnes

81 2710 220 2779 pietas
238 2715 652 2785 suppeditabat,
679 2715 865 2785 magis
886 2714 1140 2785 indiguit
1160 2719 1384 2768 sanctus
1407 2714 1655 2767 Antistes
1673 2713 1732 2767 in

77 2796 159 2850 illis
179 2800 448 2866 aerumnis,
473 2817 622 2872 quas
649 2817 831 2854 annus
855 2801 1458 2872 quadringentesimus
1481 2799 1732 2854 decimus

79 2886 316 2958 tulit;quo
340 2889 603 2944 videlicet
623 2906 774 2943 anno
795 2891 1109 2944 Gothorum
1129 2906 1222 2943 rex
1244 2889 1500 2942 Alaricns
1525 2889 1730 2942 Urbem

77 2973 319 3033 obsidione
367 2979 570 3044 cinxit,
616 2983 673 3032 et
718 2995 872 3032 nono
911 2978 1187 3032 kalendas
1227 2976 1565 3048 septembris
1603 2981 1729 3030 tan-

77 3062 176 3118 dem
202 3068 555 3138 expugnavit.
593 3068 747 3121 IIanc
777 3066 933 3121 enim
966 3066 1134 3120 militi
1162 3065 1435 3121 barbarus
1465 3065 1733 3137 diripien-

73 3151 174 3207 dam
197 3156 474 3225 permisit;
509 3172 849 3228 quanquam
880 3172 946 3210 ea
984 3155 1171 3226 posita
1200 3157 1346 3226 lege,
1376 3160 1440 3210 nt
1483 3160 1539 3209 et
1581 3153 1730 3208 chri-

74 3241 219 3296 stiano
256 3245 517 3316 sanguini
556 3249 834 3316 parceret,
871 3249 928 3299 et
978 3261 1174 3299 eorum
1206 3263 1332 3315 quae
1382 3245 1438 3297 in
1484 3244 1733 3298 basilicis

73 3333 337 3398 prasertim
366 3335 766 3406 apostolorum
800 3333 948 3388 Petri
969 3337 1026 3387 et
1048 3333 1205 3388 Pauli
1225 3337 1446 3404 recepta
1469 3333 1730 3402 fuissent,

72 3421 352 3492 contingere
372 3423 696 3495 quidquam
727 3438 843 3476 non
875 3422 1125 3476 auderet.
1154 3423 1574 3488 Calamitatum,
1601 3439 1730 3493 quae

72 3508 434 3566 nobilissimam
477 3512 641 3565 illam
682 3512 886 3566 urbem
931 3511 1218 3581 populatae
1259 3512 1501 3574 fuerant,
1545 3512 1733 3566 tristes

70 3599 221 3652 nuntii
240 3601 327 3670 pio
348 3599 609 3654 Antistiti
629 3599 857 3653 crebros
875 3615 904 3652 e
925 3603 1149 3669 pectore
1172 3597 1438 3668 gemitus,
1465 3613 1733 3668 magnam

73 3700 124 3736 ex
143 3688 294 3741 oculis
322 3691 710 3760 lacrymarum
741 3687 856 3742 vim
901 3691 1306 3758 expresserunt
1339 3703 1351 3741 :
1385 3690 1556 3756 atque
1604 3687 1736 3739 hinc

72 3774 292 3831 solatium
320 3794 525 3850 capere
549 3793 608 3830 se
630 3777 722 3830 vix
750 3777 1005 3847 potuisse
1027 3777 1330 3846 profitetur
1351 3777 1442 3846 (De
1469 3776 1626 3829 Urbis
1647 3791 1737 3829 ea:-

73 3862 201 3931 cidio,
228 3882 276 3919 η.
307 3869 380 3935 3).
413 3870 488 3921 At
528 3865 585 3919 ei
614 3881 736 3936 pra:
766 3865 988 3920 caeteris
1017 3865 1077 3918 in
1119 3865 1419 3918 molestum
1453 3868 1593 3931 erat,
1632 3866 1736 3918 Pa-

69 3964 210 4016 ganos
236 3959 286 4009 et
306 3972 369 4010 ex
398 3955 544 4026 ipsis
571 3971 667 4008 eos
698 3954 873 4008 etiam
898 3969 1144 4024 quorum
1168 3952 1356 4016 saluti,
1378 3952 1488 4006 nisi
1509 3969 1567 4006 se
1591 3953 1738 4006 chri-

68 4038 237 4095 stianos
262 4045 481 4100 mentiti
531 4046 742 4110 essent,
785 4046 885 4096 aut
923 4042 983 4094 in
1024 4040 1477 4095 Christianorum
1519 4040 1737 4112 templa

67 4129 434 4202 confugissent,
475 4131 804 4187 consultum
847 4129 1082 4184 omnino
1128 4146 1244 4184 non
1285 4129 1506 4197 fuisset,
1541 4134 1736 4185 tamen

66 4215 177 4270 adeo
201 4235 365 4276 caecos
393 4227 573 4294 atque
594 4221 964 4274 immemores
987 4218 1255 4273 beneficii
1280 4235 1337 4272 se
1368 4219 1646 4289 praebere,
1673 4223 1739 4273 ut

67 4301 255 4376 imperii
295 4311 502 4366 damna
543 4309 868 4363 christiana!
913 4307 1182 4379 religioni
1212 4307 1588 4378 imputarent,
1632 4308 1737 4361 Ur-

67 4393 272 4469 bemque
295 4417 404 4455 non
428 4401 503 4454 ob
529 4399 706 4469 aliud,
733 4414 905 4470 quam
928 4402 1166 4468 propter
1196 4413 1391 4452 eversa
1413 4395 1737 4464 simulacra,

69 4492 405 4556 expugnatam
455 4487 632 4542 fuisse
679 4486 1074 4558 praedicarent.
1131 4487 1304 4540 Hasce
1354 4484 1738 4555 blasphemias

67 4571 294 4644 frequens
332 4577 637 4632 refellebat
673 4576 732 4630 in
773 4575 888 4629 suis
927 4576 994 4629 ad
1024 4576 1306 4646 populum
1345 4573 1736 4640 Sermonibus,

69 4674 121 4713 ex
145 4665 332 4734 quibus
361 4683 483 4721 non
512 4665 680 4736 pauci
701 4670 1011 4735 supersunt
1042 4665 1250 4731 adhuc,
1275 4667 1330 4718 et
1359 4680 1507 4718 unus
1536 4662 1596 4716 in
1625 4663 1739 4734 pri-

68 4751 168 4816 mis,
197 4754 248 4808 in
278 4772 391 4826 quo
425 4753 738 4824 significat,
772 4753 880 4807 sibi
920 4769 953 4806 a
983 4753 1304 4807 Gentilibus
1334 4753 1581 4807 nimium
1615 4769 1735 4806 cre-

67 4836 198 4894 bram
223 4842 493 4897 Romanae
525 4842 701 4896 cladis
733 4841 1090 4896 mentionem
1112 4841 1462 4912 exprobrari,
1487 4841 1647 4912 quasi
1678 4841 1738 4895 in

66 4929 226 4985 animo
253 4932 492 4986 haberet
523 4931 642 5002 ipse
663 4930 864 4985 alienis
891 4931 1129 4985 illudere
1152 4935 1322 5002 atque
1351 4931 1628 4985 insultare
1657 4931 1740 4984 in-

65 5016 293 5074 fortuniis
326 5039 338 5075 :
370 5038 504 5093 quae
532 5037 619 5075 res
651 5021 718 5074 ab
750 5021 872 5091 ejus
904 5019 1135 5090 ingenio
1168 5036 1339 5090 quam
1373 5019 1613 5074 maxime
1639 5019 1738 5074 ab-

63 5103 293 5163 horrebat
323 5111 521 5178 (Serm.
551 5111 670 5175 105,
702 5125 795 5163 nn.
833 5111 916 5175 12,
960 5109 1061 5178 13).
1099 5109 1164 5161 Et
1193 5123 1328 5160 sane
1353 5106 1459 5160 hoc
1489 5108 1588 5161 illo
1622 5124 1739 5162 scr-

62 5208 218 5258 mone,
239 5198 334 5252 ubi
357 5199 559 5252 fideles
581 5198 747 5252 docet
769 5214 879 5268 qua
898 5196 1118 5251 ratione
1140 5196 1209 5250 ab
1232 5195 1371 5266 ipsis
1401 5196 1740 5267 excipienda

59 5282 151 5337 sint
174 5285 310 5341 dura
338 5291 396 5342 et
429 5286 689 5353 adversa,
723 5287 928 5358 quidve
976 5302 1081 5357 pro
1121 5302 1222 5339 sua
1259 5301 1357 5356 spe
1392 5285 1740 5357 responden—

59 5372 172 5428 dum
201 5378 441 5448 Paganis
473 5376 910 5433 insnltatoribus
941 5381 998 5430 et
1040 5375 1594 5446 blasphematoribus
1638 5392 1738 5429 no-

59 5462 205 5518 minis
244 5467 565 5533 christiani,
597 5467 802 5520 horum
851 5465 1032 5520 vicem
1072 5465 1240 5519 simul
1284 5463 1533 5535 graviter
1563 5464 1737 5530 dolet,

59 5557 204 5621 atque
231 5562 295 5610 ut
323 5557 392 5611 ad
425 5555 597 5610 fidem
623 5555 900 5621 conversi,
935 5559 1208 5608 aztcrnam
1235 5555 1480 5609 salutem
1503 5553 1740 5624 adipisci

1840 412 2085 477 valeant,
2119 415 2249 465 vota
2277 410 2426 466 facit.
2457 411 2610 466 Alias
2641 413 2900 467 eamdem
2925 414 3167 485 jamjam
3198 417 3540 486 adfuturam,

1842 506 1940 554 aut
1967 501 2158 570 potius
2195 500 2415 554 illatam
2457 517 2652 556 recens
2693 503 2889 556 Romze
2927 505 3248 559 vastitatem
3289 506 3544 562 oratione

1843 605 2210 660 persequens,
2246 589 2534 644 auditores
2565 591 2670 645 sub
2700 591 2992 645 concionis
3014 593 3186 646 finem
3211 595 3542 662 obtestatur,

1843 680 1904 730 ut
1933 694 2046 747 quo
2080 676 2261 747 magis
2292 677 2350 731 in
2381 679 2490 732 ista
2520 678 2817 733 occasione
2847 680 3308 750 peregrinorum,
3343 699 3547 752 egeno-

1842 781 1991 830 rum,
2029 765 2434 830 laborantium,
2489 767 2685 837 augeri
2734 784 3042 823 numerum
3082 776 3401 836 cernerent,
3444 771 3550 824 hoc

1842 853 2011 906 etiam
2045 854 2225 924 magis
2255 855 2590 909 cliaritatem
2632 855 2740 926 ipsi
2780 873 2842 910 ac
2872 858 3320 912 misericordiam
3358 859 3546 914 inten-

1843 942 2043 995 derent
2073 959 2266 1009 suam;
2302 943 2380 997 sic
2411 945 2562 997 enim
2596 945 2929 999 Christianis
2961 947 3167 1001 Christi
3199 953 3544 1019 pra=ceptum

1843 1029 2236 1100 implentibus,
2266 1032 2384 1085 fore
2423 1038 2486 1086 ut
2517 1035 2876 1104 Paganorum
2917 1035 3109 1104 impiae
3147 1037 3205 1090 in
3240 1039 3418 1090 Deum
3457 1053 3548 1091 vo-

1843 1133 1954 1185 ces,
1986 1117 2214 1171 nonnisi
2261 1118 2320 1170 in
2369 1136 2531 1172 suam
2573 1120 2830 1191 ipsorum
2874 1126 3166 1176 vertantur
3207 1123 3542 1192 perniciem.

1842 1206 1994 1272 Quod
2013 1206 2170 1274 jubet
2197 1208 2466 1276 Christus,
2496 1208 2703 1278 inquit,
2731 1211 2944 1275 faciant
2976 1212 3302 1277 Christiani;
3337 1217 3386 1265 ct
3415 1217 3544 1266 tan-

1843 1299 1956 1348 tum
2025 1310 2120 1348 suo
2185 1297 2326 1349 malo
2395 1296 2769 1365 blasphemant
2832 1299 3044 1364 Pagani
3120 1299 3388 1367 (Sermone
3453 1303 3542 1366 8f,

1842 1400 1898 1437 n.
1951 1383 2025 1452 9).
2081 1385 2269 1437 Exstat
2317 1389 2373 1438 et
2421 1401 2608 1438 sermo
2658 1385 2804 1439 alius
2852 1385 2912 1438 in
2957 1391 3240 1441 recentem
3289 1388 3545 1457 ejusdem

1846 1471 2005 1526 urbis
2044 1471 2428 1542 direptionem
2459 1473 2702 1536 habitus,
2737 1473 2897 1543 cujus
2930 1473 3054 1544 ipsa
3093 1474 3384 1545 inscriptio
3415 1481 3499 1529 est
3533 1492 3546 1530 :

1843 1563 1917 1614 De
1950 1561 2108 1615 Urbis
2138 1561 2392 1616 Emcidio.
2437 1563 2497 1614 In
2544 1578 2610 1616 eo
2647 1566 2842 1616 autem
2880 1562 3236 1616 demonstrat
3273 1563 3368 1617 Vir
3408 1579 3542 1618 san-

1845 1655 1988 1717 ctus,
2018 1644 2340 1703 istiusmodi
2389 1650 2574 1703 clades
2623 1651 2874 1720 peccatis
2901 1651 3108 1705 nostris
3157 1656 3413 1723 acceptas
3455 1669 3546 1706 re-

1846 1736 1982 1789 ferri
2024 1737 2267 1803 debere;
2315 1754 2379 1791 ac
2423 1737 2574 1792 inter
2615 1739 2885 1792 mortales
2931 1740 3224 1794 neminem
3277 1740 3434 1794 omni
3478 1757 3547 1794 ex

1845 1829 2004 1896 parte
2027 1826 2249 1896 justum
2278 1830 2450 1897 atque
2481 1843 2514 1879 a
2545 1826 2733 1880 delicti
2764 1828 3103 1897 contagione
3125 1828 3370 1883 liberum
3402 1845 3544 1891 esse,

1844 1915 2039 1968 multis
2069 1915 2317 1969 ostendit
2347 1916 2702 1985 argumentis
2743 1921 2795 1969 et
2826 1917 3103 1986 exemplis
3146 1933 3158 1970 :
3193 1918 3346 1988 quod
3379 1918 3448 1972 ab
3477 1935 3545 1972 eo

1842 2003 2068 2056 videtur
2097 2003 2330 2070 factum,
2356 2008 2416 2056 ut
2443 2003 2820 2056 exorientium
2856 2004 3292 2075 Pelagianorum
3322 2005 3545 2076 placitis

1844 2096 2184 2146 occurreret.
2209 2091 2354 2145 Inibi
2377 2108 2606 2163 quoque
2628 2093 2979 2146 mentionem
3005 2092 3139 2147 facit
3159 2093 3358 2165 ignitae
3388 2093 3544 2148 illius

1842 2180 2033 2246 nubis,
2068 2197 2192 2251 quas
2241 2197 2392 2234 anno
2440 2197 2615 2250 supra
2659 2182 3123 2236 trecentesimum
3171 2183 3544 2254 nonagesimo

1845 2275 2002 2323 sexto
2032 2270 2300 2340 apparuit
2326 2269 2817 2340 Constantinopoli
2840 2270 3197 2340 impendens.
3225 2271 3392 2325 Plura
3413 2271 3547 2324 hinc

1843 2374 1961 2411 non
1985 2358 2228 2412 dicimus
2254 2374 2266 2411 :
2297 2357 2606 2412 suus’inf'ra
2624 2375 2680 2411 se
2705 2358 2862 2412 dabit
2880 2360 3036 2412 locus
3059 2359 3399 2430 explicandi,
3424 2376 3539 2430 quo

1842 2450 2007 2517 pacto
2037 2446 2347 2502 Gentilium
2379 2445 2573 2516 impiis
2603 2447 2674 2500 ob
2706 2452 3088 2518 expugnatam
3122 2449 3330 2503 Urbem
3359 2448 3549 2520 queri-

1843 2536 2053 2590 moniis
2083 2540 2377 2606 permotus
2409 2535 2479 2588 ad
2511 2535 2967 2606 aggrediendum
2988 2537 3284 2608 egregium
3304 2553 3446 2608 opus
3475 2536 3546 2590 de

1845 2624 2080 2680 Civitate
2115 2624 2214 2679 Dei
2244 2624 2499 2678 animum
2531 2624 2835 2694 appulerit.

1912 2717 1968 2768 2.
2003 2711 2268 2783 Contigit,
2302 2717 2557 2766 sanetum
2595 2713 2932 2782 Episcopum
2957 2713 3286 2784 aliquandiu
3321 2731 3424 2784 per
3452 2716 3544 2769 lu-

1844 2800 2199 2854 ctuosissima
2229 2800 2325 2853 illa
2351 2805 2610 2870 tempora
2639 2800 2833 2854 abesse
2867 2801 3146 2872 Hippone,
3171 2818 3284 2872 quo
3317 2803 3549 2856 nonnisi

1843 2894 2025 2958 ccepta
2054 2888 2242 2942 hieme
2271 2905 2560 2958 regressus
2591 2891 2852 2953 est-Qua
2881 2891 3176 2943 occasione
3219 2895 3412 2942 autem
3447 2891 3546 2944 Ec-

1844 2976 2071 3030 clesiam
2103 2991 2265 3029 suam
2301 2981 2422 3030 tum
2469 2977 2804 3039 deseruerit,
2836 2993 2966 3030 cum
3011 2977 3082 3031 ob
3127 2978 3359 3047 Imperii
3391 2994 3540 3031 aeru-

1844 3081 2008 3119 mnas
2037 3065 2406 3136 praesentiam
2431 3065 2554 3136 ejus
2583 3065 2764 3136 magis
2802 3066 2902 3120 illa
2931 3065 3279 3137 requirebat,
3319 3065 3548 3136 ignora-

1845 3170 1971 3207 mus
1997 3170 2009 3207 :
2035 3157 2092 3207 at
2111 3158 2260 3208 certe
2281 3169 2579 3224 nunquam
2611 3154 2678 3207 ab
2711 3171 2811 3208 sua
2834 3153 3061 3209 dioecesi
3083 3155 3264 3208 abfuit
3284 3154 3550 3210 liberiore

1845 3242 2092 3308 licentia,
2125 3243 2224 3297 sed
2260 3243 2377 3297 sola
2397 3243 2637 3314 juvandi
2667 3243 2809 3297 alios
2849 3243 3182 3298 necessitate
3222 3246 3551 3316 compulsus

1847 3334 2039 3402 (Epist.
2080 3334 2203 3401 122,
2225 3348 2282 3387 n.
2310 3335 2360 3402 t)
2386 3349 2399 3386 :
2427 3349 2614 3404 neque
2644 3333 2882 3388 dubium
2915 3337 3017 3401 est,
3042 3333 3182 3404 quin
3208 3334 3280 3388 ad
3311 3334 3420 3388 iter
3443 3335 3552 3388 hoc

1844 3422 2213 3493 potissimum
2243 3427 2500 3494 tempore
2541 3422 2970 3493 suscipiendum
3011 3438 3181 3476 causa
3210 3438 3344 3477 eum
3384 3423 3552 3477 solito

1846 3511 2142 3582 urgentior
2185 3511 2461 3582 adegerit.
2498 3513 2637 3565 Nam
2663 3512 2898 3582 populus
2930 3513 3309 3580 Hipponensis,
3346 3511 3552 3582 inquit,

1845 3603 1934 3654 cui
1957 3617 2037 3654 me
2066 3603 2324 3655 Dominus
2351 3616 2561 3654 servum
2607 3601 2777 3666 dedit,
2824 3616 2942 3654 cum
2981 3617 3048 3653 ea:
3094 3616 3294 3666 magna
3333 3605 3382 3653 et
3420 3615 3555 3668 pene

1848 3707 1914 3742 ac
1943 3691 2089 3743 omni
2108 3693 2264 3758 parte
2286 3691 2364 3742 ita
2385 3691 2632 3756 inﬁrmus
2654 3690 2746 3751 sit,
2772 3693 2830 3741 ut
2847 3703 3115 3757 pressura
3143 3690 3307 3742 etiam
3334 3689 3552 3742 levioris

1847 3779 2218 3832 tribulationis
2242 3779 2417 3846 possit
2446 3780 2690 3845 graviter
2714 3781 2998 3844 aegrotare,
3039 3792 3180 3830 nunc
3212 3780 3322 3830 tam
3351 3792 3554 3845 magna

1849 3867 2196 3921 tribulatione
2223 3865 2472 3931 czditur,
2502 3870 2560 3918 ut
2599 3867 2816 3918 etiamsi
2851 3880 2957 3919 non
2997 3867 3073 3919 sic
3115 3869 3250 3919 esset
3279 3868 3554 3934 inﬁrmus,

1847 3957 1943 4009 ria:
1972 3970 2088 4008 eam
2107 3970 2225 4009 cum
2245 3955 2435 4022 aliqua
2455 3954 2630 4007 salute
2654 3955 2830 4007 animi
2856 3955 3162 4008 sustineret.
3189 3955 3328 4008 Eum
3355 3958 3555 4020 autem,

1848 4042 2036 4114 pergit
2065 4043 2216 4096 idem
2248 4046 2493 4109 sanctus,
2525 4041 2681 4095 modo
2711 4057 2830 4095 cum
2858 4057 3302 4109 regressussum,
3331 4043 3556 4110 pericu-

1850 4133 2108 4186 losissime
2131 4131 2569 4186 scandalizatum
2597 4132 2830 4198 comperi
2854 4131 2920 4184 de
2948 4131 3195 4184 absentia
3221 4146 3338 4183 mea
3373 4146 3384 4182 :
3414 4145 3556 4198 prae-

1848 4223 2032 4276 sertim
2076 4223 2334 4290 quoniam
2375 4221 2536 4274 multi
2574 4225 2699 4274 sunt
2731 4221 2838 4282 hic,
2875 4221 2972 4287 qui
3011 4218 3339 4272 detrahendo
3381 4218 3556 4283 nobis,

1849 4314 2157 4366 caeterorum
2175 4311 2404 4371 animos,
2429 4325 2462 4362 a
2484 4309 2680 4376 quibus
2703 4309 2870 4375 diligi
2888 4307 3156 4372 videmur,
3181 4306 3440 4359 adversus
3462 4321 3557 4359 nos

1844 4398 2169 4468 perturbare
2198 4402 2481 4463 conantur,
2531 4402 2590 4452 ut
2637 4399 2807 4452 locum
2850 4399 2907 4450 in
2946 4397 3022 4450 eis
3070 4394 3284 4448 diabolo
3322 4395 3556 4461 faciant.

1849 4489 1981 4543 Cum
2011 4491 2188 4541 autem
2217 4489 2530 4541 irascuntur
2558 4487 2734 4553 nobis,
2777 4486 2842 4539 de
2883 4500 3109 4553 quorum
3137 4484 3313 4537 salute
3341 4485 3557 4550 satagi-

1848 4591 1988 4643 mus,
2019 4591 2274 4644 magnum
2305 4577 2418 4630 illis
2447 4575 2736 4630 consilium
2765 4573 3106 4639 vindicandi,
3139 4577 3216 4626 est
3245 4572 3414 4626 libido
3445 4587 3558 4626 mo-

1849 4667 2050 4732 riendi,
2075 4680 2181 4718 non
2209 4667 2268 4718 in
2296 4680 2531 4734 corpore,
2566 4664 2660 4717 sed
2691 4665 2746 4716 in
2777 4662 2932 4716 corde
2953 4661 3157 4732 (Epist.
3196 4662 3318 4730 124,
3355 4677 3416 4716 n.
3455 4661 3508 4731 2)
3543 4675 3554 4714 :

1850 4754 2059 4824 quibus
2075 4755 2328 4825 quidem,
2344 4758 2409 4806 ut
2431 4752 2756 4823 Opinamnr,
2780 4749 2948 4804 tacite
2973 4749 3183 4815 innuit,
3199 4749 3440 4803 transire
3463 4765 3559 4802 eos

1853 4843 1922 4897 ad
1954 4843 2382 4896 Donatistarum
2412 4845 2602 4912 partes
2643 4838 2802 4892 velle.
2852 4837 3014 4902 Quod
3060 4838 3248 4909 ipsum
3291 4837 3352 4890 in
3392 4853 3560 4891 causa

1850 4931 1979 4994 fuit,
2011 4947 2111 4985 cur
2140 4934 2258 4984 tota
2286 4929 2477 4984 hieme
2505 4945 2574 4982 ne
2602 4928 2805 4998 pedem
2837 4927 3074 4997 quidem
3107 4926 3369 4997 Hippone
3400 4926 3562 4980 efl'er-

1851 5025 1956 5074 ret.
1990 5021 2096 5075 Per
2125 5019 2266 5074 illud
2300 5018 2489 5088 ipsum
2531 5016 2804 5071 absentia:
2843 5032 2960 5069 suae
3006 5019 3229 5086 tempus
3260 5014 3558 5084 epistolam

1851 5109 1920 5164 ad
1952 5110 2166 5163 clerum
2197 5112 2254 5163 et
2290 5108 2572 5178 populum
2619 5105 3046 5176 llipponensem
3085 5104 3372 5175 scripsisse
3402 5103 3556 5155 vide-

1850 5204 1946 5253 tur
1975 5198 2173 5267 (Epist.
2214 5196 2336 5266 122)
2370 5213 2382 5249 :
2416 5196 2521 5249 hac
2551 5195 2704 5249 enim
2728 5194 3078 5248 calamitates
3101 5193 3160 5246 in
3183 5193 3378 5246 orbem
3409 5206 3557 5260 pene

1851 5287 2182 5342 universum
2214 5285 2512 5340 saevientes
2544 5288 2843 5349 memorat,
2869 5283 3076 5354 quibus
3109 5281 3178 5336 ad
3207 5279 3558 5350 prospicien-

1854 5376 2012 5443 dum,
2045 5391 2115 5430 ne
2146 5375 2349 5430 iisdem
2380 5374 2644 5428 similiter
2673 5373 3156 5445 opprimerentur,
3188 5367 3420 5423 excitari
3449 5383 3554 5422 ne-

1854 5481 2005 5519 cesse
2034 5467 2155 5519 erat
2175 5464 2587 5534 Hipponenses.
2614 5462 2838 5516 Etenim
2864 5461 3086 5529 direpta
3114 5459 3294 5511 Roma
3313 5459 3560 5511 vastata-

1855 5571 1966 5626 que
1985 5553 2150 5608 Italia
2168 5553 2425 5608 Alaricus
2445 5551 2708 5623 trajicere
2733 5550 2791 5604 in
2815 5548 3063 5603 Siciliam
3077 5543 3396 5600 destinabat
3417 5545 3563 5603 (Oro-
