3912 6174
370 258 465 313 391
1620 253 1781 311 γιτΑ
1814 251 1870 308 S.
1911 298 1915 307 .

2219 252 2284 308 Nl
2326 252 2654 309 EPISCOPI.
3693 278 3764 334 3,,

367 386 506 453 sius,
539 383 680 438 Hist.
715 378 810 435 lib.
833 383 889 447 7,
912 394 1034 450 cap.
1061 376 1179 450 43),
1204 376 1339 433 inde
1360 376 1421 432 in
1439 376 1708 444 Africam,
1731 376 1778 431 si
1796 375 2070 432 Jornandi

369 472 677 541 credimus,
707 470 1006 524 invasurus
1054 467 1399 539 (Jornandes.
1448 467 1541 522 lib.
1583 467 1649 520 de
1685 465 1814 523 Reb.
1863 466 2068 535 60th.).

368 564 546 618 Porro
578 561 864 614 malorum
910 558 1151 612 istorum
1182 561 1340 611 metu
1371 555 1580 611 civium
1613 554 2067 626 Hipponensium

367 651 634 707 nonnihil
657 647 919 719 refriguit
938 647 1139 718 pietas.
1162 645 1349 701 Multis
1363 646 1484 716 jam
1502 649 1657 699 retro
1679 644 1843 698 annis
1864 643 2069 698 vestire

366 755 651 812 pauperes
680 741 845 792 erant
878 735 1050 801 soliti,
1080 734 1238 806 quod
1280 734 1452 788 etiam
1496 734 1730 788 absente
1760 732 2068 803 aliquando

366 826 684 899 Augustino
712 827 986 895 praestare
1020 839 1137 877 non
1168 823 1498 877 omiserant.
1530 823 1637 876 Eos
1667 826 1895 876 sanctus
1926 823 2069 875 Prce-

367 917 455 971 sul
478 919 780 986 antequam
804 928 923 966 sese
944 912 1003 965 in
1026 912 1175 966 viam
1200 911 1380 979 daret,
1404 910 1711 982 diligenter
1735 910 2068 965 adhortatus

364 1006 572 1070 fuerat,
604 1006 668 1057 ut
696 1001 858 1072 pium
886 999 1027 1054 illud
1058 1017 1204 1071 opus
1233 1017 1335 1054 suo
1368 1015 1528 1053 more
1560 1003 2062 1071 prosequerentur,

364 1090 743 1148 nihilominus
767 1094 963 1144 tamen
984 1088 1041 1143 id
1063 1088 1341 1160 comperit
1359 1090 1685 1159 neglectum
1708 1087 1911 1142 abillis
1937 1086 2070 1142 fuis-

366 1198 440 1237 se.
481 1179 863 1246 Quamobrem
907 1194 1013 1249 per
1050 1179 1270 1233 litteras
1316 1178 1398 1232 eis
1446 1181 1707 1232 amanter
1752 1176 2066 1232 admodum

360 1274 601 1325 conatur
627 1267 994 1341 persuadere,
1019 1271 1081 1321 ut
1110 1267 1263 1321 idem
1293 1266 1613 1321 christiana:
1636 1264 1926 1320 charitatis
1946 1263 2070 1318 ofﬁ-

361 1359 516 1414 cium
547 1374 652 1429 pro
682 1357 799 1411 suis
839 1356 1082 1428 quisque
1122 1354 1347 1425 opibus,
1379 1355 1462 1409 uti
1491 1354 1709 1409 solebat
1731 1355 1919 1420 antea,
1952 1369 2066 1407 non

361 1449 634 1503 detrectet
650 1445 916 1501 exhibere
938 1444 1307 1516 impendente
1326 1444 1442 1515 jam
1469 1443 1636 1498 ruina
1653 1442 2065 1498 etcontritione

363 1536 583 1592 mundi.
617 1535 882 1589 Imitetur
902 1534 1098 1605 potius
1118 1534 1263 1598 illos,
1290 1533 1391 1605 qui
1411 1533 1625 1588 aedibus
1646 1533 1870 1587 ruinam
1894 1531 2063 1586 mini-

360 1626 635 1692 tantibus,
666 1625 921 1679 fortunas
941 1639 1070 1677 suas
1086 1623 1358 1677 tutiorem
1381 1621 1439 1676 in
1468 1623 1657 1676 locum
1684 1622 2063 1687 transferunt;

360 1730 586 1769 memor
624 1713 835 1768 scilicet
876 1711 1171 1782 apostolici
1207 1709 1361 1765 illius
1403 1710 1779 1781 pronuntiati,
1808 1710 2065 1763 Dominus

357 1807 419 1858 in
442 1804 696 1874 proximo
734 1805 832 1869 est,
863 1801 1005 1855 nihil
1031 1801 1253 1855 solliciti
1279 1798 1507 1868 fueritis
1546 1799 1764 1870 (Philip.
1800 1814 1873 1861 ιν,
1903 1801 1955 1864 5,
1989 1797 2060 1862 6).

357 1893 531 1947 Suam
560 1891 673 1945 illis
703 1887 1021 1944 absentiam
1051 1893 1260 1960 purgat
1287 1888 1346 1942 in
1375 1888 1660 1959 principio
1686 1886 1964 1958 epistolas,
1989 1886 2064 1941 ad

357 1997 485 2035 eam
511 1982 771 2035 coactum
801 1995 859 2032 se
890 1995 1011 2033 esse
1043 1994 1370 2032 asseverans
1398 1976 1525 2031 aliis
1555 1976 1761 2031 Christi
1790 1974 2062 2029 membris

355 2068 734 2123 subveniendi
773 2065 1139 2133 necessitate;
1181 2082 1295 2137 qua
1336 2065 1547 2143 ctiamk
1570 2064 1681 2121 nisi
1719 2063 2061 2118 valetudinis

356 2156 691 2211 inﬁrmitate
721 2154 919 2209 fuisset
954 2152 1301 2224 prohibitus,
1332 2153 1404 2207 ad
1445 2152 1847 2223 trajiciendum
1879 2167 2057 2219 mare,

357 2245 510 2315 quod
539 2259 657 2298 non
693 2258 824 2297 raro
867 2241 958 2296 sui
1004 2242 1235 2311 collegas
1279 2240 1550 2307 fecerant,
1587 2240 1851 2295 inductus
1881 2243 2051 2296 esset.

359 2335 555 2405 Neque
591 2331 711 2386 illic
746 2330 1069 2385 dissimulat
1097 2328 1414 2384 absentiam
1451 2329 1599 2383 hanc
1631 2344 1792 2383 suam
1831 2345 2061 2401 permo-

357 2424 497 2477 leste
529 2420 723 2476 tulisse
756 2419 1147 2491 Hipponenses
1188 2434 1201 2472 :
1249 2417 1406 2490 quod
1447 2417 1638 2488 ipsum
1676 2433 1793 2472 non
1820 2418 1970 2472 male
1999 2417 2061 2471 in

357 2525 597 2578 annum,
616 2512 681 2564 ut
709 2524 840 2563 mox
870 2507 1216 2573 dicebamus,
1250 2505 1881 2578 quadringentesimum
1914 2506 2063 2561 deci-

356 2615 517 2655 mum
547 2597 808 2671 quadrat.
841 2596 996 2651 Adde
1027 2611 1259 2667 quoque
1299 2595 1404 2650 sub
1444 2594 1651 2649 hiemis
1681 2594 1914 2649 initium
1943 2595 2060 2649 lar-

355 2687 563 2759 gienda
591 2685 763 2741 fuisse
791 2683 1142 2757 pauperibus
1170 2683 1536 2739 vestimenta.

428 2779 478 2831 3.
505 2777 619 2831 Hoc
635 2778 759 2847 ipso
781 2773 1037 2829 fortassis
1062 2772 1630 2845 quadringentesimo
1654 2772 1873 2827 decimo
1898 2772 2058 2828 Chri-

359 2866 433 2921 sti
461 2881 611 2920 anno
635 2862 1048 2936 quaestionibus
1070 2862 1322 2917 Dioscori
1343 2862 1528 2917 facere
1550 2861 1684 2916 satis
1706 2862 2059 2933 Augustinus

357 2954 691 3027 aggreditur
722 2969 735 3007 :
768 2951 1238 3025 quandoquidem
1261 2968 1318 3007 se
1344 2952 1465 3025 jam
1490 2956 1615 3007 tum
1638 2957 1803 3008 (elate
1829 2969 2057 3021 canum,

359 3044 514 3117 quod
542 3043 600 3097 in
631 3041 926 3096 hominem
961 3041 1382 3113 quinquaginta
1411 3057 1503 3096 sex
1531 3058 1711 3096 annos
1737 3047 1934 3097 natum
1965 3060 2058 3098 ca-

357 3134 492 3187 dere
517 3133 722 3202 potest,
753 3145 875 3185 esse
898 3133 1144 3185 testatur
1173 3131 1369 3201 (Epist.
1398 3132 1521 3199 H8,
1542 3146 1597 3185 η.
1632 3118 1717 3201 9);
1742 3136 1911 3202 atque
1935 3137 2060 3187 orta

355 3220 450 3275 hic
479 3218 773 3273 occasione
802 3218 1028 3273 dicendi
1060 3218 1130 3272 de
1158 3218 1464 3288 haereticis,
1490 3219 1589 3289 qui
1613 3236 1716 3290 per
1743 3219 1802 3274 id
1834 3224 2060 3292 tempus

356 3307 858 3363 tumultuabantur
912 3305 974 3360 in
1017 3305 1226 3373 Africa,
1260 3306 1446 3378 deque
1495 3306 1884 3377 opinionibus,
1918 3324 2059 3380 quas

357 3413 549 3469 operte
578 3395 827 3468 pretium
857 3400 979 3450 erat
1007 3411 1370 3467 cognoscere,
1405 3394 1743 3462 Donatistas,
1767 3397 2057 3453 Maximia-

356 3486 552 3554 nistas,
599 3490 657 3541 et
707 3484 1045 3541 Manicbmos
1088 3485 1350 3540 nominat
1398 3484 1581 3556 (Ibid.,
1634 3502 1690 3540 η.
1743 3487 1853 3555 l2),
1900 3486 2059 3540 nulla

355 3577 647 3633 mentione
675 3575 887 3649 injecta
914 3576 1360 3649 Pelagianorum
1389 3575 1825 3631 inimicorumve
1857 3576 2056 3648 gratias

354 3665 583 3733 Christi,
614 3666 676 3721 in
722 3682 869 3738 quos
917 3665 1228 3721 concilium
1260 3682 1409 3721 anno
1440 3665 1704 3737 sequenti
1733 3666 2058 3736 cogendum

352 3753 477 3808 fuit.
504 3755 683 3808 Porro
714 3753 1017 3806 Dioscorus
1038 3752 1135 3805 illo
1159 3751 1387 3823 juvenis
1407 3757 1547 3816 erat,
1573 3768 1603 3806 e
1625 3752 1840 3807 Graecia
1866 3752 2059 3807 oriun-

353 3842 481 3910 dus,
504 3840 604 3912 qui
623 3844 924 3911 postquam
941 3839 1130 3911 prima
1148 3838 1477 3910 graecanicae
1499 3840 1715 3911 linguae
1733 3839 2058 3895 rudimenta

352 3928 694 3995 imbihisset,
728 3929 971 3983 Romam
1002 3943 1066 3982 ac
1093 3927 1228 3983 dein
1258 3927 1679 3999 Carthaginem,
1704 3944 1818 3998 qua
1846 3931 1967 3983 tum
1996 3928 2056 3983 in

355 4018 498 4073 urbe
545 4015 900 4084 morabatur,
933 4021 1165 4071 venerat
1212 4016 1405 4070 latinis
1451 4015 1657 4070 litteris
1712 4015 2058 4071 erudiendus

355 4106 539 4177 (Ibid,
569 4121 664 4159 nn.
696 4107 751 4174 9,
786 4104 897 4174 l0).
932 4103 1032 4158 llic
1071 4104 1194 4158 aliis
1220 4104 1575 4175 quibuslibet
1604 4104 1876 4159 doctrinis
1905 4105 2056 4161 chri-

351 4194 599 4251 stianam
626 4193 992 4266 praeferebat,
1023 4209 1267 4265 eamque
1296 4193 1676 4263 proﬁtebatur
1703 4208 1825 4248 esse
1856 4194 2056 4262 solam,

351 4301 467 4357 qua
504 4288 698 4357 posset
737 4287 969 4339 aeternas
1006 4282 1139 4337 vita:
1170 4298 1298 4353 spes
1329 4281 1521 4337 afferri
1560 4282 1745 4352 (Ibid.,
1774 4298 1831 4337 η.
1870 4281 1973 4352 H).
2006 4283 2058 4336 Is

349 4374 528 4446 igitur
556 4390 688 4429 cum
717 4390 848 4429 suos
894 4371 1186 4429 revisurus
1210 4373 1331 4443 jam
1373 4376 1520 4425 esset
1551 4371 1612 4426 in
1659 4370 1959 4443 procinctu
1986 4371 2056 4425 ad

349 4463 719 4534 repetendam
775 4461 1054 4518 Graeciam
1111 4459 1292 4530 (Ibid,
1343 4474 1437 4513 nn.
1496 4462 1548 4528 l,
1603 4461 1681 4526 2),
1738 4458 2057 4529 Augustino

352 4550 660 4621 quemdam
688 4550 923 4606 nomine
947 4549 1266 4605 Cerdonem
1298 4546 1621 4613 destinavit,
1646 4547 2058 4618 qumstionibus

352 4639 624 4691 onustum
644 4636 813 4707 longe
831 4636 1210 4703 difﬁcillimis,
1232 4640 1355 4691 tum
1376 4636 1435 4690 in
1463 4634 1720 4707 dialogos
1744 4635 2056 4707 Ciceronis,

352 4729 418 4779 ut
453 4724 637 4780 varias
675 4724 1154 4796 philosophorum
1193 4724 1496 4796 opiniones
1533 4724 1898 4797 intelligeret,
1932 4729 2054 4780 tum

350 4814 524 4869 etiam
550 4813 612 4867 in
642 4813 938 4868 Oratorem
977 4814 1237 4885 ejusdem
1267 4813 1458 4880 Tullii,
1496 4829 1559 4867 ac
1594 4812 1774 4869 libros
1816 4814 1887 4869 de
1918 4815 2056 4869 Ora-

348 4906 473 4957 tore
496 4902 701 4973 (Epist.
727 4901 866 4971 117).
895 4902 1217 4957 Permirum
1239 4901 1563 4975 Augustino
1576 4902 1761 4957 visum
1783 4908 1883 4968 est,
1902 4904 2057 4975 quod

350 4992 459 5049 sibi
486 4996 572 5048 tot
598 4990 749 5047 curis
776 4994 1003 5046 tantum
1023 5009 1139 5047 non
1169 4992 1373 5047 obruto
1397 4991 1738 5063 qumstiones
1766 5008 2055 5064 propone-

348 5087 550 5139 rentur
575 5081 716 5136 adeo
744 5079 1026 5148 difﬁciles,
1058 5081 1128 5136 ab
1159 5080 1411 5153 episcopi
1445 5080 1651 5136 studiis
1676 5085 1847 5157 atque
1882 5095 2055 5138 occu-

348 5172 679 5244 pationibus
709 5170 851 5225 adeo
883 5170 1291 5241 discrepantes,
1325 5187 1390 5225 ac
1418 5169 1478 5225 in
1515 5186 1584 5224 ea
1611 5170 1843 5226 demum
1878 5186 2057 5242 argu-

348 5266 561 5328 menta,
594 5276 725 5333 quae
758 5258 841 5314 vel
870 5261 1005 5312 mtas
1041 5274 1109 5312 ex
1138 5258 1417 5313 memoria
1443 5259 1768 5327 delevisset,
1802 5259 1891 5313 vel
1932 5258 2057 5330 ipsa

349 5350 741 5421 cognitionum
770 5346 954 5419 magis
982 5345 1213 5401 utilium
1246 5346 1631 5403 oblitterasset
1658 5347 2051 5419 investigatio;

348 5452 593 5509 qumque
624 5438 830 5493 idcirco
864 5436 925 5491 in
950 5437 1202 5490 mentem
1233 5432 1343 5505 ipsi
1376 5435 1690 5490 revocanda
1718 5434 1962 5490 fuissent
1987 5450 2054 5488 ex

346 5524 529 5592 libris,
569 5542 715 5597 quos
749 5542 820 5580 ne
864 5524 1116 5597 reperire
1158 5522 1394 5595 quidem
1435 5522 1698 5595 Hippone
1737 5523 2040 5595 potuisset.

2179 377 2322 432 Cum
2359 379 2551 432 autem
2600 377 2713 432 illae
2761 377 2835 434 ad
2882 378 3215 450 explendam
3257 384 3418 440 animi
3458 390 3766 452 curiositatem

2179 469 2503 537 spectarent
2527 482 2746 535 omnes,
2779 468 3093 524 maximum
3122 470 3182 526 in
3215 473 3433 530 modum
3459 477 3770 540 abhorrebant

2178 556 2247 610 ab
2276 555 2554 611 institutis
2584 556 2835 628 episcopi
2863 574 2876 612 :
2900 560 3062 630 cujus
3091 559 3227 615 illud
3248 561 3304 616 in
3330 563 3508 634 primis
3533 568 3688 638 refert,
3707 590 3772 627 cu-

2177 644 2419 699 riositati
2440 644 2683 699 nimium
2705 646 3069 718 indulgentes
3094 649 3364 707 cohibere.
3389 653 3543 709 Deum
3561 656 3713 728 ipsum
3730 662 3771 717 in

2177 733 2419 804 epistola
2448 750 2551 788 sua
2587 738 2791 789 testem
2831 736 3148 791 adducebat
3183 738 3479 807 Dioscorus,
3506 745 3701 799 omnino
3731 763 3773 800 se

2177 822 2246 877 ad
2282 838 2414 876 eum
2444 822 2917 893 interrogandum
2960 841 3133 897 super
3160 826 3305 881 hisce
3335 827 3486 883 rebus
3509 834 3772 889 necessitate

2175 911 2557 981 compulsum.
2590 911 2950 984 Quapropter
2980 929 3110 986 quae
3140 914 3544 972 obtestationem
3566 918 3691 973 illam
3714 939 3775 976 se-

2175 1000 2518 1071 quebantur,
2547 1017 2721 1071 quam
2772 1002 3148 1057 attentissime
3196 1004 3425 1075 perlegit
3458 1005 3542 1059 Vir
3580 1013 3771 1075 sanclus,

2175 1088 2448 1143 nimirum
2473 1094 2554 1155 ut,
2569 1089 2708 1160 quid
2728 1089 2897 1145 isthic
2917 1095 3064 1146 esset
3085 1096 3197 1146 tam
3220 1092 3459 1163 urgentis
3477 1095 3772 1163 necessitatis,

2173 1181 2553 1247 cognosceret.
2586 1178 2761 1249 Atqui
2790 1178 2955 1234 facile
2987 1180 3357 1251 deprehendit
3376 1182 3427 1236 id
3453 1198 3653 1251 prorsus
3668 1184 3773 1239 nihil

2174 1265 2330 1321 aliud
2359 1281 2500 1332 esse,
2535 1265 2647 1319 nisi
2670 1267 2822 1338 quod
2852 1268 3154 1323 verebatur
3168 1269 3402 1340 juvenis,
3423 1286 3488 1324 ne
3509 1287 3719 1326 reversus
3733 1274 3774 1327 in

2171 1354 2437 1427 patriam,
2469 1354 2516 1409 si
2543 1355 2687 1409 forte
2732 1354 2854 1409 istis
2902 1348 3311 1428 quaestionibus
3352 1359 3655 1430 respondere
3692 1377 3776 1415 non

2172 1447 2381 1514 posset,
2412 1458 2516 1513 pro
2540 1443 2705 1498 tardo
2735 1460 2801 1499 ac
2836 1445 3039 1501 stolido
3083 1446 3398 1501 haberetur.
3432 1452 3529 1503 lloc
3570 1450 3659 1504 loco
3688 1466 3776 1504 vero

2171 1534 2377 1599 exarsi,
2409 1531 2486 1585 ait
2514 1532 2889 1603 Augustinus,
2923 1534 2997 1615 ad
3024 1535 3411 1589 rescribendum
3438 1536 3530 1590 tibi
3548 1552 3560 1590 :
3577 1538 3657 1591 hoc
3677 1541 3776 1592 enim

2172 1623 2429 1688 languore
2453 1623 2627 1675 animi
2653 1624 3052 1691 tuipcnetrasli
3078 1625 3213 1677 mihi
3237 1629 3493 1693 pectus,et
3515 1627 3722 1694 iwupisti
3738 1629 3775 1679 in

2171 1725 2330 1764 cwas
2368 1724 2535 1779 meas,
2575 1713 2636 1764 ut
2676 1710 3027 1765 dissimulare
3070 1726 3178 1766 non
3216 1726 3435 1781 possem,
3473 1719 3695 1781 quantum
3724 1730 3779 1767 me

2172 1800 2308 1853 Deus
2338 1798 2645 1868 adjuverat,
2667 1799 2872 1853 mederi
2898 1800 3030 1865 tibi;
3053 1815 3159 1855 non
3179 1805 3239 1855 ut
3266 1800 3331 1855 de
3352 1802 3454 1855 tuis
3472 1802 3777 1869 quaestionibus

2170 1886 2469 1942 enodandis
2507 1888 2953 1957 emplicandisque
2999 1891 3310 1959 cogitarem,
3334 1889 3424 1943 sed
3447 1894 3502 1943 ut
3534 1890 3779 1956 felicitatem

2172 1979 2321 2030 tuam
2344 1976 2659 2045 pendentem
2687 1993 2755 2031 ex
2785 1979 2986 2047 linguis
3016 1979 3291 2033 hominum
3328 1984 3479 2047 atque
3512 1982 3737 2033 nutantem
3758 1996 3780 2031 α

2172 2068 2283 2119 tam
2296 2063 2506 2132 infelici
2515 2067 2813 2120 retinaculo
2828 2067 3280 2137 abrumperem,et
3293 2067 3494 2122 cuidam
3511 2067 3614 2122 sedi
3623 2070 3780 2121 omnino

2168 2155 2493 2207 inconcussa:
2530 2152 2823 2233 stabilique
2860 2155 3147 2221 religarem
3177 2154 3371 2226 (Epist.
3409 2157 3516 2223 “8,
3542 2171 3592 2209 η.
3627 2153 3688 2222 3).
3714 2155 3781 2208 Hic

2169 2240 2347 2311 igitur
2387 2241 2756 2307 demonstrat,
2792 2242 3166 2314 cupiditatem
3200 2244 3322 2315 ejus
3355 2259 3557 2298 meram
3594 2259 3692 2297 esse
3720 2259 3781 2295 va-

2168 2329 2431 2396 nitatem,
2462 2330 2556 2384 cui
2602 2330 2671 2385 ab
2702 2330 2983 2403 episcopis
3018 2348 3144 2386 mos
3182 2332 3341 2388 nullo
3392 2336 3542 2404 pacto
3566 2332 3783 2404 gerendus

2171 2423 2337 2473 esset.
2371 2418 2518 2483 Quin
2549 2419 2723 2474 etiam
2754 2420 3013 2475 eamdem
3042 2421 3191 2476 nulli
3210 2420 3781 2491 usuifuturam,cumeo

2168 2512 2426 2577 tempore
2457 2508 2806 2579 reperiretur
2852 2525 3046 2577 nemo,
3080 2509 3181 2582 qui
3226 2510 3531 2581 priscorum
3570 2509 3618 2564 id
3655 2525 3785 2581 genus

2167 2594 2665 2667 philosophorum,
2697 2613 2945 2669 quorum
2975 2598 3091 2653 fere
3115 2601 3204 2653 vel
3230 2599 3459 2654 nomina
3475 2598 3715 2653 oblivione
3730 2595 3784 2648 se-

2166 2685 2331 2754 pulta
2364 2690 2571 2752 essent,
2606 2684 2881 2741 rimandis
2901 2686 3401 2761 disquirendisque
3423 2686 3683 2742 sententiis
3697 2700 3788 2755 ope-

2167 2788 2292 2827 ram
2322 2773 2547 2829 luderet
2575 2790 2737 2829 suam
2768 2792 2781 2829 :
2813 2775 2897 2831 illi
2936 2775 3171 2849 quidem
3198 2777 3461 2833 nonnihil
3489 2773 3786 2831 existimatio-

2169 2861 2255 2914 nis
2285 2876 2349 2915 ac
2380 2861 2651 2925 nominis,
2678 2863 2725 2916 si
2748 2880 2860 2934 qua
2890 2864 3014 2935 ejus
3038 2864 3122 2919 rei
3147 2882 3286 2920 cura
3306 2864 3522 2920 homini
3549 2861 3789 2918 christiano

2168 2966 2289 3004 esse
2336 2950 2586 3019 deberet,
2636 2952 2904 3007 accedere
2949 2969 3115 3025 posse
3156 2953 3438 3027 legendis,
3469 2951 3562 3025 qui
3603 2950 3792 3006 celebres

2167 3039 2482 3095 etiamnum
2515 3044 2696 3110 erant,
2729 3040 2935 3095 Graecis
2960 3040 3348 3115 philosophis;
3374 3046 3430 3096 at
3456 3058 3579 3096 vero
3605 3038 3724 3112 quod
3746 3036 3793 3091 ad

2169 3126 2456 3181 Ciceronis
2478 3127 2673 3196 libros,
2702 3128 2801 3199 qui
2831 3132 2954 3184 tum
2976 3130 3343 3202 negligenter
3366 3129 3650 3186 admodum
3669 3125 3794 3181 babe-

2166 3216 2378 3271 hantur
2404 3217 2555 3288 apud
2589 3217 2838 3288 Latinos,
2871 3218 2929 3273 id
2956 3236 3089 3273 eum
3126 3237 3237 3292 pro
3266 3224 3417 3276 certo
3453 3224 3631 3274 tenere
3655 3228 3793 3287 posse.

2166 3310 2462 3378 repertum
2490 3305 2561 3360 iri
2586 3306 2899 3375 neminem,
2933 3307 3032 3379 qui
3063 3325 3265 3365 eorum
3298 3310 3358 3365 in
3385 3308 3586 3365 Graecia
3610 3301 3795 3361 mentio.

2168 3411 2301 3449 nem
2332 3394 2573 3464 injiciat.
2608 3396 2847 3450 Facilius
2878 3398 3100 3467 quippe,
3130 3397 3325 3470 inquit
3352 3398 3449 3453 Vir
3476 3399 3693 3458 sanctus,
3718 3404 3796 3445 cor-

2165 3483 2387 3540 niculas
2406 3485 2464 3537 in
2487 3484 2685 3550 Africa
2704 3486 2969 3552 audieris,
2999 3501 3162 3554 quam
3182 3489 3244 3542 in
3264 3488 3376 3543 illis
3394 3485 3626 3557 partibus
3648 3484 3724 3537 hoc
3740 3493 3799 3547 ge-

2164 3586 2268 3626 nus
2299 3573 2440 3626 vocis
2473 3570 2613 3641 (Ibid
2641 3610 2655 3638 ,
2684 3586 2743 3626 η.
2776 3574 2850 3642 9).
2885 3571 3069 3637 Quare
3099 3572 3152 3627 ei
3179 3573 3387 3629 nititur
3412 3570 3732 3645 persuadere,
3756 3567 3797 3617 ut

2167 3659 2418 3715 scientiae
2456 3659 2707 3730 cuipiam
2745 3661 2929 3731 magis
2968 3662 3305 3717 necessaria:
3345 3662 3581 3727 studeat,
3609 3651 3798 3724 exempli

2166 3764 2338 3803 causa
2365 3747 2661 3801 bmreseon
2690 3746 3053 3817 cognitioni;
3085 3754 3324 3821 propter
3352 3766 3444 3804 eas
3473 3746 3681 3809 scilicet,
3706 3754 3796 3811 qum

2166 3840 2291 3891 tum
2336 3834 2649 3905 Orientem,
2690 3852 2804 3908 quo
2840 3836 2948 3891 iter
2984 3836 3081 3891 ille
3110 3838 3454 3898 destinabat,
3485 3831 3793 3891 infestabant.

2168 3924 2277 3980 Sed
2306 3924 2471 3979 illum
2500 3924 2674 3980 etiam
2705 3928 2877 3996 atque
2898 3925 3069 3980 etiam
3100 3926 3462 3990 adhortatur,
3491 3916 3799 3995 utpietatiia

2167 4014 2419 4081 cumbat,
2443 4018 2500 4069 et
2521 4013 2833 4069 humilitati
2851 4014 2911 4069 in
2940 4014 3165 4086 primis,
3184 4017 3279 4071 cui
3299 4014 3495 4071 virtuti
3510 4010 3674 4068 inanis
3690 4003 3801 4062 illius

2167 4103 2545 4175 philosophia:
2584 4102 2839 4159 studium
2879 4104 3252 4159 vehementer
3298 4105 3634 4161 adversatur.
3668 4097 3717 4152 Ei
3744 4097 3801 4146 ta-

2168 4208 2300 4247 men
2325 4191 2599 4264 quasdam
2617 4192 3093 4264 philosophorum
3116 4193 3423 4266 opiniones
3447 4180 3801 4263 exponit,elsic

2167 4282 2316 4336 velut
2363 4281 2425 4336 in
2461 4285 2790 4336 transcursu
2834 4283 2957 4352 ejus
2999 4283 3210 4353 partim
3236 4283 3452 4339 enodat
3489 4277 3801 4353 quaestiones;

2167 4387 2296 4443 quae
2324 4387 2457 4425 vero
2487 4370 2557 4425 de
2596 4370 2902 4425 Platonicis
2930 4370 3126 4439 tradit,
3157 4388 3224 4426 ea
3260 4376 3398 4427 sunt
3441 4369 3713 4426 observata
3742 4357 3801 4412 di-

2166 4459 2459 4531 gnissima.
2491 4458 2640 4523 Quin
2670 4458 2842 4514 etiam
2876 4459 2949 4514 ad
2981 4463 3185 4515 caetera
3216 4458 3594 4533 philosophiae
3627 4449 3806 4526 proble-

2166 4554 2339 4616 mata,
2363 4564 2493 4620 quae
2522 4563 2625 4602 sua
2654 4547 2715 4602 in
2741 4548 3113 4620 responsione
3142 4566 3257 4604 non
3292 4550 3572 4622 attigerat,
3604 4544 3806 4622 observa-

2165 4638 2446 4693 tiunculas
2468 4637 2774 4691 nonnullas
2802 4637 3038 4693 addidit.
3074 4639 3183 4692 Has
3212 4638 3270 4692 in
3291 4637 3500 4693 iisdem
3520 4621 3809 4689 membranis

2166 4727 2411 4799 scripsit,
2453 4726 2510 4780 in
2551 4726 2761 4797 quibus
2804 4726 3037 4781 miserat
3074 4725 3173 4780 ille
3218 4741 3351 4783 suas
3401 4720 3732 4797 quaestiones.
3767 4712 3809 4761 At

2164 4832 2297 4871 vero
2330 4832 2457 4887 qum
2489 4815 2556 4870 ad
2588 4815 2927 4869 rhetoricam
2968 4815 3322 4886 spectabant,
3350 4830 3419 4869 ea
3457 4813 3503 4867 si
3532 4800 3810 4876 suscepissel

2166 4904 2538 4976 explananda,
2573 4906 2802 4974 tempus
2831 4904 2891 4958 in
2921 4902 3095 4958 meris
3124 4903 3296 4974 nugis
3325 4908 3498 4975 atque
3526 4893 3730 4968 ineptiis
3750 4894 3811 4942 te-

2164 5009 2291 5048 rere
2312 4992 2422 5048 sibi
2446 4992 2597 5047 visus
2627 4996 2793 5047 esset.
2819 4992 3090 5047 Dioscoro
3111 4992 3400 5063 signiﬁcat
3416 4991 3577 5063 plura
3596 4984 3811 5059 praestare

2166 5079 2276 5135 sibi
2305 5095 2418 5134 non
2449 5078 2673 5135 licuisse
2697 5096 2710 5134 :
2739 5080 2858 5135 imo
2888 5097 2993 5136 nec
3024 5097 3088 5135 ea
3115 5081 3239 5153 ipsa
3257 5081 3433 5136 fuisse
3453 5075 3813 5153 prmstiturum.

2164 5168 2277 5223 nisi
2306 5168 2538 5223 morbus
2564 5168 2664 5223 ubi
2692 5170 2933 5240 paulum
2958 5169 3287 5238 remisisset,
3311 5186 3448 5225 eum
3476 5167 3548 5222 ad
3578 5157 3815 5220 disceden-

2165 5257 2305 5313 dum
2336 5258 2595 5329 Hippone
2633 5258 2932 5314 rcﬁciendi
2960 5259 3213 5331 corporis
3242 5259 3430 5331 gratia
3462 5245 3809 5326 compulisset-

2164 5346 2312 5402 Petit
2340 5364 2373 5402 a
2404 5347 2690 5414 Dioscoro,
2725 5352 2811 5417 ut,
2846 5364 2960 5420 qua
2987 5347 3214 5403 ratione
3240 5347 3544 5419 epistolam
3575 5351 3718 5396 suam
3743 5345 3813 5420 π’

2164 5435 2397 5506 ceperit,
2437 5434 2545 5491 sibi
2582 5436 2830 5492 nuntiet.
2863 5418 3046 5491 l’orro
3078 5452 3193 5508 quo
3233 5418 3497 5506 tempore
3540 5418 3818 5485 tabellarius

2165 5524 2463 5595 epistolam
2494 5523 2749 5581 Dioscori
2768 5525 2837 5581 ad
2869 5541 3000 5581 eum
3026 5525 3282 5597 pertulit,
3308 5523 3542 5578 inﬁrma
3559 5516 3723 5572 adhuc
3747 5521 3815 5558 νειο
