3912 6174
102 257 178 307 393
1495 250 1702 305 LIBER
1740 251 2007 307 SEXTUS.

96 372 278 428 letudine
295 367 630 423 detinebatur
661 383 675 420 :
697 373 752 421 et
774 372 967 439 postea
988 368 1160 422 etiam
1184 369 1307 441 ipso
1337 371 1396 424 in
1427 371 1574 438 loco,
1596 373 1694 426 ubi

95 459 301 515 liberioris
326 458 456 510 aeris
481 457 658 525 gratia
696 457 1092 521 rusticabatur,
1129 458 1271 512 febri
1302 476 1404 530 per
1430 460 1550 514 dies
1588 461 1692 514 ali-

99 554 195 622 quot
215 546 444 617 repetitus
471 545 594 598 fuit.

147 633 451 704 $.Epistolam
484 649 708 704 quoque
739 633 809 688 ad
842 635 1211 689 Consentium
1243 635 1511 707 scriptam
1536 653 1687 705 rure,

96 739 174 793 quo
203 725 387 775 sanctus
424 721 519 774 Vir
563 722 631 776 ad
670 727 896 793 tempus
932 724 1194 778 secedere
1243 739 1540 778 necessum
1588 726 1690 778 ha-

89 813 226 864 buerat
248 813 425 879 (Epist.
462 813 578 875 119,
605 827 666 864 n.
714 811 786 881 1),
817 812 952 865 dum
981 812 1168 866 adhuc
1195 812 1376 866 libros
1407 813 1476 866 de
1507 812 1686 866 Trini-

86 905 162 952 tate
185 899 520 968 componebat
545 902 737 969 (Epist.
778 902 893 967 120,
926 916 982 954 n.
1011 901 1118 969 13),
1150 905 1322 972 atque
1354 905 1476 954 tum
1499 901 1689 954 datam

77 1005 160 1041 esse
203 1003 308 1040 cum
363 987 688 1058 reparanda:
737 988 1050 1042 valetudini
1101 990 1354 1052 vacabat,
1416 989 1691 1059 suspicari

76 1078 178 1129 licet.
208 1077 385 1129 Verum
419 1080 544 1129 utut
565 1080 650 1129 est
677 1075 744 1128 de
783 1080 1064 1146 tempore,
1105 1092 1205 1130 cur
1234 1093 1300 1130 ea
1326 1077 1686 1143 scriberetur,

71 1165 109 1216 id
129 1167 171 1216 in
193 1180 334 1216 causa
359 1163 527 1216 fuisse
557 1163 895 1234 reperimus.
929 1164 1267 1218 Consentius
1293 1165 1387 1218 ille
1411 1165 1468 1218 in
1492 1165 1689 1218 insulis

71 1252 355 1320 quibusdam,
382 1251 477 1304 ubi
503 1251 809 1305 verisimile
840 1251 1073 1322 quidem
1105 1257 1190 1306 est
1215 1269 1346 1306 eum
1377 1253 1687 1306 solitariam

70 1341 188 1392 vitam
201 1339 420 1404 duxisse,
436 1355 563 1392 cum
579 1340 773 1392 multis
785 1340 910 1393 aliis
928 1340 1132 1410 agebat
1153 1340 1348 1410 (Epist.
1379 1343 1499 1406 119,
1522 1357 1575 1406 n.
1611 1342 1684 1410 6).

71 1428 301 1481 induxerat
326 1433 512 1481 autem
546 1427 802 1481 animum
836 1417 1010 1481 libros
1044 1429 1232 1494 edere,
1266 1428 1364 1481 ubi
1398 1429 1576 1482 Deum
1608 1429 1691 1482 in-

68 1521 146 1568 star
176 1517 438 1570 immensae
479 1517 777 1586 cujusdam
817 1516 978 1582 lucis,
1021 1517 1116 1570 sed
1154 1522 1348 1571 tamen
1378 1533 1685 1588 corporem,

67 1605 299 1675 eilingebat
328 1622 339 1658 :
365 1621 475 1675 quo
507 1605 785 1677 figmento
815 1605 1081 1676 principii
1111 1605 1233 1658 loco
1266 1611 1454 1672 utens,
1477 1605 1691 1658 niteba-

68 1697 128 1745 tur
146 1709 227 1763 pro
256 1709 348 1746 suo
378 1699 545 1764 captu
571 1709 702 1747 cum
723 1693 896 1747 trium
923 1693 982 1746 in
1017 1695 1128 1747 Deo
1151 1709 1542 1764 personarum,
1563 1698 1685 1746 tum

64 1781 400 1834 lncarnationis
427 1781 788 1851 mysterium,
821 1780 1098 1852 explicare
1129 1781 1312 1851 (Ibid.,
1345 1797 1400 1834 η.
1435 1780 1509 1850 3).
1555 1780 1687 1849 Ejus

63 1883 153 1920 vero
173 1868 219 1921 in
243 1869 592 1940 simplicitate
623 1886 752 1923 cum
789 1873 1012 1923 tantum
1048 1869 1260 1922 inesset
1293 1866 1593 1939 probitatis
1625 1882 1689 1920 ac

61 1955 340 2010 demissionis
369 1957 570 2024 animi,
603 1962 664 2012 ut
701 1957 774 2011 ad
801 1957 1052 2010 veritatis
1091 1957 1474 2027 cognitionem
1501 1972 1686 2009 mere-

62 2049 172 2096 retur
193 2045 408 2111 admitti,
445 2046 626 2100 libros
654 2062 786 2099 suos
829 2047 899 2099 ad
944 2045 1327 2116 Augustinum
1363 2043 1684 2107 destinavit,

61 2131 99 2183 in
121 2149 168 2186 ea
194 2133 424 2202 epistola,
455 2151 591 2204 quas
622 2133 976 2203 praefationis
1007 2133 1124 2186 vice
1156 2136 1298 2196 erat,
1322 2137 1561 2186 testatus
1579 2130 1688 2184 sibi

59 2221 356 2289 propositum,
410 2223 785 2274 fluctuantem
833 2236 993 2274 suam
1033 2221 1204 2274 fidem
1244 2220 1365 2289 ejus
1409 2218 1688 2272 sententia

58 2307 265 2377 stabilire,
300 2326 482 2381 neque
523 2309 652 2363 illos
686 2309 860 2363 libros
900 2325 966 2362 eo
995 2313 1220 2362 tantum
1251 2309 1348 2362 abs
1378 2324 1437 2361 se
1484 2308 1686 2361 missos

58 2400 100 2445 ut
122 2396 419 2466 legerentur,
463 2398 572 2450 sed
619 2401 684 2450 ut
716 2396 862 2450 tanti
904 2396 1156 2449 Doctoris
1183 2394 1401 2466 judicio
1442 2395 1685 2465 subjice-

59 2488 201 2534 renlur
221 2489 373 2555 atque
395 2484 848 2538 emendarentur
873 2483 1071 2553 (Epist.
1122 2485 1238 2546 120,
1271 2499 1331 2537 n.
1380 2483 1448 2552 1).
1486 2484 1686 2536 Utrum

57 2585 148 2623 eum
177 2578 344 2642 postea
381 2591 442 2628 ex
480 2573 782 2628 occasione
808 2573 907 2625 Vir
937 2576 1163 2626 sanctus
1188 2571 1415 2635 viderit,
1458 2576 1556 2625 aut
1585 2572 1684 2624 lit-

56 2658 150 2710 teris
180 2665 373 2716 tantum
421 2663 704 2716 allocutus
756 2660 948 2726 fuerit,
991 2663 1346 2730 compertum
1400 2675 1513 2713 non
1560 2665 1681 2726 est;

56 2749 215 2801 tametsi
240 2749 478 2819 primum
511 2766 546 2802 a
579 2748 686 2802 ﬁde
715 2747 953 2818 propius
994 2747 1256 2810 recedat;
1291 2763 1487 2800 verum
1532 2751 1680 2800 utra-

55 2831 152 2886 libet
174 2837 369 2890 ratione
398 2839 616 2891 factum
643 2835 735 2902 sit,
769 2836 820 2889 ei
851 2837 996 2888 clare
1028 2839 1336 2906 aperteque
1359 2834 1684 2901 declaravit,

53 2921 137 2986 ejus
160 2941 359 2979 sensum
387 2926 448 2979 in
469 2924 814 2980 idololatriae
829 2923 1139 2978 caecitatem
1171 2922 1462 2976 incurrere
1485 2923 1681 2994 (Epist.

54 3013 140 3072 119,
179 3029 223 3066 n.
279 3015 356 3080 6);
413 3031 517 3068 nec
559 3014 740 3067 Deum
777 3013 1032 3082 corporis
1072 3011 1252 3065 instar
1287 3011 1445 3065 nobis
1492 3011 1684 3065 animo

50 3099 343 3167 cogitandum
375 3118 515 3169 esse,
573 3101 669 3155 sed
709 3100 770 3153 in
799 3101 1033 3154 modum
1061 3099 1297 3170 justitim
1339 3116 1401 3153 ac
1433 3098 1680 3169 pietatis,

51 3202 238 3254 quarum
265 3191 414 3244 nulla
437 3197 526 3244 est
549 3189 738 3260 imago
760 3205 1034 3258 corporea
1065 3188 1248 3252 (ibid,
1271 3203 1326 3240 n.
1360 3188 1431 3255 5).
1468 3188 1686 3240 Etcum

53 3273 253 3346 alioquin
279 3279 776 3341 animadverteret,
809 3276 1112 3331 Consentio
1147 3292 1263 3328 non
1293 3276 1479 3328 solum
1510 3276 1684 3328 virtu-

53 3365 134 3414 tem
155 3380 256 3418 esse
284 3383 392 3420 non
427 3365 802 3433 mediocrem,
833 3365 930 3418 sed
971 3363 1144 3418 etiam
1170 3363 1468 3433 ingenium
1497 3363 1685 3416 neuti-

53 3464 177 3516 quam
202 3455 636 3523 aspernandum,
671 3459 726 3506 et
756 3453 824 3506 iis
855 3467 1106 3524 quoque,
1139 3467 1267 3521 quae
1299 3455 1449 3505 recte
1483 3466 1686 3504 conce-

51 3533 195 3603 pisset,
231 3539 427 3609 scripto
468 3537 857 3608 exprimendis
889 3537 1184 3598 idoneum,
1218 3551 1412 3588 curam
1441 3537 1562 3606 ejus
1591 3551 1688 3606 ge-

51 3635 141 3673 rere
172 3625 442 3679 constituit
506 3623 876 3695 peculiarem.
933 3623 1118 3686 Quare
1149 3637 1280 3674 eum
1334 3627 1595 3674 amanter
1626 3636 1689 3674 ac

48 3721 133 3760 non
170 3713 324 3766 semel
354 3711 640 3779 invitavit,
679 3715 744 3764 ut
780 3711 850 3764 ad
897 3726 955 3763 se
994 3709 1233 3774 veniret,
1267 3709 1532 3778 quaedam
1560 3723 1688 3778 quas

49 3796 134 3848 suis
179 3815 236 3852 ex
271 3801 558 3871 opusculis
599 3799 781 3869 magis
836 3797 922 3852 illi
960 3796 1343 3852 conducibilia
1372 3797 1687 3866 judicabat,

48 3881 244 3942 lecturus
287 3889 344 3943 in
399 3887 894 3943 emendatioribus
962 3883 1252 3940 codicibus
1321 3884 1691 3955 (querebatur

47 3971 164 4027 enim
189 3977 530 4041 Consentius,
575 3979 634 4029 s'e
665 3976 724 4029 in
755 3973 1215 4029 mendosissimos
1243 3972 1570 4041 incidisse):
1625 3989 1690 4025 ac

46 4059 117 4112 ubi
141 4063 411 4136 quidpiam
435 4065 780 4119 ostendisset
806 4063 980 4134 paulo
1011 4061 1322 4125 obscurius,
1358 4061 1480 4131 ejus
1508 4075 1688 4130 expo-

44 4147 254 4206 sitionem
283 4154 350 4208 ab
396 4171 456 4208 se
506 4165 700 4207 coram
733 4151 1066 4216 auditurus;
1119 4165 1234 4219 quo
1266 4148 1346 4201 sic
1383 4148 1504 4201 viva
1532 4163 1688 4212 voce,

42 4238 188 4303 quoad
215 4240 396 4295 divina
424 4241 656 4296 bonitas
679 4239 980 4302 tribueret,
1005 4236 1262 4290 eruditus
1291 4235 1349 4288 in
1378 4235 1538 4289 libris
1569 4235 1690 4303 ipse

40 4324 127 4375 suis
152 4331 365 4398 propria
393 4333 586 4384 errata
610 4345 713 4398 per
737 4343 796 4380 se
825 4324 1151 4394 corrigeret.
1193 4323 1340 4387 Quin
1368 4322 1538 4375 etiam
1562 4323 1690 4391 jus-

41 4409 94 4462 sit
139 4429 271 4482 eum,
324 4418 508 4471 donec
563 4416 888 4485 Hipponem
929 4415 1153 4466 vacaret
1186 4410 1470 4475 accedere,
1530 4413 1692 4462 notas

41 4500 214 4572 aliquas
240 4507 539 4575 praefigere
595 4503 663 4556 iis
711 4500 868 4569 locis,
913 4516 1054 4570 quos
1079 4499 1272 4552 minus
1302 4497 1689 4563 intellexisset,

41 4594 88 4639 ut
109 4590 217 4644 illos
267 4594 638 4663 postmodum
693 4605 945 4660 praesens
1003 4585 1272 4656 praesenti
1321 4588 1687 4656 proponeret.

37 4675 160 4737 Quod
200 4680 500 4736 Consentio
551 4677 892 4733 beneficium
925 4675 1215 4741 offerebat,
1249 4673 1302 4727 id
1351 4690 1483 4727 sane
1539 4673 1692 4726 haud

40 4779 276 4836 quaquam
315 4771 552 4839 vulgare
577 4771 697 4820 erat
726 4763 1189 4819 existimandum.
1227 4762 1366 4815 Nam
1394 4760 1692 4832 quantavis

37 4859 153 4907 esset
178 4857 404 4923 utilitas,
438 4872 571 4927 quae
601 4853 976 4924 colligebatur
1005 4868 1071 4905 ex
1109 4849 1414 4920 Augustini
1443 4847 1696 4919 scriptio-

39 4939 186 5007 nibus,
213 4961 334 4999 eam
361 4951 562 4998 tamen
599 4943 778 4996 multo
809 4938 1246 4994 luculentiorem
1281 4936 1690 5008 percipiebant,

35 5024 110 5092 qui
159 5029 234 5082 vel
265 5030 334 5084 ad
383 5029 616 5100 plebem
645 5028 809 5081 illum
841 5025 1012 5080 verba
1049 5023 1374 5087 facientem,
1403 5023 1488 5075 vel
1522 5022 1581 5076 in
1611 5022 1693 5076 fa-

36 5114 207 5169 miliari
267 5133 579 5188 congressu
631 5115 912 5169 dicentem
967 5111 1275 5166 audiebant
1330 5111 1582 5174 (Possid.,
1639 5112 1695 5164 in

39 5200 140 5254 Vita
161 5206 413 5272 August,
445 5221 500 5258 c.
529 5203 636 5273 3t).
661 5204 913 5257 Delatam
941 5200 1047 5253 sibi
1075 5200 1316 5270 gratiam
1342 5198 1490 5252 haud
1523 5197 1695 5251 dubie

32 5292 146 5342 tanti
171 5293 363 5362 quanti
393 5307 505 5362 par
543 5291 668 5355 fuit,
706 5289 838 5344 fecit
864 5287 1227 5342 Consentius:
1259 5302 1457 5339 verum
1507 5285 1695 5338 doceri

32 5393 75 5426 se
102 5378 160 5430 ab
186 5396 247 5433 eo
283 5386 403 5434 tam
438 5379 565 5432 viva
599 5395 733 5432 voce
767 5393 936 5447 quam
970 5374 1181 5444 scripto
1221 5372 1512 5443 cupiebat;
1542 5374 1695 5441 quod

31 5463 151 5518 inter
172 5484 282 5534 eos,
316 5467 418 5539 qui
459 5481 649 5520 secum
699 5465 914 5519 insulas
961 5462 1087 5516 illas
1112 5460 1464 5524 habitabant,
1496 5461 1696 5513 eodem

297 5565 584 5629 ΡΑτιιοι.
635 5560 881 5628 XXXII.

3403 271 3508 324 394

1809 389 1997 426 errore
2033 377 2364 428 tenerentur
2419 392 2531 428 non
2591 378 2754 446 pauci
2786 380 2978 448 (Epist.
3019 385 3139 448 119,
3178 398 3233 436 η.
3284 385 3358 453 6).
3399 386 3507 440 [te-

1807 461 1936 514 duci
1967 477 2024 514 se
2055 460 2112 514 in
2141 462 2295 515 viam
2333 463 2513 518 sancti
2544 464 2697 518 illius
2730 467 2960 520 monitis
2987 467 3137 521 haud
3170 470 3304 524 satis
3334 472 3508 526 habe-

1806 549 1922 614 bat,
1953 550 2061 602 nisi
2091 550 2188 620 qui
2221 551 2421 605 eodem
2452 553 2780 623 adjumento
2821 555 3176 626 indigebant,
3209 558 3249 611 ii
3278 575 3508 631 quoque

1805 637 1902 691 illo
1928 637 2280 709 Tneutiquam
2318 641 2778 697 destituerentur.
2812 643 3054 714 Optabat
3084 646 3356 702 fratribus
3390 650 3527 721 suis.

1804 740 1973 778 suum
2004 725 2174 778 etiam
2206 742 2325 780 esse
2367 730 2771 799 Augustinum,
2801 733 2962 802 cujus
2993 735 3315 788 auctoritati
3345 738 3507 791 cede-

1801 817 1949 878 rent,
1980 819 2250 882 parerent
2281 814 2573 883 doctrina},
2608 835 2834 873 summo
2866 837 2986 874 sese
3013 823 3322 877 subderent
3352 825 3510 895 inge-

1805 900 1925 955 nio.
1969 901 2252 955 Familiari
2278 903 2706 974 disceptatione,
2749 924 2920 977 quam
2955 909 3006 962 ei
3037 916 3262 964 sanctus
3293 914 3507 968 Prae-sul

1800 1005 1905 1058 pro
1947 994 2184 1059 paterna
2229 1007 2332 1044 sua
2389 992 2738 1062 benignitate
2794 997 3082 1060 offerebat,
3129 999 3251 1068 ejus
3301 1001 3507 1070 pudori

1803 1077 1984 1146 magis
2011 1079 2330 1132 consultum
2363 1079 2579 1141 fuisset,
2615 1097 2784 1151 quam
2815 1084 3154 1137 refutatione
3186 1087 3430 1155 publica:
3460 1089 3504 1141 is

1803 1179 1956 1228 vero,
1998 1180 2127 1217 cum
2179 1165 2384 1219 animas
2419 1184 2535 1220 suae
2571 1168 2892 1234 utilitatem,
2926 1189 3041 1225 non
3073 1174 3262 1226 smculi
3293 1175 3503 1241 fumos,

1801 1267 1974 1321 quam
2003 1252 2398 1307 ardentissime
2431 1261 2735 1324 expeteret,
2772 1259 2949 1311 amari
2973 1259 3112 1313 nihil
3136 1260 3318 1315 inesse
3346 1263 3406 1316 in
3437 1281 3504 1318 eo

1799 1339 2053 1392 remedio
2071 1341 2329 1410 putabat,
2353 1344 2505 1412 quod
2529 1343 2675 1396 foret
2704 1344 2810 1397 sibi
2827 1347 3205 1416 conducibile,
3233 1352 3500 1422 quodque

1800 1430 1924 1480 tum
1955 1427 2082 1488 sibi.
2124 1433 2244 1482 tum
2287 1430 2411 1482 aliis
2454 1431 2739 1485 caelestem
2779 1433 2975 1500 vitam,
3036 1452 3099 1489 ac
3129 1437 3368 1492 solidam
3408 1457 3505 1493 ve-

1799 1531 2035 1586 ramque
2074 1516 2302 1570 laudem
2341 1519 2647 1572 allaturum
2684 1524 2849 1574 esset.
2898 1522 3090 1592 Neque
3125 1524 3280 1577 enim
3313 1527 3502 1581 existi-

1799 1603 1992 1657 mabat
2021 1605 2284 1658 homines
2309 1605 2428 1659 fore
2462 1607 2603 1660 adeo
2635 1607 2861 1678 iniquos
2891 1625 3080 1663 rerum
3103 1612 3500 1678 aestimatores,

1798 1696 1864 1744 ut
1893 1707 2046 1757 eum,
2075 1693 2227 1762 quod
2272 1692 2683 1763 aliquantisper
2711 1695 2769 1747 in
2802 1712 2992 1750 errore
3032 1698 3248 1764 fuisset,
3279 1701 3502 1771 vitupe-

1799 1783 1995 1832 rarent
2045 1779 2258 1848 potius,
2314 1796 2488 1850 quam
2547 1781 2701 1851 quod
2757 1782 2888 1836 inde
2933 1784 3002 1837 ad
3033 1785 3282 1840 veritatis
3317 1792 3497 1844 lucem

1799 1866 2138 1931 emersisset,
2200 1868 2685 1921 commendarent.
2749 1870 2949 1940 Alypio
2985 1872 3272 1942 episcopo,
3325 1893 3498 1946 quem

1798 1961 1924 2009 tum
1951 1955 2220 2008 reducem
2251 1971 2281 2008 e
2312 1972 2412 2008 sua
2441 1956 2499 2009 in
2531 1956 2924 2011 Mauritaniam
2951 1961 3303 2030 profectione
3327 1964 3499 2017 fuisse

1797 2043 2025 2096 credere
2057 2043 2202 2107 licet,
2239 2048 2488 2096 mentem
2515 2061 2675 2098 suam
2717 2045 2958 2114 aperuit,
2985 2063 3232 2118 cumque
3256 2052 3494 2120 rogavit.

1797 2135 1862 2184 ut
1900 2131 2006 2184 sibi
2053 2131 2158 2185 hoc
2188 2131 2448 2185 beneficii
2479 2132 2814 2202 impetraret
2843 2133 2911 2187 ab
2951 2137 3270 2204 Augustino
3305 2139 3492 2206 (Ibid..

1797 2234 1853 2272 η.
1896 2219 1965 2288 1).
2014 2220 2173 2272 Hunc
2225 2217 2345 2288 ipse
2379 2223 2570 2289 postea
2603 2221 2909 2290 quaesitum
2942 2222 3128 2276 venit:
3161 2229 3219 2276 at
3246 2241 3361 2278 non
3396 2242 3500 2294 po-

1800 2305 1910 2359 tuit
1964 2307 2084 2376 ejus
2112 2312 2436 2376 conspectu,
2469 2307 2680 2360 nedum
2710 2309 2995 2380 colloquio
3033 2310 3165 2366 frui.
3199 2313 3337 2366 Nam
3370 2330 3501 2367 san-

1798 2399 1918 2446 ctus
1951 2396 2161 2448 Prassul
2213 2411 2329 2460 rus,
2391 2395 2488 2448 ubi
2519 2396 2722 2449 eodem
2765 2397 2821 2450 in
2878 2398 3000 2450 loco
3061 2415 3192 2452 eum
3224 2400 3365 2454 forte
3408 2401 3502 2454 ali-

1797 2482 2055 2551 quandiu
2109 2483 2320 2535 morari
2384 2483 2701 2553 oportebat,
2757 2492 3111 2539 concesserat
3167 2489 3499 2542 necessitate

1798 2569 2046 2639 quadam
2081 2573 2428 2639 compulsus.
2475 2572 2617 2641 Ergo
2668 2572 2940 2639 longioris
2979 2589 3156 2626 mora:
3195 2574 3501 2644 impatiens

1798 2657 2137 2710 Consentius
2165 2674 2268 2728 per
2311 2658 2526 2710 litteras
2570 2659 2641 2712 ab
2674 2658 2769 2711 illo
2798 2659 2981 2727 petiit,
3019 2665 3079 2712 ut
3109 2661 3404 2730 opiniones
3436 2681 3500 2717 ac

1798 2743 1972 2797 libros
2014 2761 2145 2797 suos
2171 2745 2380 2814 scripto
2413 2745 2716 2798 emendare
2746 2763 2858 2799 non
2883 2753 3238 2816 gravaretur.
3281 2750 3497 2813 Quibus

1798 2831 1956 2884 addit
1983 2836 2040 2884 et
2068 2831 2165 2884 illa
2197 2833 2367 2884 verba
2391 2848 2403 2885 :
2429 2833 2546 2885 Cur
2574 2849 2718 2900 ergo,
2746 2837 2849 2896 vir,
2884 2835 3140 2887 doctrina:
3165 2836 3347 2903 hujus,
3381 2854 3500 2904 quae

1795 2921 1854 2974 in
1894 2921 2115 2973 Christo
2158 2925 2254 2984 est,
2289 2921 2513 2979 culmen,
2546 2936 2771 2986 arguere
2801 2922 2990 2989 palam
3029 2923 3404 2988 corrigendum
3434 2925 3500 2978 de

1798 3011 1981 3060 caetero
2025 3007 2200 3075 ﬁlium
2241 3007 2480 3070 dubitas,
2513 3023 2632 3060 cum
2664 3010 2937 3062 sententia:
2968 3015 3070 3062 tusc
3100 3011 3358 3078 anchora,
3387 3014 3500 3066 nisi

1796 3109 2031 3147 morsum
2065 3095 2230 3148 altius
2253 3097 2529 3163 presserit,
2558 3110 2652 3149 nos
2682 3099 2877 3149 certius
2906 3098 3154 3151 stabilire
3182 3114 3288 3152 non
3325 3102 3500 3168 possit

1798 3183 1981 3248 (Ibid,
2023 3199 2076 3236 η.
2112 3185 2205 3249 6)?
2233 3183 2486 3252 Reliqua:
2517 3183 2730 3253 pariter
2759 3184 2991 3252 hujusce
3023 3185 3279 3254 epistola:
3310 3192 3497 3256 partes

1798 3270 2178 3324 humilitatem
2204 3270 2492 3324 Consentii
2522 3271 2800 3338 referunt,
2836 3277 2894 3326 et
2923 3289 3038 3342 quo
3066 3272 3185 3341 ipse
3231 3275 3351 3327 loco
3381 3279 3496 3330 Au-

1798 3357 2012 3428 gustini
2035 3358 2427 3412 auctoritatem
2452 3359 2866 3429 ingeniumque
2883 3359 3165 3426 habuerit,
3182 3362 3503 3431 magnificis
3588 3382 3594 3388 ·

1800 3451 1854 3498 et
1902 3446 2191 3516 prteclaris
2218 3446 2431 3516 passim
2481 3447 2730 3499 declarat
2761 3446 2960 3500 verbis.
2991 3449 3243 3517 lngenue
3277 3451 3504 3503 confite-

1799 3534 1986 3603 batur,
2042 3551 2120 3599 se,
2173 3550 2284 3604 qua
2313 3534 2530 3587 ratione
2580 3535 2967 3587 substantialis
3022 3553 3086 3588 ac
3117 3537 3239 3590 viva
3295 3539 3365 3590 sit
3413 3539 3499 3606 ju-

1800 3621 1973 3685 stitia,
2005 3621 2263 3675 nondum
2322 3620 2667 3690 cogitatione
2696 3627 3016 3675 assecutum
3045 3639 3059 3676 :
3088 3625 3343 3694 adeoque
3384 3643 3498 3679 non

1800 3708 2050 3778 potuisse
2080 3709 2352 3762 hactenus
2380 3710 2577 3774 Deum,
2610 3708 2666 3762 id
2692 3713 2793 3774 est,
2823 3711 3105 3764 viventem
3127 3717 3390 3765 naturam
3412 3714 3499 3783 ju-

1800 3795 1966 3849 stitite
1995 3794 2243 3849 similem
2278 3795 2549 3866 cogitare.
2592 3797 2953 3866 Quapropter
2983 3799 3368 3869 Augustinum
3397 3801 3501 3854 ob-

1799 3884 2054 3936 secrabat
2082 3882 2141 3936 in
2179 3883 2399 3954 primis,
2432 3888 2498 3936 ut
2527 3883 2633 3936 sibi
2672 3885 2742 3937 ad
2771 3887 3220 3953 cognoscendam
3255 3887 3354 3940 Dei
3381 3887 3504 3941 uni-

1799 3975 1974 4025 tatem
2015 3989 2078 4025 ac
2117 3972 2516 4026 discretionem
2563 3989 2938 4044 personarum
2997 3975 3175 4028 facem
3212 3977 3506 4045 praeferret
3542 3980 3547 3984 ’

1802 4060 2000 4130 (Epist.
2041 4062 2160 4122 120,
2189 4076 2243 4114 n.
2300 4061 2377 4130 2).
2435 4063 2561 4114 .lam
2619 4065 2810 4114 autem
2842 4062 2996 4130 apud
3026 4062 3282 4116 animum
3334 4081 3503 4118 suum

1802 4151 2096 4211 statuerat,
2143 4146 2334 4200 divina
2363 4148 2630 4217 mysteria
2663 4148 2878 4202 lumine
2909 4148 3062 4213 fidei,
3098 4165 3212 4202 non
3242 4150 3501 4217 rationis,

1803 4251 1924 4288 esse
1953 4234 2366 4302 cognoscenda.
2409 4235 2625 4304 Optatis
2669 4236 2792 4305 ejus
2830 4240 3058 4290 sanctus
3109 4237 3312 4289 Doctor
3341 4238 3503 4291 satis-
3584 4304 3593 4313 _

1801 4322 1935 4376 fecit
1989 4321 2196 4391 scripta
2223 4322 2292 4374 ad
2347 4339 2476 4376 eum
2535 4324 2678 4376 bene
2709 4324 2880 4394 longa
2939 4323 3398 4394 epistola,'cujus
3437 4342 3505 4378 ex

1802 4409 2044 4464 lectione
2116 4414 2285 4479 atque
2315 4409 2545 4464 aliunde
2602 4411 2774 4464 etiam
2812 4411 3006 4480 petitis
3047 4410 3504 4467 institutionibus

1804 4498 2052 4567 adjutus,
2134 4497 2584 4552 lucubrationem
2661 4515 2821 4551 suam
2880 4498 3096 4550 facilius
3177 4502 3506 4554 emendaret

1805 4585 1990 4655 (κρίσι,
2022 4601 2076 4638 n.
2136 4585 2245 4654 20).
2297 4585 2582 4655 Principio
2638 4583 2906 4652 ostendit,
2967 4601 3083 4636 non
3122 4589 3269 4638 recte
3322 4587 3505 4641 facere

1803 4672 1988 4735 illum,
2021 4671 2121 4742 qui
2151 4671 2346 4726 divina
2379 4671 2651 4742 mysteria
2681 4670 2999 4740 intelligere
3031 4689 3088 4725 se
3119 4689 3283 4742 posse
3313 4676 3505 4730 animo

1805 4761 2220 4830 desponderet:
2276 4761 2460 4831 ipsam
2503 4760 2658 4814 enim
2708 4760 2880 4814 ﬁdem
2911 4760 3126 4814 ratione
3165 4761 3292 4829 niti,
3343 4765 3510 4818 ratio-

1806 4864 2052 4918 nemque
2090 4849 2160 4902 ad
2192 4847 2561 4918 percipienda
2597 4847 2893 4918 religionis
2955 4864 3180 4915 arcana,
3227 4857 3508 4921 quantum

1806 4935 2049 5005 quisque
2088 4935 2468 5004 intelligentia
2505 4934 2673 5000 valet,
2705 4935 3038 5001 conducere,
3071 4937 3383 4992 dummodo
3412 4940 3506 4992 illa

1805 5023 2122 5093 prudenter
2149 5027 2400 5088 utamur,
2435 5038 2620 5092 neque
2649 5038 2889 5093 usquam
2910 5024 3344 5079 fundamentum
3375 5026 3509 5079 fidei

1807 5110 2155 5164 deseramus.
2189 5110 2371 5173 Quam
2411 5110 2485 5163 ob
2510 5127 2737 5163 causam
2769 5110 2864 5164 ille
2894 5117 3090 5165 auctor
3119 5117 3222 5179 est,
3254 5118 3315 5165 ut
3342 5114 3506 5165 istam

1807 5202 1956 5251 recte
1986 5197 2338 5267 intelligendi
2391 5198 2716 5252 facultatem
2751 5199 3080 5252 ardentibus
3121 5216 3184 5252 ac
3217 5200 3324 5251 fide
3365 5199 3512 5251 nixis

1806 5285 2069 5356 precibus
2095 5303 2132 5338 =a
2165 5287 2277 5338 Deo
2310 5286 2602 5355 efflagitet.
2648 5289 2778 5351 Ora,
2816 5287 3022 5356 inquit,
3055 5288 3274 5351 fortiter
3295 5291 3344 5338 et
3371 5287 3506 5353 ﬁde-

1809 5375 1952 5440 liter,
1989 5377 2047 5426 ut
2088 5373 2176 5425 det
2205 5374 2307 5426 tibi
2332 5377 2587 5428 Dominus
2623 5377 3095 5439 illuminationcm,
3123 5388 3184 5425 ac
3213 5375 3263 5425 si
3295 5387 3356 5424 ea
3395 5388 3514 5440 qua:

1804 5463 2105 5526 forinsecus
2153 5461 2374 5514 adhibet
2404 5461 2687 5528 diligentia
2727 5462 3069 5530 praeceptoris
3098 5461 3211 5511 sive
3258 5459 3511 5549 doctoris,

2895 5555 2978 5634 (Τ
2973 5552 3196 5637 rez'ze.)
