3912 6174
446 327 545 379 3υὸ

440 448 649 516 possint
674 460 783 499 esse
800 446 1083 510 fructuosa
1107 442 1312 512 (Epist.
1367 443 1484 501 120,
1510 456 1565 493 τι.
1594 439 1699 509 lla).
1723 443 1905 510 Atque
1934 442 2000 492 ut
2023 436 2142 508 ipse

445 533 619 588 etiam
660 549 766 605 pro
812 549 915 585 sua
940 536 1102 601 parte
1147 530 1343 583 atterat
1392 527 1690 583 Consentio
1720 528 2136 597 adjumentum,

446 622 617 676 tradit
648 621 702 676 ei
728 619 869 692 quid
895 620 1227 674 inconcussa
1264 617 1374 671 ﬁde
1408 616 1715 671 tenendum
1739 616 1812 669 sit
1841 615 1911 669 de
1950 613 2139 669 Trini-

445 715 582 773 tate,
604 726 669 764 ac
685 708 855 763 simul
868 725 933 762 ea
944 723 1056 778 qua
1076 705 1295 760 ratione
1315 703 1552 775 cogitari
1566 705 1711 759 Deus
1727 703 1918 757 animo
1935 704 2137 756 valeat.

445 799 588 852 Eum
615 797 827 850 iterum
860 795 1140 860 hortatur,
1173 797 1237 846 ut
1266 792 1336 846 ad
1357 808 1415 845 se
1445 791 1634 846 veniat
1660 790 1781 846 dies
1810 790 2030 861 aliquot
2063 806 2142 843 se-

442 900 573 938 cum
602 884 985 950 traducturus,
1017 896 1080 933 ac
1116 880 1186 934 de
1234 878 1474 948 singulis
1503 895 1634 950 quae
1660 895 1793 933 eum
1823 881 2137 945 moverent,

439 972 804 1045 quaesiturus.
831 970 978 1035 Quin
995 968 1168 1024 etiam
1190 967 1521 1022 humaniter
1546 968 1755 1039 arguit,
1784 966 1937 1038 quod
1964 967 2142 1020 hacte-

436 1078 546 1116 nus
566 1060 627 1116 id
652 1058 890 1114 minime
910 1056 1257 1129 praestiterit.
1292 1058 1438 1111 Recte
1454 1058 1654 1125 quippe
1676 1055 2135 1115 verecundareris,

436 1148 641 1219 inquit,
674 1164 737 1202 ac
782 1152 831 1201 te
857 1149 1066 1216 pigeret
1111 1145 1173 1199 id
1203 1159 1380 1211 agere,
1415 1145 1465 1197 si
1488 1144 1570 1197 vcl
1596 1144 1755 1197 semel
1775 1143 2054 1207 voluisses,
2090 1144 2141 1193 et

435 1254 517 1292 me
562 1238 829 1305 difﬁcilem
864 1236 1151 1305 reperisses
1182 1232 1369 1299 (Ibid.,
1399 1248 1456 1285 n.
1494 1233 1562 1298 1).
1603 1230 1819 1295 Quibus
1851 1246 1914 1283 ex
1952 1228 2139 1283 verbis

435 1324 858 1381 humanitatem
888 1322 1064 1376 sancti
1083 1320 1223 1383 Viri,
1248 1324 1417 1390 atque
1432 1318 1819 1373 aﬁ'abilitatem
1845 1333 2135 1388 agnoscas.

435 1413 691 1485 Spondet
711 1428 942 1484 quoque
969 1402 1302 1464 curaturum
1321 1424 1400 1474 se,
1427 1412 1494 1461 ut
1514 1406 1853 1461 Consentius
1880 1407 2140 1477 perlegat

436 1500 718 1573 quidquid
767 1500 835 1553 de
881 1497 1177 1563 Trinitate,
1240 1496 1427 1566 deque
1455 1494 1702 1549 videndo
1735 1496 1869 1560 Deo,
1899 1499 1996 1549 aut
2016 1495 2138 1565 jam

439 1588 805 1654 lucubrasset,
839 1585 1134 1640 autetiam
1164 1588 1288 1638 tum
1318 1582 1676 1655 lucubraret;
1705 1598 1835 1637 cum
1859 1582 2136 1648 nondum,

436 1682 669 1747 propter
724 1673 1158 1745 amplitudinem
1217 1671 1727 1741 difﬁcultatemque
1792 1667 2135 1739 argumenti,

438 1764 737 1835 pervenire
764 1761 1044 1834 potuisses
1064 1760 1136 1815 ad
1159 1759 1347 1830 operis
1362 1760 1538 1813 ﬁnem
1570 1756 1755 1828 (Ibid.,
1773 1774 1828 1811 η.
1865 1759 1952 1823 13)
1979 1774 1991 1810 :
2025 1772 2139 1828 quo

438 1869 573 1907 sane
629 1867 748 1906 non
797 1849 938 1903 alios
992 1864 1166 1920 quam
1220 1847 1392 1902 libros
1442 1846 1512 1901 de
1565 1844 1836 1901 Trinitate
1875 1844 2137 1913 indicari,

435 1940 802 2011 perspicuum
831 1940 933 1991 est.

507 2034 560 2083 ὅ.
597 2026 914 2083 Honorium
942 2023 1131 2096 pravis
1157 2023 1533 2095 quoramdam
1562 2022 1813 2077 consiliis
1839 2021 2136 2076 inductum

438 2119 658 2171 sanctas
699 2131 764 2168 ac
791 2115 1067 2168 salutares
1092 2113 1268 2183 leges,
1299 2128 1441 2182 quas
1470 2115 1638 2165 antea
1657 2115 1857 2165 contra
1880 2112 2136 2180 Paganos

438 2208 608 2274 atque
646 2200 945 2256 haereticos
996 2200 1224 2267 tulerat,
1283 2214 1481 2253 omnes
1515 2197 1937 2268 quodammodo
1993 2196 2138 2251 anti-

437 2305 661 2361 quasse,
693 2304 958 2343 concesso
987 2286 1193 2358 cuique
1237 2285 1514 2356 eligenda:
1544 2284 1841 2356 religionis
1877 2284 2136 2353 arbitrio,

437 2394 608 2449 supra
635 2374 901 2430 vidimus.
961 2376 1091 2428 Haec
1124 2378 1317 2428 autem
1346 2372 1689 2443 religionum
1719 2373 1946 2427 licentia
1997 2374 2133 2427 dum

437 2467 743 2532 obtineret,
791 2463 1044 2520 Africani
1077 2463 1352 2533 praesules
1384 2462 1601 2516 decimo
1631 2467 1825 2517 octavo
1863 2462 2136 2517 kalendas

429 2554 604 2626 julias
635 2553 768 2608 anni
817 2550 1364 2625 quadringentesimi
1400 2550 1608 2604 decimi
1636 2550 2034 2621 Carthaginem
2074 2551 2136 2605 in

434 2642 729 2697 basilicam
783 2640 1046 2695 secundas
1103 2638 1374 2710 Regionis
1421 2643 1827 2693 convenerunt.
1886 2640 1926 2692 E
1974 2640 2136 2710 cujus

435 2730 657 2785 concilii
676 2729 813 2784 actis
843 2728 901 2783 id
931 2729 1114 2782 solum
1142 2726 1488 2795 invenimus,
1518 2726 1823 2795 Florentio,
1857 2727 2133 2794 Possidio,

436 2817 703 2872 Praesidio
733 2834 798 2872 ac
836 2818 1122 2871 Benenato
1160 2814 1440 2885 episcopis
1468 2813 1819 2885 legationem
1847 2814 1917 2868 ad
1946 2816 2131 2885 Impe-

433 2910 680 2961 ratorem
711 2923 744 2960 a
766 2904 1004 2959 concilio
1037 2903 1438 2958 demandatum
1463 2918 1582 2957 esse
1614 2903 1831 2973 (Codice
1850 2904 2135 2957 Canonum

434 2996 640 3062 Arria,
672 2996 793 3047 ca'n.
831 2995 977 3061 l07).
1009 2993 1189 3056 Quam
1220 2992 1294 3045 ob
1323 3007 1553 3045 causam
1600 2989 1863 3045 instituta
1900 2991 1973 3045 sit
2013 2992 2135 3045 haec

438 3080 671 3151 legatio,
705 3080 976 3149 colligere
1004 3084 1090 3133 est
1119 3094 1183 3135 ex
1209 3078 1615 3132 constitutione
1655 3078 1891 3132 Honorii
1920 3078 1991 3132 ad
2025 3080 2131 3132 He-

432 3168 747 3222 raclianum
772 3166 1042 3220 comitem
1063 3165 1263 3219 Africae
1285 3170 1479 3220 octavo
1508 3165 1781 3220 kalendas
1797 3166 2134 3235 septembris

436 3254 588 3323 data,
619 3270 734 3325 qua
773 3253 868 3324 jus
899 3253 1199 3307 exercendi
1227 3269 1384 3306 sacra
1411 3253 1644 3323 propria
1672 3253 1952 3307 haereticis
1990 3270 2130 3308 con-

438 3356 660 3395 cessum
697 3342 867 3412 plene
896 3342 1181 3411 planeque
1213 3340 1546 3409 abrogatur,
1585 3344 1641 3399 et
1669 3342 1971 3395 constituta
2002 3359 2130 3412 pro-

432 3428 755 3501 scriptionis
779 3428 1068 3483 autetiam
1094 3428 1293 3500 capitis
1321 3444 1596 3498 pcename
1626 3427 1919 3499 publicum
1950 3431 2129 3484 ullum

432 3521 774 3573 conventum
798 3517 1048 3572 habeant
1066 3515 1655 3587 interdicitur(Codice
1669 3516 1894 3584 Theod,
1922 3517 1988 3571 de
2010 3520 2130 3572 Hm-

430 3609 638 3675 reticis,
670 3608 780 3674 lege
831 3605 943 3677 51).
974 3605 1110 3659 Eam
1156 3603 1312 3658 enim
1370 3605 1556 3676 legem
1585 3605 1907 3675 legatorum
1962 3605 2131 3676 hujus

430 3694 655 3749 concilii
681 3693 975 3749 industria:
1003 3708 1067 3746 ac
1084 3691 1395 3764 diligentiae
1424 3709 1540 3747 non
1568 3692 1855 3748 immerito
1880 3693 2132 3748 tribuen-

431 3783 565 3836 dam
602 3785 829 3852 pntant.
881 3782 1036 3834 Hanc
1080 3780 1262 3850 ipsam
1305 3780 1555 3850 reperire
1602 3785 1687 3835 est
1731 3781 2023 3836 laudatam
2068 3782 2131 3836 in

432 3868 704 3922 mandato
759 3867 830 3921 ad
869 3868 1257 3922 Marcellinum
1296 3868 1364 3921 de
1417 3868 1771 3937 procuranda
1828 3869 2131 3923 collatione

431 3953 640 4024 scripto
668 3953 855 4024 pridie
885 3953 1014 4008 idus
1043 3954 1288 4009 octobris
1337 3955 1593 4023 ejusdem
1622 3955 1787 4023 anni;
1821 3972 1935 4027 quo
1966 3974 2127 4011 man-

430 4042 564 4097 dato
595 4040 878 4095 Honorius
908 4042 1198 4111 conceptis
1227 4041 1434 4106 verbis,
1468 4042 1745 4113 quidquid
1776 4044 1862 4097 vel
1892 4045 2013 4114 ipse
2045 4046 2129 4099 vel

431 4129 753 4202 superiores
771 4128 1143 4199 imperatores
1172 4129 1462 4184 catholicae
1491 4129 1783 4201 religionis
1806 4132 1991 4203 gratia
2016 4136 2128 4187 sta-

428 4217 691 4285 tuissent,
734 4232 909 4288 quam
939 4216 1293 4271 exactissime
1342 4217 1630 4273 observari
1676 4219 1934 4290 praecipit
1981 4220 2131 4291 (Col-

429 4308 525 4361 lat.
556 4307 829 4374 Carthag.
863 4308 911 4372 t,
945 4320 1067 4375 cap.
1107 4304 1183 4376 4).
1220 4305 1376 4361 Unde
1407 4322 1508 4359 suo
1536 4306 1891 4361 Marcellinus
1918 4308 2123 4372 edicto,

430 4393 587 4465 quod
611 4393 716 4448 sub
732 4392 965 4448 initium
977 4392 1169 4448 martii
1180 4408 1328 4448 anno
1347 4393 1648 4449 undecimo
1668 4411 1840 4465 supra
1853 4395 2127 4466 quadrin-

429 4481 810 4549 gentesimum
844 4481 1020 4549 dedit,
1070 4486 1332 4547 testatur,
1375 4497 1477 4551 per
1513 4482 1835 4552 provincias
1877 4482 2128 4553 singulas

428 4575 611 4623 certos
644 4570 941 4641 quosdam,
973 4569 1075 4640 qui
1132 4569 1335 4624 Donati
1361 4573 1667 4624 sectatores
1712 4585 2125 4641 persequeren-

427 4660 525 4710 tur
552 4656 666 4711 sive
703 4657 1096 4727 convenirent,
1134 4657 1440 4712 destinatos
1468 4656 1641 4711 fuisse
1681 4657 1861 4727 (Ibid.,
1896 4674 2017 4727 cap.
2051 4659 2143 4741 5).⁸

500 4747 552 4799 6.
581 4743 839 4815 Episcopi
891 4745 1083 4816 legati,
1137 4744 1238 4816 qui
1273 4743 1551 4799 libertatis
1595 4744 1954 4799 heterodoxis
1992 4762 2127 4806 con-

426 4847 598 4886 cessas
654 4830 1050 4887 rescissionem
1108 4832 1495 4895 obtinuerant,
1543 4831 1719 4886 iidem
1772 4849 2002 4904 quoque
2066 4834 2124 4889 in

426 4918 711 4973 mandatis
735 4918 1022 4973 habebant
1049 4919 1133 4974 rei
1162 4920 1317 4976 haud
1354 4918 1583 4975 levioris
1611 4920 1890 4975 momenti
1926 4937 2125 4992 procu-

426 5009 727 5064 rationem.
762 5008 957 5078 Neque
991 5008 1147 5063 enim
1176 5014 1280 5077 est,
1335 5025 1437 5064 cur
1461 5008 1808 5079 dubitemus,
1860 5010 1997 5080 quia
2036 5027 2126 5066 eo.

424 5097 692 5153 rumdem
718 5094 985 5167 precibus
1011 5096 1286 5152 debeatur
1310 5096 1642 5152 Collationis
1659 5097 1808 5168 apud
1828 5098 2123 5169 Carthagi-

423 5202 556 5242 nem
586 5183 853 5240 ineundas
885 5183 1216 5238 mandatum
1243 5185 1429 5255 pridie
1468 5185 1595 5241 idus
1626 5184 1871 5240 octobris
1909 5185 1979 5241 ab
2011 5187 2121 5240 Ho-

424 5273 587 5329 norio
607 5273 804 5328 datum
827 5271 1005 5340 (lbid.,
1023 5287 1144 5341 cap.
1174 5272 1250 5341 4).
1280 5271 1538 5327 Vidimus
1561 5274 1682 5345 jam
1697 5289 1870 5344 supra
1893 5274 2123 5344 quantis

422 5362 624 5417 studiis
666 5359 988 5417 Donatistas
1025 5359 1092 5414 ad
1122 5359 1575 5417 conveniendum
1604 5377 1797 5417 secum
1845 5362 1916 5417 de
1948 5362 2119 5416 collo-

422 5449 557 5517 quio
596 5448 858 5505 catholici
886 5446 1165 5503 antistites
1187 5463 1338 5502 anno
1356 5449 1922 5519 quadringentesimo
1950 5448 2120 5504 tertio

422 5537 479 5588 et
503 5537 1065 5608 quadringentesimo
1094 5540 1299 5606 quarto
1324 5535 1713 5592 sollicitarint:
1745 5541 1963 5608 quanto
1991 5552 2122 5592 con-

1687 318 1842 369 Vl'l'A
1881 317 1936 369 s.
1976 314 2350 369 AUGUSTINI
2398 315 2736 368 EPISCUPI.
3749 332 3814 379 δεμες
3878 296 3879 301 Ν

2252 441 2338 491 tra
2382 436 2684 508 supercilio
2732 437 2877 491 illud
2927 437 3238 490 recusarint
3268 438 3568 507 Donatista);
3605 447 3654 496 et
3684 447 3817 500 tamen

2252 541 2403 579 anno
2424 527 2655 580 demum
2684 524 3245 596 quadringentesimo
3272 527 3523 581 sextohuc
3547 530 3723 584 redacti
3737 536 3818 588 luc-

2250 614 2384 680 rint,
2420 618 2485 668 ut
2521 630 2642 668 sese
2676 613 2730 668 id
2768 614 2912 668 velle
2953 618 3010 668 et
3033 630 3237 685 cupere
3264 614 3578 671 simularent.
3619 620 3821 675 Arbitrati

2250 707 2385 756 sunt
2413 701 2706 768 Catholici,
2738 702 2888 756 bono
2909 702 3030 769 illo,
3064 706 3124 756 ut
3150 701 3446 769 videbatur,
3469 704 3821 762 adversariorum

2250 789 2443 844 animo
2495 790 2772 845 utendum
2831 806 2951 844 esse
2980 791 3199 863 (Collat.
3238 792 3487 861 Carthag.
3518 796 3563 859 3,
3605 810 3702 862 cap.
3746 798 3824 860 tt",

2248 883 2298 933 et
2352 880 2559 934 Brevia.
2594 880 2783 935 Collat.
2827 881 2879 945 3,
2908 894 2963 932 n.
3006 880 3089 947 4).
3122 879 3444 944 Carnebant,
3473 897 3499 932 e
3531 880 3728 949 plebeiis
3752 882 3825 933 Du-

2250 965 2495 1020 natianze
2530 970 2693 1020 sectas
2723 967 3067 1037 complures,
3100 970 3156 1021 et
3185 982 3322 1037 pene
3349 982 3529 1020 omnes
3556 966 3711 1021 dicere
3733 967 3825 1020 soli-

2247 1059 2333 1109 tos
2362 1071 2376 1108 :
2412 1056 2455 1110 0
2499 1054 2551 1109 si
2587 1057 2643 1108 in
2675 1070 2841 1109 unum
2874 1054 3044 1108 locum
3080 1056 3432 1109 convenirent!
3470 1069 3496 1106 o
3535 1056 3579 1107 si
3609 1055 3828 1123 aliquando

2248 1144 2569 1210 conferrent,
2615 1148 2777 1211 atque
2806 1141 2918 1197 illis
2961 1143 3359 1213 disputantibus
3385 1144 3564 1195 veritas
3586 1147 3829 1210 appareret?

2246 1230 2364 1299 (Ad
2400 1233 2709 1285 Donatistas
2738 1236 2859 1300 post
2904 1231 3128 1297 Collat.,
3160 1247 3215 1284 η.
3262 1232 3369 1299 58.)
3406 1231 3638 1285 Praeterea
3680 1231 3827 1283 illorum

2245 1320 2425 1385 furor,
2461 1318 2539 1374 ait
2566 1319 2939 1389 Augustinus,
2971 1323 3319 1387 occupaverat
3345 1319 3575 1384 Africam
3600 1321 3747 1384 totam,
3770 1334 3827 1370 ne:

2241 1408 2590 1477 praedicaria
2620 1409 2905 1464 Catholicis
2937 1409 3220 1461 veritatem
3249 1411 3427 1460 contra
3448 1421 3585 1459 suum
3617 1405 3828 1473 patieban—

2250 1499 2339 1549 tur
2360 1511 2621 1563 errorem;
2654 1497 2903 1550 violentis
2930 1494 3382 1563 aggressionibus,
3413 1492 3827 1556 latrocinatimiibus,

2248 1584 2505 1638 itinerum
2536 1584 2930 1651 obsidionibus,
2961 1586 3197 1653 rapinis,
3229 1583 3458 1650 ignibus,
3487 1580 3685 1634 caedibus
3708 1582 3830 1632 multis

2247 1676 2539 1738 vastantes,
2572 1676 2763 1726 cuncta
2793 1677 3077 1726 terrentes:
3104 1687 3221 1725 cunt
3262 1671 3445 1740 quibus
3473 1668 3606 1739 apud
3621 1670 3829 1736 episcopos,

2248 1775 2379 1828 quos
2411 1776 2708 1814 communes
2736 1776 2841 1815 non
2882 1761 3226 1825 habebamus,
3256 1760 3393 1813 nihil
3420 1772 3563 1825 agere
3585 1759 3831 1825 poteramus;

2248 1849 2392 1917 quod
2419 1864 2541 1903 vero
2579 1853 2704 1902 ante
2730 1851 2899 1915 ferme
2926 1853 3132 1903 centum
3173 1863 3338 1903 annos
3366 1847 3577 1915 majores
3600 1844 3739 1898 nostri
3756 1858 3831 1895 cum

2247 1938 2322 1991 eis
2352 1941 2591 2005 egerant,
2629 1937 2750 2006 jam
2792 1937 3111 2006 populorum
3145 1936 3396 1989 memoria
3422 1949 3519 1987 non
3545 1930 3730 1985 tenebat.
3757 1930 3834 1981 llas:

2246 2026 2418 2092 igitur
2443 2027 2729 2079 necessitas
2746 2025 3021 2093 compulit,
3052 2028 3113 2077 ut
3142 2025 3331 2078 saltem
3357 2022 3510 2089 gestis
3536 2024 3691 2074 nostra
3710 2017 3833 2069 Colla-

2250 2114 2391 2169 tione
2441 2115 2693 2181 confectis
2740 2129 2918 2167 eorum
2966 2112 3404 2166 contunderemus
3432 2105 3832 2163 invereczmdiamct

2247 2202 2653 2269 reprimeremus
2675 2201 2964 2254 audaciam
2996 2200 3226 2268 (Contra
3244 2200 3531 2261 Iulianum,
3558 2195 3639 2249 lib.
3668 2196 3709 2259 3,
3732 2209 3771 2244 η.
3788 2196 3833 2258 ii).

2249 2289 2345 2342 Hie
2374 2288 2690 2359 praesertim
2721 2288 2954 2341 fuerunt
2982 2303 3188 2356 causae,
3220 2285 3444 2357 quibus,
3472 2288 3534 2338 ut
3558 2282 3698 2336 hocce
3720 2278 3835 2332 collo-

2247 2376 2449 2447 quium
2476 2379 2819 2447 expeterent,
2843 2374 3091 2429 Africani
3120 2375 3391 2445 praesules
3419 2370 3837 2431 inductisunt;non

2244 2482 2378 2519 vero
2411 2465 2566 2536 quod
2594 2464 2986 2518 existimarent
3011 2463 3155 2517 illud
3183 2461 3419 2517 remedii
3440 2456 3836 2527 scmperadversus

2244 2554 2542 2609 haereticos
2593 2552 2857 2623 expedire
2913 2552 3121 2622 (Operis
3171 2552 3472 2621 imperfecti
3498 2548 3581 2602 lib.
3619 2550 3659 2613 t,
3699 2560 3735 2597 c.
3772 2543 3834 2602 lt).

2243 2643 2382 2696 Tam
2412 2641 2638 2713 operosi
2665 2640 2897 2711 negotii,
2933 2640 3085 2711 quod
3114 2644 3332 2693 tantem
3357 2636 3546 2692 conﬁci
3567 2633 3837 2688 vehementer

2246 2730 2519 2785 intererat
2558 2731 2816 2784 Ecclesiae
2862 2730 3145 2799 incoeptor
3174 2735 3231 2782 et
3260 2727 3531 2799 perfector
3579 2718 3839 2792 Augustinus

2245 2818 2384 2886 fuit;
2423 2817 2549 2872 aliis
2579 2822 2773 2873 tamen
2804 2816 3080 2887 episcopis
3110 2832 3281 2870 suum
3331 2829 3552 2887 quoque
3590 2819 3838 2863 consensum

2243 2905 2667 2972 adhibentibus,
2712 2905 2980 2975 illiusque
3019 2920 3180 2957 curas
3223 2902 3459 2975 pr0pria
3501 2893 3841 2954 sccundantibm

2243 2993 2527 3048 industria
2554 2993 2873 3062 (Possidius.
2919 2995 2977 3045 in
3012 2994 3141 3047 Vita
3168 2992 3487 3059 Augustini,
3516 3004 3560 3043 c.
3594 2986 3677 3052 13).
3703 2976 3840 3037 Dirch

2243 3086 2378 3135 sunt
2396 3081 2570 3152 igitur
2590 3081 2658 3135 ad
2682 3082 3091 3151 Imperatorem
3111 3080 3307 3151 legati,
3325 3079 3423 3151 qui
3444 3076 3693 3149 peterent,
3704 3069 3842 3124 utrius-

2243 3185 2355 3239 quc
2384 3170 2561 3239 partis
2609 3168 2903 3239 episcopos
2934 3167 3156 3237 iuberet
3183 3167 3485 3222 convenire
3513 3159 3840 3230 Carthaginem

2245 3256 2343 3310 ubi
2366 3256 2568 3310 delecti
2602 3255 2890 3326 utrimque
2922 3272 2984 3309 ex
3008 3256 3164 3309 omni
3189 3272 3433 3311 numero
3462 3249 3695 3308 nonnulli
3714 3246 3842 3314 dispu-

2242 3348 2431 3398 tarent
2481 3345 2693 3412 (Collat.
2741 3345 3011 3412 Carthag.
3060 3347 3107 3409 l,
3158 3360 3282 3413 cap.
3323 3346 3423 3414 4);
3463 3358 3570 3413 quo
3599 3339 3665 3393 sic
3698 3336 3843 3407 posset,

2243 3432 2597 3501 deprehenso
2652 3432 2954 3485 manifeste
3031 3432 3351 3497 mendacio,
3406 3430 3600 3485 veritas
3646 3434 3841 3496 apparetE

2242 3520 2426 3589 (lbid.,
2490 3523 2539 3585 3,
2591 3535 2716 3589 cap.
2776 3522 2918 3588 HO).
2992 3522 3286 3576 Prolatum
3357 3538 3391 3574 a
3437 3518 3625 3589 legatis
3668 3513 3752 3569 fuit
3788 3524 3845 3561 co~

2241 3623 2365 3662 ram
2416 3608 2667 3662 Honorio
2697 3612 2884 3662 actum
2929 3609 3093 3675 illud,
3149 3626 3265 3680 quo
3312 3608 3609 3664 Donatistae
3657 3600 3744 3672 ipsi
3776 3594 3844 3650 col-

2242 3695 2502 3765 loquium
2554 3711 2705 3749 anno
2762 3696 3327 3767 quadringentesimo
3402 3699 3554 3750 sexto
3606 3686 3844 3763 postulave-

2239 3787 2370 3836 rant
2398 3785 2624 3850 (Brevic.
2660 3785 2848 3839 Collat.
2884 3787 2938 3850 2,
2969 3800 3027 3838 η.
3068 3786 3140 3852 4).
3192 3784 3509 3839 Honorium
3542 3786 3724 3842 autem,
3748 3786 3843 3843 qﬂo'

2242 3870 2431 3924 minus
2450 3872 2694 3941 petitum
2718 3888 2751 3924 a
2781 3887 2838 3924 se
2860 3875 3199 3927 conventum
3222 3872 3419 3927 animo
3452 3866 3653 3925 lubenti
3677 3859 3845 3936 proliw

2241 3975 2352 4029 que
2381 3964 2682 4025 annueret,
2717 3959 2950 4030 Imperii
2982 3976 3098 4014 non
3118 3960 3421 4030 prohibuit
3439 3955 3700 4014 horrenda
3721 3945 3847 4004 confu-

2239 4045 2340 4099 sio.
2374 4046 2495 4110 Qua
2542 4062 2677 4100 sane
2715 4045 2774 4100 in
2806 4063 2866 4101 re
2922 4047 3237 4102 clarissimo
3266 4047 3534 4120 probavit
3575 4036 3846 4114 argumenta.

2239 4149 2357 4186 non
2384 4149 2593 4187 vanum
2622 4133 2793 4189 fuisse
2827 4136 2981 4206 quod
3018 4136 3367 4201 afﬁrmabat,
3404 4135 3683 4189 utilitatem
3708 4122 3849 4180 scilicrl

2238 4221 2633 4292 honoremque
2696 4224 2987 4278 catholica:
3047 4224 3308 4279 Ecclesia:
3366 4239 3557 4278 curam
3618 4230 3750 4273 suam
3790 4210 3850 4260 ειυι

2240 4310 2466 4365 unicam
2496 4328 2614 4366 esse
2636 4317 2733 4366 aut
2760 4317 2909 4367 certe
2938 4313 3184 4384 primam
3207 4333 3225 4380 ;
3252 4314 3401 4368 nihil
3430 4311 3578 4370 aliud
3594 4321 3750 4377 neque
3765 4310 3851 4370 p399

2240 4415 2425 4470 neque
2445 4399 2595 4454 bello
2617 4417 2872 4471 quaerere
2889 4417 2970 4467 se,
2999 4400 3112 4455 nisi
3136 4406 3197 4455 ut
3223 4401 3285 4454 in
3309 4400 3617 4456 ditionibus
3642 4393 3738 4449 suis
3756 4392 3850 4441 Deus

2237 4491 2536 4557 regnaret;
2561 4487 2755 4542 dolere
2781 4487 2890 4543 sibi
2919 4489 3070 4559 quod
3098 4487 3456 4559 provinciam
3486 4485 3726 4546 Africam.
3745 4475 3852 4544 cui“?

2239 4573 2440 4628 ofﬁciis
2481 4577 2639 4645 (puta
2667 4579 2867 4630 contra
2894 4576 3170 4644 Attalum)
3218 4575 3421 4631 fuisset
3452 4576 3682 4645 adjutus,
3716 4576 3851 4619 cerne-

2235 4667 2322 4717 ret
2342 4663 2761 4718 Donatistarum
2784 4664 3018 4719 discidio
3048 4665 3286 4720 lacerari
3318 4667 3545 4736 (Collat.
3576 4657 3799 4718 Carthag.
3826 4650 3853 4701 l~

2235 4768 2355 4821 cap.
2385 4751 2458 4821 4).
2493 4752 2773 4806 llonorius
2801 4768 2933 4807 vero
2970 4756 3311 4824 potestatem
3337 4746 3696 4808 conveniendi
3718 4736 3857 4796 adeo"

2233 4838 2493 4910 loquium
2522 4855 2589 4893 eo
2618 4840 2876 4910 proniori
2906 4841 3195 4895 voluntate
3225 4840 3382 4908 fecit,
3416 4839 3569 4912 quod
3593 4836 3729 4892 idem
3753 4830 3855 4881 ιιῖη·

2234 4941 2346 4997 que
2375 4942 2508 4996 pars
2538 4927 2889 4997 poposcisset
2918 4927 3100 4997 (Ibid,
3126 4943 3245 4997 cap.
3281 4928 3357 4999 5).
3396 4930 3585 4983 Exstat
3611 4922 3766 4977 adhuc
3782 4914 3857 5004 Ηιξο

2233 5013 2385 5069 norii
2412 5013 2770 5085 rescriptum,
2804 5030 2918 5084 quo
2945 5030 3143 5069 rursus
3168 5016 3466 5086 abrogata,
3498 5027 3661 5085 quam
3686 5004 3856 5086 haeret!-

2233 5101 2313 5155 cis
2349 5107 2722 5169 concesserat,
2779 5102 3061 5169 libertate,
3110 5085 3493 5158 Collationem
3540 5119 3573 5155 a
3624 5085 3856 5154 Catholicis

2232 5188 2539 5259 expetitum
2570 5190 2849 5261 permittit
2880 5189 3064 5260 (lbid.,
3104 5206 3224 5260 cap.
3272 5192 3350 5260 4).
3389 5192 3528 5245 Eam
3572 5185 3630 5241 in
3668 5185 3858 5268 menses!

2231 5281 2522 5347 quartum,
2569 5294 2602 5331 a
2627 5277 3091 5348 promulgatione
3121 5278 3308 5342 edicti.
3342 5278 3574 5344 indicit;
3606 5291 3664 5331 ac
3690 5268 3859 5327 Donab-

2232 5367 2366 5423 stas.
2407 5363 2456 5418 si
2485 5364 2719 5435 quidem
2747 5365 2819 5418 ad
2843 5364 2903 5419 id
2932 5370 3158 5434 tempus
3187 5365 3494 5420 convenire
3535 5351 3859 5419 detrectarent-

2230 5450 2426 5505 statuit
2452 5451 2661 5506 iterum
2689 5468 2754 5506 ac
2774 5452 2943 5507 tertio
2968 5453 3183 5521 vocari;
3208 5470 3319 5524 qua
3349 5452 3571 5508 ratione
3598 5463 3710 5504 rem
3735 5440 3863 5498 adhuc

2229 5537 2292 5592 in
2321 5538 2463 5593 duos
2491 5554 2715 5596 menses
2757 5539 3099 5611 ampliabat;
3142 5541 3232 5597 sin
3263 5557 3400 5619 vero
3433 5558 3506 5596 ne
3536 5546 3651 5596 tum
3684 5529 3859 5606 quidem
