3912 6174
97 340 170 390 397
1500 331 1710 388 LIBER
1752 333 2046 387 SEXTUS.
3414 343 3515 394 398

93 460 143 511 ad
161 463 339 525 tempus
358 452 725 508 constitutum
741 453 1025 521 adessent,
1049 454 1291 523 populos
1313 453 1545 506 demum
1576 453 1710 507 uni-

94 562 230 599 versos
255 544 311 597 ad
333 541 704 614 prmstandum
734 541 1028 595 catholicis
1058 540 1339 611 episcopis
1368 541 1708 612 obsequium

96 630 489 700 teneri,restitutis
511 629 572 684 in
603 634 924 684 eorummet
952 633 1298 700 potestatem
1325 630 1594 684 omnibus
1626 647 1710 684 ec-

97 722 226 776 clesiis
249 721 433 788 (Collat.
465 719 721 786 Carthag.
757 722 804 786 1,
838 734 955 787 cap.
1002 718 1109 789 30).
1145 719 1431 788 Scriptum
1463 719 1570 772 hoc
1599 720 1708 773 Ra-

93 825 234 863 vennae
253 808 428 861 datum
450 811 532 860 est
560 805 744 877 pridie
771 806 896 859 idus
918 805 1162 860 octobris
1189 823 1204 873 ;
1235 806 1332 860 sed
1355 811 1533 877 quoto
1562 823 1710 860 anno

91 914 168 950 non
183 895 382 949 dicitur:
415 894 566 948 haud
607 893 777 948 dubie
804 898 998 947 tamen
1021 893 1589 964 quadringentesimo
1609 894 1708 948 de-

82 987 204 1050 cimo,
239 983 444 1054 quando
483 982 715 1054 quidem
749 999 899 1037 anno
941 982 1506 1054 quadringentesimo
1534 983 1711 1037 unde—
1763 995 1775 1010 ‘

81 1074 188 1126 cimo
219 1071 388 1126 habita
417 1071 654 1125 Collalio
703 1072 835 1128 fuit.
865 1072 985 1124 Huc
1016 1071 1159 1125 adde
1196 1075 1421 1142 partem
1450 1072 1710 1142 ejusdem

77 1160 274 1230 rescripti
315 1160 694 1214 Theodosiano
741 1160 922 1214 codici
976 1159 1274 1225 insertam,
1314 1163 1370 1213 et
1409 1160 1708 1214 consulatu

81 1248 272 1310 Val-onis,
298 1247 389 1319 qui
417 1247 475 1301 in
507 1264 724 1302 annum
758 1247 1392 1319 quadringentesimum
1422 1248 1709 1303 decimum

79 1337 244 1406 incidit,
278 1340 555 1402 notatam;
604 1332 852 1402 tametsi,
895 1336 1048 1406 quod
1079 1335 1152 1390 ad
1182 1335 1333 1390 diem
1363 1336 1564 1390 attinet
1592 1353 1708 1390 non

76 1426 225 1495 pridie,
253 1425 338 1478 sed
375 1430 579 1496 quarto
628 1424 756 1479 idus
796 1425 1053 1495 ejusdem
1090 1424 1303 1479 mensis
1331 1424 1412 1480 ibi
1452 1425 1710 1496 signetur

75 1513 224 1567 tbdiee
246 1513 448 1578 Theod.,
482 1513 549 1566 de
577 1513 774 1579 Relig.,
809 1514 920 1579 lege
950 1516 1023 1578 3).

117 1607 155 1653 7.
181 1601 447 1671 lmperiale
465 1605 821 1671 praeceptum
849 1601 920 1655 de
946 1599 1212 1654 habenda
1235 1600 1545 1654 collatione
1574 1601 1702 1654 uni-

75 1689 585 1744 versisAfricanarum
601 1688 1027 1759 provinciarum
1043 1688 1335 1759 judicibus
1354 1688 1596 1742 missum
1623 1692 1710 1741 est

72 1779 224 1832 I't'ullal.
263 1779 504 1845 Carthag
550 1781 611 1844 3,
648 1793 749 1847 cap
802 1777 1173 1847 140),necnon
1231 1776 1422 1831 Flavio
1473 1777 1703 1830 Marcel-

70 1865 151 1917 lino
174 1865 420 1920 directum
452 1882 586 1919 cum
612 1864 920 1933 mandatis,
951 1869 1015 1918 ut
1043 1864 1091 1917 is
1125 1863 1412 1918 consessui
1442 1865 1706 1934 cognitor

67 1953 332 2021 prasideret
371 1954 532 2023 (Ibid.
582 1957 630 2019 1,
667 1969 785 2022 cap.
837 1953 911 2020 4).
946 1953 1299 2007 Marcellinus
1347 1951 1445 2006 ille
1489 1953 1704 2023 ubique

66 2043 594 2110 appellaturtribunus
606 2058 670 2096 ac
684 2041 961 2108 notarius;
983 2058 1111 2112 quas
1125 2041 1373 2111 dignitas
1392 2041 1545 2094 haud
1561 2043 1708 2095 mul-

65 2133 150 2183 tum
174 2131 358 2185 recedit
381 2147 413 2185 a
443 2147 688 2185 munere
714 2143 938 2194 eorum,
964 2147 1109 2200 quos
1141 2129 1282 2201 Regi
1311 2129 1382 2183 ab
1415 2145 1704 2183 commen-

63 2219 177 2270 tariis
221 2219 590 2273 nominamus.
644 2218 949 2274 Catholica:
998 2223 1124 2271 erat
1154 2216 1578 2270 communionis
1608 2219 1707 2288 (De

65 2307 192 2360 tlestis
212 2323 315 2360 cum
337 2311 597 2374 Emerita,
621 2325 679 2364 n.
702 2307 786 2377 2);
820 2323 1067 2377 eumque
1097 2305 1233 2360 dicit
1260 2306 1492 2360 Orosius
1520 2305 1706 2360 virum

63 2394 102 2446 in
122 2395 285 2464 primis
310 2397 654 2467 prudentem
695 2401 750 2449 et
780 2395 1146 2458 industrium,
1180 2410 1402 2448 necnon
1434 2393 1696 2447 omnium

65 2482 317 2536 studiorum
346 2484 636 2538 bonorum
669 2482 1202 2553 appetentissimum
1234 2480 1495 2551 (Orosius,
1530 2483 1707 2535 Histo-

63 2571 223 2625 rielib.
251 2577 300 2638 ‘l,
329 2589 445 2642 cap.
481 2573 598 2640 42).
656 2572 862 2624 Primae
905 2571 1033 2625 duce
1062 2570 1222 2624 dotes
1268 2570 1482 2624 mirum
1523 2587 1704 2640 quan-

63 2661 150 2710 tum
189 2659 467 2714 eluxerunt
518 2660 585 2713 in
633 2659 968 2723 Collatione,
1015 2657 1115 2712 ubi
1171 2674 1284 2711 non
1324 2658 1610 2728 aequitatis
1642 2674 1705 2712 ac

62 2747 395 2802 moderationis
434 2754 689 2817 tantum,
738 2748 833 2802 sed
863 2747 1036 2800 etiam
1063 2746 1263 2817 judicii
1295 2746 1704 2817 sapientiaeque

62 2835 238 2904 egregia
265 2837 572 2906 specimina
601 2835 776 2890 dedit.
802 2835 982 2900 Quam
1011 2840 1201 2889 autem
1231 2835 1599 2890 vehementer
1623 2851 1704 2889 es-

59 2929 120 2974 set
142 2923 430 2980 divinarum
451 2925 800 2980 Litterarum
829 2923 1134 2990 studiosus,
1164 2923 1324 2978 testis
1341 2930 1426 2979 est
1439 2922 1707 2994 Augusti-

58 3025 134 3062 nus
158 3015 325 3082 (Epist.
348 3018 469 3083 190,
501 3029 562 3067 n.
599 3016 728 3081 20):
770 3029 837 3067 ex
885 3029 997 3084 quo
1024 3013 1281 3084 ejusdem
1303 3012 1706 3084 integerrimos

58 3113 200 3152 mores
227 3107 277 3155 et
300 3103 616 3174 pretiosam
648 3105 888 3155 mortem
919 3118 1023 3156 suo
1055 3101 1293 3155 inferius
1320 3101 1443 3155 loco
1475 3116 1707 3155 enarra-

56 3189 138 3240 turi
172 3208 364 3246 sumus.
408 3193 556 3247 Huic
602 3191 885 3245 Honorius
917 3191 1189 3262 rescripto
1218 3208 1321 3245 suo
1351 3191 1614 3263 imperat,
1645 3194 1711 3246 ut

58 3277 344 3351 quicumque
374 3298 438 3334 ex
469 3279 909 3351 magistratibus
926 3280 1370 3350 negligentiores
1397 3297 1453 3334 se
1475 3280 1534 3334 in
1563 3296 1708 3351 prie-

56 3364 222 3419 standis
244 3367 602 3422 adminiculis
622 3367 693 3420 ad
719 3370 1066 3420 conventum
1090 3365 1422 3420 necessariis
1443 3367 1710 3436 praebue—

55 3450 158 3516 rint,
182 3470 262 3506 eos
287 3454 402 3525 ipse
434 3454 550 3509 sibi
581 3470 686 3524 per
724 3454 966 3522 litteras,
1010 3470 1123 3524 quo
1162 3453 1498 3524 puniantur,
1531 3453 1706 3524 signi-

55 3538 166 3604 ﬁcet,
189 3558 244 3595 ac
268 3542 451 3612 primo
483 3558 719 3613 quoque
752 3546 1012 3612 tempore
1044 3542 1391 3596 sententiam
1419 3543 1520 3596 abs
1551 3558 1610 3596 se
1651 3541 1710 3595 in

55 3640 104 3678 ea
142 3645 287 3683 causa
338 3631 516 3685 latam
551 3631 779 3684 nuntiet
829 3631 1035 3699 (Collat.
1094 3631 1351 3699 Carthag.
1387 3633 1436 3696 1,
1480 3646 1600 3698 cap,
1633 3630 1706 3700 4).

53 3715 164 3770 tussi
188 3723 305 3773 sunt
337 3720 512 3774 etiam
556 3719 858 3791 proconsul
906 3735 970 3773 ac
1007 3719 1250 3773 vicarius
1291 3718 1493 3772 Africm
1538 3717 1710 3772 mini-

54 3807 166 3856 stros
187 3823 390 3875 omnes,
417 3809 634 3880 quibus
661 3808 756 3863 ille
787 3808 857 3862 ad
882 3807 1209 3862 obeundum
1232 3824 1444 3862 munus
1470 3807 1577 3862 sibi
1603 3808 1711 3861 im-

1891 455 2179 508 tumultum
2208 457 2490 522 compescit
2527 457 2806 520 Pinianus,
2842 459 3084 524 Hippone
3121 472 3174 510 se
3202 474 3518 513 mansurum

1889 544 2134 597 adhibito
2156 543 2518 612 jurejurando
2538 545 2832 612 pollicitus.
2884 549 2914 597 6
2941 545 3154 600 Albinae
3182 551 3343 614 atque
3373 548 3517 615 Aly-

1887 634 1970 700 pii
2010 632 2075 709 de
2115 633 2182 684 iis
2228 647 2346 699 quae
2385 633 2492 685 sibi
2536 635 2646 685 sive
2687 634 2918 686 Piniano
2945 639 3227 688 evenerant
3271 637 3514 702 querelae.

1887 724 1916 772 7
1948 722 2154 785 Purgat
2197 735 2251 773 se
2292 721 2442 788 apud
2487 735 2570 774 eos
2612 721 2977 788 Augustinus.
3024 725 3056 774 8
3105 724 3336 775 Piniano
3363 728 3516 792 post-

1887 808 2102 861 modum
2141 808 2376 861 abeundi
2417 824 2520 876 quo
2569 810 2740 875 vellet,
2793 809 2943 862 haud
2987 810 3149 863 dubie
3193 811 3411 864 licentia
3449 813 3517 865 ab

1886 897 2320 965 Hipponensiwa
2366 896 2595 950 tributa.
2640 901 2670 949 9
2710 899 3120 951 Armentarium
3149 903 3200 952 et
3230 901 3517 954 Paulinam

1887 983 1960 1037 ad
1988 984 2180 1037 mundi
2216 989 2573 1053 contemptum
2626 988 2676 1036 et
2722 985 2796 1037 ad
2843 985 3151 1039 soluendum
3182 989 3518 1041 continentia:

1885 1080 2066 1129 votum
2096 1076 2345 1128 hortatur
2373 1074 2733 1138 Augustinus.

1890 1167 1938 1216 1.
1967 1163 2120 1226 Quos
2149 1163 2363 1215 fructus
2390 1160 2504 1213 sive
2545 1159 2906 1229 imperatoris
2939 1161 3192 1224 Honorii,
3234 1161 3348 1214 sive
3380 1163 3518 1215 Mar-

1816 1247 2007 1302 cellini
2054 1246 2271 1302 tribuni
2318 1246 2387 1300 de
2431 1245 2813 1315 promovenda
2869 1250 2987 1298 tam
3029 1245 3124 1298 diu
3153 1262 3186 1298 a
3217 1246 3518 1300 Catholicis

1817 1335 2065 1407 expetita
2094 1335 2404 1390 Collatione
2437 1333 2690 1387 studium
2737 1339 2790 1387 et
2837 1349 2973 1386 cura
3014 1336 3261 1402 peperit,
3311 1334 3368 1386 in
3410 1335 3518 1388 hu-

1813 1425 1970 1496 jusce
2008 1423 2146 1477 anni
2177 1419 2729 1493 quadringentesimi
2759 1418 3045 1473 undecimi
3073 1420 3314 1472 decursu
3345 1435 3517 1488 expo-

1816 1518 2016 1567 netur:
2054 1512 2174 1582 jam
2205 1510 2342 1582 quid
2373 1510 2629 1580 ejusdem
2677 1507 2842 1562 initio
2887 1507 3211 1578 contigerit,
3257 1506 3517 1576 aperien-

1816 1602 1974 1656 dum.
2012 1600 2172 1654 Haud
2204 1599 2282 1653 ita
2310 1600 2494 1652 multo
2535 1603 2667 1651 ante
2707 1601 3093 1667 expugnatam
3126 1595 3355 1661 Urbem,
3387 1595 3519 1649 inde

1815 1689 2054 1745 Melania
2083 1688 2273 1742 senior
2311 1687 2587 1740 familiam
2619 1702 2802 1752 suam,
2833 1683 3096 1739 videlicet
3124 1683 3388 1737 Albinam
3417 1698 3520 1736 nu-

1815 1795 1965 1843 rum,
1987 1777 2280 1848 juniorem
2312 1774 2613 1829 Mclaniam
2643 1777 2894 1842 neptem,
2929 1777 2984 1825 et
3006 1770 3308 1824 l’inianum
3330 1770 3519 1840 junio—

1816 1863 1892 1916 ris
1937 1863 2108 1933 hujus
2164 1862 2417 1918 Melaniae.
2489 1861 2796 1930 conjugem
2871 1859 3161 1913 eduxerat.
3224 1857 3291 1911 Hi
3347 1874 3516 1926 porro

1816 1968 2038 2021 omnes,
2065 1967 2272 2022 genere
2303 1955 2474 2021 atque
2488 1949 2689 2020 opibus
2715 1948 2867 2001 inter
2887 1948 3175 2000 Romanos
3197 1944 3512 2006 clarissimi,

1815 2041 2182 2094 nobilissima:
2222 2039 2376 2093 illius
2411 2037 2571 2092 urbis
2603 2037 2919 2105 voluptates
2949 2050 3112 2102 seque
3158 2031 3518 2104 reliquerunt

1815 2146 1879 2183 ac
1916 2128 2302 2184 domicilium:
2356 2126 2602 2196 hincque
2643 2140 2760 2178 non
2790 2123 2903 2176 alio
2953 2121 3277 2192 migrarunt
3324 2120 3516 2174 animo

1816 2234 1988 2288 quam
2040 2220 2103 2270 ut
2149 2231 2268 2268 sese
2319 2231 2383 2268 ac
2423 2231 2523 2267 sua
2581 2211 2800 2267 Christo
2845 2210 3258 2281 manciparent,
3341 2209 3515 2262 vitam

1815 2321 1946 2359 vere
1975 2303 2349 2358 monasticam
2388 2301 2589 2355 victuri
2621 2302 2816 2369 (Epist.
2851 2302 2974 2364 126,
3013 2314 3068 2351 n.
3103 2297 3209 2367 11).
3243 2298 3382 2352 Cum
3415 2312 3516 2349 ex-

1814 2397 2066 2463 pugnata
2097 2407 2213 2444 non
2243 2390 2469 2460 pridem
2500 2390 2682 2443 Roma
2715 2385 3005 2455 Rhegium
3031 2385 3233 2439 urbem
3262 2382 3518 2438 Alaricus

1815 2481 2087 2544 incendit,
2119 2479 2451 2533 morabatur
2482 2477 2666 2530 adhuc
2695 2491 2811 2528 una
2837 2491 2968 2529 cum
2998 2473 3114 2527 suis
3143 2473 3202 2526 in
3223 2471 3410 2526 Sicilia
3432 2471 3518 2525 Pi-

1815 2571 2020 2625 nianus
2045 2570 2276 2639 (Valois,
2309 2569 2369 2621 in
2390 2566 2610 2632 Euseb.,
2638 2581 2772 2633 pag.
2811 2565 2928 2629 129,
2962 2568 3012 2616 et
3040 2564 3224 2626 Neris,
3252 2563 3394 2614 Hist.
3427 2562 3520 2614 Pe-

1817 2660 1948 2725 lag.,
1980 2673 2109 2726 pag.
2141 2660 2252 2722 25).
2281 2653 2534 2708 Melaniae
2559 2650 2807 2722 junioris
2837 2650 2959 2703 Vita
2978 2649 3167 2718 prodit
3185 2648 3346 2701 illam
3375 2663 3405 2701 e
3425 2647 3517 2709 Si.-

1815 2745 1944 2799 cilia
1968 2743 2368 2813 Carthaginem
2399 2740 2672 2811 primum,
2701 2742 2872 2807 atque
2903 2736 3036 2789 inde
3067 2737 3388 2805 'l‘agastam,
3421 2733 3523 2787 ubi

1816 2851 1945 2889 cum
1978 2833 2214 2888 Piniano
2236 2836 2291 2884 et
2312 2829 2517 2883 Albina
2540 2843 2642 2898 per
2661 2827 2911 2880 hiemem
2935 2824 3140 2893 agebat
3161 2823 3358 2892 (Epist.
3396 2823 3518 2887 124,

1816 2939 1869 2977 n.
1908 2926 1980 2992 1),
2011 2920 2297 2990 trajecisse
2330 2919 2566 2988 (Surius,
2599 2914 2827 2968 decemb.
2853 2914 2941 2966 die
2971 2915 3057 2977 31,
3087 2911 3408 2979 veljanua-r.
3433 2909 3524 2962 die

1814 3011 1888 3080 2).
1912 3010 2138 3080 Optime
2168 3023 2302 3061 sane
2334 3021 2467 3060 cum
2485 3002 2926 3074 Tagastensibus
2957 2998 3147 3054 divino
3167 3001 3314 3051 nutu
3330 3000 3519 3050 actum

1817 3104 1921 3168 est,
1943 3099 2092 3169 quod
2125 3095 2396 3166 hospites,
2426 3091 2527 3164 qui
2553 3091 2661 3145 sibi
2691 3089 2960 3144 solatium
2993 3084 3374 3142 acerbissimis
3402 3084 3516 3138 illis

1817 3185 2170 3257 temporibus
2217 3183 2560 3255 praaberent,
2612 3179 2764 3250 apud
2810 3194 2868 3231 se
2912 3177 3188 3230 haberent
3219 3176 3356 3230 adeo
3389 3174 3522 3228 illu-

1818 3281 1985 3331 stres.
2026 3271 2294 3338 Quid.iis
2349 3285 2482 3324 cum
2529 3267 2806 3321 natalium
2855 3265 3123 3336 splendor
3160 3269 3284 3318 tum
3320 3261 3526 3318 Christi

1818 3364 2001 3435 gratia
2047 3360 2395 3426 contulisset,
2438 3358 2561 3427 jam
2605 3359 2739 3409 ante
2788 3354 3108 3418 audierant,
3151 3351 3526 3420 auditumque

1819 3452 2091 3507 charitate
2118 3449 2259 3504 moti
2300 3446 2708 3501 crediderant:
2756 3441 2854 3495 sed
2905 3440 3113 3511 quibus
3161 3439 3361 3492 eadem
3410 3453 3526 3491 non

1821 3546 1944 3596 erat
1972 3539 2241 3604 Charitas,
2267 3536 2380 3602 his,
2414 3551 2486 3588 ne
2512 3537 2632 3587 tam
2660 3529 2891 3584 insolita
2927 3545 3018 3582 res
3048 3527 3220 3581 iidem
3249 3541 3522 3595 superare

1820 3644 2050 3685 omnem
2078 3627 2386 3690 videretur,
2418 3623 2511 3676 vix
2561 3620 2731 3674 fando
2776 3617 3133 3672 narrabatur.
3170 3611 3528 3683 Tagastensis

1819 3716 2031 3790 praesul
2061 3714 2299 3785 Alypius
2322 3712 2409 3766 vir
2438 3707 2665 3765 dicendi
2686 3705 2926 3777 peritus,
2957 3703 3171 3774 quique
3202 3705 3408 3755 sanctae
3435 3717 3528 3754 cu-

1817 3787 2050 3878 jusdam
2079 3799 2421 3873 eloquentia:
2473 3798 2530 3852 vi
2583 3797 2644 3850 in
2697 3794 2916 3849 animos
2970 3790 3276 3846 hominum
3327 3787 3524 3842 salutis

53 3892 258 3958 positum
295 3875 454 3967 opus“
483 3897 745 3959 haberet,
793 3896 845 3950 ei
875 3896 1116 3951 tradere.
1156 3898 1297 3966 Ergo
1329 3896 1397 3950 ab
1428 3895 1714 3966 imperiali
1821 3875 2075 3948 amorem
2127 3888 2474 3953 insinuabat,
2531 3884 2814 3957 potiorem
2864 3897 2982 3952 pra:
3034 3877 3255 3934 caeteris
3314 3875 3530 3931 laetitia:

56 3981 284 4037 Comitatu
311 3985 369 4038 in
414 3986 668 4040 Africam
699 3984 1028 4040 Collationis
1058 4001 1228 4038 causa
1269 3984 1426 4039 venit
1479 3984 1713 4040 Marcel-

55 4066 171 4122 linus
195 4072 502 4142 (Possidius,
534 4076 595 4127 in
629 4074 765 4128 Vita
799 4074 1122 4140 Augustini,
1156 4088 1200 4126 c.
1241 4072 1361 4142 13):
1398 4089 1568 4143 quem
1597 4075 1714 4126 Au-

54 4159 266 4224 gustinus
310 4179 412 4233 pro
475 4161 738 4217 Ecclesiae
777 4161 1022 4215 utilitate
1065 4161 1304 4215 missum
1339 4160 1628 4229 afﬁrmat;
1661 4165 1716 4215 et

54 4257 210 4300 causas
231 4251 631 4304 ecclesiasticas
662 4250 845 4304 eidem
877 4248 1234 4319 potissimum
1262 4248 1546 4319 injunctas
1573 4265 1714 4315 esse,

54 4331 112 4386 ita
138 4341 191 4390 ut
211 4337 274 4392 de
293 4340 491 4409 coeptis
515 4341 572 4392 et
592 4337 988 4392 molitionibus
1017 4336 1420 4392 haereticorum
1438 4336 1714 4406 judicare,

54 4419 98 4471 in
123 4438 203 4475 eos
226 4441 288 4478 ex
317 4428 514 4497 legum
557 4425 857 4479 severitate
889 4424 1202 4495 inquirere,
1235 4440 1301 4477 ac
1336 4422 1544 4476 ultimo
1575 4439 1717 4494 quo-

53 4523 139 4576 que
164 4515 448 4584 supplicio,
482 4514 584 4569 ubi
612 4530 700 4567 res
739 4512 1012 4583 exigeret,
1048 4511 1500 4566 animadvertere
1530 4515 1722 4581 posset

56 4598 220 4663 (Epist.
243 4604 356 4668 133,
382 4619 438 4657 η.
478 4605 610 4668 1-3).
635 4603 873 4656 Multum
903 4600 1137 4671 quidem
1190 4598 1496 4671 voluptatis
1517 4600 1586 4653 ad
1618 4600 1719 4654 Ca-

54 4682 252 4742 tholicos
291 4691 488 4758 rediit,
534 4706 666 4745 cum
701 4690 958 4761 primum
1001 4687 1072 4742 iis
1120 4688 1188 4742 de
1237 4687 1718 4754 reconciliatione,

55 4786 193 4838 quam
227 4777 370 4832 coire
423 4778 744 4850 imperator
790 4776 1060 4848 colloquii
1107 4776 1386 4831 beneﬁcio
1418 4775 1722 4846 cogitabat,

55 4861 340 4920 nuntiatum
397 4867 539 4921 fuit:
591 4871 651 4921 at
699 4865 806 4920 sibi
859 4869 1200 4936 temperare,
1249 4863 1558 4935 quominus
1587 4879 1723 4918 con-

52 4955 244 5016 ceptum
280 4971 346 5008 ea
384 4955 457 5010 de
489 4971 552 5009 re
582 4955 837 5009 dolorem
877 4958 1048 5024 atque
1078 4952 1474 5023 aegritudinem
1515 4968 1634 5023 prae
1666 4967 1726 5006 se

54 5033 248 5109 ferrent,
278 5043 596 5098 Donatista:
633 5042 971 5114 neutiquam
1016 5033 1323 5096 valuerunt
1361 5041 1555 5111 (Serm.
1598 5043 1723 5108 357,

51 5138 99 5176 η.
132 5129 197 5180 3).

161 5127 175 5196 )
694 5217 920 5273 CAPUT
967 5217 1053 5272 IX.

55 5299 68 5348 l
109 5301 353 5361 Pinianus
383 5311 435 5361 et
497 5307 736 5362 Melania
782 5322 901 5361 cum
953 5305 1116 5374 hujus
1155 5307 1327 5359 matre
1372 5303 1578 5358 Albina
1625 5302 1726 5358 Sa-

107 5397 303 5451 gaslam
353 5395 678 5450 adventant.
738 5398 771 5448 2
815 5396 924 5448 Hos
971 5394 1099 5448 illuc
1146 5394 1378 5447 invisere
1421 5391 1730 5458 Augustino

108 5492 200 5532 non
230 5481 371 5536 licet.
423 5485 455 5536 3
501 5484 796 5552 Hipponem
834 5483 982 5536 venit
1035 5483 1320 5536 Pinianus.
1365 5481 1399 5533 4
1446 5481 1585 5533 Eum
1625 5478 1732 5532 sibi

108 5567 244 5630 plebs
268 5571 638 5639 Hipponensis
659 5572 718 5624 in
734 5569 1110 5640 presbyterum
1125 5570 1319 5640 possit.
1345 5571 1375 5620 5
1399 5568 1588 5622 Ortum
1608 5567 1731 5620 hinc

1821 3981 1986 4036 istius
2015 3983 2236 4051 partem
2267 3975 2547 4046 capiebat,
2575 3989 2637 4027 ac
2666 3987 2782 4025 una
2814 3985 2944 4023 cum
2969 3967 3294 4038 hospitibus
3323 3965 3439 4019 suis
3469 3963 3532 4018 in

1825 4067 2042 4139 eloquii
2062 4065 2240 4121 divini
2270 4060 2647 4117 meditatione
2675 4058 3011 4113 versabatur
3039 4057 3274 4127 (Surius,
3298 4053 3528 4107 deccmb.

1824 4158 1912 4212 die
1937 4160 2025 4222 31,
2061 4156 2139 4209 vel
2157 4155 2387 4223 januar.
2411 4151 2497 4204 die
2512 4150 2584 4217 2).
2609 4147 2700 4201 Illi
2720 4150 2941 4210 contra,
2972 4148 3034 4198 ut
3056 4143 3117 4196 in
3133 4141 3385 4196 Melaniae
3408 4139 3530 4192 Vita

1826 4246 2021 4314 legere
2053 4247 2155 4307 est,
2187 4240 2358 4294 variis
2381 4236 2732 4292 ornamentis
2760 4234 2946 4304 iisque
2977 4246 3115 4284 auro
3144 4245 3208 4282 ac
3231 4226 3532 4296 multiplici

1826 4313 2054 4404 gemma
2092 4327 2371 4384 distinctis
2400 4341 2625 4380 necnon
2654 4328 2710 4377 et
2738 4319 2968 4393 praediis
2988 4316 3142 4372 haud
3163 4313 3382 4383 exiguis
3413 4314 3534 4383 ejus

1829 4401 2135 4475 Ecclesiam
2168 4416 2455 4471 ditarunt:
2489 4417 2660 4482 atque
2705 4410 2874 4464 etiam
2904 4408 3156 4476 Tagastae
3187 4401 3535 4456 monasteria

1829 4509 1966 4579 duo,
2004 4508 2251 4561 alterum
2282 4503 2534 4558 virorum
2555 4501 2614 4554 in
2647 4516 2758 4569 quo
2795 4493 3057 4551 monachi
3111 4490 3420 4561 octoginta,
3453 4490 3535 4544 fe-

1831 4577 2125 4652 minarum
2157 4594 2424 4658 alterum,
2456 4591 2516 4644 in
2543 4606 2657 4661 quo
2679 4586 2928 4658 virgines
2953 4585 3182 4636 centum
3214 4583 3270 4634 et
3302 4577 3540 4649 triginta

1832 4686 2139 4756 degerent,
2174 4679 2590 4736 sufﬁcientibus
2620 4677 2685 4731 ad
2711 4675 2765 4729 id
2799 4671 3074 4727 reditibus
3096 4666 3383 4756 attributis
3411 4683 3541 4756 conf

1836 4752 2119 4828 struxere.
2151 4772 2439 4825 Testatum
2469 4781 2702 4836 quoque
2733 4759 2966 4830 reliquit
2994 4755 3365 4827 Augustinus,
3397 4752 3540 4807 varii

1833 4859 2063 4933 generis
2095 4857 2435 4914 muneribus
2471 4855 2874 4922 Tagastensem
2907 4845 3210 4900 Ecclesiam
3241 4843 3309 4897 ab
3340 4841 3410 4894 iis
3439 4841 3540 4896 do-

1839 4930 2037 5004 natam
2067 4947 2265 5016 fuisse,
2295 4946 2368 4999 ob
2398 4955 2642 5011 eamque
2673 4954 2794 4992 rem
2828 4935 3108 5008 populum
3133 4930 3390 4987 laetitiam
3421 4944 3540 4998 prec

1834 5054 1893 5093 se
1921 5037 2117 5093 tulisse
2147 5014 2264 5090 non
2294 5032 2588 5102 vulgarem
2610 5026 2866 5099 quidem,
2894 5038 3092 5076 verum
3113 5018 3362 5090 propria:
3383 5014 3540 5084 cupi-

1835 5126 2028 5181 ditatis
2058 5122 2319 5178 sordibus
2346 5133 2581 5191 prorsus
2614 5114 2860 5170 alienam
2910 5112 3111 5180 (Epist.
3184 5109 3302 5169 126,
3342 5119 3398 5191 n.
3442 5105 3534 5191 7):

1836 5213 2051 5285 quippe
2080 5209 2234 5281 quod
2263 5187 2546 5278 ejusmodi
2574 5199 2982 5257 munificentia:
3013 5211 3129 5249 non
3161 5191 3247 5285 -ad
3291 5187 3540 5285 privatos

1836 5301 2003 5366 cives,
2061 5299 2160 5354 sed
2204 5297 2275 5351 ad
2320 5292 2722 5350 ecclesiasticos
2751 5289 2921 5352 viros,
2954 5279 3287 5345 monachos,
3329 5274 3539 5328 sancti-

1840 5365 2122 5444 moniales
2153 5401 2216 5440 ac
2245 5398 2526 5456 pauperes
2550 5385 2672 5435 tota
2701 5376 2915 5432 rediret
2941 5371 3156 5426 utilitas
3189 5365 3383 5437 (Epist.
3421 5366 3540 5430 125,

1839 5475 2126 5617 ηἐῶΝοιι
2175 5560 2286 5615 alia
2314 5558 2383 5614 de
2421 5573 2589 5613 causa
2616 5560 2733 5608 tam
2763 5552 2937 5617 longo
2968 5544 3172 5598 itinere
3202 5538 3542 5611 splendidis-
