3912 6174
431 326 534 377 399

433 442 577 497 sima
593 442 686 495 illa
715 439 1039 494 christiana:
1069 438 1365 507 religionis
1388 437 1608 491 lumina
1626 437 1923 506 Tagastam
1952 434 2129 506 petie-

432 534 584 597 rant,
615 528 727 582 nisi
758 532 822 582 ut
864 526 1165 597 Augustini
1202 529 1509 596 conspectu
1539 522 1938 594 colloquioque
1974 521 2129 576 frue-

432 621 635 670 rentur
655 617 849 686 (Epist.
874 630 931 668 n.
954 616 1075 680 124,
1096 629 1153 667 η.
1184 614 1248 682 1).
1272 615 1486 667 Tamen
1511 612 1697 665 eidem
1720 615 1932 674 sancto,
1953 625 2133 680 quan-

430 704 641 759 tumvis
672 708 818 757 esset
846 702 1134 756 studiosus
1180 700 1492 754 amicorum
1522 699 1727 765 cultor,
1760 702 1932 769 atque
1962 699 2131 751 hosce

431 791 714 846 invisendi
740 790 923 860 gratia
954 789 1249 859 pervolare
1288 788 1471 842 maria
1501 803 1559 841 se
1591 803 1759 857 posse
1791 790 2130 856 exoptasset,

430 896 502 933 ne
529 881 822 949 Tagastam
855 877 1111 947 quidem,
1143 881 1208 930 ut
1237 880 1292 929 et
1321 891 1418 929 eos
1463 876 1737 930 salutaret
1764 879 1822 928 et
1858 874 1978 928 suis
2003 873 2133 927 civi-

427 967 535 1021 bus
568 968 637 1021 de
695 965 979 1031 felicitate,
1016 979 1145 1033 quas
1193 963 1333 1033 ipsis
1377 962 1680 1034 obtigerat,
1726 962 2128 1033 gratularetur,

418 1054 686 1127 conferre
712 1068 832 1104 sese
863 1050 1154 1120 integrum
1186 1050 1311 1104 fuit.
1343 1049 1646 1104 Adversari
1693 1048 1925 1121 quidem
1972 1048 2130 1103 vide-

426 1142 597 1195 batur
625 1140 807 1194 hiems
839 1142 1185 1207 asperatum
1214 1142 1271 1191 et
1298 1137 1589 1191 horrenda
1614 1154 1628 1203 ;
1662 1136 1876 1207 quippe
1904 1152 2033 1190 cum
2062 1152 2130 1189 eo

428 1234 575 1283 esset
602 1226 942 1283 valetudinis
980 1225 1203 1293 habitu,
1257 1230 1324 1279 ut
1371 1228 1576 1279 natura
1612 1224 1793 1295 frigus
1831 1224 1978 1278 ferre
2017 1239 2130 1277 non

415 1322 648 1389 .posset:
684 1332 750 1369 ea
798 1320 991 1368 tamen
1038 1330 1129 1367 res
1154 1329 1285 1365 eum
1329 1329 1401 1366 ne
1427 1314 1723 1383 Tagastam
1751 1312 2133 1382 proficiscere-

427 1411 544 1471 tur,
577 1420 697 1458 non
726 1401 1038 1467 deterruit;
1088 1401 1185 1455 sed
1238 1416 1368 1454 cum
1412 1400 1635 1454 animos
1679 1399 2131 1470 Hipponensium

410 1496 680 1546 'vertente
706 1507 856 1544 anno
896 1488 1465 1561 quadringentesimo
1497 1488 1718 1543 decimo
1743 1488 2000 1542 absentia
2030 1503 2133 1542 sua

431 1579 678 1634 offensos
706 1576 1096 1648 comperisset,
1130 1576 1437 1630 arbitratus
1469 1579 1554 1630 est
1585 1576 1772 1630 ofﬁcio
1812 1592 1875 1630 ac
1903 1576 2130 1631 muneri

429 1685 489 1722 se
518 1666 849 1721 defuturum
894 1680 1019 1729 suo,
1073 1664 1120 1717 si
1160 1663 1576 1733 profectionem
1623 1663 1795 1718 aliam
1844 1668 1961 1718 tam
2017 1664 2129 1718 cito

428 1754 758 1824 susciperet.
818 1752 1091 1816 Quocirca
1139 1767 1312 1821 quam
1364 1751 1696 1806 servitutem
1723 1751 1980 1805 Ecclesia:
2012 1766 2131 1805 sum

430 1842 691 1906 debebat,
750 1857 875 1894 eam
928 1839 1208 1910 judicavit
1279 1838 1579 1909 voluptati,
1652 1855 1826 1910 quam
1877 1840 2133 1910 Tagastae

427 1934 799 1999 percepturus
847 1932 1014 1992 esset,
1067 1927 1549 1997 anteponendam.
1614 1927 1769 1981 Datis
1821 1926 1997 1998 igitur
2060 1926 2131 1980 ad

425 2017 715 2083 Albinam,
748 2016 1049 2070 Pinianum
1081 2031 1144 2069 ac
1182 2014 1485 2069 Melaniam
1515 2014 1819 2068 excusandi
1856 2014 1942 2068 sui
1992 2030 2130 2085 ergo

425 2104 652 2170 litteris,
706 2107 967 2170 testatur,
1042 2104 1268 2174 culpam
1335 2118 1509 2173 quam
1573 2101 1917 2167 incurrebat,
1978 2101 2131 2172 quod

424 2192 551 2245 illos
596 2207 713 2245 non
744 2191 1036 2259 inviseret,
1068 2207 1194 2244 eam
1239 2190 1423 2259 ipsam
1448 2189 1555 2243 sibi
1583 2205 1810 2260 poenam
1843 2206 1986 2256 esse,
2018 2205 2132 2260 qua

428 2278 657 2349 gravior
683 2278 903 2349 imponi
947 2282 1138 2349 posset
1168 2278 1219 2331 ei
1261 2278 1454 2333 nulla:
1481 2278 1642 2331 addit
1677 2283 1874 2331 tamen
1902 2292 2130 2347 sperare

426 2383 507 2430 se,
542 2367 589 2420 si
612 2367 844 2438 quidem
883 2365 1165 2420 infelicior
1193 2365 1286 2433 sit,
1317 2381 1491 2436 quam
1520 2369 1587 2418 ut
1623 2364 1814 2419 videre
1836 2381 1943 2418 .eos
1994 2364 2135 2434 llipo

426 2470 574 2525 pone
604 2454 718 2510 sibi
731 2453 1047 2523 contingat,
1066 2469 1183 2507 non
1214 2453 1537 2507 defuturam
1570 2451 1945 2518 occasionem,
1972 2453 2131 2522 cujus

426 2542 706 2597 beneficio
738 2547 1050 2612 utcumque
1094 2542 1261 2609 liber,
1292 2557 1387 2594 eos
1416 2556 1777 2611 quacumque
1808 2540 1866 2593 in
1897 2540 2130 2610 regione

427 2629 630 2701 Africa:
660 2628 839 2684 futuri
869 2628 1002 2694 sint,
1035 2627 1353 2682 conveniat.

499 2722 551 2785 8,
595 2717 751 2772 Haud
780 2716 860 2771 ita
892 2716 1111 2778 multis,
1140 2716 1227 2769 uti
1255 2714 1502 2785 videtur,
1533 2715 1733 2770 diebus
1771 2720 1904 2786 post
1939 2716 2131 2770 datam

426 2807 638 2861 hancce
668 2804 969 2876 epistolam
1004 2803 1275 2858 Pinianus
1305 2819 1435 2857 cum
1471 2804 1711 2858 Melania
1732 2804 1963 2874 juniore
1995 2804 2131 2874 Hip-

424 2910 638 2966 ponem
681 2893 857 2948 venit.
905 2894 1046 2948 Cum
1075 2909 1233 2959 vero,
1285 2909 1415 2963 quae
1462 2898 1587 2949 erat
1637 2893 1761 2963 ejus
1814 2893 2130 2955 humilitas,

423 2984 670 3048 timeret,
701 2998 772 3036 ne
795 2997 970 3052 quam
1000 2982 1113 3035 vim
1137 2981 1208 3035 ab
1232 2980 1585 3052 Hipponensi
1615 2982 1832 3052 populo
1860 2982 2128 3052 Augusti-

425 3086 555 3137 nus,
598 3074 655 3123 et
680 3086 711 3122 a
744 3069 1146 3136 Barcinonensi
1175 3069 1470 3137 Paulinus,
1515 3069 1666 3139 passi
1695 3069 1938 3132 fuerant,
1974 3085 2129 3123 eam-

427 3159 559 3213 dem
595 3156 717 3226 ipse
747 3172 975 3226 quoque
1004 3159 1320 3225 pateretur,
1352 3155 1524 3210 ﬁdem
1555 3156 1663 3210 sibi
1710 3157 1781 3210 ab
1810 3156 2129 3227 Augustino

426 3244 551 3299 dari
575 3242 775 3310 voluit,
812 3259 933 3296 sese
953 3243 1022 3296 ab
1043 3259 1109 3296 eo
1138 3243 1535 3312 presbyterum
1560 3243 1804 3317 invitum
1831 3261 2127 3315 nunquam

427 3331 752 3386 ordinatum
774 3325 852 3383 iri
877 3331 1075 3399 (Epist.
1112 3333 1233 3395 126,
1263 3347 1318 3384 n.
1356 3330 1441 3399 1):
1487 3331 1628 3400 quin
1658 3337 1715 3384 et
1755 3331 1865 3401 ipsi
1904 3332 2129 3402 pollici-

430 3425 522 3475 tus
559 3425 641 3474 est
671 3423 896 3473 sanctus
934 3417 1262 3489 Episcopus,
1301 3423 1367 3471 ut
1391 3435 1516 3472 eam
1543 3418 1880 3489 dignitatem
1909 3420 2129 3491 accipe-

431 3513 539 3576 ret,
569 3513 859 3563 auctorem
892 3523 950 3560 se
988 3522 1053 3559 ac
1099 3522 1388 3560 suasorem
1415 3506 1469 3559 ei
1499 3523 1616 3559 non
1652 3507 1913 3561 futurum
1945 3509 2129 3577 (Ibid,

428 3613 485 3650 η.
535 3598 608 3665 2).
662 3596 835 3666 Cujus
881 3594 1166 3666 promissi,
1220 3595 1419 3648 saltem
1456 3595 1607 3665 quod
1650 3596 1719 3649 ad
1752 3595 2128 3665 posteriorem

429 3689 672 3756 partem,
725 3684 884 3738 testis
933 3690 1146 3754 praeter
1194 3700 1398 3751 unum,
1435 3683 1587 3738 haud
1622 3683 1795 3738 dubie
1837 3684 2127 3755 Alypium,

431 3772 530 3842 qui
573 3777 697 3825 tum
726 3771 872 3825 forte
902 3786 1029 3824 cum
1063 3771 1299 3835 Piniano
1332 3771 1592 3842 Hippone
1622 3771 1975 3841 versabatur,
2004 3774 2130 3825 nul-

429 3859 519 3912 lus
547 3858 672 3911 fuit.
704 3856 976 3910 Pinianus
1003 3857 1197 3911 multis
1226 3858 1511 3928 variisque
1562 3859 1898 3913 muneribus
1938 3863 2130 3930 Augu-

430 3944 643 3997 stinum
672 3943 918 4006 donavit,
952 3944 1159 4014 quibus
1186 3944 1280 3998 hic
1308 3950 1480 4015 prout
1498 3946 1777 4017 judicavit
1798 3948 2126 4002 conducibi-

428 4032 539 4086 lius
580 4036 768 4099 utens,
806 4047 874 4085 ea
917 4031 1126 4101 partim
1174 4032 1390 4086 clericis
1433 4049 1498 4087 ac
1545 4034 1861 4102 monachis,
1913 4036 2125 4105 partim

426 4119 584 4176 laicis
613 4119 953 4191 quibusdam
983 4118 1377 4190 indigentibus
1405 4119 1696 4175 distribuit
1733 4121 1921 4192 (Ibid,
1951 4139 2007 4176 η.
2047 4124 2122 4192 8).

428 4210 603 4263 Porro
633 4208 786 4263 hisce
821 4206 1046 4277 opibus,
1079 4223 1219 4277 quas
1247 4208 1568 4279 Augustino
1598 4212 1769 4280 atque
1800 4210 2001 4281 Alypio
2031 4211 2125 4265 Pi-

425 4296 631 4351 nianus
668 4295 949 4361 tradebat,
980 4294 1218 4361 factum,
1249 4300 1313 4349 ut
1359 4296 1525 4350 ambo
1555 4296 1639 4350 illi
1667 4302 2021 4363 vererentur,
2052 4314 2124 4352 ne

425 4384 485 4438 in
523 4384 905 4455 suspicionem
933 4382 1148 4454 iniquae
1175 4383 1968 4453 dispensationisinciderent.
2005 4388 2126 4451 Qua

425 4471 484 4525 in
515 4488 575 4526 re
601 4489 730 4527 cum
750 4471 889 4542 ipsis
917 4471 1152 4526 minime
1177 4472 1462 4526 sufficeret
1484 4473 1846 4527 conscientias
1872 4474 2124 4544 propria:

425 4559 841 4625 testimonium,
870 4560 969 4615 sed
994 4560 1312 4614 curandum
1338 4564 1486 4614 esset
1508 4566 1808 4631 praeterea,
1840 4566 1924 4628 ut,
1947 4577 2125 4632 quan-

425 4651 546 4700 tum
576 4648 951 4702 abhorrerent
989 4665 1021 4701 a
1049 4648 1236 4702 studio
1267 4647 1505 4718 privatas
1535 4647 1820 4714 utilitatis,
1866 4649 2120 4703 homini-

424 4735 551 4801 bus,
592 4750 734 4804 quos
780 4751 847 4788 ex
901 4736 1189 4791 dominico
1224 4739 1513 4806 praecepto
1566 4736 1809 4799 erudire,
1843 4737 2123 4807 quibusve

425 4821 496 4876 ad
522 4821 793 4891 pietatem
828 4824 1087 4894 exemplo
1133 4841 1233 4879 suo
1268 4823 1476 4893 praeire
1514 4824 1875 4891 tenebantur,
1906 4824 2124 4879 clarum

420 4914 805 4980 tcstatumque
849 4911 1153 4965 redderent
1201 4912 1397 4982 (Epist.
1454 4914 1577 4980 125,
1618 4927 1680 4967 η.
1736 4915 1809 4981 2),
1862 4914 2123 4968 collocuti

422 5003 555 5054 sunt
583 4999 653 5053 de
693 4998 798 5052 hoc
828 4997 976 5053 inter
1004 5016 1085 5062 se,
1125 5004 1183 5055 et
1236 5018 1351 5071 qua
1397 5001 1619 5056 ratione
1664 5002 1924 5056 Ecclesia:
1967 5002 2121 5070 filiis,

423 5087 537 5142 imo
567 5092 624 5141 et
653 5085 1009 5153 adversariis,
1042 5088 1279 5156 planum
1311 5089 1584 5159 facerent,
1637 5089 1695 5142 in
1721 5089 2125 5144 administran-

418 5178 503 5233 dis
532 5176 699 5232 bonis
724 5174 1114 5232 ecclesiasticis
1159 5181 1381 5231 mentes
1413 5193 1544 5231 suas
1590 5178 1748 5231 nulla
1798 5177 2124 5248 cupiditatis

418 5271 515 5321 aut
540 5264 791 5320 avaritias
810 5268 943 5318 nota
971 5262 1285 5333 inquinari,
1308 5280 1501 5319 coram
1540 5266 1884 5319 conferendo
1916 5265 2017 5337 inq
2033 5265 2123 5320 ui-

417 5352 764 5424 siere(1bid.,
795 5368 850 5406 n.
880 5354 927 5406 1.
957 5354 1007 5405 et
1034 5352 1211 5419 Epist.
1247 5352 1365 5419 126,
1396 5368 1453 5406 n.
1477 5352 1547 5421 9).
1574 5352 1710 5416 Quae
1731 5352 1918 5407 cautio
1947 5369 2121 5423 quam

416 5440 556 5509 ipsis
583 5439 900 5495 necessaria
927 5438 1148 5502 fuisset,
1183 5439 1371 5507 patuit
1399 5456 1464 5494 cx
1493 5440 1808 5494 tentatione
1848 5441 2116 5511 quadam,

415 5542 545 5596 qua:
577 5528 677 5581 Dei
700 5528 989 5598 permissu
1030 5541 1145 5581 non
1187 5527 1371 5582 multo
1399 5532 1528 5598 post
1556 5532 1818 5598 tempore
1859 5528 2116 5599 contigit.

1608 314 1781 369 Vl'l‘A
1834 313 1888 367 s.
1947 310 2333 369 AUGUSTINI
2391 312 2730 368 EPISCOPI.
3518 294 3527 299 ’
3741 322 3811 372 tuo

2309 436 2363 490 4.
2398 435 2629 489 Factum
2660 432 2815 487 enim
2852 435 2957 498 est,
2986 434 3054 485 ut
3079 431 3435 491 ecclesiastico
3459 435 3604 489 emtui
3626 452 3730 491 cum
3751 439 3813 493 in.

2238 526 2517 577 teressent
2547 520 2855 591 aliquando
2880 535 2997 574 una
3025 535 3155 573 cum
3183 519 3372 590 Alypio
3401 520 3629 576 Pinianus
3653 541 3706 577 ac
3741 527 3816 580 lle-

2238 610 2412 680 lania,
2441 610 2706 664 universa
2733 608 2915 678 plebs,
2948 607 3191 662 necdum
3222 606 3451 661 dimissis
3472 610 3818 680 catechumenis,

2241 699 2512 754 Pinianus
2558 696 2668 752 sibi
2707 696 2769 751 in
2811 696 3212 767 presbyterum
3260 695 3496 750 ordinari
3530 698 3713 768 magnis
3744 702 3819 753 cla-

2241 788 2499 842 moribus
2528 785 2813 857 flagitaret
2853 786 3058 858 (Epist.
3095 787 3215 850 126,
3243 800 3332 839 nn.
3383 787 3485 839 1-3.
3525 786 3591 855 5).
3632 786 3696 840 Ad
3737 803 3823 841 eam

2240 876 2472 929 accessit
2516 873 2892 944 Augustinus,
2938 877 2999 927 at
3035 888 3297 926 concessa
3341 887 3520 926 eorum
3562 873 3824 929 clamoribus

2239 964 2398 1018 brevi
2428 979 2607 1029 mora,
2653 961 2713 1015 id
2770 960 2878 1016 sibi
2925 960 3216 1031 integrum
3272 975 3385 1014 non
3432 976 3560 1030 esse,
3598 968 3828 1031 propterea

2240 1051 2395 1122 quod
2422 1050 2664 1105 invitum
2691 1048 2855 1103 illum
2881 1048 2951 1103 ab
2982 1064 3041 1102 se
3065 1052 3441 1102 consecratum
3464 1064 3567 1102 non
3586 1048 3647 1101 iri
3667 1050 3826 1119 promi-

2239 1138 2424 1203 sisset,
2464 1136 2798 1192 declaravit:
2830 1134 3114 1207 simulque
3163 1134 3390 1201 addidit,
3426 1135 3469 1189 si
3504 1139 3673 1189 contra
3706 1136 3825 1190 fidem

2239 1242 2271 1279 a
2310 1241 2369 1279 se
2405 1225 2597 1279 datam
2620 1224 2920 1278 Pinianum
2960 1224 3238 1278 haberent
3272 1222 3649 1295 presbyterum,
3678 1222 3767 1276 fore
3788 1230 3827 1275 ut

2238 1330 2297 1367 se
2321 1314 2514 1383 ipsum
2542 1312 2872 1383 episcopum
2917 1327 3033 1365 non
3083 1311 3373 1366 haberent.
3420 1309 3610 1373 Quibus
3641 1310 3767 1363 dictis
3783 1311 3827 1364 ad

2239 1402 2433 1457 sedem
2478 1416 2642 1454 suam
2672 1416 2732 1454 se
2761 1399 2998 1470 recepit,
3031 1415 3205 1469 quam
3236 1398 3297 1452 in
3325 1415 3388 1452 eo
3416 1397 3518 1451 loci
3545 1397 3774 1461 subsellia,
3795 1401 3831 1450 et

2238 1505 2373 1544 mox
2401 1487 2655 1543 absidem
2686 1484 2885 1553 vocat;
2918 1488 3070 1558 quod
3101 1503 3284 1557 genus
3313 1476 3429 1540 erat
3455 1485 3675 1556 suggesti
3696 1484 3829 1538 multis

2239 1574 2508 1644 gradibus
2527 1574 2935 1644 editius(lbid.,
2967 1590 3025 1627 η.
3052 1576 3123 1644 1).
3146 1574 3396 1629 Aderant
3407 1589 3612 1645 quoque
3628 1572 3829 1627 Pinianus

2239 1666 2296 1715 et
2334 1662 2594 1728 Melania,
2645 1662 2745 1716 sed
2788 1662 3051 1715 nonnihil
3105 1661 3309 1716 remoti
3355 1660 3422 1715 ab
3465 1659 3750 1729 Augustino,
3784 1659 3829 1712 ad

2238 1766 2412 1820 quem
2437 1755 2775 1821 augescente
2796 1750 3049 1805 tumultu
3077 1751 3207 1821 (nec
3231 1748 3383 1804 enim
3425 1765 3548 1803 eum
3571 1747 3745 1802 sedavit
3762 1750 3834 1801 An-

2241 1838 2434 1892 tistitis
2507 1838 2822 1909 responsio)
2884 1843 3246 1892 accesserunt
3306 1840 3490 1908 (Epist.
3547 1840 3651 1902 125,
3687 1851 3734 1890 η.
3780 1837 3832 1899 2).

2238 1926 2679 1995 Aliquantulum,
2710 1926 2900 1998 inquit
2927 1930 3152 1981 sanctus
3199 1926 3429 1990 Praasul,
3469 1926 3716 1994 inopinata
3759 1937 3835 1975 mea

2237 2017 2578 2084 responsione
2612 2017 2850 2069 cunctati
2887 2019 3048 2083 atque
3076 2015 3304 2082 turbati,
3341 2015 3478 2069 velut
3518 2016 3705 2082 ﬂamma
3735 2015 3837 2064 reum

2237 2104 2522 2172 paululum
2546 2118 2762 2172 pressa,
2785 2103 2978 2156 deinde
2997 2107 3270 2173 cwperunt
3292 2103 3454 2157 multo
3482 2100 3720 2155 ardentius
3738 2099 3836 2152 erci-

2241 2193 2352 2245 tari
2376 2209 2390 2258 ;
2423 2194 2793 2247 existimantes
2820 2194 2942 2261 ﬁeri
2960 2206 3134 2261 posse,
3157 2196 3220 2247 ut
3247 2193 3330 2246 vel
3358 2192 3491 2246 mihi
3503 2193 3837 2256 extorqueretur.

2238 2278 2378 2333 illud
2405 2295 2511 2333 non
2566 2295 2782 2334 servare
2826 2282 3175 2349 promissum,
3212 2281 3299 2334 vel
3336 2295 3402 2333 ne
3436 2282 3621 2333 tenente
3655 2275 3839 2345 promissi

2238 2366 2418 2435 fidem,
2441 2367 2512 2423 ab
2541 2368 2649 2421 alio
2677 2369 2921 2437 episcopo
2956 2367 3327 2421 ordinaretur.
3356 2365 3589 2420 Dicebam
3613 2378 3691 2431 ego
3707 2361 3839 2431 quibus

2236 2459 2500 2523 poteram,
2525 2458 2622 2523 qui
2649 2456 2724 2509 ad
2748 2470 2844 2509 nos
2872 2458 2932 2509 in
2960 2454 3201 2509 absidem
3245 2455 3594 2510 honoratiores
3619 2455 3662 2505 et
3687 2450 3838 2516 gravie-

2238 2558 2323 2596 res
2353 2544 2725 2611 ascenderant,
2757 2558 2852 2597 nec
2877 2560 2912 2596 a
2934 2545 3195 2612 promissi
3222 2543 3335 2613 fide
3361 2558 3442 2596 me
3463 2555 3607 2611 posse
3641 2537 3839 2597 dimoum‘,

2238 2646 2333 2685 nec
2359 2632 2427 2684 ab
2458 2632 2566 2685 alio
2595 2634 2840 2701 episcopo
2871 2633 2929 2685 in
2975 2632 3214 2686 Ecclesia
3258 2632 3397 2685 mihi
3444 2628 3653 2695 tradita,
3691 2626 3774 2679 m‘si
3793 2637 3841 2674 me

2238 2721 2569 2787 interrogato
2601 2734 2665 2773 ac
2690 2721 3048 2788 permittente,
3074 2734 3233 2788 posse
3258 2719 3535 2783 ordinari;
3560 2713 3685 2784 quod
3706 2714 3743 2766 si
3761 2725 3841 2781 per-

2239 2809 2523 2875 mitterem,
2548 2824 2583 2860 a
2608 2808 2714 2876 ﬁde
2744 2808 3093 2861 nihilominus
3124 2806 3416 2861 deviarem.
3447 2804 3699 2860 Addebam
3717 2802 3842 2859 etiam,

2237 2896 2380 2949 nihil
2407 2910 2491 2948 eos
2519 2896 2671 2961 velle,
2703 2897 2754 2948 si
2781 2894 3122 2949 ordinaretur
3149 2897 3379 2958 uiuitus,
3425 2895 3531 2948 nisi
3554 2897 3608 2946 ut
3639 2888 3842 2944 ordinum

2239 2983 2562 3037 abscederet.
2604 2985 2694 3038 Illi
2714 2984 2808 3038 hoc
2830 2999 2988 3053 posse
3014 2986 3135 3053 ﬁeri
3164 3000 3273 3038 non
3303 2982 3596 3038 credebant.
3631 2972 3844 3034 Multitudo

2237 3087 2361 3125 vero
2380 3087 2484 3141 pro
2511 3071 2777 3138 gradibus
2806 3074 3120 3138 constituta,
3149 3071 3414 3126 horrendo
3446 3074 3495 3124 et
3516 3063 3842 3139 perseverantis-

2236 3162 2371 3213 simo
2399 3161 2691 3214 clamorum
2735 3161 2961 3226 fremitu
3006 3163 3065 3213 in
3107 3160 3296 3215 eadem
3323 3160 3589 3213 voluntate
3608 3155 3846 3226 persistens.

2237 3247 2467 3302 incertos
2522 3250 2697 3302 animi
2737 3248 3057 3316 consiliique
3101 3246 3346 3314 faciebat
3391 3247 3576 3317 (Epist.
3620 3245 3718 3307 126,
3738 3256 3778 3292 η.
3802 3236 3845 3303 l).

2237 3336 2379 3389 Tum
2410 3352 2542 3390 vero
2573 3335 2821 3406 populus
2873 3336 3053 3388 multa
3093 3335 3350 3389 convicia
3379 3334 3439 3388 in
3468 3330 3706 3404 Alypium
3729 3322 3847 3393 conjiv

2237 3439 2385 3490 cere,
2426 3423 2589 3495 quasi
2637 3439 2750 3476 non
2799 3423 2873 3477 ob
2920 3423 3077 3477 aliud
3122 3427 3361 3493 cuperet
3404 3421 3684 3478 Pinianum
3721 3425 3847 3468 secum

2237 3510 2508 3579 retinere,
2539 3510 2647 3564 nisi
2682 3515 2742 3563 ut
2780 3510 2903 3581 ejus
2938 3511 3394 3565 munificentiam
3441 3526 3504 3565 ac
3538 3504 3849 3564 liberalitatem

2237 3599 2299 3652 in
2326 3598 2591 3669 proprios
2620 3614 2755 3652 usus
2783 3603 3157 3653 converteret.
3191 3598 3288 3653 His
3330 3596 3647 3669 gravissime
3675 3602 3851 3646 commo-

2238 3692 2330 3740 tus
2368 3692 2454 3741 est
2480 3686 2863 3757 Augustinus;
2895 3686 3117 3741 tametsi
3152 3702 3503 3759 quemquam
3532 3701 3561 3739 e
3595 3679 3772 3737 clericis
3791 3678 3851 3727 aut

2238 3775 2535 3829 monachis
2573 3773 2951 3845 praesentibus
2997 3774 3149 3829 haud
3198 3774 3569 3847 comperisset
3609 3784 3711 3825 esse
3744 3775 3850 3818 reum

2236 3862 2391 3917 illius
2419 3863 2648 3934 injuriae
2680 3864 2878 3931 (Epist.
2933 3865 3032 3917 125
3074 3879 3131 3917 η.
3164 3864 3242 3933 5).
3291 3864 3392 3918 sed
3438 3866 3648 3916 tantum
3686 3849 3849 3923 imperi-

2237 3955 2360 4003 tum
2388 3951 2614 4021 vulgus,
2646 3950 2801 4021 quod
2828 3966 3183 4022 compescere
3204 3967 3327 4006 non
3357 3951 3533 4007 valuit
3561 3947 3717 4010 (Ibid,
3742 3959 3781 3996 π.
3804 3940 3849 4001 2),

2235 4038 2504 4108 quodque
2532 4042 2650 4092 tam
2678 4037 2899 4107 ingenti
2928 4043 3084 4093 reatu
3116 4055 3221 4109 per
3253 4039 3452 4111 Alypii
3491 4037 3743 4093 orationes
3774 4039 3851 4080 me-

2233 4128 2428 4178 reatur
2482 4124 2717 4194 absolvi,
2767 4126 3132 4180 vehementer
3176 4128 3341 4197 cupit
3397 4129 3586 4198 (Epist.
3619 4125 3723 4188 126,
3746 4135 3786 4171 η.
3812 4116 3853 4175 ll-

2236 4213 2300 4266 In
2328 4212 2418 4266 his
2446 4212 2650 4281 turbis,
2679 4217 2803 4267 tum
2823 4213 2966 4284 ipse,
2999 4220 3120 4268 tum
3150 4216 3396 4285 Alypius
3422 4233 3486 4269 ac
3516 4212 3751 4268 Pinianus
3781 4216 3851 4257 non

2234 4299 2524 4355 immerito
2587 4307 2839 4356 extrema
2900 4303 3095 4356 omnia
3145 4303 3553 4359 formidabant.
3593 4292 3855 4355 Timendum

2233 4388 2445 4459 quippe
2476 4394 2619 4455 erat,
2640 4406 2706 4444 ne
2732 4392 2911 4459 aliqui
2932 4391 3160 4460 perditi,
3190 4391 3273 4445 ait
3302 4391 3666 4463 Augustinus,
3678 4385 3757 4455 qui
3768 4376 3856 4433 mut

2233 4477 2462 4531 titudini
2490 4480 2653 4532 etiam
2685 4479 2940 4532 bonorum
2960 4481 3277 4557 plerumque
3305 4483 3618 4545 miscentur,
3652 4469 3853 4529 occasion:

2232 4566 2512 4622 seditionis
2555 4571 2605 4620 et
2634 4569 2795 4634 quasi
2811 4568 2979 4634 justw
3007 4553 3409 4634 indignationis
3442 4570 3664 4630 inventa,
3704 4563 3752 4614 in
3782 4553 3853 4607 αλέ-

2233 4669 2397 4722 quam
2415 4656 2525 4707 vim
2539 4656 2854 4709 sceleratam
2866 4657 3192 4723 rapinarum
3211 4656 3518 4726 cupiditate
3525 4642 3857 4725 prorumpam

2232 4742 2430 4812 (Epist.
2463 4743 2582 4801 125,
2615 4758 2670 4797 n.
2707 4745 2759 4807 3,
2793 4746 2842 4796 et
2864 4745 3042 4812 Epist.
3076 4746 3195 4810 1‘26,
3227 4759 3284 4798 n.
3317 4744 3390 4815 1).

2303 4833 2356 4884 5.
2380 4829 2599 4884 Adduci
2627 4846 2747 4884 non
2774 4830 2961 4899 potuit
2981 4831 3248 4900 praesenti
3273 4832 3535 4902 periculo
3562 4822 3859 4899 Augustinus.

2231 4922 2297 4972 ut
2324 4917 2412 4971 vel
2444 4918 2631 4973 obiter
2658 4917 2898 4973 Piniano
2929 4919 3213 4984 suaderet,
3256 4921 3463 4991 populi
3508 4912 3754 4973 voluntati
3780 4922 3859 4962 ωο-

2231 5022 2353 5059 rem
2389 5020 2610 5076 gerere,
2649 5005 2877 5060 tametsi
2921 5007 3029 5061 hoc
3058 5023 3117 5061 se
3162 5023 3279 5062 non
3316 5009 3623 5071 facturum,
3650 5017 3750 5058 uno
3774 5001 3860 5049 tan-

2231 5096 2351 5145 tum
2380 5096 2521 5147 teste
2542 5098 2847 5163 praesente,
2876 5099 3077 5163 pactus
3099 5096 3583 5152 esset.Abscedere
3609 5087 3861 5160 cogitang

2229 5179 2450 5250 ίηίίυίῐε
2478 5181 2574 5234 sed
2593 5181 3151 5252 metumdum'fuit,ne
3165 5186 3341 5250 magis
3361 5200 3448 5238 me
3470 5185 3676 5238 absente
3686 5172 3863 5232 atrocius

2230 5268 2368 5336 quid
2418 5269 2622 5334 faceret
2661 5274 2711 5324 et
2767 5272 3065 5325 reverentia
3103 5273 3297 5338 minor,
3341 5276 3395 5327 et
3452 5272 3603 5327 dolor
3630 5261 3861 5324 ardentia?-

2229 5355 2430 5410 Deinde
2474 5358 2525 5411 si
2567 5372 2685 5411 cum
2727 5359 2907 5424 fratre
2944 5358 3147 5428 Alypio
3188 5358 3518 5414 discederem
3551 5374 3649 5430 per
3670 5349 3865 5425 Populum

2221 5444 2607 5512 “constipatum,
2641 5445 2939 5500 cavendum
2980 5447 3116 5515 fuit,
3147 5462 3214 5502 ne
3241 5450 3539 5517 quisquam
3564 5450 3622 5501 in
3654 5456 3757 5499 eum
3786 5448 3866 5491 md‘

2228 5545 2357 5584 num
2386 5532 2599 5586 mittere
2627 5531 2849 5587 auderet
2880 5546 2894 5587 :
2926 5534 2978 5588 si
3005 5538 3183 5588 autem
3210 5536 3323 5589 sine
3350 5535 3469 5604 illo,
3515 5532 3785 5603 quzfrons
3806 5532 3865 5573 cs-
