3912 6174
90 264 163 319 to:
1508 250 1712 307 LIBER
1750 248 2022 305 SEXTUS.

87 386 149 437 set
167 377 551 441 acistimationis,
582 375 635 429 si
680 373 815 442 quid
851 374 902 428 ei
925 373 1179 439 fortassis
1209 371 1472 427 accideret
1500 387 1512 427 :
1556 377 1605 428 et
1631 376 1710 426 vi-

91 470 201 523 deret
218 480 316 520 eum
336 466 614 533 propterea
637 462 952 527 deseruisse,
980 465 1045 514 ut
1070 462 1281 527 furenti
1300 461 1498 529 populo
1529 460 1710 515 trade-

92 553 240 609 retur?
270 554 404 606 Inter
444 551 532 604 hos
581 555 743 603 aestus
788 563 930 603 meos
987 563 1312 617 gravemque
1349 563 1626 602 maerorem
1661 552 1713 602 et

94 643 241 697 nullius
262 640 458 693 consilii
481 639 912 707 respirationem,
952 651 1065 691 ecce
1091 640 1307 704 repente
1334 640 1498 706 atque
1524 638 1711 707 inopi-

97 736 188 784 nale
201 731 381 783 strictus
406 728 550 794 ﬁlius
575 730 756 780 noster
791 726 1059 780 Pinianus
1102 726 1273 778 mittit
1296 725 1371 779 ad
1394 740 1475 779 me
1499 740 1713 780 servum

96 820 179 883 Dei,
202 814 503 878 Barnabam,
543 815 640 882 qui
667 815 806 867 mihi
850 813 1050 867 diceret
1095 828 1212 867 eum
1249 826 1304 867 se
1353 814 1488 866 velle
1515 815 1712 883 populo

86 907 242 975 jumre,
270 903 402 973 quod
418 903 469 956 si
482 906 614 956 esset
641 901 927 956 ordinatus
954 902 1159 955 invitus
1185 916 1253 954 etc
1274 901 1475 968 Africa
1490 904 1712 956 omnino

87 992 346 1054 discederet;
383 989 556 1059 credo,
585 991 908 1043 existimans
942 1003 1048 1056 eos,
1081 989 1525 1058 quandoquidem
1561 990 1711 1059 peje-

84 1097 176 1134 rare
196 1095 283 1133 non
318 1083 504 1149 posset,
543 1094 650 1132 non
670 1078 792 1147 jam
818 1079 1048 1132 ulterius
1086 1080 1429 1144 infructuosa
1458 1092 1712 1147 perseve-

82 1171 226 1224 rantia
248 1169 577 1235 clamaturos,
602 1166 677 1219 ad
702 1166 1077 1235 empellendum
1105 1166 1230 1219 hinc
1256 1166 1540 1234 hominem,
1558 1181 1712 1233 quem

80 1260 222 1311 saltem
246 1256 535 1309 deberemus
563 1255 760 1308 habere
780 1256 1038 1308 vicinum.
1067 1255 1206 1308 Mihi
1234 1258 1433 1320 autem,
1465 1256 1595 1321 quia
1624 1256 1713 1307 vi-

82 1346 257 1399 debetur
280 1345 709 1397 vehementiorem
744 1358 926 1397 eorum
965 1343 1200 1396 dolorem
1221 1346 1345 1411 post
1376 1343 1513 1396 hanc
1542 1342 1713 1411 jura-

81 1437 225 1487 tionem
258 1435 419 1499 fuisse
455 1431 816 1498 metuendum,
853 1431 1006 1500 apud
1048 1446 1131 1484 me
1178 1433 1373 1485 tacitus
1421 1430 1588 1484 habui
1616 1448 1632 1484 :
1664 1435 1714 1484 et

82 1524 177 1589 quia
204 1522 349 1575 simul
384 1522 639 1589 petierat,
687 1523 748 1574 ut
790 1520 865 1573 ad
905 1535 1025 1573 eum
1061 1521 1316 1585 venirem,
1362 1534 1470 1573 non
1497 1519 1709 1573 distuli.

80 1610 172 1664 Clem
196 1610 317 1663 mihi
343 1608 571 1664 discisset
590 1609 685 1662 hoc
712 1610 913 1677 ipsum,
942 1610 1194 1662 continuo
1217 1612 1268 1661 et
1291 1606 1432 1661 illud
1451 1606 1715 1675 adjunmit

80 1698 204 1751 cidem
235 1698 518 1767 jurationi,
575 1695 719 1765 quod
760 1698 898 1750 mihi
941 1697 1072 1750 dum
1111 1696 1186 1750 ad
1230 1711 1348 1749 eum
1386 1709 1572 1765 pergo,
1617 1710 1716 1763 per

79 1787 203 1840 alium
239 1788 327 1840 Dei
365 1800 603 1852 servum,
648 1783 984 1851 Timasium,
1035 1783 1418 1853 mandaverat,
1462 1783 1528 1837 de
1564 1798 1715 1852 pra:-

78 1878 206 1929 scntia
245 1875 432 1928 scilicet
489 1889 609 1936 sua,
680 1874 791 1927 hoc
864 1876 967 1938 est,
1040 1873 1296 1943 Hippone
1369 1887 1428 1925 se
1483 1885 1712 1924 reman-

76 1978 244 2029 summ,
267 1965 313 2017 si
344 1964 394 2015 ei
420 1963 709 2016 clericatus
737 1962 1012 2014 sarcinam
1040 1960 1243 2013 nolenti
1266 1959 1448 2014 nullus
1476 1960 1712 2026 impone-

74 2049 147 2099 ret.
181 2048 264 2100 Hie
302 2063 391 2115 ego
441 2050 504 2101 in
546 2050 714 2102 tantis
757 2049 1028 2115 angustiis
1075 2049 1237 2116 quasi
1278 2063 1417 2101 aura
1470 2049 1715 2116 spirante

76 2142 288 2188 recreatus
316 2138 505 2205 (neque
540 2135 687 2192 enim
726 2137 882 2205 potui
908 2138 987 2190 sic
1015 2150 1221 2205 sapere,
1254 2139 1314 2189 ut
1346 2139 1494 2189 tanto
1517 2136 1600 2189 vel
1627 2140 1713 2189 tu-

72 2223 203 2275 multu
226 2225 301 2278 vel
325 2225 620 2293 offensione
661 2226 840 2292 magis
869 2226 1037 2278 everti
1075 2224 1263 2278 vellem
1303 2224 1600 2278 Ecclesium
1627 2225 1717 2277 cui

76 2312 223 2376 servio,
251 2328 403 2380 quam
432 2313 502 2367 id
525 2313 670 2382 quod
700 2329 735 2367 a
765 2312 867 2367 tali
891 2314 1008 2366 viro
1038 2312 1194 2366 nobis
1221 2311 1546 2379 offerebatur
1572 2312 1713 2365 acci-

72 2398 180 2469 pere)
204 2402 330 2456 nihil
347 2404 396 2456 ei
422 2401 721 2471 respondi;
756 2401 850 2456 sed
874 2400 949 2454 ad
983 2402 1216 2467 fratrem
1244 2400 1511 2469 Alypium
1536 2398 1716 2464 gradu

75 2490 359 2543 concitatiore
378 2492 634 2560 per-remi,
655 2491 808 2559 eique
837 2488 973 2558 quid
1000 2488 1230 2556 dixerit,
1252 2487 1396 2541 dixi.
1421 2486 1624 2552 Atille,
1654 2489 1717 2539 ut

71 2578 285 2645 existimo,
313 2578 566 2634 devitans
593 2594 658 2633 ne
707 2578 843 2649 quid
889 2592 945 2632 se
982 2581 1198 2631 auctore
1233 2578 1402 2644 fleret,
1432 2573 1574 2628 unde
1600 2588 1713 2639 vos,

73 2664 281 2720 Albinam
311 2667 644 2739 alloquitur,
686 2666 923 2738 putabat
949 2664 1171 2734 offendi,
1213 2665 1349 2717 Hinc
1375 2677 1477 2728 me,
1509 2663 1712 2729 inquit.

72 2767 183 2808 nemo
206 2757 450 2812 consulat.
491 2757 608 2823 Quo
641 2755 852 2821 audito,
884 2754 959 2809 ad
998 2752 1257 2822 populum
1305 2750 1718 2805 tumultuantem

70 2846 242 2906 perrexi
265 2864 281 2898 :
308 2847 565 2914 factoque
605 2845 837 2901 silentio.
879 2841 1017 2910 quid
1038 2841 1369 2910 promissum
1410 2841 1564 2902 esset,
1597 2852 1717 2891 cum

71 2932 365 2994 promissione
391 2936 562 2987 etiam
583 2933 884 3002 jurationis
914 2931 1129 2999 aperui.
1152 2929 1242 2983 Illi
1254 2942 1399 2993 vero,
1429 2928 1526 2996 qui
1550 2926 1720 2980 solum

70 3016 158 3082 ejus
177 3020 561 3090 presbyterium
601 3018 912 3088 cogitabant
946 3021 1110 3087 atque
1137 3016 1440 3085 cupiebant,
1467 3029 1575 3068 non
1616 3016 1718 3077 ita,

72 3108 117 3154 ut
140 3106 394 3174 putabam,
426 3108 581 3177 quod
607 3107 846 3161 oblatum
873 3109 1059 3172 fuerat
1087 3107 1435 3173 acceperunt;
1464 3101 1558 3156 sed
1581 3104 1721 3155 inter

72 3205 114 3243 se
132 3194 501 3261 aliquantulum
532 3197 902 3259 mussitantes,
921 3195 1228 3262 petiverunt
1253 3195 1317 3244 ut
1342 3190 1635 3244 adderetur
1652 3191 1722 3241 ei-

75 3278 164 3333 dem
184 3286 513 3351 promissioni
534 3288 700 3352 atque
706 3282 1000 3352 jurationi,
1019 3285 1081 3334 ut
1103 3283 1155 3334 si
1174 3279 1390 3348 quando
1410 3279 1495 3332 illi
1518 3278 1592 3332 ad
1609 3292 1723 3332 sus-

72 3371 330 3445 cipiendum
364 3374 684 3427 clericatum
727 3371 1023 3425 consentire
1062 3369 1375 3437 placuisset,
1419 3367 1638 3420 nonnisi
1663 3367 1723 3419 in

71 3456 166 3522 ipsa
204 3460 526 3528 Hipponensi
576 3459 796 3514 ecclesia
842 3458 1160 3511 consentiret
1205 3471 1218 3510 :
1270 3453 1459 3508 ethoc
1486 3469 1554 3507 ea
1602 3469 1720 3523 spe,

71 3544 175 3613 quia
200 3563 294 3617 per
317 3548 470 3602 illam
499 3546 869 3618 prmsentiam
898 3544 1176 3599 creditum
1198 3546 1283 3597 est
1301 3557 1433 3596 eum
1451 3541 1623 3595 etiam
1652 3540 1725 3595 ad

70 3631 346 3690 clericatum
397 3634 831 3705 suscipiendum
873 3649 1037 3704 posse
1092 3629 1547 3687 desiderantibus
1585 3644 1723 3683 con-

72 3720 260 3777 sentire.
300 3726 482 3779 Betuli
507 3723 587 3777 ad
632 3738 788 3788 eum;
836 3725 953 3776 sine
987 3721 1324 3775 dubitatione
1364 3720 1580 3773 annuit.
1617 3719 1725 3772 Re-

70 3811 279 3864 nuntiavi
297 3813 435 3878 illis;
470 3813 648 3867 laetati
673 3815 827 3876 sunt;
851 3815 902 3864 et
918 3824 1043 3863 mozc
1057 3809 1390 3878 jurationem
1423 3807 1727 3875 pollicitam

68 3904 390 3963 poposcerunt.
434 3901 656 3956 Reverti
683 3898 758 3952 ad
793 3898 966 3967 filium
992 3900 1255 3961 nostrum,
1287 3909 1509 3963 eumque
1544 3894 1730 3946 inveni

71 3984 386 4055 ﬂuctuantem,
436 3987 770 4058 quibusnam
796 3985 974 4039 verbis
1002 3982 1378 4052 comprehendi
1414 3984 1594 4051 posset
1628 3980 1730 4034 illa

71 4074 440 4141 wmjuratione
464 4077 783 4145 promissio,
820 4077 1046 4144 propter
1072 4072 1411 4126 necessitates
1439 4071 1728 4135 irruentes,

71 4175 167 4225 qua
188 4168 386 4230 possent
404 4180 529 4218 eum
548 4167 610 4217 ut
636 4162 941 4217 abscederet
966 4175 1170 4229 cogere.
1202 4159 1377 4215 Simul
1405 4159 1569 4211 etiam
1595 4155 1731 4224 quid

74 4248 246 4304 timeret
269 4252 519 4320 ostendit,
557 4267 623 4305 ne
651 4254 776 4319 quis
804 4251 1054 4305 irruisset
1082 4249 1292 4302 hostilis
1333 4248 1603 4309 incursus,
1636 4245 1734 4312 qui

70 4340 178 4389 esset
196 4337 510 4395 discessione
532 4339 810 4394 vitandus.
849 4338 1069 4393 Volebat
1096 4336 1235 4391 addi
1256 4338 1447 4389 sancta
1474 4333 1731 4400 Melania,

71 4427 112 4475 ετ
134 4429 257 4481 aeris
282 4428 524 4482 morbidi
542 4429 905 4482 causationem
931 4444 947 4479 :
979 4425 1074 4479 sed
1102 4425 1250 4479 illius
1278 4423 1619 4492 responsione
1644 4435 1733 4473 re-

69 4512 295 4578 prehensa
329 4521 427 4571 est.
468 4520 587 4585 Ego
627 4520 804 4570 autem
842 4515 987 4580 dimi,
1026 4528 1245 4582 gravem
1282 4511 1351 4565 ab
1397 4511 1490 4564 illo
1532 4513 1583 4563 et
1627 4523 1735 4562 non

73 4604 471 4659 contemnendam
515 4619 735 4659 causam
761 4603 1095 4658 necessitatis
1130 4602 1416 4668 ingestam,
1449 4612 1567 4667 qua:
1594 4599 1733 4652 cives

72 4690 205 4744 etiam
239 4694 507 4760 emigrare
542 4692 873 4763 compelleret
903 4708 919 4744 :
966 4688 1061 4744 sed
1105 4690 1155 4743 si
1192 4688 1301 4742 haec
1344 4687 1542 4756 populo
1590 4686 1732 4739 dice-

70 4783 242 4846 rentur,
274 4782 577 4836 timendum
597 4795 727 4847 esse,
756 4794 823 4833 ne
849 4779 989 4833 male
1021 4791 1118 4832 nos
1154 4777 1389 4831 ominari
1407 4775 1733 4836 videremur;

71 4866 111 4915 εἰ
164 4872 330 4923 autem
384 4871 489 4925 sub
567 4870 900 4924 necessitatis
965 4866 1179 4920 nomine
1232 4866 1381 4933 fieret
1436 4863 1733 4925 excusatio,

69 4958 254 5011 nonnisi
316 4958 735 5024 fraudulentam
802 4956 1168 5010 necessitatem
1237 4952 1443 5021 putari.
1524 4951 1737 5004 Placuit

74 5046 227 5098 tamen
268 5052 329 5100 ut
369 5046 438 5100 de
482 5047 583 5100 hac
627 5061 685 5101 re
731 5044 921 5115 populi
959 5044 1202 5096 animum
1246 5040 1645 5109 experiremur;
1689 5040 1739 5090 et

70 5131 185 5186 nihil
233 5135 390 5189 aliud
432 5149 600 5203 quam
644 5134 724 5200 id,
782 5131 927 5202 quod
964 5135 1374 5200 putaveramus,
1414 5127 1736 5181 invenimus.

72 5217 184 5273 Nam
208 5237 325 5277 cum
362 5224 487 5292 ejus
534 5223 697 5277 verba
746 5238 782 5275 a
826 5221 1051 5275 diacono
1096 5218 1247 5272 dicta
1273 5217 1650 5279 recitarentur,
1690 5218 1741 5267 et

70 5311 225 5362 omnia
268 5311 636 5379 placuissent;
687 5310 784 5365 ubi
810 5323 998 5363 nomen
1041 5306 1381 5374 interpositae
1411 5302 1741 5356 necessitatis

70 5396 304 5466 insonuit,
328 5402 590 5454 continuo
620 5400 970 5454 reclamatum
1003 5399 1101 5461 est,
1136 5392 1526 5463 promissioque
1553 5388 1744 5457 displi-

72 5486 182 5551 cuit,
212 5489 447 5543 tumultu
484 5487 898 5551 recrudescente,
925 5489 976 5539 et
1002 5481 1143 5538 nihil
1172 5479 1327 5535 aliud
1350 5492 1517 5545 quam
1543 5475 1745 5541 fraude

3416 251 3522 305 402

1819 388 1995 428 secum
2034 374 2128 438 agi
2161 373 2361 441 populo
2406 372 2772 425 emistimante.
2819 371 2931 437 Quo
2973 385 3093 424 cum
3130 375 3350 425 sanctus
3377 373 3522 439 filius

1818 466 1998 515 noster
2022 460 2266 525 vidisset,
2302 460 2473 528 jussit
2502 458 2628 512 inde
2665 459 2889 524 auferri
2925 473 3115 511 nomen
3144 460 3519 524 necessitatis;

1818 564 2143 616 rursumque
2163 549 2237 601 ad
2256 548 2504 601 laetitiam
2523 546 2761 615 populus
2776 547 3051 599 remeavit.
3073 547 3280 599 Etcum
3303 547 3523 600 lassitu-

1821 637 2000 691 dinem
2028 651 2363 700 emcusarem,
2386 636 2500 688 sine
2526 649 2608 687 me
2630 634 2704 687 ad
2727 634 2934 702 plebem
2953 632 3201 686 accedere
3220 633 3394 686 noluit
3422 649 3435 686 :
3458 636 3526 687 si-

1820 725 1933 777 mul
1961 726 2299 778 accessimus.
2334 725 2488 777 Dixit
2518 725 2584 789 ei,
2611 739 2729 790 qua
2755 739 2790 776 a
2814 723 3036 776 diacono
3066 722 3260 776 audita
3279 726 3453 788 erant,
3471 736 3525 774 se

1820 813 2126 878 mandasse,
2142 827 2197 865 se
2205 812 2447 881 jurasse,
2470 827 2637 879 eaque
2658 828 2713 865 se
2730 827 2840 865 esse
2853 812 3152 876 facturum,
3169 813 3526 877 continuoque

1821 902 2002 955 omnia
2024 916 2081 955 eo
2112 905 2305 967 tenore,
2341 915 2444 967 quo
2475 900 2795 964 dictaverat,
2824 903 3137 967 prosecutus
3166 902 3264 953 est.
3294 900 3524 965 Respon-

1820 1004 1938 1043 sum
1953 993 2051 1054 est,
2067 991 2170 1042 Deo
2186 990 2420 1055 gratias,
2441 991 2488 1041 el
2501 990 2731 1056 petitum
2751 992 2811 1041 ut
2832 992 2999 1040 totum
3014 988 3276 1054 scriptum
3294 985 3526 1038 subscri-

1823 1077 2050 1131 beretur.
2082 1077 2398 1131 Dimisimus
2428 1077 2848 1141 catechumenos,
2876 1075 3230 1140 continuoque
3260 1074 3525 1140 scriptum

1820 1165 2161 1232 subscripsit.
2193 1163 2393 1216 Deinde
2416 1164 2534 1231 peti
2560 1164 2812 1231 coepimus
2854 1176 2949 1215 nos
2989 1162 3245 1230 episcopi,
3286 1174 3393 1213 non
3430 1175 3520 1212 vo-

1821 1253 1972 1307 cibus
1999 1252 2211 1320 populi,
2248 1251 2342 1304 sed
2380 1254 2557 1303 tamen
2605 1266 2640 1302 a
2681 1249 2882 1317 populo
2914 1264 3015 1316 per
3044 1249 3285 1301 honestos
3322 1247 3525 1315 ﬁdeles,

1820 1343 1881 1391 ut
1905 1352 1998 1391 nos
2029 1351 2238 1405 quoque
2266 1335 2741 1389 subscriberemus.
2774 1334 2850 1387 At
2879 1334 2975 1386 ubi
3000 1335 3136 1402 ccepi
3167 1332 3520 1392 subscribere.

1820 1429 2011 1479 sancta
2032 1423 2270 1477 Melania
2289 1421 2645 1476 contradirrit.
2674 1423 2906 1475 Miratus
2926 1435 3047 1474 sum
3064 1435 3232 1487 quare
3255 1423 3367 1473 tam
3387 1434 3524 1480 sero,

1822 1515 1984 1583 quasi
2021 1513 2429 1581 promissionem
2456 1510 2609 1564 illum
2656 1513 2706 1562 et
2736 1509 3072 1577 jurationem
3105 1522 3220 1565 nos.
3262 1522 3368 1560 non
3398 1507 3528 1560 sub-

1820 1600 2124 1665 scribendo,
2156 1602 2338 1665 facere
2362 1612 2639 1668 possemus
2677 1599 2954 1663 infectam.
2988 1595 3093 1650 Sed
3125 1599 3300 1648 tamen
3321 1594 3527 1647 obtem—

1819 1690 2030 1760 peravi,
2049 1704 2112 1742 ac
2128 1689 2206 1741 sic
2220 1688 2481 1740 remansit
2499 1700 2617 1738 mea
2636 1699 2744 1737 non
2772 1684 2935 1752 plena
2953 1682 3308 1750 subscriptio;
3331 1695 3422 1733 nec
3444 1680 3528 1733 ul-

1824 1782 1912 1831 tra
1938 1776 2091 1830 nobis
2123 1777 2435 1843 quisquam,
2474 1777 2534 1826 ut
2564 1771 3040 1835 subscriberemus,
3072 1770 3287 1837 putavit
3314 1770 3526 1820 instan-

1821 1865 1951 1919 dum
1983 1865 2184 1935 (Epist.
2242 1862 2384 1931 123).
2419 1862 2525 1914 Per
2563 1876 2657 1914 eas
2694 1858 2890 1912 turbas
2927 1856 3151 1911 Albinae
3183 1854 3363 1909 sancti
3398 1853 3523 1919 lilii,

1824 1952 2095 2007 Pinianus
2121 1949 2335 2004 scilicet
2361 1965 2424 2002 ac
2455 1947 2719 2014 Melania,
2759 1945 2861 2017 qui
2889 1948 3052 1998 erant
3082 1944 3144 1996 in
3173 1942 3388 2007 abside,
3419 1957 3523 2011 pa-

1823 2042 1939 2095 lam
1965 2038 2152 2110 questi
2191 2042 2344 2099 sunt,
2374 2052 2494 2090 non
2522 2035 2920 2105 presbyterum
2950 2031 3020 2085 ab
3047 2027 3527 2101 Hipponensibus,

1823 2128 1921 2182 sed
1966 2126 2259 2182 hominem
2308 2125 2564 2189 divitem,
2597 2120 2975 2193 pecuniarum
3005 2117 3314 2188 cupiditate
3343 2115 3526 2187 qumri

1824 2214 2025 2284 (Epist.
2061 2216 2180 2281 125,
2212 2229 2276 2266 η.
2302 2211 2376 2281 2).
2413 2212 2477 2264 Et
2499 2210 2646 2263 hanc
2669 2206 3291 2275 narrationem,prmter
3311 2200 3526 2255 omissa

1824 2303 2089 2377 quaedam
2118 2302 2403 2371 adjuncta,
2437 2314 2566 2369 qua:
2592 2296 2659 2351 ad
2692 2311 2812 2350 rem
2830 2293 2975 2349 nihil
3004 2293 3277 2356 facerent,
3302 2288 3520 2359 ipsissi-

1822 2375 1977 2447 mam
2001 2390 2085 2444 rei
2114 2389 2411 2444 veritatem
2433 2402 2554 2440 esse
2576 2386 2813 2438 testatur
2833 2378 3188 2452 Augustinus
3221 2394 3234 2432 :
3265 2375 3527 2448 proinde-

1825 2496 1936 2552 que
1985 2476 2287 2532 Pinianum
2334 2491 2522 2545 neque
2567 2488 2645 2538 se,
2699 2474 2760 2533 ut
2796 2469 3105 2532 ferebatur,
3137 2464 3527 2537 praecipiente,

1823 2582 2013 2638 neque
2047 2564 2261 2636 popqu
2319 2566 2560 2632 cogente
2589 2560 2835 2629 jurasse,
2880 2556 2978 2610 sed
3008 2554 3197 2625 ipsum
3230 2568 3332 2623 per
3361 2567 3421 2605 se
3464 2566 3529 2604 ac

1827 2659 2027 2726 sponte
2057 2670 2158 2707 sua
2185 2652 2243 2706 id
2272 2650 2562 2704 obtulisse.
2595 2647 2768 2716 Cujus
2792 2644 2876 2699 rei
2906 2642 3222 2697 Barnabam
3252 2656 3317 2694 ac
3345 2638 3529 2693 Tima-

1827 2743 1997 2808 sium,
2047 2756 2188 2812 quos
2227 2739 2323 2793 ille
2363 2737 2619 2807 singulos
2660 2733 2735 2788 ad
2773 2748 2833 2787 se
2876 2730 3129 2795 miserat,
3173 2732 3348 2782 testes
3394 2726 3531 2780 citat

1828 2832 2155 2903 (Epist.l26,
2186 2843 2242 2881 n.
2288 2827 2368 2895 6).
2416 2825 2696 2892 Utrosque
2735 2819 2942 2873 vocitat
2975 2832 3165 2871 servos
3206 2814 3327 2880 Dei,
3356 2813 3415 2867 id
3444 2817 3531 2867 est

1828 2899 2159 2974 monachos.
2206 2916 2293 2967 An
2342 2916 2534 2966 autem
2571 2907 2877 2973 Barnabas,
2920 2919 3093 2975 quem
3142 2899 3526 2972 appellatione

1830 3004 2008 3062 sancti
2050 3003 2405 3065 cohonestet,
2454 2998 2606 3052 idem
2651 2993 2948 3049 habendus
3000 2991 3073 3044 sit
3128 3005 3191 3043 ac
3232 2986 3530 3058 presbyter

1830 3095 1924 3149 ille
1969 3089 2351 3163 Hipponensis
2382 3087 2575 3155 (Epist.
2606 3086 2734 3152 2l3,
2772 3098 2827 3136 n.
2865 3081 2938 3151 1),
2969 3094 3141 3151 quem
3177 3074 3530 3146 Augustinus

1830 3182 2064 3239 familim
2095 3196 2213 3233 sure
2247 3176 2599 3248 praefecerat,
2632 3176 2687 3226 et
2722 3171 2885 3241 cujus
2913 3165 3396 3222 existimationem
3420 3178 3531 3232 pu-

1830 3271 1975 3327 blice
2005 3269 2067 3323 in
2092 3280 2354 3322 sermone
2382 3261 2635 3334 quodam
2664 3256 2913 3315 defendit
2955 3257 3143 3326 (Serm.
3177 3255 3301 3314 356,
3331 3268 3387 3305 η.
3422 3249 3530 3319 £5),

1833 3376 1951 3415 non
1981 3355 2308 3413 deﬁnimus.
2342 3353 2471 3406 Erat
2499 3366 2566 3404 eo
2590 3354 2851 3418 tempore
2884 3342 3166 3399 Timasius
3197 3338 3531 3404 monachus,

1833 3446 1933 3518 qui
1957 3449 2185 3500 auctore
2216 3447 2389 3512 atque
2413 3439 2727 3510 impulsore
2758 3433 2984 3504 Pelagio
3014 3429 3283 3485 nuntium
3312 3427 3532 3481 mundo

1834 3512 2132 3589 remiserat
2174 3531 2372 3601 (Epist.
2410 3531 2527 3592 177,
2561 3542 2614 3581 n.
2649 3524 2700 3593 6)
2742 3538 2756 3577 :
2785 3521 2884 3577 sed
2910 3519 3081 3589 hujus
3108 3530 3339 3571 rursum
3370 3512 3534 3567 nobis

1834 3620 2046 3677 incidet
2075 3618 2309 3673 mentio.

1906 3713 1965 3763 6.
2005 3708 2148 3762 Cum
2177 3703 2564 3759 habitaturum
2597 3715 2655 3752 se
2686 3697 2944 3766 Hippone
2962 3692 3237 3773 l’iniauus
3263 3690 3531 3760 jurasset,

1837 3799 2038 3853 oborta
2080 3793 2327 3865 quadam
2370 3786 2701 3844 necessitate
2749 3783 2859 3837 alio
2912 3780 3004 3835 die
3043 3779 3200 3834 illinc
3244 3776 3533 3833 discedere

1836 3863 2224 3954 compellitur.
2262 3877 2420 3944 Quod
2445 3875 2545 3931 ubi
2572 3872 2824 3944 populus
2846 3868 3229 3940 Hipponensis
3251 3863 3534 3935 cognovit,

1836 3951 1993 4028 haud
2034 3968 2396 4025 mediocriter
2440 3963 2855 4019 tumultuatum
2884 3962 2989 4023 est,
3021 3973 3085 4010 ac
3114 3956 3297 4009 multa
3335 3951 3540 4006 incale-

1838 4059 2125 4115 scentibus
2151 4054 2361 4112 animis
2400 4053 2568 4118 dicta,
2596 4066 2725 4121 quae
2756 4048 2931 4103 etiam
2960 4044 3171 4114 scripto
3213 4039 3538 4096 mandanda

1837 4150 2131 4204 curarunt.
2163 4145 2376 4198 Verum
2398 4155 2530 4195 cum
2559 4137 2917 4192 intellectum
2939 4135 3106 4198 esset,
3132 4130 3189 4184 id
3216 4128 3287 4182 ab
3318 4142 3384 4180 eo
3407 4140 3538 4195 pro—

1838 4242 1967 4309 pter
1994 4231 2387 4289 necessitatem
2412 4227 2692 4298 privatam
2740 4237 2964 4277 necnon
2998 4219 3189 4274 animo
3217 4213 3540 4270 revertendi

1840 4303 2086 4388 iactum;
2107 4335 2276 4376 nemo
2296 4317 2424 4383 fuit,
2452 4314 2552 4386 qui
2571 4315 2674 4368 hoc
2694 4311 2832 4367 boni
2858 4325 2972 4364 non
2993 4304 3316 4361 consuleret
3334 4303 3536 4388 (Epist.

1846 4416 1965 4480 l26,
1980 4387 2077 4465 nn.
2098 4412 2150 4474 6,
2172 4407 2276 4477 13).
2287 4408 2479 4476 Neque
2495 4402 2649 4458 enim
2661 4398 2964 4457 consilium
2976 4396 3319 4480 fuerat,eum
3333 4387 3541 4480 exsulis

1842 4476 2021 4556 instar
2041 4498 2121 4552 ibi
2157 4476 2425 4559 retinere,
2449 4491 2545 4546 sed
2585 4490 2693 4545 sibi
2726 4487 3008 4560 putabant
3051 4479 3276 4536 abunde
3316 4476 3540 4531 satisfa-

1842 4596 2018 4655 ctum,
2048 4585 2222 4641 modo
2241 4582 2449 4637 civium
2468 4580 2711 4635 aliorum
2734 4590 2890 4630 more
2904 4572 3093 4626 sedem
3109 4584 3174 4622 ac
3186 4564 3541 4622 domicilium

1843 4678 1923 4734 ibi
1950 4678 2171 4748 ﬁgeret,
2201 4689 2306 4728 nec
2332 4684 2591 4740 unquam
2618 4665 2752 4720 inde
2783 4661 3114 4725 discederet,
3150 4655 3261 4710 nisi
3284 4670 3413 4708 cum
3442 4668 3541 4707 vo-

1841 4743 2060 4822 luntate
2080 4760 2358 4817 redeundi
2380 4758 2575 4828 (Epist.
2606 4757 2724 4808 l25.
2746 4767 2803 4805 n.
2834 4749 2911 4820 4).
2953 4746 3113 4812 Quod
3143 4748 3335 4797 autem
3370 4743 3542 4795 Baro-

1846 4856 1975 4910 nius
1995 4848 2500 4917 refert,Pinianum
2516 4843 2775 4913 Hippone
2794 4839 3052 4907 elapsum
3066 4849 3185 4888 esse
3197 4830 3544 4894 clanculum,

1844 4950 1902 4999 et
1927 4944 2226 5013 Tagastam
2275 4952 2390 4990 una
2418 4948 2547 4987 cum
2591 4929 2706 4983 suis
2735 4940 3060 4989 reversum;
3090 4919 3305 4993 quippe
3342 4916 3443 4988 qui
3487 4932 3545 4968 se

1846 5011 2088 5104 ejus,ad
2118 5025 2273 5098 quod
2302 5038 2408 5095 per
2429 5020 2545 5073 vim
2566 5021 2622 5073 et
2661 5020 2877 5070 metum
2904 5012 3169 5067 inductus
3213 5011 3379 5072 esset,
3412 5019 3544 5104 pro:

1846 5089 2009 5175 missi
2037 5089 2315 5185 religione
2352 5124 2469 5164 non
2492 5104 2680 5161 teneri
2709 5103 2889 5175 probe
2917 5100 3088 5159 sciret
3117 5096 3425 5168 (Baronius,
3474 5089 3548 5144 ad

1849 5222 2051 5277 annum
2099 5178 2264 5271 469);
2322 5197 2502 5270 ipsius
2553 5198 2639 5250 est
2679 5198 2736 5247 et
2783 5191 2990 5262 dogma
3047 5186 3307 5258 probare,
3349 5185 3405 5234 et
3442 5178 3548 5276 .fa-

1849 5266 2049 5360 ctum;
2077 5266 2228 5363 quod
2254 5266 2477 5343 (contra
2516 5281 2879 5338 manifestam
2907 5273 3212 5347 Augustini
3240 5266 3549 5363 auctorita-

1848 5390 1966 5441 tem
1997 5352 2214 5445 asserit,
2248 5373 2515 5431 stabilire.
2558 5373 2701 5427 Rem
2730 5372 2921 5424 autem
2950 5364 3149 5432 iniquo
3180 5352 3552 5445 animotulit

1855 5469 2075 5527 Piniani
2132 5480 2324 5519 socrus
2373 5460 2597 5533 Albina,
2645 5454 2982 5525 scripsitque
3040 5448 3112 5501 ad
3163 5440 3548 5510 Augustinum
