  <div class='ocr_page' id='page_1' title='image "/cluster/home/n/w/nwhite01/storage/ocr_20150623/32/hvd.32044096580550/211.png"; bbox 0 0 3912 6174; ppageno 0'>
   <div class='ocr_carea' id='block_1_1' title="bbox 369 223 472 274">
    <p class='ocr_par' dir='ltr' id='par_1_1' title="bbox 369 223 472 274">
     <span class='ocr_line' id='line_1_1' title="bbox 369 223 472 274; baseline -0.019 0"><span class='ocrx_word' id='word_1_1' title='bbox 369 223 472 274; x_wconf 75' lang='grc'>403</span> 
     </span>
    </p>
   </div>
   <div class='ocr_carea' id='block_1_2' title="bbox 363 325 2068 408">
    <p class='ocr_par' dir='ltr' id='par_1_2' title="bbox 363 325 2068 408">
     <span class='ocr_line' id='line_1_2' title="bbox 363 325 2068 408; baseline -0.013 -8"><span class='ocrx_word' id='word_1_2' title='bbox 363 347 582 400; x_wconf 80' lang='lat' dir='ltr'>litteras</span> <span class='ocrx_word' id='word_1_3' title='bbox 640 338 851 396; x_wconf 88' lang='lat' dir='ltr'>doloris</span> <span class='ocrx_word' id='word_1_4' title='bbox 895 339 1096 408; x_wconf 89' lang='lat' dir='ltr'>plenas</span> <span class='ocrx_word' id='word_1_5' title='bbox 1146 337 1340 406; x_wconf 81' lang='lat' dir='ltr'>(Epist.</span> <span class='ocrx_word' id='word_1_6' title='bbox 1413 331 1557 401; x_wconf 82' lang='grc'>126),</span> <span class='ocrx_word' id='word_1_7' title='bbox 1612 330 1671 383; x_wconf 90' lang='lat' dir='ltr'>in</span> <span class='ocrx_word' id='word_1_8' title='bbox 1723 326 1928 400; x_wconf 84' lang='lat' dir='ltr'>quibus</span> <span class='ocrx_word' id='word_1_9' title='bbox 1985 325 2068 378; x_wconf 84' lang='lat' dir='ltr'>in-</span> 
     </span>
    </p>
   </div>
   <div class='ocr_carea' id='block_1_3' title="bbox 366 414 2070 490">
    <p class='ocr_par' dir='ltr' id='par_1_3' title="bbox 366 414 2070 490">
     <span class='ocr_line' id='line_1_3' title="bbox 366 414 2070 490; baseline -0.014 -2"><span class='ocrx_word' id='word_1_10' title='bbox 366 434 618 488; x_wconf 91' lang='lat' dir='ltr'>vidiosos</span> <span class='ocrx_word' id='word_1_11' title='bbox 650 428 886 485; x_wconf 83' lang='lat' dir='ltr'>nomine</span> <span class='ocrx_word' id='word_1_12' title='bbox 917 427 1073 480; x_wconf 84' lang='lat' dir='ltr'>illam</span> <span class='ocrx_word' id='word_1_13' title='bbox 1106 441 1138 478; x_wconf 94' lang='lat' dir='ltr'>a</span> <span class='ocrx_word' id='word_1_14' title='bbox 1168 421 1407 477; x_wconf 85' lang='lat' dir='ltr'>Piniano</span> <span class='ocrx_word' id='word_1_15' title='bbox 1437 418 1777 490; x_wconf 83' lang='lat' dir='ltr'>promissam</span> <span class='ocrx_word' id='word_1_16' title='bbox 1809 414 1896 468; x_wconf 92' lang='lat' dir='ltr'>sui</span> <span class='ocrx_word' id='word_1_17' title='bbox 1927 429 2070 484; x_wconf 78' lang='lat' dir='ltr'>prae-</span> 
     </span>
    </p>
   </div>
   <div class='ocr_carea' id='block_1_4' title="bbox 369 503 2069 588">
    <p class='ocr_par' dir='ltr' id='par_1_4' title="bbox 369 503 2069 588">
     <span class='ocr_line' id='line_1_4' title="bbox 369 503 2069 588; baseline -0.013 -12"><span class='ocrx_word' id='word_1_18' title='bbox 369 519 614 576; x_wconf 88' lang='lat' dir='ltr'>sentiam</span> <span class='ocrx_word' id='word_1_19' title='bbox 664 514 1145 588; x_wconf 88' lang='lat' dir='ltr'>Hipponensibus,</span> <span class='ocrx_word' id='word_1_20' title='bbox 1189 509 1448 564; x_wconf 73' lang='lat' dir='ltr'>exsilium</span> <span class='ocrx_word' id='word_1_21' title='bbox 1495 508 1581 560; x_wconf 89' lang='lat' dir='ltr'>vel</span> <span class='ocrx_word' id='word_1_22' title='bbox 1613 503 2069 575; x_wconf 90' lang='lat' dir='ltr'>deportationem</span> 
     </span>
    </p>
   </div>
   <div class='ocr_carea' id='block_1_5' title="bbox 368 593 2070 678">
    <p class='ocr_par' dir='ltr' id='par_1_5' title="bbox 368 593 2070 678">
     <span class='ocr_line' id='line_1_5' title="bbox 368 593 2070 678; baseline -0.012 -15"><span class='ocrx_word' id='word_1_23' title='bbox 368 613 468 662; x_wconf 88' lang='lat' dir='ltr'>aut</span> <span class='ocrx_word' id='word_1_24' title='bbox 498 606 907 678; x_wconf 71' lang='lat' dir='ltr'>relegationem</span> <span class='ocrx_word' id='word_1_25' title='bbox 930 600 1252 673; x_wconf 83' lang='lat' dir='ltr'>appellabat</span> <span class='ocrx_word' id='word_1_26' title='bbox 1283 613 1298 652; x_wconf 87' lang='lat'><strong>:</strong></span> <span class='ocrx_word' id='word_1_27' title='bbox 1332 596 1616 667; x_wconf 83' lang='lat' dir='ltr'>simulque</span> <span class='ocrx_word' id='word_1_28' title='bbox 1645 593 1883 663; x_wconf 84' lang='lat' dir='ltr'>rogabat</span> <span class='ocrx_word' id='word_1_29' title='bbox 1927 606 2070 644; x_wconf 90' lang='lat' dir='ltr'>num</span> 
     </span>
    </p>
   </div>
   <div class='ocr_carea' id='block_1_6' title="bbox 369 679 2066 767">
    <p class='ocr_par' dir='ltr' id='par_1_6' title="bbox 369 679 2066 767">
     <span class='ocr_line' id='line_1_6' title="bbox 369 679 2066 767; baseline -0.011 -16"><span class='ocrx_word' id='word_1_30' title='bbox 369 696 716 767; x_wconf 86' lang='lat' dir='ltr'>exigendum</span> <span class='ocrx_word' id='word_1_31' title='bbox 767 695 1022 748; x_wconf 80' lang='lat' dir='ltr'>censeret</span> <span class='ocrx_word' id='word_1_32' title='bbox 1074 693 1136 741; x_wconf 93' lang='lat' dir='ltr'>ut</span> <span class='ocrx_word' id='word_1_33' title='bbox 1183 687 1490 757; x_wconf 85' lang='lat' dir='ltr'>impleatur</span> <span class='ocrx_word' id='word_1_34' title='bbox 1535 686 1751 736; x_wconf 82' lang='lat' dir='ltr'>extorta</span> <span class='ocrx_word' id='word_1_35' title='bbox 1792 679 2005 750; x_wconf 90' lang='lat' dir='ltr'>juratio</span> <span class='ocrx_word' id='word_1_36' title='bbox 2053 695 2066 732; x_wconf 88' lang='lat'>:</span> 
     </span>
    </p>
   </div>
   <div class='ocr_carea' id='block_1_7' title="bbox 375 767 2072 838">
    <p class='ocr_par' dir='ltr' id='par_1_7' title="bbox 375 767 2072 838">
     <span class='ocr_line' id='line_1_7' title="bbox 375 767 2072 838; baseline -0.012 1"><span class='ocrx_word' id='word_1_37' title='bbox 375 785 622 838; x_wconf 85' lang='lat' dir='ltr'>maxime</span> <span class='ocrx_word' id='word_1_38' title='bbox 652 798 780 835; x_wconf 93' lang='lat' dir='ltr'>cum</span> <span class='ocrx_word' id='word_1_39' title='bbox 826 779 1097 834; x_wconf 89' lang='lat' dir='ltr'>Pinianus</span> <span class='ocrx_word' id='word_1_40' title='bbox 1139 775 1237 828; x_wconf 91' lang='lat' dir='ltr'>illa</span> <span class='ocrx_word' id='word_1_41' title='bbox 1264 789 1378 828; x_wconf 91' lang='lat' dir='ltr'>non</span> <span class='ocrx_word' id='word_1_42' title='bbox 1414 768 1738 826; x_wconf 87' lang='lat' dir='ltr'>discedendi</span> <span class='ocrx_word' id='word_1_43' title='bbox 1783 767 2072 838; x_wconf 91' lang='lat' dir='ltr'>juratione</span> 
     </span>
    </p>
   </div>
   <div class='ocr_carea' id='block_1_8' title="bbox 371 856 2072 939">
    <p class='ocr_par' dir='ltr' id='par_1_8' title="bbox 371 856 2072 939">
     <span class='ocr_line' id='line_1_8' title="bbox 371 856 2072 939; baseline -0.012 -12"><span class='ocrx_word' id='word_1_44' title='bbox 371 872 572 928; x_wconf 82' lang='lat' dir='ltr'>fecerit</span> <span class='ocrx_word' id='word_1_45' title='bbox 595 869 988 939; x_wconf 82' lang='lat' dir='ltr'>exceptionem</span> <span class='ocrx_word' id='word_1_46' title='bbox 1033 861 1400 919; x_wconf 83' lang='lat' dir='ltr'>necessitatis.</span> <span class='ocrx_word' id='word_1_47' title='bbox 1448 861 1589 914; x_wconf 89' lang='lat' dir='ltr'>Cum</span> <span class='ocrx_word' id='word_1_48' title='bbox 1617 856 1936 927; x_wconf 81' lang='lat' dir='ltr'>Augustino</span> <span class='ocrx_word' id='word_1_49' title='bbox 1976 871 2072 908; x_wconf 92' lang='lat' dir='ltr'>ex-</span> 
     </span>
    </p>
   </div>
   <div class='ocr_carea' id='block_1_9' title="bbox 371 941 2076 1029">
    <p class='ocr_par' dir='ltr' id='par_1_9' title="bbox 371 941 2076 1029">
     <span class='ocr_line' id='line_1_9' title="bbox 371 941 2076 1029; baseline -0.011 -17"><span class='ocrx_word' id='word_1_50' title='bbox 371 957 714 1029; x_wconf 87' lang='lat' dir='ltr'>postulabat,</span> <span class='ocrx_word' id='word_1_51' title='bbox 746 954 899 1025; x_wconf 92' lang='lat' dir='ltr'>quod</span> <span class='ocrx_word' id='word_1_52' title='bbox 951 952 998 1005; x_wconf 89' lang='lat' dir='ltr'>is</span> <span class='ocrx_word' id='word_1_53' title='bbox 1036 947 1478 1021; x_wconf 87' lang='lat' dir='ltr'>promissionem</span> <span class='ocrx_word' id='word_1_54' title='bbox 1521 945 1668 998; x_wconf 90' lang='lat' dir='ltr'>hanc</span> <span class='ocrx_word' id='word_1_55' title='bbox 1718 959 1838 996; x_wconf 92' lang='lat' dir='ltr'>non</span> <span class='ocrx_word' id='word_1_56' title='bbox 1885 941 2076 1012; x_wconf 80' lang='lat' dir='ltr'>prohi-</span> 
     </span>
    </p>
   </div>
   <div class='ocr_carea' id='block_1_10' title="bbox 371 1030 2074 1112">
    <p class='ocr_par' dir='ltr' id='par_1_10' title="bbox 371 1030 2074 1112">
     <span class='ocr_line' id='line_1_10' title="bbox 371 1030 2074 1112; baseline -0.01 -14"><span class='ocrx_word' id='word_1_57' title='bbox 371 1044 591 1098; x_wconf 87' lang='lat' dir='ltr'>buisset</span> <span class='ocrx_word' id='word_1_58' title='bbox 637 1060 650 1097; x_wconf 91' lang='lat'><strong>:</strong></span> <span class='ocrx_word' id='word_1_59' title='bbox 706 1040 1079 1112; x_wconf 80' lang='lat' dir='ltr'>exprobrabat</span> <span class='ocrx_word' id='word_1_60' title='bbox 1119 1035 1594 1107; x_wconf 85' lang='lat' dir='ltr'>Hipponensibus,</span> <span class='ocrx_word' id='word_1_61' title='bbox 1629 1032 1780 1102; x_wconf 91' lang='lat' dir='ltr'>quod</span> <span class='ocrx_word' id='word_1_62' title='bbox 1811 1030 2074 1102; x_wconf 88' lang='lat' dir='ltr'>turpissi-</span> 
     </span>
    </p>
   </div>
   <div class='ocr_carea' id='block_1_11' title="bbox 376 1119 2076 1202">
    <p class='ocr_par' dir='ltr' id='par_1_11' title="bbox 376 1119 2076 1202">
     <span class='ocr_line' id='line_1_11' title="bbox 376 1119 2076 1202; baseline -0.009 -16"><span class='ocrx_word' id='word_1_63' title='bbox 376 1148 470 1186; x_wconf 89' lang='lat' dir='ltr'>mo</span> <span class='ocrx_word' id='word_1_64' title='bbox 522 1129 782 1202; x_wconf 67' lang='lat' dir='ltr'>pecunite</span> <span class='ocrx_word' id='word_1_65' title='bbox 848 1127 1106 1200; x_wconf 89' lang='lat' dir='ltr'>appetitu</span> <span class='ocrx_word' id='word_1_66' title='bbox 1149 1123 1367 1179; x_wconf 83' lang='lat' dir='ltr'>inducti</span> <span class='ocrx_word' id='word_1_67' title='bbox 1415 1122 1813 1194; x_wconf 82' lang='lat' dir='ltr'>presbyterum</span> <span class='ocrx_word' id='word_1_68' title='bbox 1864 1119 2076 1174; x_wconf 84' lang='lat' dir='ltr'>habere</span> 
     </span>
    </p>
   </div>
   <div class='ocr_carea' id='block_1_12' title="bbox 377 1207 2074 1288">
    <p class='ocr_par' dir='ltr' id='par_1_12' title="bbox 377 1207 2074 1288">
     <span class='ocr_line' id='line_1_12' title="bbox 377 1207 2074 1288; baseline -0.008 -15"><span class='ocrx_word' id='word_1_69' title='bbox 377 1220 709 1286; x_wconf 88' lang='lat' dir='ltr'>voluissent,</span> <span class='ocrx_word' id='word_1_70' title='bbox 732 1218 820 1272; x_wconf 92' lang='lat' dir='ltr'>vel</span> <span class='ocrx_word' id='word_1_71' title='bbox 848 1217 999 1288; x_wconf 90' lang='lat' dir='ltr'>apud</span> <span class='ocrx_word' id='word_1_72' title='bbox 1029 1232 1086 1268; x_wconf 87' lang='lat' dir='ltr'>se</span> <span class='ocrx_word' id='word_1_73' title='bbox 1112 1218 1356 1268; x_wconf 78' lang='lat' dir='ltr'>retinere</span> <span class='ocrx_word' id='word_1_74' title='bbox 1388 1211 1728 1281; x_wconf 87' lang='lat' dir='ltr'>locupletem</span> <span class='ocrx_word' id='word_1_75' title='bbox 1755 1207 2074 1272; x_wconf 88' lang='lat' dir='ltr'>hominem,</span> 
     </span>
    </p>
   </div>
   <div class='ocr_carea' id='block_1_13' title="bbox 374 1295 2078 1366">
    <p class='ocr_par' dir='ltr' id='par_1_13' title="bbox 374 1295 2078 1366">
     <span class='ocr_line' id='line_1_13' title="bbox 374 1295 2078 1366; baseline -0.009 -3"><span class='ocrx_word' id='word_1_76' title='bbox 374 1314 432 1362; x_wconf 89' lang='lat' dir='ltr'>et</span> <span class='ocrx_word' id='word_1_77' title='bbox 457 1308 784 1363; x_wconf 87' lang='lat' dir='ltr'>divitiarum</span> <span class='ocrx_word' id='word_1_78' title='bbox 825 1305 958 1359; x_wconf 89' lang='lat' dir='ltr'>satis</span> <span class='ocrx_word' id='word_1_79' title='bbox 993 1305 1472 1366; x_wconf 84' lang='lat' dir='ltr'>contemnentem,</span> <span class='ocrx_word' id='word_1_80' title='bbox 1520 1303 1582 1352; x_wconf 91' lang='lat' dir='ltr'>ut</span> <span class='ocrx_word' id='word_1_81' title='bbox 1613 1314 1706 1352; x_wconf 89' lang='lat' dir='ltr'>eas</span> <span class='ocrx_word' id='word_1_82' title='bbox 1740 1297 1802 1350; x_wconf 91' lang='lat' dir='ltr'>in</span> <span class='ocrx_word' id='word_1_83' title='bbox 1822 1296 1962 1350; x_wconf 89' lang='lat' dir='ltr'>alios</span> <span class='ocrx_word' id='word_1_84' title='bbox 1992 1295 2078 1348; x_wconf 91' lang='lat' dir='ltr'>di-</span> 
     </span>
    </p>
   </div>
   <div class='ocr_carea' id='block_1_14' title="bbox 374 1386 2080 1465">
    <p class='ocr_par' dir='ltr' id='par_1_14' title="bbox 374 1386 2080 1465">
     <span class='ocr_line' id='line_1_14' title="bbox 374 1386 2080 1465; baseline -0.008 -15"><span class='ocrx_word' id='word_1_85' title='bbox 374 1397 615 1452; x_wconf 82' lang='lat' dir='ltr'>videret.</span> <span class='ocrx_word' id='word_1_86' title='bbox 660 1395 899 1465; x_wconf 81' lang='lat' dir='ltr'>Alypius</span> <span class='ocrx_word' id='word_1_87' title='bbox 945 1407 1199 1464; x_wconf 89' lang='lat' dir='ltr'>quoque,</span> <span class='ocrx_word' id='word_1_88' title='bbox 1240 1389 1340 1460; x_wconf 86' lang='lat' dir='ltr'>qui</span> <span class='ocrx_word' id='word_1_89' title='bbox 1387 1391 1688 1458; x_wconf 86' lang='lat' dir='ltr'>Tagastam</span> <span class='ocrx_word' id='word_1_90' title='bbox 1729 1403 1786 1440; x_wconf 92' lang='lat' dir='ltr'>se</span> <span class='ocrx_word' id='word_1_91' title='bbox 1823 1386 1965 1439; x_wconf 90' lang='lat' dir='ltr'>forte</span> <span class='ocrx_word' id='word_1_92' title='bbox 1997 1400 2080 1436; x_wconf 89' lang='lat' dir='ltr'>re-</span> 
     </span>
    </p>
   </div>
   <div class='ocr_carea' id='block_1_15' title="bbox 378 1473 2080 1555">
    <p class='ocr_par' dir='ltr' id='par_1_15' title="bbox 378 1473 2080 1555">
     <span class='ocr_line' id='line_1_15' title="bbox 378 1473 2080 1555; baseline -0.008 -16"><span class='ocrx_word' id='word_1_93' title='bbox 378 1490 627 1555; x_wconf 85' lang='lat' dir='ltr'>ceperat,</span> <span class='ocrx_word' id='word_1_94' title='bbox 678 1483 918 1554; x_wconf 87' lang='lat' dir='ltr'>epistola</span> <span class='ocrx_word' id='word_1_95' title='bbox 976 1478 1299 1548; x_wconf 82' lang='lat' dir='ltr'>Augustino</span> <span class='ocrx_word' id='word_1_96' title='bbox 1366 1477 1573 1547; x_wconf 90' lang='lat' dir='ltr'>scripta</span> <span class='ocrx_word' id='word_1_97' title='bbox 1637 1473 2080 1530; x_wconf 89' lang='lat' dir='ltr'>contumeliosas</span> 
     </span>
    </p>
   </div>
   <div class='ocr_carea' id='block_1_16' title="bbox 378 1561 2078 1643">
    <p class='ocr_par' dir='ltr' id='par_1_16' title="bbox 378 1561 2078 1643">
     <span class='ocr_line' id='line_1_16' title="bbox 378 1561 2078 1643; baseline -0.008 -15"><span class='ocrx_word' id='word_1_98' title='bbox 378 1580 500 1628; x_wconf 88' lang='lat' dir='ltr'>tum</span> <span class='ocrx_word' id='word_1_99' title='bbox 524 1574 766 1643; x_wconf 88' lang='lat' dir='ltr'>jactatas</span> <span class='ocrx_word' id='word_1_100' title='bbox 798 1572 857 1625; x_wconf 90' lang='lat' dir='ltr'>in</span> <span class='ocrx_word' id='word_1_101' title='bbox 883 1587 940 1624; x_wconf 91' lang='lat' dir='ltr'>se</span> <span class='ocrx_word' id='word_1_102' title='bbox 970 1585 1136 1622; x_wconf 89' lang='lat' dir='ltr'>voces</span> <span class='ocrx_word' id='word_1_103' title='bbox 1153 1566 1573 1621; x_wconf 86' lang='lat' dir='ltr'>recordabatur.</span> <span class='ocrx_word' id='word_1_104' title='bbox 1601 1563 1865 1618; x_wconf 90' lang='lat' dir='ltr'>Monebat</span> <span class='ocrx_word' id='word_1_105' title='bbox 1885 1561 2078 1626; x_wconf 89' lang='lat' dir='ltr'>etiam,</span> 
     </span>
    </p>
   </div>
   <div class='ocr_carea' id='block_1_17' title="bbox 378 1651 2078 1731">
    <p class='ocr_par' dir='ltr' id='par_1_17' title="bbox 378 1651 2078 1731">
     <span class='ocr_line' id='line_1_17' title="bbox 378 1651 2078 1731; baseline -0.006 -18"><span class='ocrx_word' id='word_1_106' title='bbox 378 1660 518 1731; x_wconf 91' lang='lat' dir='ltr'>quid</span> <span class='ocrx_word' id='word_1_107' title='bbox 551 1662 619 1714; x_wconf 92' lang='lat' dir='ltr'>de</span> <span class='ocrx_word' id='word_1_108' title='bbox 644 1657 986 1730; x_wconf 87' lang='lat' dir='ltr'>juramentis</span> <span class='ocrx_word' id='word_1_109' title='bbox 1033 1654 1358 1710; x_wconf 84' lang='lat' dir='ltr'>istiusmodi</span> <span class='ocrx_word' id='word_1_110' title='bbox 1395 1670 1499 1724; x_wconf 89' lang='lat' dir='ltr'>per</span> <span class='ocrx_word' id='word_1_111' title='bbox 1528 1652 1642 1705; x_wconf 90' lang='lat' dir='ltr'>vim</span> <span class='ocrx_word' id='word_1_112' title='bbox 1675 1651 1908 1705; x_wconf 83' lang='lat' dir='ltr'>extortis</span> <span class='ocrx_word' id='word_1_113' title='bbox 1961 1654 2078 1702; x_wconf 82' lang='lat' dir='ltr'>sta-</span> 
     </span>
    </p>
   </div>
   <div class='ocr_carea' id='block_1_18' title="bbox 384 1739 2078 1818">
    <p class='ocr_par' dir='ltr' id='par_1_18' title="bbox 384 1739 2078 1818">
     <span class='ocr_line' id='line_1_18' title="bbox 384 1739 2078 1818; baseline -0.006 -17"><span class='ocrx_word' id='word_1_114' title='bbox 384 1755 544 1801; x_wconf 86' lang='lat' dir='ltr'>tuere</span> <span class='ocrx_word' id='word_1_115' title='bbox 600 1751 912 1818; x_wconf 89' lang='lat' dir='ltr'>oporteret,</span> <span class='ocrx_word' id='word_1_116' title='bbox 968 1743 1260 1798; x_wconf 90' lang='lat' dir='ltr'>communi</span> <span class='ocrx_word' id='word_1_117' title='bbox 1311 1740 1546 1795; x_wconf 90' lang='lat' dir='ltr'>consilio</span> <span class='ocrx_word' id='word_1_118' title='bbox 1603 1739 2078 1793; x_wconf 90' lang='lat' dir='ltr'>discutiendum:</span> 
     </span>
    </p>
   </div>
   <div class='ocr_carea' id='block_1_19' title="bbox 383 1827 2080 1905">
    <p class='ocr_par' dir='ltr' id='par_1_19' title="bbox 383 1827 2080 1905">
     <span class='ocr_line' id='line_1_19' title="bbox 383 1827 2080 1905; baseline -0.004 -19"><span class='ocrx_word' id='word_1_119' title='bbox 383 1836 642 1905; x_wconf 83' lang='lat' dir='ltr'>quamvis</span> <span class='ocrx_word' id='word_1_120' title='bbox 665 1836 723 1888; x_wconf 91' lang='lat' dir='ltr'>in</span> <span class='ocrx_word' id='word_1_121' title='bbox 764 1851 830 1888; x_wconf 90' lang='lat' dir='ltr'>eo</span> <span class='ocrx_word' id='word_1_122' title='bbox 862 1834 1013 1905; x_wconf 91' lang='lat' dir='ltr'>quod</span> <span class='ocrx_word' id='word_1_123' title='bbox 1045 1831 1412 1901; x_wconf 88' lang='lat' dir='ltr'>rescripserat</span> <span class='ocrx_word' id='word_1_124' title='bbox 1434 1827 1872 1883; x_wconf 88' lang='lat' dir='ltr'>commonitorio</span> <span class='ocrx_word' id='word_1_125' title='bbox 1903 1827 2080 1895; x_wconf 90' lang='lat' dir='ltr'>signi-</span> 
     </span>
    </p>
   </div>
   <div class='ocr_carea' id='block_1_20' title="bbox 381 1916 2079 1992">
    <p class='ocr_par' dir='ltr' id='par_1_20' title="bbox 381 1916 2079 1992">
     <span class='ocr_line' id='line_1_20' title="bbox 381 1916 2079 1992; baseline -0.006 -15"><span class='ocrx_word' id='word_1_126' title='bbox 381 1926 594 1989; x_wconf 76' lang='lat' dir='ltr'>ficaret,</span> <span class='ocrx_word' id='word_1_127' title='bbox 647 1924 950 1978; x_wconf 89' lang='lat' dir='ltr'>Pinianum</span> <span class='ocrx_word' id='word_1_128' title='bbox 999 1920 1280 1992; x_wconf 83' lang='lat' dir='ltr'>Hippone,</span> <span class='ocrx_word' id='word_1_129' title='bbox 1334 1918 1546 1972; x_wconf 88' lang='lat' dir='ltr'>civium</span> <span class='ocrx_word' id='word_1_130' title='bbox 1584 1917 1826 1971; x_wconf 90' lang='lat' dir='ltr'>aliorum</span> <span class='ocrx_word' id='word_1_131' title='bbox 1880 1916 2079 1982; x_wconf 88' lang='lat' dir='ltr'>instar,</span> 
     </span>
    </p>
   </div>
   <div class='ocr_carea' id='block_1_21' title="bbox 381 2006 2079 2082">
    <p class='ocr_par' dir='ltr' id='par_1_21' title="bbox 381 2006 2079 2082">
     <span class='ocr_line' id='line_1_21' title="bbox 381 2006 2079 2082; baseline -0.004 -18"><span class='ocrx_word' id='word_1_132' title='bbox 381 2013 676 2082; x_wconf 85' lang='lat' dir='ltr'>ipsiusque</span> <span class='ocrx_word' id='word_1_133' title='bbox 697 2013 838 2067; x_wconf 91' lang='lat' dir='ltr'>adeo</span> <span class='ocrx_word' id='word_1_134' title='bbox 852 2009 1178 2080; x_wconf 78' lang='lat' dir='ltr'>Augustini,</span> <span class='ocrx_word' id='word_1_135' title='bbox 1201 2009 1406 2062; x_wconf 90' lang='lat' dir='ltr'>debere</span> <span class='ocrx_word' id='word_1_136' title='bbox 1430 2006 1688 2061; x_wconf 88' lang='lat' dir='ltr'>habitare</span> <span class='ocrx_word' id='word_1_137' title='bbox 1707 2007 1902 2075; x_wconf 77' lang='lat' dir='ltr'>(Epist.</span> <span class='ocrx_word' id='word_1_138' title='bbox 1940 2007 2079 2073; x_wconf 78' lang='grc'>125).</span> 
     </span>
    </p>
   </div>
   <div class='ocr_carea' id='block_1_22' title="bbox 449 2091 2082 2170">
    <p class='ocr_par' dir='ltr' id='par_1_22' title="bbox 449 2091 2082 2170">
     <span class='ocr_line' id='line_1_22' title="bbox 449 2091 2082 2170; baseline -0.006 -16"><span class='ocrx_word' id='word_1_139' title='bbox 449 2106 505 2154; x_wconf 83' lang='lat'>7.</span> <span class='ocrx_word' id='word_1_140' title='bbox 550 2101 635 2154; x_wconf 89' lang='lat' dir='ltr'>Ad</span> <span class='ocrx_word' id='word_1_141' title='bbox 664 2099 933 2170; x_wconf 78' lang='lat' dir='ltr'>Alypium</span> <span class='ocrx_word' id='word_1_142' title='bbox 975 2097 1328 2168; x_wconf 86' lang='lat' dir='ltr'>Augustinus</span> <span class='ocrx_word' id='word_1_143' title='bbox 1381 2094 1694 2149; x_wconf 90' lang='lat' dir='ltr'>rescribens</span> <span class='ocrx_word' id='word_1_144' title='bbox 1743 2092 1947 2162; x_wconf 83' lang='lat' dir='ltr'>(Ibid.),</span> <span class='ocrx_word' id='word_1_145' title='bbox 1979 2091 2082 2145; x_wconf 88' lang='lat' dir='ltr'>do-</span> 
     </span>
    </p>
   </div>
   <div class='ocr_carea' id='block_1_23' title="bbox 380 2180 2082 2258">
    <p class='ocr_par' dir='ltr' id='par_1_23' title="bbox 380 2180 2082 2258">
     <span class='ocr_line' id='line_1_23' title="bbox 380 2180 2082 2258; baseline -0.005 -17"><span class='ocrx_word' id='word_1_146' title='bbox 380 2189 494 2241; x_wconf 88' lang='lat' dir='ltr'>lere</span> <span class='ocrx_word' id='word_1_147' title='bbox 531 2205 589 2241; x_wconf 90' lang='lat' dir='ltr'>se</span> <span class='ocrx_word' id='word_1_148' title='bbox 619 2189 866 2258; x_wconf 88' lang='lat' dir='ltr'>graviter</span> <span class='ocrx_word' id='word_1_149' title='bbox 907 2187 1029 2256; x_wconf 89' lang='lat' dir='ltr'>ejus</span> <span class='ocrx_word' id='word_1_150' title='bbox 1058 2185 1298 2255; x_wconf 86' lang='lat' dir='ltr'>injurias</span> <span class='ocrx_word' id='word_1_151' title='bbox 1327 2187 1566 2237; x_wconf 87' lang='lat' dir='ltr'>testatus</span> <span class='ocrx_word' id='word_1_152' title='bbox 1602 2189 1687 2235; x_wconf 89' lang='lat' dir='ltr'>est</span> <span class='ocrx_word' id='word_1_153' title='bbox 1718 2198 1731 2235; x_wconf 89' lang='lat'><strong>:</strong></span> <span class='ocrx_word' id='word_1_154' title='bbox 1765 2180 1918 2251; x_wconf 90' lang='lat' dir='ltr'>quod</span> <span class='ocrx_word' id='word_1_155' title='bbox 1947 2196 2082 2234; x_wconf 91' lang='lat' dir='ltr'>vero</span> 
     </span>
    </p>
   </div>
   <div class='ocr_carea' id='block_1_24' title="bbox 384 2268 2084 2346">
    <p class='ocr_par' dir='ltr' id='par_1_24' title="bbox 384 2268 2084 2346">
     <span class='ocr_line' id='line_1_24' title="bbox 384 2268 2084 2346; baseline -0.005 -17"><span class='ocrx_word' id='word_1_156' title='bbox 384 2277 455 2330; x_wconf 90' lang='lat' dir='ltr'>ad</span> <span class='ocrx_word' id='word_1_157' title='bbox 480 2276 882 2346; x_wconf 85' lang='lat' dir='ltr'>jusjurandum</span> <span class='ocrx_word' id='word_1_158' title='bbox 915 2274 1159 2338; x_wconf 91' lang='lat' dir='ltr'>Piniani,</span> <span class='ocrx_word' id='word_1_159' title='bbox 1192 2279 1320 2344; x_wconf 90' lang='lat' dir='ltr'>post</span> <span class='ocrx_word' id='word_1_160' title='bbox 1348 2270 1788 2325; x_wconf 87' lang='lat' dir='ltr'>celebratissima</span> <span class='ocrx_word' id='word_1_161' title='bbox 1818 2268 2084 2340; x_wconf 58' lang='lat' dir='ltr'>quaedam</span> 
     </span>
    </p>
   </div>
   <div class='ocr_carea' id='block_1_25' title="bbox 386 2358 2080 2433">
    <p class='ocr_par' dir='ltr' id='par_1_25' title="bbox 386 2358 2080 2433">
     <span class='ocr_line' id='line_1_25' title="bbox 386 2358 2080 2433; baseline -0.005 -14"><span class='ocrx_word' id='word_1_162' title='bbox 386 2366 776 2419; x_wconf 84' lang='lat' dir='ltr'>Romanorum</span> <span class='ocrx_word' id='word_1_163' title='bbox 808 2363 876 2416; x_wconf 92' lang='lat' dir='ltr'>de</span> <span class='ocrx_word' id='word_1_164' title='bbox 908 2364 1013 2417; x_wconf 90' lang='lat' dir='ltr'>hac</span> <span class='ocrx_word' id='word_1_165' title='bbox 1037 2363 1162 2433; x_wconf 90' lang='lat' dir='ltr'>ipsa</span> <span class='ocrx_word' id='word_1_166' title='bbox 1191 2378 1249 2414; x_wconf 92' lang='lat' dir='ltr'>re</span> <span class='ocrx_word' id='word_1_167' title='bbox 1281 2361 1542 2430; x_wconf 86' lang='lat' dir='ltr'>exempla</span> <span class='ocrx_word' id='word_1_168' title='bbox 1562 2363 1728 2429; x_wconf 88' lang='lat' dir='ltr'>turpe</span> <span class='ocrx_word' id='word_1_169' title='bbox 1755 2373 1875 2411; x_wconf 88' lang='lat' dir='ltr'>esse</span> <span class='ocrx_word' id='word_1_170' title='bbox 1897 2358 2080 2422; x_wconf 89' lang='lat' dir='ltr'>docet,</span> 
     </span>
    </p>
   </div>
   <div class='ocr_carea' id='block_1_26' title="bbox 387 2446 2082 2517">
    <p class='ocr_par' dir='ltr' id='par_1_26' title="bbox 387 2446 2082 2517">
     <span class='ocr_line' id='line_1_26' title="bbox 387 2446 2082 2517; baseline -0.004 -12"><span class='ocrx_word' id='word_1_171' title='bbox 387 2452 434 2505; x_wconf 90' lang='lat' dir='ltr'>si</span> <span class='ocrx_word' id='word_1_172' title='bbox 464 2452 551 2505; x_wconf 88' lang='lat' dir='ltr'>vel</span> <span class='ocrx_word' id='word_1_173' title='bbox 571 2452 632 2505; x_wconf 87' lang='lat' dir='ltr'>in</span> <span class='ocrx_word' id='word_1_174' title='bbox 663 2451 1068 2517; x_wconf 85' lang='lat' dir='ltr'>controversia,</span> <span class='ocrx_word' id='word_1_175' title='bbox 1103 2454 1300 2512; x_wconf 72' lang='lat' dir='ltr'>utrum.</span> <span class='ocrx_word' id='word_1_176' title='bbox 1315 2448 1457 2502; x_wconf 92' lang='lat' dir='ltr'>illud</span> <span class='ocrx_word' id='word_1_177' title='bbox 1483 2446 1898 2501; x_wconf 90' lang='lat' dir='ltr'>observandum</span> <span class='ocrx_word' id='word_1_178' title='bbox 1919 2451 2082 2512; x_wconf 89' lang='lat' dir='ltr'>esset,</span> 
     </span>
    </p>
   </div>
   <div class='ocr_carea' id='block_1_27' title="bbox 388 2533 2085 2609">
    <p class='ocr_par' dir='ltr' id='par_1_27' title="bbox 388 2533 2085 2609">
     <span class='ocr_line' id='line_1_27' title="bbox 388 2533 2085 2609; baseline -0.005 -16"><span class='ocrx_word' id='word_1_179' title='bbox 388 2555 589 2604; x_wconf 90' lang='lat' dir='ltr'>necne,</span> <span class='ocrx_word' id='word_1_180' title='bbox 623 2540 693 2593; x_wconf 91' lang='lat' dir='ltr'>ab</span> <span class='ocrx_word' id='word_1_181' title='bbox 723 2539 860 2609; x_wconf 90' lang='lat' dir='ltr'>ipsis</span> <span class='ocrx_word' id='word_1_182' title='bbox 893 2542 1205 2609; x_wconf 89' lang='lat' dir='ltr'>poneretur</span> <span class='ocrx_word' id='word_1_183' title='bbox 1239 2555 1252 2591; x_wconf 93' lang='lat'>:</span> <span class='ocrx_word' id='word_1_184' title='bbox 1286 2537 1404 2590; x_wconf 89' lang='lat' dir='ltr'>fore</span> <span class='ocrx_word' id='word_1_185' title='bbox 1436 2534 1736 2606; x_wconf 88' lang='lat' dir='ltr'>siquidem,</span> <span class='ocrx_word' id='word_1_186' title='bbox 1775 2539 1840 2588; x_wconf 93' lang='lat' dir='ltr'>ut</span> <span class='ocrx_word' id='word_1_187' title='bbox 1869 2533 2085 2603; x_wconf 83' lang='lat' dir='ltr'>episco-</span> 
     </span>
    </p>
   </div>
   <div class='ocr_carea' id='block_1_28' title="bbox 389 2621 2082 2697">
    <p class='ocr_par' dir='ltr' id='par_1_28' title="bbox 389 2621 2082 2697">
     <span class='ocr_line' id='line_1_28' title="bbox 389 2621 2082 2697; baseline -0.004 -17"><span class='ocrx_word' id='word_1_188' title='bbox 389 2644 600 2697; x_wconf 88' lang='lat' dir='ltr'>porum</span> <span class='ocrx_word' id='word_1_189' title='bbox 642 2628 924 2697; x_wconf 88' lang='lat' dir='ltr'>promisso</span> <span class='ocrx_word' id='word_1_190' title='bbox 960 2627 1046 2681; x_wconf 84' lang='lat' dir='ltr'>vel</span> <span class='ocrx_word' id='word_1_191' title='bbox 1091 2625 1262 2679; x_wconf 89' lang='lat' dir='ltr'>etiam</span> <span class='ocrx_word' id='word_1_192' title='bbox 1286 2625 1614 2695; x_wconf 90' lang='lat' dir='ltr'>juramento</span> <span class='ocrx_word' id='word_1_193' title='bbox 1660 2637 1831 2675; x_wconf 90' lang='lat' dir='ltr'>nemo</span> <span class='ocrx_word' id='word_1_194' title='bbox 1862 2621 2082 2687; x_wconf 77' lang='lat' dir='ltr'>fideret,</span> 
     </span>
    </p>
   </div>
   <div class='ocr_carea' id='block_1_29' title="bbox 388 2707 2087 2787">
    <p class='ocr_par' dir='ltr' id='par_1_29' title="bbox 388 2707 2087 2787">
     <span class='ocr_line' id='line_1_29' title="bbox 388 2707 2087 2787; baseline -0.004 -20"><span class='ocrx_word' id='word_1_195' title='bbox 388 2715 434 2768; x_wconf 92' lang='lat' dir='ltr'>si</span> <span class='ocrx_word' id='word_1_196' title='bbox 465 2716 659 2770; x_wconf 90' lang='lat' dir='ltr'>datum</span> <span class='ocrx_word' id='word_1_197' title='bbox 690 2716 874 2787; x_wconf 89' lang='lat' dir='ltr'>frangi</span> <span class='ocrx_word' id='word_1_198' title='bbox 905 2733 937 2770; x_wconf 90' lang='lat' dir='ltr'>a</span> <span class='ocrx_word' id='word_1_199' title='bbox 981 2719 1139 2769; x_wconf 88' lang='lat' dir='ltr'>tanto</span> <span class='ocrx_word' id='word_1_200' title='bbox 1171 2713 1313 2778; x_wconf 89' lang='lat' dir='ltr'>viro,</span> <span class='ocrx_word' id='word_1_201' title='bbox 1346 2717 1447 2767; x_wconf 90' lang='lat' dir='ltr'>aut</span> <span class='ocrx_word' id='word_1_202' title='bbox 1491 2727 1636 2764; x_wconf 87' lang='lat' dir='ltr'>vana</span> <span class='ocrx_word' id='word_1_203' title='bbox 1674 2709 1893 2764; x_wconf 86' lang='lat' dir='ltr'>ratione</span> <span class='ocrx_word' id='word_1_204' title='bbox 1933 2707 2087 2762; x_wconf 91' lang='lat' dir='ltr'>eludi</span> 
     </span>
    </p>
   </div>
   <div class='ocr_carea' id='block_1_30' title="bbox 386 2796 2085 2874">
    <p class='ocr_par' dir='ltr' id='par_1_30' title="bbox 386 2796 2085 2874">
     <span class='ocr_line' id='line_1_30' title="bbox 386 2796 2085 2874; baseline -0.005 -16"><span class='ocrx_word' id='word_1_205' title='bbox 386 2805 810 2874; x_wconf 88' lang='lat' dir='ltr'>permitterent;</span> <span class='ocrx_word' id='word_1_206' title='bbox 853 2819 1041 2874; x_wconf 90' lang='lat' dir='ltr'>neque</span> <span class='ocrx_word' id='word_1_207' title='bbox 1073 2802 1227 2856; x_wconf 90' lang='lat' dir='ltr'>enim</span> <span class='ocrx_word' id='word_1_208' title='bbox 1265 2801 1578 2855; x_wconf 90' lang='lat' dir='ltr'>secundum</span> <span class='ocrx_word' id='word_1_209' title='bbox 1608 2798 1778 2852; x_wconf 91' lang='lat' dir='ltr'>verba</span> <span class='ocrx_word' id='word_1_210' title='bbox 1815 2796 2085 2868; x_wconf 89' lang='lat' dir='ltr'>jurantis,</span> 
     </span>
    </p>
   </div>
   <div class='ocr_carea' id='block_1_31' title="bbox 386 2887 2087 2962">
    <p class='ocr_par' dir='ltr' id='par_1_31' title="bbox 386 2887 2087 2962">
     <span class='ocr_line' id='line_1_31' title="bbox 386 2887 2087 2962; baseline -0.002 -18"><span class='ocrx_word' id='word_1_211' title='bbox 386 2892 485 2946; x_wconf 91' lang='lat' dir='ltr'>sed</span> <span class='ocrx_word' id='word_1_212' title='bbox 508 2892 820 2946; x_wconf 88' lang='lat' dir='ltr'>secundum</span> <span class='ocrx_word' id='word_1_213' title='bbox 845 2890 1329 2962; x_wconf 86' lang='lat' dir='ltr'>exspectationem</span> <span class='ocrx_word' id='word_1_214' title='bbox 1354 2889 1508 2943; x_wconf 86' lang='lat' dir='ltr'>illius</span> <span class='ocrx_word' id='word_1_215' title='bbox 1525 2887 1615 2942; x_wconf 90' lang='lat' dir='ltr'>cui</span> <span class='ocrx_word' id='word_1_216' title='bbox 1633 2888 1883 2957; x_wconf 89' lang='lat' dir='ltr'>juratur,</span> <span class='ocrx_word' id='word_1_217' title='bbox 1913 2901 2087 2956; x_wconf 90' lang='lat' dir='ltr'>quam</span> 
     </span>
    </p>
   </div>
   <div class='ocr_carea' id='block_1_32' title="bbox 385 2975 2087 3051">
    <p class='ocr_par' dir='ltr' id='par_1_32' title="bbox 385 2975 2087 3051">
     <span class='ocr_line' id='line_1_32' title="bbox 385 2975 2087 3051; baseline -0.003 -17"><span class='ocrx_word' id='word_1_218' title='bbox 385 2981 548 3035; x_wconf 90' lang='lat' dir='ltr'>novit</span> <span class='ocrx_word' id='word_1_219' title='bbox 576 2981 672 3034; x_wconf 93' lang='lat' dir='ltr'>ille</span> <span class='ocrx_word' id='word_1_220' title='bbox 703 2981 803 3051; x_wconf 87' lang='lat' dir='ltr'>qui</span> <span class='ocrx_word' id='word_1_221' title='bbox 829 2981 1004 3050; x_wconf 87' lang='lat' dir='ltr'>jurat,</span> <span class='ocrx_word' id='word_1_222' title='bbox 1028 2979 1202 3034; x_wconf 82' lang='lat' dir='ltr'>ﬁdem</span> <span class='ocrx_word' id='word_1_223' title='bbox 1226 2978 1529 3048; x_wconf 90' lang='lat' dir='ltr'>jurationis</span> <span class='ocrx_word' id='word_1_224' title='bbox 1549 2975 1780 3046; x_wconf 91' lang='lat' dir='ltr'>impleri</span> <span class='ocrx_word' id='word_1_225' title='bbox 1811 2992 1824 3030; x_wconf 91' lang='lat'>:</span> <span class='ocrx_word' id='word_1_226' title='bbox 1858 2990 2087 3045; x_wconf 90' lang='lat' dir='ltr'>sperare</span> 
     </span>
    </p>
   </div>
   <div class='ocr_carea' id='block_1_33' title="bbox 388 3063 2086 3137">
    <p class='ocr_par' dir='ltr' id='par_1_33' title="bbox 388 3063 2086 3137">
     <span class='ocr_line' id='line_1_33' title="bbox 388 3063 2086 3137; baseline -0.004 -15"><span class='ocrx_word' id='word_1_227' title='bbox 388 3076 583 3122; x_wconf 88' lang='lat' dir='ltr'>tamen</span> <span class='ocrx_word' id='word_1_228' title='bbox 623 3086 702 3134; x_wconf 92' lang='lat' dir='ltr'>se,</span> <span class='ocrx_word' id='word_1_229' title='bbox 734 3084 865 3122; x_wconf 91' lang='lat' dir='ltr'>cum</span> <span class='ocrx_word' id='word_1_230' title='bbox 897 3084 962 3121; x_wconf 84' lang='lat' dir='ltr'>ex</span> <span class='ocrx_word' id='word_1_231' title='bbox 993 3067 1342 3137; x_wconf 88' lang='lat' dir='ltr'>benignitate</span> <span class='ocrx_word' id='word_1_232' title='bbox 1389 3065 1598 3130; x_wconf 89' lang='lat' dir='ltr'>divina,</span> <span class='ocrx_word' id='word_1_233' title='bbox 1629 3069 1752 3117; x_wconf 91' lang='lat' dir='ltr'>tum</span> <span class='ocrx_word' id='word_1_234' title='bbox 1786 3079 1855 3116; x_wconf 82' lang='lat' dir='ltr'>ex</span> <span class='ocrx_word' id='word_1_235' title='bbox 1880 3063 2086 3116; x_wconf 86' lang='lat' dir='ltr'>virtute</span> 
     </span>
    </p>
   </div>
   <div class='ocr_carea' id='block_1_34' title="bbox 388 3154 2084 3226">
    <p class='ocr_par' dir='ltr' id='par_1_34' title="bbox 388 3154 2084 3226">
     <span class='ocr_line' id='line_1_34' title="bbox 388 3154 2084 3226; baseline -0.002 -17"><span class='ocrx_word' id='word_1_236' title='bbox 388 3155 632 3222; x_wconf 91' lang='lat' dir='ltr'>Piniani,</span> <span class='ocrx_word' id='word_1_237' title='bbox 667 3156 765 3226; x_wconf 89' lang='lat' dir='ltr'>qui</span> <span class='ocrx_word' id='word_1_238' title='bbox 791 3156 964 3209; x_wconf 86' lang='lat' dir='ltr'>ﬁdem</span> <span class='ocrx_word' id='word_1_239' title='bbox 992 3157 1106 3209; x_wconf 87' lang='lat' dir='ltr'>Deo</span> <span class='ocrx_word' id='word_1_240' title='bbox 1126 3161 1183 3209; x_wconf 90' lang='lat' dir='ltr'>et</span> <span class='ocrx_word' id='word_1_241' title='bbox 1213 3154 1472 3208; x_wconf 79' lang='lat' dir='ltr'>Ecclesiae</span> <span class='ocrx_word' id='word_1_242' title='bbox 1494 3156 1719 3222; x_wconf 88' lang='lat' dir='ltr'>pactam</span> <span class='ocrx_word' id='word_1_243' title='bbox 1747 3156 1908 3206; x_wconf 89' lang='lat' dir='ltr'>tanta</span> <span class='ocrx_word' id='word_1_244' title='bbox 1952 3169 2084 3206; x_wconf 90' lang='lat' dir='ltr'>cum</span> 
     </span>
    </p>
   </div>
   <div class='ocr_carea' id='block_1_35' title="bbox 392 3242 2086 3314">
    <p class='ocr_par' dir='ltr' id='par_1_35' title="bbox 392 3242 2086 3314">
     <span class='ocr_line' id='line_1_35' title="bbox 392 3242 2086 3314; baseline -0.003 -17"><span class='ocrx_word' id='word_1_245' title='bbox 392 3243 672 3314; x_wconf 88' lang='lat' dir='ltr'>religione</span> <span class='ocrx_word' id='word_1_246' title='bbox 703 3243 979 3310; x_wconf 85' lang='lat' dir='ltr'>servabat,</span> <span class='ocrx_word' id='word_1_247' title='bbox 1013 3260 1128 3296; x_wconf 93' lang='lat' dir='ltr'>non</span> <span class='ocrx_word' id='word_1_248' title='bbox 1159 3242 1437 3296; x_wconf 86' lang='lat' dir='ltr'>orituram</span> <span class='ocrx_word' id='word_1_249' title='bbox 1468 3257 1595 3295; x_wconf 90' lang='lat' dir='ltr'>eam</span> <span class='ocrx_word' id='word_1_250' title='bbox 1645 3246 1896 3310; x_wconf 86' lang='lat' dir='ltr'>segetem</span> <span class='ocrx_word' id='word_1_251' title='bbox 1925 3255 2086 3293; x_wconf 91' lang='lat' dir='ltr'>scan-</span> 
     </span>
    </p>
   </div>
   <div class='ocr_carea' id='block_1_36' title="bbox 391 3325 2088 3398">
    <p class='ocr_par' dir='ltr' id='par_1_36' title="bbox 391 3325 2088 3398">
     <span class='ocr_line' id='line_1_36' title="bbox 391 3325 2088 3398; baseline -0.003 -13"><span class='ocrx_word' id='word_1_252' title='bbox 391 3332 505 3386; x_wconf 93' lang='lat' dir='ltr'>dali</span> <span class='ocrx_word' id='word_1_253' title='bbox 553 3337 608 3385; x_wconf 91' lang='lat' dir='ltr'>et</span> <span class='ocrx_word' id='word_1_254' title='bbox 654 3325 1005 3384; x_wconf 76' lang='lat' dir='ltr'>offensionis.</span> <span class='ocrx_word' id='word_1_255' title='bbox 1063 3331 1204 3385; x_wconf 89' lang='lat' dir='ltr'>Cum</span> <span class='ocrx_word' id='word_1_256' title='bbox 1242 3330 1348 3383; x_wconf 92' lang='lat' dir='ltr'>hoc</span> <span class='ocrx_word' id='word_1_257' title='bbox 1402 3345 1698 3398; x_wconf 89' lang='lat' dir='ltr'>responso,</span> <span class='ocrx_word' id='word_1_258' title='bbox 1760 3329 2088 3398; x_wconf 86' lang='lat' dir='ltr'>exemplum</span> 
     </span>
    </p>
   </div>
   <div class='ocr_carea' id='block_1_37' title="bbox 390 3416 2089 3491">
    <p class='ocr_par' dir='ltr' id='par_1_37' title="bbox 390 3416 2089 3491">
     <span class='ocr_line' id='line_1_37' title="bbox 390 3416 2089 3491; baseline -0.001 -18"><span class='ocrx_word' id='word_1_259' title='bbox 390 3419 786 3491; x_wconf 88' lang='lat' dir='ltr'>promissionis</span> <span class='ocrx_word' id='word_1_260' title='bbox 818 3419 1042 3473; x_wconf 89' lang='lat' dir='ltr'>Piniani</span> <span class='ocrx_word' id='word_1_261' title='bbox 1091 3436 1157 3472; x_wconf 84' lang='lat' dir='ltr'>ex</span> <span class='ocrx_word' id='word_1_262' title='bbox 1215 3418 1529 3488; x_wconf 86' lang='lat' dir='ltr'>subscripta</span> <span class='ocrx_word' id='word_1_263' title='bbox 1567 3416 1636 3471; x_wconf 92' lang='lat' dir='ltr'>ab</span> <span class='ocrx_word' id='word_1_264' title='bbox 1676 3416 1799 3486; x_wconf 88' lang='lat' dir='ltr'>ipso</span> <span class='ocrx_word' id='word_1_265' title='bbox 1830 3417 2089 3471; x_wconf 86' lang='lat' dir='ltr'>chartula</span> 
     </span>
    </p>
   </div>
   <div class='ocr_carea' id='block_1_38' title="bbox 391 3505 2086 3578">
    <p class='ocr_par' dir='ltr' id='par_1_38' title="bbox 391 3505 2086 3578">
     <span class='ocr_line' id='line_1_38' title="bbox 391 3505 2086 3578; baseline -0.001 -16"><span class='ocrx_word' id='word_1_266' title='bbox 391 3509 729 3562; x_wconf 88' lang='lat' dir='ltr'>translatum</span> <span class='ocrx_word' id='word_1_267' title='bbox 779 3512 835 3562; x_wconf 92' lang='lat' dir='ltr'>et</span> <span class='ocrx_word' id='word_1_268' title='bbox 880 3507 1247 3562; x_wconf 89' lang='lat' dir='ltr'>emendatum</span> <span class='ocrx_word' id='word_1_269' title='bbox 1277 3507 1482 3578; x_wconf 80' lang='lat' dir='ltr'>Alypio</span> <span class='ocrx_word' id='word_1_270' title='bbox 1513 3505 1688 3560; x_wconf 90' lang='lat' dir='ltr'>misit.</span> <span class='ocrx_word' id='word_1_271' title='bbox 1733 3505 1955 3558; x_wconf 88' lang='lat' dir='ltr'>Litteris</span> <span class='ocrx_word' id='word_1_272' title='bbox 1984 3521 2086 3560; x_wconf 87' lang='lat' dir='ltr'>au-</span> 
     </span>
    </p>
   </div>
   <div class='ocr_carea' id='block_1_39' title="bbox 390 3594 2088 3666">
    <p class='ocr_par' dir='ltr' id='par_1_39' title="bbox 390 3594 2088 3666">
     <span class='ocr_line' id='line_1_39' title="bbox 390 3594 2088 3666; baseline -0.001 -19"><span class='ocrx_word' id='word_1_273' title='bbox 390 3600 505 3649; x_wconf 87' lang='lat' dir='ltr'>tem</span> <span class='ocrx_word' id='word_1_274' title='bbox 545 3595 768 3649; x_wconf 49' lang='lat' dir='ltr'>Albinae.</span> <span class='ocrx_word' id='word_1_275' title='bbox 826 3597 1176 3666; x_wconf 85' lang='lat' dir='ltr'>respondens</span> <span class='ocrx_word' id='word_1_276' title='bbox 1238 3596 1432 3666; x_wconf 82' lang='lat' dir='ltr'>(Epist.</span> <span class='ocrx_word' id='word_1_277' title='bbox 1490 3594 1631 3665; x_wconf 77' lang='grc'>126),</span> <span class='ocrx_word' id='word_1_278' title='bbox 1688 3597 1927 3647; x_wconf 88' lang='lat' dir='ltr'>testatur</span> <span class='ocrx_word' id='word_1_279' title='bbox 1968 3594 2088 3664; x_wconf 89' lang='lat' dir='ltr'>pri-</span> 
     </span>
    </p>
   </div>
   <div class='ocr_carea' id='block_1_40' title="bbox 390 3683 2088 3753">
    <p class='ocr_par' dir='ltr' id='par_1_40' title="bbox 390 3683 2088 3753">
     <span class='ocr_line' id='line_1_40' title="bbox 390 3683 2088 3753; baseline -0.003 -13"><span class='ocrx_word' id='word_1_280' title='bbox 390 3701 552 3740; x_wconf 91' lang='lat' dir='ltr'>mum</span> <span class='ocrx_word' id='word_1_281' title='bbox 591 3685 662 3739; x_wconf 89' lang='lat' dir='ltr'>ad</span> <span class='ocrx_word' id='word_1_282' title='bbox 707 3702 834 3740; x_wconf 90' lang='lat' dir='ltr'>eam</span> <span class='ocrx_word' id='word_1_283' title='bbox 871 3685 1115 3739; x_wconf 87' lang='lat' dir='ltr'>scribere</span> <span class='ocrx_word' id='word_1_284' title='bbox 1164 3703 1244 3751; x_wconf 92' lang='lat' dir='ltr'>se,</span> <span class='ocrx_word' id='word_1_285' title='bbox 1285 3701 1405 3738; x_wconf 90' lang='lat' dir='ltr'>non</span> <span class='ocrx_word' id='word_1_286' title='bbox 1433 3689 1498 3738; x_wconf 93' lang='lat' dir='ltr'>ut</span> <span class='ocrx_word' id='word_1_287' title='bbox 1523 3684 1776 3738; x_wconf 91' lang='lat' dir='ltr'>dolorem</span> <span class='ocrx_word' id='word_1_288' title='bbox 1804 3683 1926 3753; x_wconf 88' lang='lat' dir='ltr'>ejus</span> <span class='ocrx_word' id='word_1_289' title='bbox 1964 3699 2088 3736; x_wconf 86' lang='lat' dir='ltr'>exa-</span> 
     </span>
    </p>
   </div>
   <div class='ocr_carea' id='block_1_41' title="bbox 391 3773 2090 3843">
    <p class='ocr_par' dir='ltr' id='par_1_41' title="bbox 391 3773 2090 3843">
     <span class='ocr_line' id='line_1_41' title="bbox 391 3773 2090 3843; baseline -0.001 -17"><span class='ocrx_word' id='word_1_290' title='bbox 391 3777 598 3843; x_wconf 88' lang='lat' dir='ltr'>speret,</span> <span class='ocrx_word' id='word_1_291' title='bbox 641 3773 740 3826; x_wconf 89' lang='lat' dir='ltr'>sed</span> <span class='ocrx_word' id='word_1_292' title='bbox 768 3773 947 3826; x_wconf 85' lang='lat' dir='ltr'>leniat</span> <span class='ocrx_word' id='word_1_293' title='bbox 973 3790 986 3838; x_wconf 86' lang='lat'>;</span> <span class='ocrx_word' id='word_1_294' title='bbox 1029 3790 1215 3843; x_wconf 89' lang='lat' dir='ltr'>neque</span> <span class='ocrx_word' id='word_1_295' title='bbox 1254 3777 1317 3826; x_wconf 93' lang='lat' dir='ltr'>ut</span> <span class='ocrx_word' id='word_1_296' title='bbox 1341 3773 1616 3839; x_wconf 90' lang='lat' dir='ltr'>animam,</span> <span class='ocrx_word' id='word_1_297' title='bbox 1648 3789 1821 3842; x_wconf 90' lang='lat' dir='ltr'>quam</span> <span class='ocrx_word' id='word_1_298' title='bbox 1853 3788 2090 3824; x_wconf 87' lang='lat' dir='ltr'>venera-</span> 
     </span>
    </p>
   </div>
   <div class='ocr_carea' id='block_1_42' title="bbox 389 3859 2089 3930">
    <p class='ocr_par' dir='ltr' id='par_1_42' title="bbox 389 3859 2089 3930">
     <span class='ocr_line' id='line_1_42' title="bbox 389 3859 2089 3930; baseline -0.001 -16"><span class='ocrx_word' id='word_1_299' title='bbox 389 3861 559 3914; x_wconf 85' lang='lat' dir='ltr'>batur</span> <span class='ocrx_word' id='word_1_300' title='bbox 605 3866 883 3930; x_wconf 88' lang='lat' dir='ltr'>tanquam</span> <span class='ocrx_word' id='word_1_301' title='bbox 928 3863 1039 3915; x_wconf 89' lang='lat' dir='ltr'>Deo</span> <span class='ocrx_word' id='word_1_302' title='bbox 1081 3861 1347 3926; x_wconf 84' lang='lat' dir='ltr'>dicatam,</span> <span class='ocrx_word' id='word_1_303' title='bbox 1379 3860 1728 3914; x_wconf 87' lang='lat' dir='ltr'>tristioribus</span> <span class='ocrx_word' id='word_1_304' title='bbox 1756 3859 1920 3914; x_wconf 90' lang='lat' dir='ltr'>dictis</span> <span class='ocrx_word' id='word_1_305' title='bbox 1958 3875 2089 3929; x_wconf 86' lang='lat' dir='ltr'>per-</span> 
     </span>
    </p>
   </div>
   <div class='ocr_carea' id='block_1_43' title="bbox 391 3947 2091 4018">
    <p class='ocr_par' dir='ltr' id='par_1_43' title="bbox 391 3947 2091 4018">
     <span class='ocr_line' id='line_1_43' title="bbox 391 3947 2091 4018; baseline 0 -17"><span class='ocrx_word' id='word_1_306' title='bbox 391 3948 601 4014; x_wconf 88' lang='lat' dir='ltr'>turbet,</span> <span class='ocrx_word' id='word_1_307' title='bbox 629 3948 724 4001; x_wconf 88' lang='lat' dir='ltr'>sed</span> <span class='ocrx_word' id='word_1_308' title='bbox 755 3949 877 4017; x_wconf 90' lang='lat' dir='ltr'>ejus</span> <span class='ocrx_word' id='word_1_309' title='bbox 912 3948 1261 4018; x_wconf 87' lang='lat' dir='ltr'>suspiciones</span> <span class='ocrx_word' id='word_1_310' title='bbox 1309 3953 1488 4002; x_wconf 91' lang='lat' dir='ltr'>sanet.</span> <span class='ocrx_word' id='word_1_311' title='bbox 1523 3949 1665 4000; x_wconf 88' lang='lat' dir='ltr'>Tum</span> <span class='ocrx_word' id='word_1_312' title='bbox 1697 3947 1778 4000; x_wconf 88' lang='lat' dir='ltr'>rei</span> <span class='ocrx_word' id='word_1_313' title='bbox 1809 3951 1982 4016; x_wconf 67' lang='lat' dir='ltr'>gesta:</span> <span class='ocrx_word' id='word_1_314' title='bbox 2011 3965 2091 4001; x_wconf 90' lang='lat' dir='ltr'>ra-</span> 
     </span>
    </p>
   </div>
   <div class='ocr_carea' id='block_1_44' title="bbox 393 4035 2089 4106">
    <p class='ocr_par' dir='ltr' id='par_1_44' title="bbox 393 4035 2089 4106">
     <span class='ocr_line' id='line_1_44' title="bbox 393 4035 2089 4106; baseline 0.001 -17"><span class='ocrx_word' id='word_1_315' title='bbox 393 4037 611 4089; x_wconf 89' lang='lat' dir='ltr'>tionem</span> <span class='ocrx_word' id='word_1_316' title='bbox 641 4035 724 4090; x_wconf 89' lang='lat' dir='ltr'>illi</span> <span class='ocrx_word' id='word_1_317' title='bbox 753 4036 956 4105; x_wconf 89' lang='lat' dir='ltr'>aperit,</span> <span class='ocrx_word' id='word_1_318' title='bbox 989 4053 1103 4106; x_wconf 88' lang='lat' dir='ltr'>quo</span> <span class='ocrx_word' id='word_1_319' title='bbox 1133 4036 1256 4106; x_wconf 89' lang='lat' dir='ltr'>ipsa</span> <span class='ocrx_word' id='word_1_320' title='bbox 1285 4051 1390 4105; x_wconf 90' lang='lat' dir='ltr'>per</span> <span class='ocrx_word' id='word_1_321' title='bbox 1419 4053 1476 4088; x_wconf 91' lang='lat' dir='ltr'>se</span> <span class='ocrx_word' id='word_1_322' title='bbox 1506 4035 1942 4102; x_wconf 86' lang='lat' dir='ltr'>animadvertat,</span> <span class='ocrx_word' id='word_1_323' title='bbox 1977 4053 2089 4090; x_wconf 91' lang='lat' dir='ltr'>non</span> 
     </span>
    </p>
   </div>
   <div class='ocr_carea' id='block_1_45' title="bbox 391 4123 2091 4194">
    <p class='ocr_par' dir='ltr' id='par_1_45' title="bbox 391 4123 2091 4194">
     <span class='ocr_line' id='line_1_45' title="bbox 391 4123 2091 4194; baseline 0.001 -17"><span class='ocrx_word' id='word_1_324' title='bbox 391 4124 500 4178; x_wconf 79' lang='lat' dir='ltr'>nisi</span> <span class='ocrx_word' id='word_1_325' title='bbox 531 4123 842 4194; x_wconf 89' lang='lat' dir='ltr'>spiritualis</span> <span class='ocrx_word' id='word_1_326' title='bbox 884 4123 1143 4178; x_wconf 62' lang='lat' dir='ltr'>Ecclesiae</span> <span class='ocrx_word' id='word_1_327' title='bbox 1191 4123 1500 4189; x_wconf 89' lang='lat' dir='ltr'>commodi,</span> <span class='ocrx_word' id='word_1_328' title='bbox 1549 4127 1604 4177; x_wconf 89' lang='lat' dir='ltr'>et</span> <span class='ocrx_word' id='word_1_329' title='bbox 1655 4139 1852 4176; x_wconf 90' lang='lat' dir='ltr'>earum</span> <span class='ocrx_word' id='word_1_330' title='bbox 1883 4124 2091 4193; x_wconf 89' lang='lat' dir='ltr'>quibus</span> 
     </span>
    </p>
   </div>
   <div class='ocr_carea' id='block_1_46' title="bbox 391 4211 2089 4282">
    <p class='ocr_par' dir='ltr' id='par_1_46' title="bbox 391 4211 2089 4282">
     <span class='ocr_line' id='line_1_46' title="bbox 391 4211 2089 4282; baseline -0.001 -15"><span class='ocrx_word' id='word_1_331' title='bbox 391 4213 664 4268; x_wconf 88' lang='lat' dir='ltr'>Pinianus</span> <span class='ocrx_word' id='word_1_332' title='bbox 684 4217 919 4266; x_wconf 90' lang='lat' dir='ltr'>ornatus</span> <span class='ocrx_word' id='word_1_333' title='bbox 949 4217 1089 4272; x_wconf 87' lang='lat' dir='ltr'>erat.</span> <span class='ocrx_word' id='word_1_334' title='bbox 1121 4211 1397 4266; x_wconf 88' lang='lat' dir='ltr'>virtutum</span> <span class='ocrx_word' id='word_1_335' title='bbox 1419 4211 1621 4282; x_wconf 88' lang='lat' dir='ltr'>gratia,</span> <span class='ocrx_word' id='word_1_336' title='bbox 1655 4211 1893 4282; x_wconf 89' lang='lat' dir='ltr'>petitum</span> <span class='ocrx_word' id='word_1_337' title='bbox 1925 4211 2089 4266; x_wconf 89' lang='lat' dir='ltr'>illum</span> 
     </span>
    </p>
   </div>
   <div class='ocr_carea' id='block_1_47' title="bbox 390 4300 2089 4372">
    <p class='ocr_par' dir='ltr' id='par_1_47' title="bbox 390 4300 2089 4372">
     <span class='ocr_line' id='line_1_47' title="bbox 390 4300 2089 4372; baseline 0 -17"><span class='ocrx_word' id='word_1_338' title='bbox 390 4303 460 4356; x_wconf 91' lang='lat' dir='ltr'>ab</span> <span class='ocrx_word' id='word_1_339' title='bbox 496 4300 843 4372; x_wconf 84' lang='lat' dir='ltr'>Hipponensi</span> <span class='ocrx_word' id='word_1_340' title='bbox 868 4301 1034 4371; x_wconf 90' lang='lat' dir='ltr'>plebe</span> <span class='ocrx_word' id='word_1_341' title='bbox 1066 4300 1126 4354; x_wconf 90' lang='lat' dir='ltr'>in</span> <span class='ocrx_word' id='word_1_342' title='bbox 1176 4300 1575 4371; x_wconf 87' lang='lat' dir='ltr'>presbyterum</span> <span class='ocrx_word' id='word_1_343' title='bbox 1613 4317 1625 4354; x_wconf 93' lang='lat'><strong>:</strong></span> <span class='ocrx_word' id='word_1_344' title='bbox 1657 4317 1769 4370; x_wconf 90' lang='lat' dir='ltr'>qua</span> <span class='ocrx_word' id='word_1_345' title='bbox 1817 4300 1877 4353; x_wconf 92' lang='lat' dir='ltr'>in</span> <span class='ocrx_word' id='word_1_346' title='bbox 1918 4316 1976 4354; x_wconf 91' lang='lat' dir='ltr'>re</span> <span class='ocrx_word' id='word_1_347' title='bbox 2016 4318 2089 4355; x_wconf 89' lang='lat' dir='ltr'>ne</span> 
     </span>
    </p>
   </div>
   <div class='ocr_carea' id='block_1_48' title="bbox 389 4385 2084 4461">
    <p class='ocr_par' dir='ltr' id='par_1_48' title="bbox 389 4385 2084 4461">
     <span class='ocr_line' id='line_1_48' title="bbox 389 4385 2084 4461; baseline 0.001 -18"><span class='ocrx_word' id='word_1_348' title='bbox 389 4385 628 4443; x_wconf 85' lang='lat' dir='ltr'>minima</span> <span class='ocrx_word' id='word_1_349' title='bbox 654 4390 886 4461; x_wconf 89' lang='lat' dir='ltr'>quidem</span> <span class='ocrx_word' id='word_1_350' title='bbox 912 4394 1213 4460; x_wconf 89' lang='lat' dir='ltr'>appareret</span> <span class='ocrx_word' id='word_1_351' title='bbox 1249 4389 1500 4442; x_wconf 68' lang='lat' dir='ltr'>avaritise</span> <span class='ocrx_word' id='word_1_352' title='bbox 1531 4387 1924 4460; x_wconf 89' lang='lat' dir='ltr'>cupiditatisve</span> <span class='ocrx_word' id='word_1_353' title='bbox 1956 4406 2084 4460; x_wconf 89' lang='lat' dir='ltr'>spe-</span> 
     </span>
    </p>
   </div>
   <div class='ocr_carea' id='block_1_49' title="bbox 390 4477 2088 4548">
    <p class='ocr_par' dir='ltr' id='par_1_49' title="bbox 390 4477 2088 4548">
     <span class='ocr_line' id='line_1_49' title="bbox 390 4477 2088 4548; baseline 0.001 -19"><span class='ocrx_word' id='word_1_354' title='bbox 390 4477 533 4543; x_wconf 89' lang='lat' dir='ltr'>cies;</span> <span class='ocrx_word' id='word_1_355' title='bbox 591 4495 653 4531; x_wconf 89' lang='lat' dir='ltr'>ac</span> <span class='ocrx_word' id='word_1_356' title='bbox 700 4478 938 4548; x_wconf 88' lang='lat' dir='ltr'>proinde</span> <span class='ocrx_word' id='word_1_357' title='bbox 974 4479 1196 4532; x_wconf 91' lang='lat' dir='ltr'>nullum</span> <span class='ocrx_word' id='word_1_358' title='bbox 1242 4482 1450 4548; x_wconf 63' lang='lat' dir='ltr'>prmter</span> <span class='ocrx_word' id='word_1_359' title='bbox 1488 4494 1545 4530; x_wconf 92' lang='lat' dir='ltr'>se</span> <span class='ocrx_word' id='word_1_360' title='bbox 1585 4493 1653 4531; x_wconf 89' lang='lat' dir='ltr'>ea</span> <span class='ocrx_word' id='word_1_361' title='bbox 1690 4477 2088 4531; x_wconf 80' lang='lat' dir='ltr'>criminatione</span> 
     </span>
    </p>
   </div>
   <div class='ocr_carea' id='block_1_50' title="bbox 390 4565 2088 4638">
    <p class='ocr_par' dir='ltr' id='par_1_50' title="bbox 390 4565 2088 4638">
     <span class='ocr_line' id='line_1_50' title="bbox 390 4565 2088 4638; baseline 0 -20"><span class='ocrx_word' id='word_1_362' title='bbox 390 4565 721 4635; x_wconf 88' lang='lat' dir='ltr'>perstringi,</span> <span class='ocrx_word' id='word_1_363' title='bbox 752 4568 1011 4638; x_wconf 88' lang='lat' dir='ltr'>quamvis</span> <span class='ocrx_word' id='word_1_364' title='bbox 1050 4566 1106 4621; x_wconf 94' lang='lat' dir='ltr'>id</span> <span class='ocrx_word' id='word_1_365' title='bbox 1133 4567 1354 4620; x_wconf 81' lang='lat' dir='ltr'>Albinae</span> <span class='ocrx_word' id='word_1_366' title='bbox 1385 4565 1558 4620; x_wconf 89' lang='lat' dir='ltr'>studii</span> <span class='ocrx_word' id='word_1_367' title='bbox 1585 4565 1778 4631; x_wconf 85' lang='lat' dir='ltr'>fuerit,</span> <span class='ocrx_word' id='word_1_368' title='bbox 1807 4569 1866 4618; x_wconf 90' lang='lat' dir='ltr'>ut</span> <span class='ocrx_word' id='word_1_369' title='bbox 1888 4565 2088 4618; x_wconf 87' lang='lat' dir='ltr'>vitium</span> 
     </span>
    </p>
   </div>
   <div class='ocr_carea' id='block_1_51' title="bbox 391 4653 2087 4725">
    <p class='ocr_par' dir='ltr' id='par_1_51' title="bbox 391 4653 2087 4725">
     <span class='ocr_line' id='line_1_51' title="bbox 391 4653 2087 4725; baseline 0.002 -21"><span class='ocrx_word' id='word_1_370' title='bbox 391 4668 504 4722; x_wconf 91' lang='lat' dir='ltr'>quo</span> <span class='ocrx_word' id='word_1_371' title='bbox 537 4653 794 4708; x_wconf 89' lang='lat' dir='ltr'>laborare</span> <span class='ocrx_word' id='word_1_372' title='bbox 823 4654 1012 4724; x_wconf 88' lang='lat' dir='ltr'>ipsum</span> <span class='ocrx_word' id='word_1_373' title='bbox 1045 4655 1350 4725; x_wconf 85' lang='lat' dir='ltr'>judicabat,</span> <span class='ocrx_word' id='word_1_374' title='bbox 1384 4669 1502 4707; x_wconf 89' lang='lat' dir='ltr'>non</span> <span class='ocrx_word' id='word_1_375' title='bbox 1554 4653 1785 4722; x_wconf 88' lang='lat' dir='ltr'>directe,</span> <span class='ocrx_word' id='word_1_376' title='bbox 1817 4670 1886 4707; x_wconf 91' lang='lat' dir='ltr'>ne</span> <span class='ocrx_word' id='word_1_377' title='bbox 1916 4655 2087 4724; x_wconf 88' lang='lat' dir='ltr'>paulo</span> 
     </span>
    </p>
   </div>
   <div class='ocr_carea' id='block_1_52' title="bbox 389 4741 2086 4812">
    <p class='ocr_par' dir='ltr' id='par_1_52' title="bbox 389 4741 2086 4812">
     <span class='ocr_line' id='line_1_52' title="bbox 389 4741 2086 4812; baseline 0.001 -18"><span class='ocrx_word' id='word_1_378' title='bbox 389 4742 627 4795; x_wconf 88' lang='lat' dir='ltr'>liberius</span> <span class='ocrx_word' id='word_1_379' title='bbox 656 4748 756 4795; x_wconf 92' lang='lat' dir='ltr'>aut</span> <span class='ocrx_word' id='word_1_380' title='bbox 784 4741 1222 4797; x_wconf 90' lang='lat' dir='ltr'>inverecundius</span> <span class='ocrx_word' id='word_1_381' title='bbox 1251 4743 1312 4796; x_wconf 90' lang='lat' dir='ltr'>in</span> <span class='ocrx_word' id='word_1_382' title='bbox 1358 4741 1699 4812; x_wconf 90' lang='lat' dir='ltr'>Episcopum</span> <span class='ocrx_word' id='word_1_383' title='bbox 1731 4757 1898 4810; x_wconf 86' lang='lat' dir='ltr'>agere</span> <span class='ocrx_word' id='word_1_384' title='bbox 1929 4741 2086 4796; x_wconf 90' lang='lat' dir='ltr'>vide-</span> 
     </span>
    </p>
   </div>
   <div class='ocr_carea' id='block_1_53' title="bbox 391 4829 2088 4901">
    <p class='ocr_par' dir='ltr' id='par_1_53' title="bbox 391 4829 2088 4901">
     <span class='ocr_line' id='line_1_53' title="bbox 391 4829 2088 4901; baseline 0.001 -18"><span class='ocrx_word' id='word_1_385' title='bbox 391 4834 567 4896; x_wconf 88' lang='lat' dir='ltr'>retur,</span> <span class='ocrx_word' id='word_1_386' title='bbox 616 4830 713 4883; x_wconf 89' lang='lat' dir='ltr'>sed</span> <span class='ocrx_word' id='word_1_387' title='bbox 757 4830 988 4901; x_wconf 82' lang='lat' dir='ltr'>oblique</span> <span class='ocrx_word' id='word_1_388' title='bbox 1032 4848 1096 4885; x_wconf 91' lang='lat' dir='ltr'>ac</span> <span class='ocrx_word' id='word_1_389' title='bbox 1137 4832 1292 4885; x_wconf 89' lang='lat' dir='ltr'>velut</span> <span class='ocrx_word' id='word_1_390' title='bbox 1322 4831 1506 4884; x_wconf 91' lang='lat' dir='ltr'>alieno</span> <span class='ocrx_word' id='word_1_391' title='bbox 1543 4829 1774 4883; x_wconf 90' lang='lat' dir='ltr'>nomine</span> <span class='ocrx_word' id='word_1_392' title='bbox 1815 4829 1919 4883; x_wconf 89' lang='lat' dir='ltr'>sibi</span> <span class='ocrx_word' id='word_1_393' title='bbox 1949 4830 2088 4901; x_wconf 88' lang='lat' dir='ltr'>obji-</span> 
     </span>
    </p>
   </div>
   <div class='ocr_carea' id='block_1_54' title="bbox 391 4917 2089 4988">
    <p class='ocr_par' dir='ltr' id='par_1_54' title="bbox 391 4917 2089 4988">
     <span class='ocr_line' id='line_1_54' title="bbox 391 4917 2089 4988; baseline 0 -17"><span class='ocrx_word' id='word_1_394' title='bbox 391 4922 546 4972; x_wconf 88' lang='lat' dir='ltr'>ceret</span> <span class='ocrx_word' id='word_1_395' title='bbox 581 4933 593 4970; x_wconf 93' lang='lat'><strong>:</strong></span> <span class='ocrx_word' id='word_1_396' title='bbox 628 4933 686 4970; x_wconf 89' lang='lat' dir='ltr'>se</span> <span class='ocrx_word' id='word_1_397' title='bbox 723 4931 856 4970; x_wconf 85' lang='lat' dir='ltr'>vero</span> <span class='ocrx_word' id='word_1_398' title='bbox 886 4917 946 4970; x_wconf 90' lang='lat' dir='ltr'>in</span> <span class='ocrx_word' id='word_1_399' title='bbox 980 4918 1272 4972; x_wconf 79' lang='lat' dir='ltr'>beneﬁciis</span> <span class='ocrx_word' id='word_1_400' title='bbox 1311 4933 1527 4988; x_wconf 90' lang='lat' dir='ltr'>ponere</span> <span class='ocrx_word' id='word_1_401' title='bbox 1558 4917 1704 4971; x_wconf 89' lang='lat' dir='ltr'>hanc</span> <span class='ocrx_word' id='word_1_402' title='bbox 1752 4917 1874 4988; x_wconf 88' lang='lat' dir='ltr'>ejus</span> <span class='ocrx_word' id='word_1_403' title='bbox 1908 4918 2089 4972; x_wconf 88' lang='lat' dir='ltr'>chari-</span> 
     </span>
    </p>
   </div>
   <div class='ocr_carea' id='block_1_55' title="bbox 391 5004 2087 5077">
    <p class='ocr_par' dir='ltr' id='par_1_55' title="bbox 391 5004 2087 5077">
     <span class='ocr_line' id='line_1_55' title="bbox 391 5004 2087 5077; baseline -0.001 -15"><span class='ocrx_word' id='word_1_404' title='bbox 391 5011 588 5071; x_wconf 86' lang='lat' dir='ltr'>tatem,</span> <span class='ocrx_word' id='word_1_405' title='bbox 630 5004 834 5059; x_wconf 89' lang='lat' dir='ltr'>nonin</span> <span class='ocrx_word' id='word_1_406' title='bbox 881 5007 1089 5060; x_wconf 89' lang='lat' dir='ltr'>malam</span> <span class='ocrx_word' id='word_1_407' title='bbox 1139 5010 1359 5077; x_wconf 89' lang='lat' dir='ltr'>partem</span> <span class='ocrx_word' id='word_1_408' title='bbox 1402 5006 1656 5077; x_wconf 89' lang='lat' dir='ltr'>accipere</span> <span class='ocrx_word' id='word_1_409' title='bbox 1690 5023 1703 5060; x_wconf 89' lang='lat'><strong>:</strong></span> <span class='ocrx_word' id='word_1_410' title='bbox 1733 5011 1791 5060; x_wconf 87' lang='lat' dir='ltr'>at</span> <span class='ocrx_word' id='word_1_411' title='bbox 1839 5023 1968 5060; x_wconf 91' lang='lat' dir='ltr'>cum</span> <span class='ocrx_word' id='word_1_412' title='bbox 2017 5007 2087 5061; x_wconf 87' lang='lat' dir='ltr'>ab</span> 
     </span>
    </p>
   </div>
   <div class='ocr_carea' id='block_1_56' title="bbox 389 5092 2088 5166">
    <p class='ocr_par' dir='ltr' id='par_1_56' title="bbox 389 5092 2088 5166">
     <span class='ocr_line' id='line_1_56' title="bbox 389 5092 2088 5166; baseline 0 -17"><span class='ocrx_word' id='word_1_413' title='bbox 389 5094 595 5149; x_wconf 90' lang='lat' dir='ltr'>eodem</span> <span class='ocrx_word' id='word_1_414' title='bbox 624 5092 760 5146; x_wconf 89' lang='lat' dir='ltr'>vitio</span> <span class='ocrx_word' id='word_1_415' title='bbox 792 5092 1044 5147; x_wconf 87' lang='lat' dir='ltr'>alienum</span> <span class='ocrx_word' id='word_1_416' title='bbox 1065 5111 1124 5147; x_wconf 87' lang='lat' dir='ltr'>se</span> <span class='ocrx_word' id='word_1_417' title='bbox 1146 5094 1266 5164; x_wconf 89' lang='lat' dir='ltr'>ipse</span> <span class='ocrx_word' id='word_1_418' title='bbox 1287 5098 1670 5166; x_wconf 88' lang='lat' dir='ltr'>cognosceret,</span> <span class='ocrx_word' id='word_1_419' title='bbox 1696 5111 1883 5164; x_wconf 87' lang='lat' dir='ltr'>neque</span> <span class='ocrx_word' id='word_1_420' title='bbox 1903 5095 2088 5150; x_wconf 92' lang='lat' dir='ltr'>ullum</span> 
     </span>
    </p>
   </div>
   <div class='ocr_carea' id='block_1_57' title="bbox 389 5181 2087 5239">
    <p class='ocr_par' dir='ltr' id='par_1_57' title="bbox 389 5181 2087 5239">
     <span class='ocr_line' id='line_1_57' title="bbox 389 5181 2087 5239; baseline -0.001 0"><span class='ocrx_word' id='word_1_421' title='bbox 389 5183 473 5239; x_wconf 91' lang='lat' dir='ltr'>rei</span> <span class='ocrx_word' id='word_1_422' title='bbox 501 5184 651 5238; x_wconf 90' lang='lat' dir='ltr'>intra</span> <span class='ocrx_word' id='word_1_423' title='bbox 680 5181 1089 5235; x_wconf 89' lang='lat' dir='ltr'>conscientiam</span> <span class='ocrx_word' id='word_1_424' title='bbox 1121 5184 1430 5238; x_wconf 64' lang='lat' dir='ltr'>reconditas</span> <span class='ocrx_word' id='word_1_425' title='bbox 1459 5183 1855 5238; x_wconf 88' lang='lat' dir='ltr'>testimonium</span> <span class='ocrx_word' id='word_1_426' title='bbox 1887 5185 2087 5239; x_wconf 76' lang='lat' dir='ltr'>afferre</span> 
     </span>
    </p>
   </div>
   <div class='ocr_carea' id='block_1_58' title="bbox 388 5270 2086 5345">
    <p class='ocr_par' dir='ltr' id='par_1_58' title="bbox 388 5270 2086 5345">
     <span class='ocr_line' id='line_1_58' title="bbox 388 5270 2086 5345; baseline -0.001 -17"><span class='ocrx_word' id='word_1_427' title='bbox 388 5277 598 5345; x_wconf 87' lang='lat' dir='ltr'>posset,</span> <span class='ocrx_word' id='word_1_428' title='bbox 646 5287 703 5325; x_wconf 91' lang='lat' dir='ltr'>se</span> <span class='ocrx_word' id='word_1_429' title='bbox 737 5270 931 5326; x_wconf 88' lang='lat' dir='ltr'>testari</span> <span class='ocrx_word' id='word_1_430' title='bbox 973 5271 1173 5334; x_wconf 87' lang='lat' dir='ltr'>Deum,</span> <span class='ocrx_word' id='word_1_431' title='bbox 1225 5271 1335 5325; x_wconf 90' lang='lat' dir='ltr'>sibi</span> <span class='ocrx_word' id='word_1_432' title='bbox 1371 5273 1656 5327; x_wconf 90' lang='lat' dir='ltr'>bonorum</span> <span class='ocrx_word' id='word_1_433' title='bbox 1690 5273 1950 5327; x_wconf 63' lang='lat' dir='ltr'>Ecclesiae</span> <span class='ocrx_word' id='word_1_434' title='bbox 1989 5274 2086 5327; x_wconf 89' lang='lat' dir='ltr'>ad-</span> 
     </span>
    </p>
   </div>
   <div class='ocr_carea' id='block_1_59' title="bbox 389 5359 2087 5430">
    <p class='ocr_par' dir='ltr' id='par_1_59' title="bbox 389 5359 2087 5430">
     <span class='ocr_line' id='line_1_59' title="bbox 389 5359 2087 5430; baseline -0.001 -14"><span class='ocrx_word' id='word_1_435' title='bbox 389 5361 889 5427; x_wconf 89' lang='lat' dir='ltr'>ministrationem,</span> <span class='ocrx_word' id='word_1_436' title='bbox 923 5375 1097 5430; x_wconf 89' lang='lat' dir='ltr'>quam</span> <span class='ocrx_word' id='word_1_437' title='bbox 1128 5359 1200 5413; x_wconf 90' lang='lat' dir='ltr'>ob</span> <span class='ocrx_word' id='word_1_438' title='bbox 1228 5361 1468 5414; x_wconf 81' lang='lat' dir='ltr'>fratrum</span> <span class='ocrx_word' id='word_1_439' title='bbox 1503 5378 1756 5416; x_wconf 88' lang='lat' dir='ltr'>amorem</span> <span class='ocrx_word' id='word_1_440' title='bbox 1801 5367 1857 5414; x_wconf 92' lang='lat' dir='ltr'>et</span> <span class='ocrx_word' id='word_1_441' title='bbox 1885 5362 1956 5414; x_wconf 93' lang='lat' dir='ltr'>ob</span> <span class='ocrx_word' id='word_1_442' title='bbox 1989 5362 2087 5415; x_wconf 91' lang='lat' dir='ltr'>Dei</span> 
     </span>
    </p>
   </div>
   <div class='ocr_carea' id='block_1_60' title="bbox 390 5449 2081 5508">
    <p class='ocr_par' dir='ltr' id='par_1_60' title="bbox 390 5449 2081 5508">
     <span class='ocr_line' id='line_1_60' title="bbox 390 5449 2081 5508; baseline -0.001 -6"><span class='ocrx_word' id='word_1_443' title='bbox 390 5451 651 5503; x_wconf 83' lang='lat' dir='ltr'>timorem</span> <span class='ocrx_word' id='word_1_444' title='bbox 695 5450 1011 5505; x_wconf 81' lang='lat' dir='ltr'>necessario</span> <span class='ocrx_word' id='word_1_445' title='bbox 1044 5449 1295 5508; x_wconf 82' lang='lat' dir='ltr'>curabat,</span> <span class='ocrx_word' id='word_1_446' title='bbox 1328 5450 1572 5502; x_wconf 78' lang='lat' dir='ltr'>tolerare</span> <span class='ocrx_word' id='word_1_447' title='bbox 1611 5466 1687 5508; x_wconf 80' lang='lat' dir='ltr'>se,</span> <span class='ocrx_word' id='word_1_448' title='bbox 1723 5467 1832 5503; x_wconf 84' lang='lat' dir='ltr'>non</span> <span class='ocrx_word' id='word_1_449' title='bbox 1868 5465 2081 5507; x_wconf 79' lang='lat' dir='ltr'>amare.</span> 
     </span>
    </p>
   </div>
   <div class='ocr_carea' id='block_1_61' title="bbox 1619 194 3801 260">
    <p class='ocr_par' dir='ltr' id='par_1_61' title="bbox 1619 194 3801 260">
     <span class='ocr_line' id='line_1_61' title="bbox 1619 194 3801 260; baseline -0.011 -2"><span class='ocrx_word' id='word_1_450' title='bbox 1619 207 1772 260; x_wconf 73' lang='lat' dir='ltr'>VlTA</span> <span class='ocrx_word' id='word_1_451' title='bbox 1810 205 1866 257; x_wconf 90' lang='lat' dir='ltr'>S.</span> <span class='ocrx_word' id='word_1_452' title='bbox 1908 198 2279 257; x_wconf 81' lang='lat' dir='ltr'>AUGUSTINI</span> <span class='ocrx_word' id='word_1_453' title='bbox 2322 194 2652 251; x_wconf 87' lang='lat' dir='ltr'>EPISCOPI.</span> <span class='ocrx_word' id='word_1_454' title='bbox 3725 198 3801 248; x_wconf 62' lang='lat'>40&#39;,</span> 
     </span>
    </p>
   </div>
   <div class='ocr_carea' id='block_1_62' title="bbox 2175 329 3806 402">
    <p class='ocr_par' dir='ltr' id='par_1_62' title="bbox 2175 329 3806 402">
     <span class='ocr_line' id='line_1_62' title="bbox 2175 329 3806 402; baseline -0.004 -10"><span class='ocrx_word' id='word_1_455' title='bbox 2175 338 2252 392; x_wconf 88' lang='lat' dir='ltr'>ita</span> <span class='ocrx_word' id='word_1_456' title='bbox 2287 341 2351 391; x_wconf 91' lang='lat' dir='ltr'>ut</span> <span class='ocrx_word' id='word_1_457' title='bbox 2392 352 2478 402; x_wconf 91' lang='lat' dir='ltr'>ea,</span> <span class='ocrx_word' id='word_1_458' title='bbox 2528 334 2574 388; x_wconf 91' lang='lat' dir='ltr'>si</span> <span class='ocrx_word' id='word_1_459' title='bbox 2604 333 2758 387; x_wconf 89' lang='lat' dir='ltr'>salvo</span> <span class='ocrx_word' id='word_1_460' title='bbox 2791 330 2979 386; x_wconf 82' lang='lat' dir='ltr'>ofﬁcio</span> <span class='ocrx_word' id='word_1_461' title='bbox 3017 329 3217 400; x_wconf 89' lang='lat' dir='ltr'>possit,</span> <span class='ocrx_word' id='word_1_462' title='bbox 3252 344 3436 383; x_wconf 87' lang='lat' dir='ltr'>carere</span> <span class='ocrx_word' id='word_1_463' title='bbox 3471 329 3659 400; x_wconf 85' lang='lat' dir='ltr'>cupiat.</span> <span class='ocrx_word' id='word_1_464' title='bbox 3690 331 3806 395; x_wconf 84' lang='lat' dir='ltr'>Quin</span> 
     </span>
    </p>
   </div>
   <div class='ocr_carea' id='block_1_63' title="bbox 2177 418 3793 494">
    <p class='ocr_par' dir='ltr' id='par_1_63' title="bbox 2177 418 3793 494">
     <span class='ocr_line' id='line_1_63' title="bbox 2177 418 3793 494; baseline -0.005 -13"><span class='ocrx_word' id='word_1_465' title='bbox 2177 427 2352 482; x_wconf 91' lang='lat' dir='ltr'>etiam</span> <span class='ocrx_word' id='word_1_466' title='bbox 2401 424 2510 478; x_wconf 90' lang='lat' dir='ltr'>sibi</span> <span class='ocrx_word' id='word_1_467' title='bbox 2539 436 2876 494; x_wconf 87' lang='lat' dir='ltr'>persuasum</span> <span class='ocrx_word' id='word_1_468' title='bbox 2907 419 3129 482; x_wconf 87' lang='lat' dir='ltr'>asserit,</span> <span class='ocrx_word' id='word_1_469' title='bbox 3160 418 3417 472; x_wconf 90' lang='lat' dir='ltr'>eamdem</span> <span class='ocrx_word' id='word_1_470' title='bbox 3455 418 3509 471; x_wconf 93' lang='lat' dir='ltr'>in</span> <span class='ocrx_word' id='word_1_471' title='bbox 3536 419 3628 472; x_wconf 89' lang='lat' dir='ltr'>hoc</span> <span class='ocrx_word' id='word_1_472' title='bbox 3661 421 3793 489; x_wconf 82' lang='lat' dir='ltr'>Alypi</span> 
     </span>
    </p>
   </div>
   <div class='ocr_carea' id='block_1_64' title="bbox 2178 506 3814 584">
    <p class='ocr_par' dir='ltr' id='par_1_64' title="bbox 2178 506 3814 584">
     <span class='ocr_line' id='line_1_64' title="bbox 2178 506 3814 584; baseline -0.004 -15"><span class='ocrx_word' id='word_1_473' title='bbox 2178 519 2430 569; x_wconf 90' lang='lat' dir='ltr'>mentem</span> <span class='ocrx_word' id='word_1_474' title='bbox 2451 530 2595 568; x_wconf 90' lang='lat' dir='ltr'>esse.</span> <span class='ocrx_word' id='word_1_475' title='bbox 2627 510 2770 566; x_wconf 90' lang='lat' dir='ltr'>Dein</span> <span class='ocrx_word' id='word_1_476' title='bbox 2796 508 3056 578; x_wconf 85' lang='lat' dir='ltr'>exemplo</span> <span class='ocrx_word' id='word_1_477' title='bbox 3078 507 3257 572; x_wconf 90' lang='lat' dir='ltr'>Pauli,</span> <span class='ocrx_word' id='word_1_478' title='bbox 3289 506 3383 578; x_wconf 89' lang='lat' dir='ltr'>qui</span> <span class='ocrx_word' id='word_1_479' title='bbox 3414 506 3571 560; x_wconf 91' lang='lat' dir='ltr'>simili</span> <span class='ocrx_word' id='word_1_480' title='bbox 3592 507 3644 562; x_wconf 93' lang='lat' dir='ltr'>in</span> <span class='ocrx_word' id='word_1_481' title='bbox 3669 523 3814 584; x_wconf 63' lang='lat' dir='ltr'>causa</span> 
     </span>
    </p>
   </div>
   <div class='ocr_carea' id='block_1_65' title="bbox 2180 596 3801 668">
    <p class='ocr_par' dir='ltr' id='par_1_65' title="bbox 2180 596 3801 668">
     <span class='ocr_line' id='line_1_65' title="bbox 2180 596 3801 668; baseline -0.005 -10"><span class='ocrx_word' id='word_1_482' title='bbox 2180 603 2281 658; x_wconf 91' lang='lat' dir='ltr'>Dei</span> <span class='ocrx_word' id='word_1_483' title='bbox 2324 599 2652 656; x_wconf 90' lang='lat' dir='ltr'>testimonio</span> <span class='ocrx_word' id='word_1_484' title='bbox 2700 600 2887 654; x_wconf 87' lang='lat' dir='ltr'>fuerat</span> <span class='ocrx_word' id='word_1_485' title='bbox 2933 613 3086 659; x_wconf 84' lang='lat' dir='ltr'>usus,</span> <span class='ocrx_word' id='word_1_486' title='bbox 3121 596 3513 666; x_wconf 89' lang='lat' dir='ltr'>jusjurandum</span> <span class='ocrx_word' id='word_1_487' title='bbox 3548 613 3695 650; x_wconf 88' lang='lat' dir='ltr'>suum</span> <span class='ocrx_word' id='word_1_488' title='bbox 3728 615 3801 668; x_wconf 83' lang='lat' dir='ltr'>ap-</span> 
     </span>
    </p>
   </div>
   <div class='ocr_carea' id='block_1_66' title="bbox 2180 684 3810 763">
    <p class='ocr_par' dir='ltr' id='par_1_66' title="bbox 2180 684 3810 763">
     <span class='ocr_line' id='line_1_66' title="bbox 2180 684 3810 763; baseline -0.005 -17"><span class='ocrx_word' id='word_1_489' title='bbox 2180 692 2405 763; x_wconf 88' lang='lat' dir='ltr'>probat.</span> <span class='ocrx_word' id='word_1_490' title='bbox 2439 690 2524 744; x_wconf 89' lang='lat' dir='ltr'>Ad</span> <span class='ocrx_word' id='word_1_491' title='bbox 2546 687 2954 759; x_wconf 85' lang='lat' dir='ltr'>jusjurandum</span> <span class='ocrx_word' id='word_1_492' title='bbox 2984 685 3237 750; x_wconf 78' lang='lat' dir='ltr'>tandem,</span> <span class='ocrx_word' id='word_1_493' title='bbox 3269 684 3418 754; x_wconf 89' lang='lat' dir='ltr'>quod</span> <span class='ocrx_word' id='word_1_494' title='bbox 3445 684 3682 738; x_wconf 85' lang='lat' dir='ltr'>Pinianus</span> <span class='ocrx_word' id='word_1_495' title='bbox 3703 701 3810 754; x_wconf 68' lang='lat' dir='ltr'>prte-</span> 
     </span>
    </p>
   </div>
   <div class='ocr_carea' id='block_1_67' title="bbox 2182 771 3813 845">
    <p class='ocr_par' dir='ltr' id='par_1_67' title="bbox 2182 771 3813 845">
     <span class='ocr_line' id='line_1_67' title="bbox 2182 771 3813 845; baseline -0.005 -11"><span class='ocrx_word' id='word_1_496' title='bbox 2182 780 2420 844; x_wconf 89' lang='lat' dir='ltr'>stiterat,</span> <span class='ocrx_word' id='word_1_497' title='bbox 2446 777 2681 841; x_wconf 88' lang='lat' dir='ltr'>accedit,</span> <span class='ocrx_word' id='word_1_498' title='bbox 2715 775 2785 829; x_wconf 91' lang='lat' dir='ltr'>de</span> <span class='ocrx_word' id='word_1_499' title='bbox 2817 791 2932 845; x_wconf 89' lang='lat' dir='ltr'>quo</span> <span class='ocrx_word' id='word_1_500' title='bbox 2971 790 3085 827; x_wconf 90' lang='lat' dir='ltr'>non</span> <span class='ocrx_word' id='word_1_501' title='bbox 3113 773 3278 826; x_wconf 86' lang='lat' dir='ltr'>aliter</span> <span class='ocrx_word' id='word_1_502' title='bbox 3297 771 3387 826; x_wconf 91' lang='lat' dir='ltr'>hic</span> <span class='ocrx_word' id='word_1_503' title='bbox 3405 771 3653 842; x_wconf 88' lang='lat' dir='ltr'>loquitur,</span> <span class='ocrx_word' id='word_1_504' title='bbox 3681 779 3813 843; x_wconf 84' lang='lat' dir='ltr'>atque</span> 
     </span>
    </p>
   </div>
   <div class='ocr_carea' id='block_1_68' title="bbox 2183 860 3813 935">
    <p class='ocr_par' dir='ltr' id='par_1_68' title="bbox 2183 860 3813 935">
     <span class='ocr_line' id='line_1_68' title="bbox 2183 860 3813 935; baseline -0.003 -14"><span class='ocrx_word' id='word_1_505' title='bbox 2183 868 2244 922; x_wconf 93' lang='lat' dir='ltr'>in</span> <span class='ocrx_word' id='word_1_506' title='bbox 2271 867 2414 921; x_wconf 88' lang='lat' dir='ltr'>datis</span> <span class='ocrx_word' id='word_1_507' title='bbox 2441 866 2510 920; x_wconf 92' lang='lat' dir='ltr'>ad</span> <span class='ocrx_word' id='word_1_508' title='bbox 2533 864 2802 935; x_wconf 85' lang='lat' dir='ltr'>Alypium</span> <span class='ocrx_word' id='word_1_509' title='bbox 2823 862 3041 923; x_wconf 88' lang='lat' dir='ltr'>litteris,</span> <span class='ocrx_word' id='word_1_510' title='bbox 3071 862 3142 916; x_wconf 90' lang='lat' dir='ltr'>ad</span> <span class='ocrx_word' id='word_1_511' title='bbox 3163 877 3304 932; x_wconf 88' lang='lat' dir='ltr'>quas</span> <span class='ocrx_word' id='word_1_512' title='bbox 3333 860 3579 930; x_wconf 84' lang='lat' dir='ltr'>Albinam</span> <span class='ocrx_word' id='word_1_513' title='bbox 3605 861 3813 916; x_wconf 85' lang='lat' dir='ltr'>remittit.</span> 
     </span>
    </p>
   </div>
   <div class='ocr_carea' id='block_1_69' title="bbox 2186 949 3809 1022">
    <p class='ocr_par' dir='ltr' id='par_1_69' title="bbox 2186 949 3809 1022">
     <span class='ocr_line' id='line_1_69' title="bbox 2186 949 3809 1022; baseline -0.004 -12"><span class='ocrx_word' id='word_1_514' title='bbox 2186 957 2252 1010; x_wconf 86' lang='lat' dir='ltr'>Et</span> <span class='ocrx_word' id='word_1_515' title='bbox 2280 956 2414 1009; x_wconf 90' lang='lat' dir='ltr'>hinc</span> <span class='ocrx_word' id='word_1_516' title='bbox 2442 955 2682 1022; x_wconf 88' lang='lat' dir='ltr'>colligas</span> <span class='ocrx_word' id='word_1_517' title='bbox 2708 969 2834 1006; x_wconf 90' lang='lat' dir='ltr'>eam</span> <span class='ocrx_word' id='word_1_518' title='bbox 2862 953 3140 1022; x_wconf 66' lang='lat' dir='ltr'>Tagastze,</span> <span class='ocrx_word' id='word_1_519' title='bbox 3170 949 3323 1004; x_wconf 87' lang='lat' dir='ltr'>unde</span> <span class='ocrx_word' id='word_1_520' title='bbox 3352 965 3465 1002; x_wconf 89' lang='lat' dir='ltr'>non</span> <span class='ocrx_word' id='word_1_521' title='bbox 3485 951 3726 1013; x_wconf 80' lang='lat' dir='ltr'>reperitur</span> <span class='ocrx_word' id='word_1_522' title='bbox 3743 968 3809 1004; x_wconf 76' lang='lat' dir='ltr'>re~</span> 
     </span>
    </p>
   </div>
   <div class='ocr_carea' id='block_1_70' title="bbox 2185 1035 3815 1111">
    <p class='ocr_par' dir='ltr' id='par_1_70' title="bbox 2185 1035 3815 1111">
     <span class='ocr_line' id='line_1_70' title="bbox 2185 1035 3815 1111; baseline -0.004 -13"><span class='ocrx_word' id='word_1_523' title='bbox 2185 1044 2416 1098; x_wconf 89' lang='lat' dir='ltr'>cessisse</span> <span class='ocrx_word' id='word_1_524' title='bbox 2447 1047 2576 1097; x_wconf 89' lang='lat' dir='ltr'>ante</span> <span class='ocrx_word' id='word_1_525' title='bbox 2600 1042 2657 1096; x_wconf 89' lang='lat' dir='ltr'>id</span> <span class='ocrx_word' id='word_1_526' title='bbox 2689 1040 2982 1111; x_wconf 87' lang='lat' dir='ltr'>temporis,</span> <span class='ocrx_word' id='word_1_527' title='bbox 3016 1055 3196 1110; x_wconf 88' lang='lat' dir='ltr'>usque</span> <span class='ocrx_word' id='word_1_528' title='bbox 3229 1042 3347 1091; x_wconf 87' lang='lat' dir='ltr'>tum</span> <span class='ocrx_word' id='word_1_529' title='bbox 3381 1037 3600 1091; x_wconf 88' lang='lat' dir='ltr'>forsitan</span> <span class='ocrx_word' id='word_1_530' title='bbox 3636 1035 3815 1092; x_wconf 80' lang='lat' dir='ltr'>reman-</span> 
     </span>
    </p>
   </div>
   <div class='ocr_carea' id='block_1_71' title="bbox 2185 1125 3814 1188">
    <p class='ocr_par' dir='ltr' id='par_1_71' title="bbox 2185 1125 3814 1188">
     <span class='ocr_line' id='line_1_71' title="bbox 2185 1125 3814 1188; baseline -0.004 -1"><span class='ocrx_word' id='word_1_531' title='bbox 2185 1133 2344 1188; x_wconf 91' lang='lat' dir='ltr'>sisse.</span> <span class='ocrx_word' id='word_1_532' title='bbox 2378 1134 2661 1186; x_wconf 77' lang='lat' dir='ltr'>Praeterea</span> <span class='ocrx_word' id='word_1_533' title='bbox 2688 1129 3063 1184; x_wconf 82' lang='lat' dir='ltr'>deferendum</span> <span class='ocrx_word' id='word_1_534' title='bbox 3092 1126 3313 1182; x_wconf 73' lang='lat' dir='ltr'>Albinae</span> <span class='ocrx_word' id='word_1_535' title='bbox 3345 1125 3548 1180; x_wconf 85' lang='lat' dir='ltr'>curavit</span> <span class='ocrx_word' id='word_1_536' title='bbox 3567 1128 3814 1180; x_wconf 87' lang='lat' dir='ltr'>commoni-</span> 
     </span>
    </p>
   </div>
   <div class='ocr_carea' id='block_1_72' title="bbox 2186 1213 3813 1290">
    <p class='ocr_par' dir='ltr' id='par_1_72' title="bbox 2186 1213 3813 1290">
     <span class='ocr_line' id='line_1_72' title="bbox 2186 1213 3813 1290; baseline -0.006 -14"><span class='ocrx_word' id='word_1_537' title='bbox 2186 1220 2419 1287; x_wconf 88' lang='lat' dir='ltr'>torium,</span> <span class='ocrx_word' id='word_1_538' title='bbox 2454 1220 2514 1274; x_wconf 90' lang='lat' dir='ltr'>in</span> <span class='ocrx_word' id='word_1_539' title='bbox 2543 1235 2658 1290; x_wconf 91' lang='lat' dir='ltr'>quo</span> <span class='ocrx_word' id='word_1_540' title='bbox 2706 1217 3036 1288; x_wconf 64' lang='lat' dir='ltr'>perscriptae</span> <span class='ocrx_word' id='word_1_541' title='bbox 3081 1219 3245 1268; x_wconf 89' lang='lat' dir='ltr'>erant</span> <span class='ocrx_word' id='word_1_542' title='bbox 3281 1214 3538 1268; x_wconf 88' lang='lat' dir='ltr'>adversus</span> <span class='ocrx_word' id='word_1_543' title='bbox 3572 1213 3813 1267; x_wconf 86' lang='lat' dir='ltr'>Pinianum</span> 
     </span>
    </p>
   </div>
   <div class='ocr_carea' id='block_1_73' title="bbox 2188 1302 3814 1380">
    <p class='ocr_par' dir='ltr' id='par_1_73' title="bbox 2188 1302 3814 1380">
     <span class='ocr_line' id='line_1_73' title="bbox 2188 1302 3814 1380; baseline -0.004 -17"><span class='ocrx_word' id='word_1_544' title='bbox 2188 1309 2447 1380; x_wconf 85' lang='lat' dir='ltr'>Hippone</span> <span class='ocrx_word' id='word_1_545' title='bbox 2462 1307 2755 1361; x_wconf 89' lang='lat' dir='ltr'>absentem</span> <span class='ocrx_word' id='word_1_546' title='bbox 2779 1303 3232 1375; x_wconf 88' lang='lat' dir='ltr'>Hipponensium</span> <span class='ocrx_word' id='word_1_547' title='bbox 3256 1302 3461 1356; x_wconf 91' lang='lat' dir='ltr'>civium</span> <span class='ocrx_word' id='word_1_548' title='bbox 3483 1302 3814 1373; x_wconf 66' lang='lat' dir='ltr'>querimonia.</span> 
     </span>
    </p>
   </div>
   <div class='ocr_carea' id='block_1_74' title="bbox 2258 1389 3814 1465">
    <p class='ocr_par' dir='ltr' id='par_1_74' title="bbox 2258 1389 3814 1465">
     <span class='ocr_line' id='line_1_74' title="bbox 2258 1389 3814 1465; baseline -0.006 -14"><span class='ocrx_word' id='word_1_549' title='bbox 2258 1401 2310 1452; x_wconf 90' lang='lat'>8.</span> <span class='ocrx_word' id='word_1_550' title='bbox 2335 1396 2482 1461; x_wconf 87' lang='lat' dir='ltr'>Quid</span> <span class='ocrx_word' id='word_1_551' title='bbox 2502 1394 2755 1450; x_wconf 85' lang='lat' dir='ltr'>evenerit</span> <span class='ocrx_word' id='word_1_552' title='bbox 2773 1398 2989 1465; x_wconf 91' lang='lat' dir='ltr'>postea,</span> <span class='ocrx_word' id='word_1_553' title='bbox 3016 1407 3302 1462; x_wconf 90' lang='lat' dir='ltr'>nusquam</span> <span class='ocrx_word' id='word_1_554' title='bbox 3317 1391 3577 1456; x_wconf 88' lang='lat' dir='ltr'>traditur;</span> <span class='ocrx_word' id='word_1_555' title='bbox 3596 1389 3691 1442; x_wconf 90' lang='lat' dir='ltr'>nisi</span> <span class='ocrx_word' id='word_1_556' title='bbox 3703 1392 3814 1460; x_wconf 83' lang='lat' dir='ltr'>quod</span> 
     </span>
    </p>
   </div>
   <div class='ocr_carea' id='block_1_75' title="bbox 2187 1478 3813 1556">
    <p class='ocr_par' dir='ltr' id='par_1_75' title="bbox 2187 1478 3813 1556">
     <span class='ocr_line' id='line_1_75' title="bbox 2187 1478 3813 1556; baseline -0.007 -16"><span class='ocrx_word' id='word_1_557' title='bbox 2187 1485 2382 1556; x_wconf 88' lang='lat' dir='ltr'>prodit</span> <span class='ocrx_word' id='word_1_558' title='bbox 2426 1485 2609 1538; x_wconf 65' lang='lat' dir='ltr'>beatas</span> <span class='ocrx_word' id='word_1_559' title='bbox 2654 1481 2911 1538; x_wconf 66' lang='lat' dir='ltr'>Melania:</span> <span class='ocrx_word' id='word_1_560' title='bbox 2951 1480 3176 1536; x_wconf 89' lang='lat' dir='ltr'>Piniani</span> <span class='ocrx_word' id='word_1_561' title='bbox 3227 1478 3420 1533; x_wconf 87' lang='lat' dir='ltr'>uxoris</span> <span class='ocrx_word' id='word_1_562' title='bbox 3469 1479 3603 1545; x_wconf 83' lang='lat' dir='ltr'>Vita,</span> <span class='ocrx_word' id='word_1_563' title='bbox 3638 1493 3741 1531; x_wconf 88' lang='lat' dir='ltr'>eam</span> <span class='ocrx_word' id='word_1_564' title='bbox 3775 1478 3813 1529; x_wconf 90' lang='lat' dir='ltr'>in</span> 
     </span>
    </p>
   </div>
   <div class='ocr_carea' id='block_1_76' title="bbox 2187 1567 3809 1644">
    <p class='ocr_par' dir='ltr' id='par_1_76' title="bbox 2187 1567 3809 1644">
     <span class='ocr_line' id='line_1_76' title="bbox 2187 1567 3809 1644; baseline -0.007 -16"><span class='ocrx_word' id='word_1_565' title='bbox 2187 1576 2516 1644; x_wconf 64' lang='lat' dir='ltr'>Egyptum,</span> <span class='ocrx_word' id='word_1_566' title='bbox 2548 1577 2719 1642; x_wconf 90' lang='lat' dir='ltr'>atque</span> <span class='ocrx_word' id='word_1_567' title='bbox 2751 1571 2882 1624; x_wconf 92' lang='lat' dir='ltr'>inde</span> <span class='ocrx_word' id='word_1_568' title='bbox 2919 1569 2981 1623; x_wconf 91' lang='lat' dir='ltr'>in</span> <span class='ocrx_word' id='word_1_569' title='bbox 3023 1567 3389 1624; x_wconf 66' lang='lat' dir='ltr'>Palasstinam</span> <span class='ocrx_word' id='word_1_570' title='bbox 3427 1571 3548 1637; x_wconf 90' lang='lat' dir='ltr'>post</span> <span class='ocrx_word' id='word_1_571' title='bbox 3575 1582 3726 1619; x_wconf 81' lang='lat' dir='ltr'>annos</span> <span class='ocrx_word' id='word_1_572' title='bbox 3749 1583 3809 1617; x_wconf 67' lang='grc' dir='ltr'>δυο</span> 
     </span>
    </p>
   </div>
   <div class='ocr_carea' id='block_1_77' title="bbox 2190 1654 3814 1734">
    <p class='ocr_par' dir='ltr' id='par_1_77' title="bbox 2190 1654 3814 1734">
     <span class='ocr_line' id='line_1_77' title="bbox 2190 1654 3814 1734; baseline -0.006 -18"><span class='ocrx_word' id='word_1_573' title='bbox 2190 1667 2345 1734; x_wconf 91' lang='lat' dir='ltr'>ptem</span> <span class='ocrx_word' id='word_1_574' title='bbox 2364 1677 2495 1715; x_wconf 88' lang='lat' dir='ltr'>cum</span> <span class='ocrx_word' id='word_1_575' title='bbox 2515 1659 2843 1714; x_wconf 90' lang='lat' dir='ltr'>admirabili</span> <span class='ocrx_word' id='word_1_576' title='bbox 2862 1659 2991 1712; x_wconf 72' lang='lat' dir='ltr'>vitm</span> <span class='ocrx_word' id='word_1_577' title='bbox 3008 1656 3306 1711; x_wconf 87' lang='lat' dir='ltr'>sanctitate</span> <span class='ocrx_word' id='word_1_578' title='bbox 3328 1659 3572 1726; x_wconf 89' lang='lat' dir='ltr'>peractos</span> <span class='ocrx_word' id='word_1_579' title='bbox 3590 1655 3641 1707; x_wconf 88' lang='lat' dir='ltr'>in</span> <span class='ocrx_word' id='word_1_580' title='bbox 3659 1654 3814 1719; x_wconf 81' lang='lat' dir='ltr'>Africa,</span> 
     </span>
    </p>
   </div>
   <div class='ocr_carea' id='block_1_78' title="bbox 2189 1743 3811 1818">
    <p class='ocr_par' dir='ltr' id='par_1_78' title="bbox 2189 1743 3811 1818">
     <span class='ocr_line' id='line_1_78' title="bbox 2189 1743 3811 1818; baseline -0.007 -12"><span class='ocrx_word' id='word_1_581' title='bbox 2189 1750 2480 1806; x_wconf 90' lang='lat' dir='ltr'>transiisse</span> <span class='ocrx_word' id='word_1_582' title='bbox 2513 1750 2746 1818; x_wconf 80' lang='lat' dir='ltr'>(Surius,</span> <span class='ocrx_word' id='word_1_583' title='bbox 2800 1746 3030 1801; x_wconf 82' lang='lat' dir='ltr'>decemb.</span> <span class='ocrx_word' id='word_1_584' title='bbox 3064 1746 3152 1798; x_wconf 75' lang='lat' dir='ltr'>die</span> <span class='ocrx_word' id='word_1_585' title='bbox 3201 1749 3292 1810; x_wconf 84' lang='grc'>31,</span> <span class='ocrx_word' id='word_1_586' title='bbox 3330 1745 3412 1797; x_wconf 77' lang='lat' dir='ltr'>vel</span> <span class='ocrx_word' id='word_1_587' title='bbox 3433 1744 3642 1812; x_wconf 81' lang='lat' dir='ltr'>januar.</span> <span class='ocrx_word' id='word_1_588' title='bbox 3671 1743 3738 1795; x_wconf 76' lang='lat' dir='ltr'>die</span> <span class='ocrx_word' id='word_1_589' title='bbox 3758 1745 3811 1809; x_wconf 72' lang='lat'>‘2).</span> 
     </span>
    </p>
   </div>
   <div class='ocr_carea' id='block_1_79' title="bbox 2193 1833 3814 1911">
    <p class='ocr_par' dir='ltr' id='par_1_79' title="bbox 2193 1833 3814 1911">
     <span class='ocr_line' id='line_1_79' title="bbox 2193 1833 3814 1911; baseline -0.008 -17"><span class='ocrx_word' id='word_1_590' title='bbox 2193 1843 2391 1911; x_wconf 86' lang='lat' dir='ltr'>Neque</span> <span class='ocrx_word' id='word_1_591' title='bbox 2432 1837 2588 1892; x_wconf 88' lang='lat' dir='ltr'>enim</span> <span class='ocrx_word' id='word_1_592' title='bbox 2632 1838 2792 1890; x_wconf 88' lang='lat' dir='ltr'>illam</span> <span class='ocrx_word' id='word_1_593' title='bbox 2837 1835 2898 1889; x_wconf 91' lang='lat' dir='ltr'>in</span> <span class='ocrx_word' id='word_1_594' title='bbox 2940 1851 3005 1889; x_wconf 91' lang='lat' dir='ltr'>ea</span> <span class='ocrx_word' id='word_1_595' title='bbox 3034 1833 3332 1904; x_wconf 86' lang='lat' dir='ltr'>provincia</span> <span class='ocrx_word' id='word_1_596' title='bbox 3362 1848 3506 1886; x_wconf 89' lang='lat' dir='ltr'>anno</span> <span class='ocrx_word' id='word_1_597' title='bbox 3534 1847 3683 1900; x_wconf 87' lang='lat' dir='ltr'>supra</span> <span class='ocrx_word' id='word_1_598' title='bbox 3717 1847 3814 1900; x_wconf 86' lang='lat' dir='ltr'>qua-</span> 
     </span>
    </p>
   </div>
   <div class='ocr_carea' id='block_1_80' title="bbox 2193 1919 3810 1998">
    <p class='ocr_par' dir='ltr' id='par_1_80' title="bbox 2193 1919 3810 1998">
     <span class='ocr_line' id='line_1_80' title="bbox 2193 1919 3810 1998; baseline -0.008 -16"><span class='ocrx_word' id='word_1_599' title='bbox 2193 1925 2714 1998; x_wconf 89' lang='lat' dir='ltr'>dringentesimum</span> <span class='ocrx_word' id='word_1_600' title='bbox 2737 1923 2940 1995; x_wconf 89' lang='lat' dir='ltr'>quinto</span> <span class='ocrx_word' id='word_1_601' title='bbox 2965 1923 3185 1977; x_wconf 89' lang='lat' dir='ltr'>decimo</span> <span class='ocrx_word' id='word_1_602' title='bbox 3219 1922 3400 1991; x_wconf 88' lang='lat' dir='ltr'>egisse</span> <span class='ocrx_word' id='word_1_603' title='bbox 3428 1919 3703 1975; x_wconf 87' lang='lat' dir='ltr'>verisimile</span> <span class='ocrx_word' id='word_1_604' title='bbox 3728 1923 3810 1972; x_wconf 80' lang='lat' dir='ltr'>est:</span> 
     </span>
    </p>
   </div>
   <div class='ocr_carea' id='block_1_81' title="bbox 2193 2008 3814 2087">
    <p class='ocr_par' dir='ltr' id='par_1_81' title="bbox 2193 2008 3814 2087">
     <span class='ocr_line' id='line_1_81' title="bbox 2193 2008 3814 2087; baseline -0.008 -16"><span class='ocrx_word' id='word_1_605' title='bbox 2193 2033 2307 2087; x_wconf 92' lang='lat' dir='ltr'>quo</span> <span class='ocrx_word' id='word_1_606' title='bbox 2339 2031 2491 2069; x_wconf 90' lang='lat' dir='ltr'>anno</span> <span class='ocrx_word' id='word_1_607' title='bbox 2526 2013 2905 2083; x_wconf 82' lang='lat' dir='ltr'>Hieronymus</span> <span class='ocrx_word' id='word_1_608' title='bbox 2933 2027 3095 2065; x_wconf 91' lang='lat' dir='ltr'>suam</span> <span class='ocrx_word' id='word_1_609' title='bbox 3126 2011 3196 2065; x_wconf 86' lang='lat' dir='ltr'>ad</span> <span class='ocrx_word' id='word_1_610' title='bbox 3229 2010 3635 2080; x_wconf 87' lang='lat' dir='ltr'>Ctesiphontem</span> <span class='ocrx_word' id='word_1_611' title='bbox 3657 2008 3814 2077; x_wconf 80' lang='lat' dir='ltr'>episto-</span> 
     </span>
    </p>
   </div>
   <div class='ocr_carea' id='block_1_82' title="bbox 2192 2096 3811 2174">
    <p class='ocr_par' dir='ltr' id='par_1_82' title="bbox 2192 2096 3811 2174">
     <span class='ocr_line' id='line_1_82' title="bbox 2192 2096 3811 2174; baseline -0.007 -16"><span class='ocrx_word' id='word_1_612' title='bbox 2192 2107 2328 2171; x_wconf 89' lang='lat' dir='ltr'>lam,</span> <span class='ocrx_word' id='word_1_613' title='bbox 2360 2104 2422 2158; x_wconf 93' lang='lat' dir='ltr'>in</span> <span class='ocrx_word' id='word_1_614' title='bbox 2453 2119 2567 2174; x_wconf 89' lang='lat' dir='ltr'>qua</span> <span class='ocrx_word' id='word_1_615' title='bbox 2607 2118 2812 2172; x_wconf 90' lang='lat' dir='ltr'>parum</span> <span class='ocrx_word' id='word_1_616' title='bbox 2839 2100 3151 2155; x_wconf 80' lang='lat' dir='ltr'>honorifice</span> <span class='ocrx_word' id='word_1_617' title='bbox 3201 2099 3272 2153; x_wconf 92' lang='lat' dir='ltr'>de</span> <span class='ocrx_word' id='word_1_618' title='bbox 3315 2097 3548 2153; x_wconf 83' lang='lat' dir='ltr'>Melania</span> <span class='ocrx_word' id='word_1_619' title='bbox 3572 2097 3701 2150; x_wconf 90' lang='lat' dir='ltr'>illius</span> <span class='ocrx_word' id='word_1_620' title='bbox 3725 2096 3811 2148; x_wconf 76' lang='lat' dir='ltr'>avia</span> 
     </span>
    </p>
   </div>
   <div class='ocr_carea' id='block_1_83' title="bbox 2191 2184 3814 2265">
    <p class='ocr_par' dir='ltr' id='par_1_83' title="bbox 2191 2184 3814 2265">
     <span class='ocr_line' id='line_1_83' title="bbox 2191 2184 3814 2265; baseline -0.007 -18"><span class='ocrx_word' id='word_1_621' title='bbox 2191 2193 2469 2265; x_wconf 90' lang='lat' dir='ltr'>loquitur,</span> <span class='ocrx_word' id='word_1_622' title='bbox 2498 2191 2798 2245; x_wconf 90' lang='lat' dir='ltr'>scribebat.</span> <span class='ocrx_word' id='word_1_623' title='bbox 2829 2189 2934 2244; x_wconf 90' lang='lat' dir='ltr'>Sed</span> <span class='ocrx_word' id='word_1_624' title='bbox 2978 2205 3109 2242; x_wconf 92' lang='lat' dir='ltr'>cum</span> <span class='ocrx_word' id='word_1_625' title='bbox 3138 2204 3289 2242; x_wconf 90' lang='lat' dir='ltr'>anno</span> <span class='ocrx_word' id='word_1_626' title='bbox 3329 2184 3814 2258; x_wconf 84' lang='lat' dir='ltr'>quadringentesimo</span> 
     </span>
    </p>
   </div>
   <div class='ocr_carea' id='block_1_84' title="bbox 2192 2272 3817 2348">
    <p class='ocr_par' dir='ltr' id='par_1_84' title="bbox 2192 2272 3817 2348">
     <span class='ocr_line' id='line_1_84' title="bbox 2192 2272 3817 2348; baseline -0.008 -12"><span class='ocrx_word' id='word_1_627' title='bbox 2192 2281 2411 2336; x_wconf 92' lang='lat' dir='ltr'>decimo</span> <span class='ocrx_word' id='word_1_628' title='bbox 2442 2286 2636 2334; x_wconf 87' lang='lat' dir='ltr'>octavo</span> <span class='ocrx_word' id='word_1_629' title='bbox 2669 2278 2986 2348; x_wconf 86' lang='lat' dir='ltr'>Pelagium,</span> <span class='ocrx_word' id='word_1_630' title='bbox 3016 2277 3115 2347; x_wconf 90' lang='lat' dir='ltr'>qui</span> <span class='ocrx_word' id='word_1_631' title='bbox 3144 2291 3250 2346; x_wconf 90' lang='lat' dir='ltr'>per</span> <span class='ocrx_word' id='word_1_632' title='bbox 3280 2275 3342 2329; x_wconf 92' lang='lat' dir='ltr'>id</span> <span class='ocrx_word' id='word_1_633' title='bbox 3369 2279 3585 2345; x_wconf 88' lang='lat' dir='ltr'>tempus</span> <span class='ocrx_word' id='word_1_634' title='bbox 3611 2273 3661 2326; x_wconf 90' lang='lat' dir='ltr'>in</span> <span class='ocrx_word' id='word_1_635' title='bbox 3695 2272 3817 2325; x_wconf 63' lang='lat' dir='ltr'>Palav-</span> 
     </span>
    </p>
   </div>
   <div class='ocr_carea' id='block_1_85' title="bbox 2194 2357 3815 2434">
    <p class='ocr_par' dir='ltr' id='par_1_85' title="bbox 2194 2357 3815 2434">
     <span class='ocr_line' id='line_1_85' title="bbox 2194 2357 3815 2434; baseline -0.01 -12"><span class='ocrx_word' id='word_1_636' title='bbox 2194 2368 2343 2423; x_wconf 89' lang='lat' dir='ltr'>stina</span> <span class='ocrx_word' id='word_1_637' title='bbox 2369 2366 2718 2434; x_wconf 86' lang='lat' dir='ltr'>versabatur,</span> <span class='ocrx_word' id='word_1_638' title='bbox 2750 2363 3007 2418; x_wconf 87' lang='lat' dir='ltr'>Zosimus</span> <span class='ocrx_word' id='word_1_639' title='bbox 3036 2362 3474 2416; x_wconf 90' lang='lat' dir='ltr'>condemnasset</span> <span class='ocrx_word' id='word_1_640' title='bbox 3502 2362 3728 2426; x_wconf 81' lang='lat' dir='ltr'>(Retract.</span> <span class='ocrx_word' id='word_1_641' title='bbox 3754 2357 3815 2409; x_wconf 77' lang='lat' dir='ltr'>lib.</span> 
     </span>
    </p>
   </div>
   <div class='ocr_carea' id='block_1_86' title="bbox 2194 2446 3813 2526">
    <p class='ocr_par' dir='ltr' id='par_1_86' title="bbox 2194 2446 3813 2526">
     <span class='ocr_line' id='line_1_86' title="bbox 2194 2446 3813 2526; baseline -0.01 -14"><span class='ocrx_word' id='word_1_642' title='bbox 2194 2461 2249 2525; x_wconf 88' lang='grc'>2,</span> <span class='ocrx_word' id='word_1_643' title='bbox 2283 2473 2404 2526; x_wconf 88' lang='lat' dir='ltr'>cap.</span> <span class='ocrx_word' id='word_1_644' title='bbox 2438 2456 2546 2522; x_wconf 78' lang='lat'>50),</span> <span class='ocrx_word' id='word_1_645' title='bbox 2578 2455 2800 2515; x_wconf 89' lang='lat' dir='ltr'>Albina,</span> <span class='ocrx_word' id='word_1_646' title='bbox 2834 2452 3206 2520; x_wconf 88' lang='lat' dir='ltr'>Pinianus,ac</span> <span class='ocrx_word' id='word_1_647' title='bbox 3225 2451 3466 2506; x_wconf 83' lang='lat' dir='ltr'>Melania</span> <span class='ocrx_word' id='word_1_648' title='bbox 3490 2451 3554 2504; x_wconf 92' lang='lat' dir='ltr'>de</span> <span class='ocrx_word' id='word_1_649' title='bbox 3581 2446 3813 2516; x_wconf 83' lang='lat' dir='ltr'>colloquio,</span> 
     </span>
    </p>
   </div>
   <div class='ocr_carea' id='block_1_87' title="bbox 2195 2536 3813 2618">
    <p class='ocr_par' dir='ltr' id='par_1_87' title="bbox 2195 2536 3813 2618">
     <span class='ocr_line' id='line_1_87' title="bbox 2195 2536 3813 2618; baseline -0.01 -18"><span class='ocrx_word' id='word_1_650' title='bbox 2195 2550 2347 2618; x_wconf 91' lang='lat' dir='ltr'>quod</span> <span class='ocrx_word' id='word_1_651' title='bbox 2378 2561 2509 2598; x_wconf 90' lang='lat' dir='ltr'>cum</span> <span class='ocrx_word' id='word_1_652' title='bbox 2553 2544 2751 2597; x_wconf 91' lang='lat' dir='ltr'>eodem</span> <span class='ocrx_word' id='word_1_653' title='bbox 2794 2541 3174 2596; x_wconf 82' lang='lat' dir='ltr'>haeresiarcha</span> <span class='ocrx_word' id='word_1_654' title='bbox 3213 2539 3479 2605; x_wconf 90' lang='lat' dir='ltr'>inierant,</span> <span class='ocrx_word' id='word_1_655' title='bbox 3513 2536 3813 2606; x_wconf 86' lang='lat' dir='ltr'>Augustinum</span> 
     </span>
    </p>
   </div>
   <div class='ocr_carea' id='block_1_88' title="bbox 2196 2622 3814 2705">
    <p class='ocr_par' dir='ltr' id='par_1_88' title="bbox 2196 2622 3814 2705">
     <span class='ocr_line' id='line_1_88' title="bbox 2196 2622 3814 2705; baseline -0.01 -18"><span class='ocrx_word' id='word_1_656' title='bbox 2196 2651 2299 2705; x_wconf 92' lang='lat' dir='ltr'>per</span> <span class='ocrx_word' id='word_1_657' title='bbox 2333 2633 2549 2687; x_wconf 90' lang='lat' dir='ltr'>litteras</span> <span class='ocrx_word' id='word_1_658' title='bbox 2582 2631 2938 2686; x_wconf 87' lang='lat' dir='ltr'>consuluere.</span> <span class='ocrx_word' id='word_1_659' title='bbox 2992 2629 3087 2683; x_wconf 85' lang='lat' dir='ltr'>His</span> <span class='ocrx_word' id='word_1_660' title='bbox 3136 2627 3235 2683; x_wconf 91' lang='lat' dir='ltr'>ille</span> <span class='ocrx_word' id='word_1_661' title='bbox 3276 2626 3526 2698; x_wconf 90' lang='lat' dir='ltr'>responsi</span> <span class='ocrx_word' id='word_1_662' title='bbox 3575 2625 3679 2678; x_wconf 89' lang='lat' dir='ltr'>loco</span> <span class='ocrx_word' id='word_1_663' title='bbox 3716 2622 3814 2673; x_wconf 77' lang='lat' dir='ltr'>duos</span> 
     </span>
    </p>
   </div>
   <div class='ocr_carea' id='block_1_89' title="bbox 2195 2710 3814 2788">
    <p class='ocr_par' dir='ltr' id='par_1_89' title="bbox 2195 2710 3814 2788">
     <span class='ocr_line' id='line_1_89' title="bbox 2195 2710 3814 2788; baseline -0.008 -13"><span class='ocrx_word' id='word_1_664' title='bbox 2195 2738 2327 2775; x_wconf 90' lang='lat' dir='ltr'>suos</span> <span class='ocrx_word' id='word_1_665' title='bbox 2357 2721 2426 2775; x_wconf 93' lang='lat' dir='ltr'>de</span> <span class='ocrx_word' id='word_1_666' title='bbox 2457 2720 2648 2774; x_wconf 90' lang='lat' dir='ltr'>Gratia</span> <span class='ocrx_word' id='word_1_667' title='bbox 2679 2717 2885 2773; x_wconf 84' lang='lat' dir='ltr'>Christi</span> <span class='ocrx_word' id='word_1_668' title='bbox 2911 2718 3097 2788; x_wconf 90' lang='lat' dir='ltr'>deque</span> <span class='ocrx_word' id='word_1_669' title='bbox 3147 2715 3416 2787; x_wconf 88' lang='lat' dir='ltr'>originali</span> <span class='ocrx_word' id='word_1_670' title='bbox 3457 2717 3666 2770; x_wconf 88' lang='lat' dir='ltr'>Peccato</span> <span class='ocrx_word' id='word_1_671' title='bbox 3692 2710 3814 2764; x_wconf 69' lang='lat' dir='ltr'>libros</span> 
     </span>
    </p>
   </div>
   <div class='ocr_carea' id='block_1_90' title="bbox 2197 2800 3811 2879">
    <p class='ocr_par' dir='ltr' id='par_1_90' title="bbox 2197 2800 3811 2879">
     <span class='ocr_line' id='line_1_90' title="bbox 2197 2800 3811 2879; baseline -0.01 -13"><span class='ocrx_word' id='word_1_672' title='bbox 2197 2811 2421 2876; x_wconf 88' lang='lat' dir='ltr'>dicavit,</span> <span class='ocrx_word' id='word_1_673' title='bbox 2454 2809 2513 2864; x_wconf 93' lang='lat' dir='ltr'>in</span> <span class='ocrx_word' id='word_1_674' title='bbox 2552 2809 2761 2879; x_wconf 90' lang='lat' dir='ltr'>quibus</span> <span class='ocrx_word' id='word_1_675' title='bbox 2791 2823 2965 2877; x_wconf 87' lang='lat' dir='ltr'>supra</span> <span class='ocrx_word' id='word_1_676' title='bbox 3004 2823 3177 2877; x_wconf 86' lang='lat' dir='ltr'>quam</span> <span class='ocrx_word' id='word_1_677' title='bbox 3208 2805 3323 2860; x_wconf 91' lang='lat' dir='ltr'>dici</span> <span class='ocrx_word' id='word_1_678' title='bbox 3352 2808 3538 2876; x_wconf 88' lang='lat' dir='ltr'>queat,</span> <span class='ocrx_word' id='word_1_679' title='bbox 3567 2800 3718 2856; x_wconf 54' lang='lat' dir='ltr'>laetari</span> <span class='ocrx_word' id='word_1_680' title='bbox 3760 2813 3811 2856; x_wconf 83' lang='lat' dir='ltr'>se.</span> 
     </span>
    </p>
   </div>
   <div class='ocr_carea' id='block_1_91' title="bbox 2196 2887 3813 2968">
    <p class='ocr_par' dir='ltr' id='par_1_91' title="bbox 2196 2887 3813 2968">
     <span class='ocr_line' id='line_1_91' title="bbox 2196 2887 3813 2968; baseline -0.011 -16"><span class='ocrx_word' id='word_1_681' title='bbox 2196 2897 2352 2968; x_wconf 90' lang='lat' dir='ltr'>quod</span> <span class='ocrx_word' id='word_1_682' title='bbox 2384 2896 2427 2950; x_wconf 91' lang='lat' dir='ltr'>ii</span> <span class='ocrx_word' id='word_1_683' title='bbox 2455 2911 2713 2966; x_wconf 89' lang='lat' dir='ltr'>corpore,</span> <span class='ocrx_word' id='word_1_684' title='bbox 2745 2898 2916 2964; x_wconf 90' lang='lat' dir='ltr'>atque</span> <span class='ocrx_word' id='word_1_685' title='bbox 2937 2892 3111 2946; x_wconf 89' lang='lat' dir='ltr'>etiam</span> <span class='ocrx_word' id='word_1_686' title='bbox 3143 2892 3328 2963; x_wconf 89' lang='lat' dir='ltr'>magis</span> <span class='ocrx_word' id='word_1_687' title='bbox 3350 2890 3502 2962; x_wconf 90' lang='lat' dir='ltr'>quod</span> <span class='ocrx_word' id='word_1_688' title='bbox 3530 2887 3696 2942; x_wconf 86' lang='lat' dir='ltr'>anima</span> <span class='ocrx_word' id='word_1_689' title='bbox 3713 2888 3813 2936; x_wconf 84' lang='lat' dir='ltr'>recte</span> 
     </span>
    </p>
   </div>
   <div class='ocr_carea' id='block_1_92' title="bbox 2194 2977 3809 3054">
    <p class='ocr_par' dir='ltr' id='par_1_92' title="bbox 2194 2977 3809 3054">
     <span class='ocr_line' id='line_1_92' title="bbox 2194 2977 3809 3054; baseline -0.011 -15"><span class='ocrx_word' id='word_1_690' title='bbox 2194 2985 2466 3048; x_wconf 89' lang='lat' dir='ltr'>valerent,</span> <span class='ocrx_word' id='word_1_691' title='bbox 2499 2982 2804 3054; x_wconf 82' lang='lat' dir='ltr'>significat.</span> <span class='ocrx_word' id='word_1_692' title='bbox 2837 2984 3001 3035; x_wconf 90' lang='lat' dir='ltr'>Anno</span> <span class='ocrx_word' id='word_1_693' title='bbox 3031 2981 3296 3052; x_wconf 89' lang='lat' dir='ltr'>proxime</span> <span class='ocrx_word' id='word_1_694' title='bbox 3330 2977 3583 3049; x_wconf 91' lang='lat' dir='ltr'>sequenti</span> <span class='ocrx_word' id='word_1_695' title='bbox 3619 2977 3809 3027; x_wconf 87' lang='lat' dir='ltr'>sanctum</span> 
     </span>
    </p>
   </div>
   <div class='ocr_carea' id='block_1_93' title="bbox 2197 3060 3818 3138">
    <p class='ocr_par' dir='ltr' id='par_1_93' title="bbox 2197 3060 3818 3138">
     <span class='ocr_line' id='line_1_93' title="bbox 2197 3060 3818 3138; baseline -0.009 -12"><span class='ocrx_word' id='word_1_696' title='bbox 2197 3071 2505 3127; x_wconf 68' lang='lat' dir='ltr'>Praasulem</span> <span class='ocrx_word' id='word_1_697' title='bbox 2535 3085 2732 3123; x_wconf 89' lang='lat' dir='ltr'>eorum</span> <span class='ocrx_word' id='word_1_698' title='bbox 2754 3068 2988 3122; x_wconf 90' lang='lat' dir='ltr'>nomine</span> <span class='ocrx_word' id='word_1_699' title='bbox 3018 3066 3304 3132; x_wconf 89' lang='lat' dir='ltr'>salutavit,</span> <span class='ocrx_word' id='word_1_700' title='bbox 3334 3066 3434 3136; x_wconf 90' lang='lat' dir='ltr'>qui</span> <span class='ocrx_word' id='word_1_701' title='bbox 3459 3062 3642 3138; x_wconf 83' lang='lat' dir='ltr'>tumin</span> <span class='ocrx_word' id='word_1_702' title='bbox 3662 3060 3818 3116; x_wconf 82' lang='lat' dir='ltr'>Bethle-</span> 
     </span>
    </p>
   </div>
   <div class='ocr_carea' id='block_1_94' title="bbox 2195 3147 3817 3224">
    <p class='ocr_par' dir='ltr' id='par_1_94' title="bbox 2195 3147 3817 3224">
     <span class='ocr_line' id='line_1_94' title="bbox 2195 3147 3817 3224; baseline -0.009 -10"><span class='ocrx_word' id='word_1_703' title='bbox 2195 3159 2464 3214; x_wconf 88' lang='lat' dir='ltr'>hemitico</span> <span class='ocrx_word' id='word_1_704' title='bbox 2535 3157 2882 3211; x_wconf 90' lang='lat' dir='ltr'>monasterio</span> <span class='ocrx_word' id='word_1_705' title='bbox 2952 3155 3196 3222; x_wconf 88' lang='lat' dir='ltr'>vivebat,</span> <span class='ocrx_word' id='word_1_706' title='bbox 3260 3155 3626 3224; x_wconf 82' lang='lat' dir='ltr'>Hieronymus</span> <span class='ocrx_word' id='word_1_707' title='bbox 3679 3147 3817 3220; x_wconf 70' lang='lat' dir='ltr'>(Apud</span> 
     </span>
    </p>
   </div>
   <div class='ocr_carea' id='block_1_95' title="bbox 2195 3239 3815 3314">
    <p class='ocr_par' dir='ltr' id='par_1_95' title="bbox 2195 3239 3815 3314">
     <span class='ocr_line' id='line_1_95' title="bbox 2195 3239 3815 3314; baseline -0.01 -13"><span class='ocrx_word' id='word_1_708' title='bbox 2195 3247 2457 3314; x_wconf 75' lang='lat' dir='ltr'>August.,</span> <span class='ocrx_word' id='word_1_709' title='bbox 2478 3247 2657 3314; x_wconf 78' lang='lat' dir='ltr'>Epist.</span> <span class='ocrx_word' id='word_1_710' title='bbox 2676 3247 2801 3310; x_wconf 90' lang='grc'>202,</span> <span class='ocrx_word' id='word_1_711' title='bbox 2822 3260 2880 3297; x_wconf 84' lang='lat' dir='ltr'>n.</span> <span class='ocrx_word' id='word_1_712' title='bbox 2899 3245 2971 3312; x_wconf 91' lang='grc'>2).</span> <span class='ocrx_word' id='word_1_713' title='bbox 2987 3242 3158 3314; x_wconf 89' lang='lat' dir='ltr'>Atqui</span> <span class='ocrx_word' id='word_1_714' title='bbox 3179 3239 3815 3305; x_wconf 75' lang='lat' dir='ltr'>mutuaillaamorisatque</span> 
     </span>
    </p>
   </div>
   <div class='ocr_carea' id='block_1_96' title="bbox 2198 3324 3815 3402">
    <p class='ocr_par' dir='ltr' id='par_1_96' title="bbox 2198 3324 3815 3402">
     <span class='ocr_line' id='line_1_96' title="bbox 2198 3324 3815 3402; baseline -0.009 -14"><span class='ocrx_word' id='word_1_715' title='bbox 2198 3331 2571 3388; x_wconf 63' lang='lat' dir='ltr'>observantia:</span> <span class='ocrx_word' id='word_1_716' title='bbox 2601 3331 2767 3402; x_wconf 91' lang='lat' dir='ltr'>signa</span> <span class='ocrx_word' id='word_1_717' title='bbox 2799 3329 3108 3396; x_wconf 83' lang='lat' dir='ltr'>sufﬁciunt,</span> <span class='ocrx_word' id='word_1_718' title='bbox 3138 3335 3203 3384; x_wconf 91' lang='lat' dir='ltr'>ut</span> <span class='ocrx_word' id='word_1_719' title='bbox 3250 3346 3442 3401; x_wconf 87' lang='lat' dir='ltr'>neque</span> <span class='ocrx_word' id='word_1_720' title='bbox 3489 3331 3676 3402; x_wconf 26' lang='lat' dir='ltr'>contra.</span> <span class='ocrx_word' id='word_1_721' title='bbox 3695 3324 3815 3378; x_wconf 84' lang='lat' dir='ltr'>tidem</span> 
     </span>
    </p>
   </div>
   <div class='ocr_carea' id='block_1_97' title="bbox 2199 3412 3816 3490">
    <p class='ocr_par' dir='ltr' id='par_1_97' title="bbox 2199 3412 3816 3490">
     <span class='ocr_line' id='line_1_97' title="bbox 2199 3412 3816 3490; baseline -0.01 -16"><span class='ocrx_word' id='word_1_722' title='bbox 2199 3423 2410 3486; x_wconf 88' lang='lat' dir='ltr'>datam,</span> <span class='ocrx_word' id='word_1_723' title='bbox 2461 3435 2647 3490; x_wconf 90' lang='lat' dir='ltr'>neque</span> <span class='ocrx_word' id='word_1_724' title='bbox 2703 3422 2902 3472; x_wconf 89' lang='lat' dir='ltr'>contra</span> <span class='ocrx_word' id='word_1_725' title='bbox 2939 3417 3245 3488; x_wconf 88' lang='lat' dir='ltr'>Augustini</span> <span class='ocrx_word' id='word_1_726' title='bbox 3295 3421 3541 3471; x_wconf 90' lang='lat' dir='ltr'>mentem</span> <span class='ocrx_word' id='word_1_727' title='bbox 3583 3412 3816 3466; x_wconf 85' lang='lat' dir='ltr'>Piniauum</span> 
     </span>
    </p>
   </div>
   <div class='ocr_carea' id='block_1_98' title="bbox 2197 3497 3819 3577">
    <p class='ocr_par' dir='ltr' id='par_1_98' title="bbox 2197 3497 3819 3577">
     <span class='ocr_line' id='line_1_98' title="bbox 2197 3497 3819 3577; baseline -0.008 -13"><span class='ocrx_word' id='word_1_728' title='bbox 2197 3509 2491 3564; x_wconf 88' lang='lat' dir='ltr'>recessisse</span> <span class='ocrx_word' id='word_1_729' title='bbox 2519 3507 2864 3561; x_wconf 90' lang='lat' dir='ltr'>arbitremur</span> <span class='ocrx_word' id='word_1_730' title='bbox 2891 3527 2903 3561; x_wconf 93' lang='lat'>:</span> <span class='ocrx_word' id='word_1_731' title='bbox 2939 3523 3113 3577; x_wconf 89' lang='lat' dir='ltr'>quem</span> <span class='ocrx_word' id='word_1_732' title='bbox 3141 3507 3291 3560; x_wconf 88' lang='lat' dir='ltr'>forte</span> <span class='ocrx_word' id='word_1_733' title='bbox 3321 3505 3514 3570; x_wconf 90' lang='lat' dir='ltr'>etiam,</span> <span class='ocrx_word' id='word_1_734' title='bbox 3535 3506 3641 3557; x_wconf 88' lang='lat' dir='ltr'>uta</span> <span class='ocrx_word' id='word_1_735' title='bbox 3660 3497 3819 3569; x_wconf 83' lang='lat' dir='ltr'>jureju-</span> 
     </span>
    </p>
   </div>
   <div class='ocr_carea' id='block_1_99' title="bbox 2200 3582 3818 3665">
    <p class='ocr_par' dir='ltr' id='par_1_99' title="bbox 2200 3582 3818 3665">
     <span class='ocr_line' id='line_1_99' title="bbox 2200 3582 3818 3665; baseline -0.011 -15"><span class='ocrx_word' id='word_1_736' title='bbox 2200 3597 2379 3650; x_wconf 89' lang='lat' dir='ltr'>rando</span> <span class='ocrx_word' id='word_1_737' title='bbox 2412 3597 2768 3651; x_wconf 76' lang='lat' dir='ltr'>absolverent</span> <span class='ocrx_word' id='word_1_738' title='bbox 2799 3595 3212 3665; x_wconf 88' lang='lat' dir='ltr'>Hipponenses,</span> <span class='ocrx_word' id='word_1_739' title='bbox 3246 3593 3574 3649; x_wconf 89' lang='lat' dir='ltr'>auctoritate</span> <span class='ocrx_word' id='word_1_740' title='bbox 3614 3606 3666 3643; x_wconf 89' lang='lat' dir='ltr'>ac</span> <span class='ocrx_word' id='word_1_741' title='bbox 3691 3582 3818 3656; x_wconf 76' lang='lat' dir='ltr'>preci-</span> 
     </span>
    </p>
   </div>
   <div class='ocr_carea' id='block_1_100' title="bbox 2197 3683 3191 3754">
    <p class='ocr_par' dir='ltr' id='par_1_100' title="bbox 2197 3683 3191 3754">
     <span class='ocr_line' id='line_1_100' title="bbox 2197 3683 3191 3754; baseline -0.004 -13"><span class='ocrx_word' id='word_1_742' title='bbox 2197 3687 2304 3741; x_wconf 89' lang='lat' dir='ltr'>bus</span> <span class='ocrx_word' id='word_1_743' title='bbox 2332 3685 2578 3739; x_wconf 87' lang='lat' dir='ltr'>evicerat</span> <span class='ocrx_word' id='word_1_744' title='bbox 2605 3688 2829 3738; x_wconf 91' lang='lat' dir='ltr'>sanctus</span> <span class='ocrx_word' id='word_1_745' title='bbox 2862 3683 3191 3754; x_wconf 89' lang='lat' dir='ltr'>Episcopus.</span> 
     </span>
    </p>
   </div>
   <div class='ocr_carea' id='block_1_101' title="bbox 2271 3763 3817 3843">
    <p class='ocr_par' dir='ltr' id='par_1_101' title="bbox 2271 3763 3817 3843">
     <span class='ocr_line' id='line_1_101' title="bbox 2271 3763 3817 3843; baseline -0.008 -19"><span class='ocrx_word' id='word_1_746' title='bbox 2271 3777 2321 3827; x_wconf 83' lang='lat'>9.</span> <span class='ocrx_word' id='word_1_747' title='bbox 2359 3771 2666 3843; x_wconf 77' lang='lat' dir='ltr'>Epistulam</span> <span class='ocrx_word' id='word_1_748' title='bbox 2709 3772 3068 3827; x_wconf 90' lang='lat' dir='ltr'>Armentario</span> <span class='ocrx_word' id='word_1_749' title='bbox 3117 3775 3172 3824; x_wconf 87' lang='lat' dir='ltr'>et</span> <span class='ocrx_word' id='word_1_750' title='bbox 3227 3770 3485 3825; x_wconf 70' lang='lat' dir='ltr'>Paulina:</span> <span class='ocrx_word' id='word_1_751' title='bbox 3531 3763 3719 3835; x_wconf 87' lang='lat' dir='ltr'>scripsit</span> <span class='ocrx_word' id='word_1_752' title='bbox 3745 3763 3817 3812; x_wconf 75' lang='lat' dir='ltr'>Au-</span> 
     </span>
    </p>
   </div>
   <div class='ocr_carea' id='block_1_102' title="bbox 2197 3853 3819 3931">
    <p class='ocr_par' dir='ltr' id='par_1_102' title="bbox 2197 3853 3819 3931">
     <span class='ocr_line' id='line_1_102' title="bbox 2197 3853 3819 3931; baseline -0.01 -16"><span class='ocrx_word' id='word_1_753' title='bbox 2197 3860 2458 3931; x_wconf 89' lang='lat' dir='ltr'>gustinus</span> <span class='ocrx_word' id='word_1_754' title='bbox 2503 3861 2696 3931; x_wconf 79' lang='lat' dir='ltr'>(Epist.</span> <span class='ocrx_word' id='word_1_755' title='bbox 2741 3861 2857 3928; x_wconf 81' lang='grc'>127)</span> <span class='ocrx_word' id='word_1_756' title='bbox 2906 3861 3013 3914; x_wconf 87' lang='lat' dir='ltr'>hoc</span> <span class='ocrx_word' id='word_1_757' title='bbox 3048 3860 3195 3914; x_wconf 90' lang='lat' dir='ltr'>forte</span> <span class='ocrx_word' id='word_1_758' title='bbox 3256 3875 3411 3912; x_wconf 88' lang='lat' dir='ltr'>anno</span> <span class='ocrx_word' id='word_1_759' title='bbox 3455 3853 3819 3928; x_wconf 68' lang='lat' dir='ltr'>quadringente-</span> 
     </span>
    </p>
   </div>
   <div class='ocr_carea' id='block_1_103' title="bbox 2199 3936 3818 4020">
    <p class='ocr_par' dir='ltr' id='par_1_103' title="bbox 2199 3936 3818 4020">
     <span class='ocr_line' id='line_1_103' title="bbox 2199 3936 3818 4020; baseline -0.008 -19"><span class='ocrx_word' id='word_1_760' title='bbox 2199 3949 2344 4003; x_wconf 88' lang='lat' dir='ltr'>simo</span> <span class='ocrx_word' id='word_1_761' title='bbox 2367 3950 2669 4003; x_wconf 89' lang='lat' dir='ltr'>undecimo</span> <span class='ocrx_word' id='word_1_762' title='bbox 2702 3965 2714 4002; x_wconf 94' lang='lat'>:</span> <span class='ocrx_word' id='word_1_763' title='bbox 2749 3948 3214 4020; x_wconf 88' lang='lat' dir='ltr'>quandoquidem</span> <span class='ocrx_word' id='word_1_764' title='bbox 3249 3948 3460 4001; x_wconf 90' lang='lat' dir='ltr'>Urbem</span> <span class='ocrx_word' id='word_1_765' title='bbox 3489 3958 3664 3998; x_wconf 91' lang='lat' dir='ltr'>recens</span> <span class='ocrx_word' id='word_1_766' title='bbox 3687 3955 3713 3990; x_wconf 87' lang='lat' dir='ltr'>a</span> <span class='ocrx_word' id='word_1_767' title='bbox 3732 3936 3818 3989; x_wconf 78' lang='lat' dir='ltr'>bar-</span> 
     </span>
    </p>
   </div>
   <div class='ocr_carea' id='block_1_104' title="bbox 2198 4023 3818 4108">
    <p class='ocr_par' dir='ltr' id='par_1_104' title="bbox 2198 4023 3818 4108">
     <span class='ocr_line' id='line_1_104' title="bbox 2198 4023 3818 4108; baseline -0.012 -17"><span class='ocrx_word' id='word_1_768' title='bbox 2198 4038 2349 4091; x_wconf 91' lang='lat' dir='ltr'>baris</span> <span class='ocrx_word' id='word_1_769' title='bbox 2408 4038 2712 4108; x_wconf 89' lang='lat' dir='ltr'>direptam,</span> <span class='ocrx_word' id='word_1_770' title='bbox 2771 4053 2835 4089; x_wconf 90' lang='lat' dir='ltr'>ac</span> <span class='ocrx_word' id='word_1_771' title='bbox 2904 4035 3190 4090; x_wconf 89' lang='lat' dir='ltr'>mundum</span> <span class='ocrx_word' id='word_1_772' title='bbox 3253 4036 3430 4089; x_wconf 86' lang='lat' dir='ltr'>tantis</span> <span class='ocrx_word' id='word_1_773' title='bbox 3485 4023 3818 4086; x_wconf 78' lang='lat' dir='ltr'>calamitatibus</span> 
     </span>
    </p>
   </div>
   <div class='ocr_carea' id='block_1_105' title="bbox 2197 4109 3815 4193">
    <p class='ocr_par' dir='ltr' id='par_1_105' title="bbox 2197 4109 3815 4193">
     <span class='ocr_line' id='line_1_105' title="bbox 2197 4109 3815 4193; baseline -0.008 -15"><span class='ocrx_word' id='word_1_774' title='bbox 2197 4125 2453 4180; x_wconf 83' lang='lat' dir='ltr'>infestari</span> <span class='ocrx_word' id='word_1_775' title='bbox 2483 4125 2675 4191; x_wconf 89' lang='lat' dir='ltr'>tradit,</span> <span class='ocrx_word' id='word_1_776' title='bbox 2708 4129 2774 4179; x_wconf 87' lang='lat' dir='ltr'>ut</span> <span class='ocrx_word' id='word_1_777' title='bbox 2819 4141 2887 4178; x_wconf 87' lang='lat' dir='ltr'>ex</span> <span class='ocrx_word' id='word_1_778' title='bbox 2935 4125 3092 4178; x_wconf 90' lang='lat' dir='ltr'>vanis</span> <span class='ocrx_word' id='word_1_779' title='bbox 3140 4123 3254 4178; x_wconf 89' lang='lat' dir='ltr'>illis</span> <span class='ocrx_word' id='word_1_780' title='bbox 3283 4123 3549 4193; x_wconf 87' lang='lat' dir='ltr'>falsisque</span> <span class='ocrx_word' id='word_1_781' title='bbox 3585 4109 3815 4172; x_wconf 75' lang='lat' dir='ltr'>illecebris.</span> 
     </span>
    </p>
   </div>
   <div class='ocr_carea' id='block_1_106' title="bbox 2199 4197 3817 4280">
    <p class='ocr_par' dir='ltr' id='par_1_106' title="bbox 2199 4197 3817 4280">
     <span class='ocr_line' id='line_1_106' title="bbox 2199 4197 3817 4280; baseline -0.009 -13"><span class='ocrx_word' id='word_1_782' title='bbox 2199 4214 2409 4280; x_wconf 89' lang='lat' dir='ltr'>quibus</span> <span class='ocrx_word' id='word_1_783' title='bbox 2437 4215 2700 4268; x_wconf 91' lang='lat' dir='ltr'>homines</span> <span class='ocrx_word' id='word_1_784' title='bbox 2748 4214 2808 4267; x_wconf 93' lang='lat' dir='ltr'>in</span> <span class='ocrx_word' id='word_1_785' title='bbox 2858 4229 3113 4267; x_wconf 90' lang='lat' dir='ltr'>errorem</span> <span class='ocrx_word' id='word_1_786' title='bbox 3150 4212 3445 4274; x_wconf 88' lang='lat' dir='ltr'>inducere,</span> <span class='ocrx_word' id='word_1_787' title='bbox 3485 4226 3545 4264; x_wconf 90' lang='lat' dir='ltr'>ac</span> <span class='ocrx_word' id='word_1_788' title='bbox 3587 4205 3748 4260; x_wconf 88' lang='lat' dir='ltr'>stultos</span> <span class='ocrx_word' id='word_1_789' title='bbox 3781 4197 3817 4248; x_wconf 76' lang='lat' dir='ltr'>ill</span> 
     </span>
    </p>
   </div>
   <div class='ocr_carea' id='block_1_107' title="bbox 2199 4296 3815 4373">
    <p class='ocr_par' dir='ltr' id='par_1_107' title="bbox 2199 4296 3815 4373">
     <span class='ocr_line' id='line_1_107' title="bbox 2199 4296 3815 4373; baseline -0.006 -18"><span class='ocrx_word' id='word_1_790' title='bbox 2199 4303 2287 4355; x_wconf 92' lang='lat' dir='ltr'>sui</span> <span class='ocrx_word' id='word_1_791' title='bbox 2316 4319 2572 4357; x_wconf 88' lang='lat' dir='ltr'>amorem</span> <span class='ocrx_word' id='word_1_792' title='bbox 2611 4302 2874 4373; x_wconf 91' lang='lat' dir='ltr'>pellicere</span> <span class='ocrx_word' id='word_1_793' title='bbox 2905 4301 3141 4369; x_wconf 91' lang='lat' dir='ltr'>solebat,</span> <span class='ocrx_word' id='word_1_794' title='bbox 3169 4301 3292 4371; x_wconf 89' lang='lat' dir='ltr'>jam</span> <span class='ocrx_word' id='word_1_795' title='bbox 3341 4301 3555 4354; x_wconf 90' lang='lat' dir='ltr'>nullam</span> <span class='ocrx_word' id='word_1_796' title='bbox 3591 4296 3736 4349; x_wconf 78' lang='lat' dir='ltr'>ferme</span> <span class='ocrx_word' id='word_1_797' title='bbox 3757 4301 3815 4339; x_wconf 61' lang='grc' dir='ltr'>ῐιθο</span> 
     </span>
    </p>
   </div>
   <div class='ocr_carea' id='block_1_108' title="bbox 2196 4374 3814 4456">
    <p class='ocr_par' dir='ltr' id='par_1_108' title="bbox 2196 4374 3814 4456">
     <span class='ocr_line' id='line_1_108' title="bbox 2196 4374 3814 4456; baseline -0.011 -12"><span class='ocrx_word' id='word_1_798' title='bbox 2196 4391 2422 4445; x_wconf 90' lang='lat' dir='ltr'>tineret.</span> <span class='ocrx_word' id='word_1_799' title='bbox 2469 4389 2858 4444; x_wconf 89' lang='lat' dir='ltr'>Armentarius</span> <span class='ocrx_word' id='word_1_800' title='bbox 2898 4405 3018 4442; x_wconf 93' lang='lat' dir='ltr'>sese</span> <span class='ocrx_word' id='word_1_801' title='bbox 3056 4404 3173 4442; x_wconf 90' lang='lat' dir='ltr'>una</span> <span class='ocrx_word' id='word_1_802' title='bbox 3201 4404 3334 4441; x_wconf 92' lang='lat' dir='ltr'>cum</span> <span class='ocrx_word' id='word_1_803' title='bbox 3364 4387 3594 4456; x_wconf 88' lang='lat' dir='ltr'>conjuge</span> <span class='ocrx_word' id='word_1_804' title='bbox 3642 4374 3814 4432; x_wconf 86' lang='lat' dir='ltr'>Paulina</span> 
     </span>
    </p>
   </div>
   <div class='ocr_carea' id='block_1_109' title="bbox 2195 4475 3817 4548">
    <p class='ocr_par' dir='ltr' id='par_1_109' title="bbox 2195 4475 3817 4548">
     <span class='ocr_line' id='line_1_109' title="bbox 2195 4475 3817 4548; baseline -0.009 -17"><span class='ocrx_word' id='word_1_805' title='bbox 2195 4484 2326 4534; x_wconf 88' lang='lat' dir='ltr'>voto</span> <span class='ocrx_word' id='word_1_806' title='bbox 2358 4478 2759 4544; x_wconf 89' lang='lat' dir='ltr'>obstrinxerat,</span> <span class='ocrx_word' id='word_1_807' title='bbox 2793 4478 3080 4548; x_wconf 90' lang='lat' dir='ltr'>reliquum</span> <span class='ocrx_word' id='word_1_808' title='bbox 3119 4476 3248 4530; x_wconf 71' lang='lat' dir='ltr'>vita:</span> <span class='ocrx_word' id='word_1_809' title='bbox 3289 4481 3516 4547; x_wconf 87' lang='lat' dir='ltr'>tempus</span> <span class='ocrx_word' id='word_1_810' title='bbox 3553 4475 3651 4527; x_wconf 90' lang='lat' dir='ltr'>Deo</span> <span class='ocrx_word' id='word_1_811' title='bbox 3678 4476 3817 4520; x_wconf 83' lang='lat' dir='ltr'>conse-</span> 
     </span>
    </p>
   </div>
   <div class='ocr_carea' id='block_1_110' title="bbox 2195 4548 3816 4635">
    <p class='ocr_par' dir='ltr' id='par_1_110' title="bbox 2195 4548 3816 4635">
     <span class='ocr_line' id='line_1_110' title="bbox 2195 4548 3816 4635; baseline -0.012 -14"><span class='ocrx_word' id='word_1_812' title='bbox 2195 4568 2412 4635; x_wconf 89' lang='lat' dir='ltr'>crandi,</span> <span class='ocrx_word' id='word_1_813' title='bbox 2446 4584 2687 4632; x_wconf 89' lang='lat' dir='ltr'>necnon,</span> <span class='ocrx_word' id='word_1_814' title='bbox 2719 4567 2804 4621; x_wconf 90' lang='lat' dir='ltr'>uti</span> <span class='ocrx_word' id='word_1_815' title='bbox 2850 4566 3092 4631; x_wconf 87' lang='lat' dir='ltr'>videtur,</span> <span class='ocrx_word' id='word_1_816' title='bbox 3127 4565 3508 4619; x_wconf 80' lang='lat' dir='ltr'>monasticam</span> <span class='ocrx_word' id='word_1_817' title='bbox 3550 4548 3816 4625; x_wconf 87' lang='lat' dir='ltr'>suscipiendi</span> 
     </span>
    </p>
   </div>
   <div class='ocr_carea' id='block_1_111' title="bbox 2195 4651 3818 4726">
    <p class='ocr_par' dir='ltr' id='par_1_111' title="bbox 2195 4651 3818 4726">
     <span class='ocr_line' id='line_1_111' title="bbox 2195 4651 3818 4726; baseline -0.006 -16"><span class='ocrx_word' id='word_1_818' title='bbox 2195 4656 2537 4711; x_wconf 89' lang='lat' dir='ltr'>institutum.</span> <span class='ocrx_word' id='word_1_819' title='bbox 2573 4657 2637 4710; x_wconf 90' lang='lat' dir='ltr'>In</span> <span class='ocrx_word' id='word_1_820' title='bbox 2666 4655 2902 4709; x_wconf 89' lang='lat' dir='ltr'>Paulina</span> <span class='ocrx_word' id='word_1_821' title='bbox 2934 4655 3166 4726; x_wconf 89' lang='lat' dir='ltr'>quidem</span> <span class='ocrx_word' id='word_1_822' title='bbox 3197 4671 3374 4708; x_wconf 65' lang='lat' dir='ltr'>morie</span> <span class='ocrx_word' id='word_1_823' title='bbox 3403 4652 3542 4707; x_wconf 85' lang='lat' dir='ltr'>nihil</span> <span class='ocrx_word' id='word_1_824' title='bbox 3571 4651 3691 4710; x_wconf 84' lang='lat' dir='ltr'>erat,</span> <span class='ocrx_word' id='word_1_825' title='bbox 3716 4655 3818 4712; x_wconf 74' lang='grc' dir='ltr'>(1υο-</span> 
     </span>
    </p>
   </div>
   <div class='ocr_carea' id='block_1_112' title="bbox 2195 4741 3817 4814">
    <p class='ocr_par' dir='ltr' id='par_1_112' title="bbox 2195 4741 3817 4814">
     <span class='ocr_line' id='line_1_112' title="bbox 2195 4741 3817 4814; baseline -0.005 -16"><span class='ocrx_word' id='word_1_826' title='bbox 2195 4745 2385 4798; x_wconf 90' lang='lat' dir='ltr'>minus</span> <span class='ocrx_word' id='word_1_827' title='bbox 2423 4748 2761 4814; x_wconf 87' lang='lat' dir='ltr'>perpetuam</span> <span class='ocrx_word' id='word_1_828' title='bbox 2803 4744 2917 4797; x_wconf 91' lang='lat' dir='ltr'>Deo</span> <span class='ocrx_word' id='word_1_829' title='bbox 2959 4742 3372 4797; x_wconf 89' lang='lat' dir='ltr'>continentiam</span> <span class='ocrx_word' id='word_1_830' title='bbox 3402 4742 3643 4796; x_wconf 86' lang='lat' dir='ltr'>dicaret:</span> <span class='ocrx_word' id='word_1_831' title='bbox 3676 4741 3817 4814; x_wconf 52' lang='lat' dir='ltr'>verum</span> 
     </span>
    </p>
   </div>
   <div class='ocr_carea' id='block_1_113' title="bbox 2195 4813 3815 4901">
    <p class='ocr_par' dir='ltr' id='par_1_113' title="bbox 2195 4813 3815 4901">
     <span class='ocr_line' id='line_1_113' title="bbox 2195 4813 3815 4901; baseline -0.008 -16"><span class='ocrx_word' id='word_1_832' title='bbox 2195 4813 2562 4901; x_wconf 79' lang='lat' dir='ltr'>nequaquam</span> <span class='ocrx_word' id='word_1_833' title='bbox 2581 4829 2804 4883; x_wconf 91' lang='lat' dir='ltr'>videtur</span> <span class='ocrx_word' id='word_1_834' title='bbox 2830 4828 2911 4882; x_wconf 91' lang='lat' dir='ltr'>ita</span> <span class='ocrx_word' id='word_1_835' title='bbox 2943 4833 3173 4898; x_wconf 89' lang='lat' dir='ltr'>paratus</span> <span class='ocrx_word' id='word_1_836' title='bbox 3211 4827 3386 4881; x_wconf 90' lang='lat' dir='ltr'>fuisse</span> <span class='ocrx_word' id='word_1_837' title='bbox 3424 4825 3488 4879; x_wconf 90' lang='lat' dir='ltr'>ad</span> <span class='ocrx_word' id='word_1_838' title='bbox 3518 4813 3815 4877; x_wconf 77' lang='lat' dir='ltr'>abdicandam</span> 
     </span>
    </p>
   </div>
   <div class='ocr_carea' id='block_1_114' title="bbox 2194 4907 3816 4989">
    <p class='ocr_par' dir='ltr' id='par_1_114' title="bbox 2194 4907 3816 4989">
     <span class='ocr_line' id='line_1_114' title="bbox 2194 4907 3816 4989; baseline -0.007 -17"><span class='ocrx_word' id='word_1_839' title='bbox 2194 4920 2558 4989; x_wconf 89' lang='lat' dir='ltr'>conjugalem</span> <span class='ocrx_word' id='word_1_840' title='bbox 2611 4917 3089 4972; x_wconf 84' lang='lat' dir='ltr'>consuetudinem</span> <span class='ocrx_word' id='word_1_841' title='bbox 3151 4914 3557 4976; x_wconf 85' lang='lat' dir='ltr'>Armentarius,</span> <span class='ocrx_word' id='word_1_842' title='bbox 3611 4907 3694 4962; x_wconf 85' lang='lat' dir='ltr'>sed</span> <span class='ocrx_word' id='word_1_843' title='bbox 3729 4913 3816 4954; x_wconf 70' lang='lat' dir='ltr'>rem</span> 
     </span>
    </p>
   </div>
   <div class='ocr_carea' id='block_1_115' title="bbox 2194 4989 3816 5075">
    <p class='ocr_par' dir='ltr' id='par_1_115' title="bbox 2194 4989 3816 5075">
     <span class='ocr_line' id='line_1_115' title="bbox 2194 4989 3816 5075; baseline -0.012 -15"><span class='ocrx_word' id='word_1_844' title='bbox 2194 5006 2458 5060; x_wconf 88' lang='lat' dir='ltr'>nonnihil</span> <span class='ocrx_word' id='word_1_845' title='bbox 2498 5006 2800 5060; x_wconf 89' lang='lat' dir='ltr'>distulisse.</span> <span class='ocrx_word' id='word_1_846' title='bbox 2853 5005 3207 5075; x_wconf 84' lang='lat' dir='ltr'>Quapropter</span> <span class='ocrx_word' id='word_1_847' title='bbox 3256 5002 3601 5075; x_wconf 88' lang='lat' dir='ltr'>Augustinus</span> <span class='ocrx_word' id='word_1_848' title='bbox 3646 4995 3704 5049; x_wconf 84' lang='lat' dir='ltr'>de</span> <span class='ocrx_word' id='word_1_849' title='bbox 3747 4989 3816 5042; x_wconf 61' lang='lat' dir='ltr'>hoc</span> 
     </span>
    </p>
   </div>
   <div class='ocr_carea' id='block_1_116' title="bbox 2196 5079 3814 5164">
    <p class='ocr_par' dir='ltr' id='par_1_116' title="bbox 2196 5079 3814 5164">
     <span class='ocr_line' id='line_1_116' title="bbox 2196 5079 3814 5164; baseline -0.007 -15"><span class='ocrx_word' id='word_1_850' title='bbox 2196 5112 2394 5149; x_wconf 89' lang='lat' dir='ltr'>eorum</span> <span class='ocrx_word' id='word_1_851' title='bbox 2424 5095 2632 5149; x_wconf 90' lang='lat' dir='ltr'>mentis</span> <span class='ocrx_word' id='word_1_852' title='bbox 2660 5095 2859 5149; x_wconf 89' lang='lat' dir='ltr'>habitu</span> <span class='ocrx_word' id='word_1_853' title='bbox 2889 5094 3095 5149; x_wconf 89' lang='lat' dir='ltr'>certior</span> <span class='ocrx_word' id='word_1_854' title='bbox 3123 5094 3192 5148; x_wconf 89' lang='lat' dir='ltr'>ab</span> <span class='ocrx_word' id='word_1_855' title='bbox 3224 5093 3479 5164; x_wconf 79' lang='lat' dir='ltr'>ipsorum</span> <span class='ocrx_word' id='word_1_856' title='bbox 3512 5090 3664 5143; x_wconf 79' lang='lat' dir='ltr'>affine</span> <span class='ocrx_word' id='word_1_857' title='bbox 3695 5079 3814 5136; x_wconf 64' lang='lat' dir='ltr'>Ruﬁ&quot;</span> 
     </span>
    </p>
   </div>
   <div class='ocr_carea' id='block_1_117' title="bbox 2195 5164 3816 5254">
    <p class='ocr_par' dir='ltr' id='par_1_117' title="bbox 2195 5164 3816 5254">
     <span class='ocr_line' id='line_1_117' title="bbox 2195 5164 3816 5254; baseline -0.001 -16"><span class='ocrx_word' id='word_1_858' title='bbox 2195 5184 2279 5238; x_wconf 92' lang='lat' dir='ltr'>rio</span> <span class='ocrx_word' id='word_1_859' title='bbox 2320 5184 2501 5238; x_wconf 88' lang='lat' dir='ltr'>factus</span> <span class='ocrx_word' id='word_1_860' title='bbox 2533 5183 2716 5254; x_wconf 82' lang='lat' dir='ltr'>(Ibid.,</span> <span class='ocrx_word' id='word_1_861' title='bbox 2747 5200 2804 5238; x_wconf 80' lang='grc' dir='ltr'>η.</span> <span class='ocrx_word' id='word_1_862' title='bbox 2846 5184 2921 5250; x_wconf 81' lang='grc'>1),</span> <span class='ocrx_word' id='word_1_863' title='bbox 2956 5184 3181 5254; x_wconf 89' lang='lat' dir='ltr'>utrique</span> <span class='ocrx_word' id='word_1_864' title='bbox 3211 5182 3508 5252; x_wconf 87' lang='lat' dir='ltr'>epistolam</span> <span class='ocrx_word' id='word_1_865' title='bbox 3534 5179 3683 5244; x_wconf 83' lang='lat' dir='ltr'>longe</span> <span class='ocrx_word' id='word_1_866' title='bbox 3724 5164 3816 5237; x_wconf 77' lang='grc' dir='ltr'>Ρ¹¹¹⁴</span> 
     </span>
    </p>
   </div>
   <div class='ocr_carea' id='block_1_118' title="bbox 2196 5258 3815 5348">
    <p class='ocr_par' dir='ltr' id='par_1_118' title="bbox 2196 5258 3815 5348">
     <span class='ocr_line' id='line_1_118' title="bbox 2196 5258 3815 5348; baseline -0.012 -22"><span class='ocrx_word' id='word_1_867' title='bbox 2196 5273 2537 5327; x_wconf 89' lang='lat' dir='ltr'>cherrimam</span> <span class='ocrx_word' id='word_1_868' title='bbox 2569 5272 2794 5336; x_wconf 83' lang='lat' dir='ltr'>direxit,</span> <span class='ocrx_word' id='word_1_869' title='bbox 2831 5271 2891 5325; x_wconf 90' lang='lat' dir='ltr'>in</span> <span class='ocrx_word' id='word_1_870' title='bbox 2941 5289 3055 5343; x_wconf 88' lang='lat' dir='ltr'>qua</span> <span class='ocrx_word' id='word_1_871' title='bbox 3089 5278 3280 5326; x_wconf 87' lang='lat' dir='ltr'>tamen</span> <span class='ocrx_word' id='word_1_872' title='bbox 3305 5275 3578 5348; x_wconf 87' lang='lat' dir='ltr'>perpetuo</span> <span class='ocrx_word' id='word_1_873' title='bbox 3608 5258 3815 5348; x_wconf 55' lang='lat' dir='ltr'>maritum</span> 
     </span>
    </p>
   </div>
   <div class='ocr_carea' id='block_1_119' title="bbox 2198 5339 3816 5432">
    <p class='ocr_par' dir='ltr' id='par_1_119' title="bbox 2198 5339 3816 5432">
     <span class='ocr_line' id='line_1_119' title="bbox 2198 5339 3816 5432; baseline 0.001 -18"><span class='ocrx_word' id='word_1_874' title='bbox 2198 5362 2511 5432; x_wconf 91' lang='lat' dir='ltr'>alloquitur</span> <span class='ocrx_word' id='word_1_875' title='bbox 2537 5377 2551 5415; x_wconf 88' lang='lat'>:</span> <span class='ocrx_word' id='word_1_876' title='bbox 2583 5366 2753 5432; x_wconf 90' lang='lat' dir='ltr'>atque</span> <span class='ocrx_word' id='word_1_877' title='bbox 2787 5365 2850 5415; x_wconf 90' lang='lat' dir='ltr'>ut</span> <span class='ocrx_word' id='word_1_878' title='bbox 2879 5339 3094 5426; x_wconf 77' lang='lat' dir='ltr'>votum,</span> <span class='ocrx_word' id='word_1_879' title='bbox 3129 5360 3285 5431; x_wconf 90' lang='lat' dir='ltr'>quod</span> <span class='ocrx_word' id='word_1_880' title='bbox 3305 5339 3661 5426; x_wconf 64' lang='lat' dir='ltr'>nuncupavit,</span> <span class='ocrx_word' id='word_1_881' title='bbox 3686 5339 3816 5416; x_wconf 69' lang='lat' dir='ltr'>QUOd&#39;</span> 
     </span>
    </p>
   </div>
   <div class='ocr_carea' id='block_1_120' title="bbox 2197 5436 3814 5520">
    <p class='ocr_par' dir='ltr' id='par_1_120' title="bbox 2197 5436 3814 5520">
     <span class='ocr_line' id='line_1_120' title="bbox 2197 5436 3814 5520; baseline 0.001 -19"><span class='ocrx_word' id='word_1_882' title='bbox 2197 5465 2308 5520; x_wconf 89' lang='lat' dir='ltr'>que</span> <span class='ocrx_word' id='word_1_883' title='bbox 2349 5449 2466 5502; x_wconf 88' lang='lat' dir='ltr'>sine</span> <span class='ocrx_word' id='word_1_884' title='bbox 2498 5450 2654 5510; x_wconf 77' lang='lat' dir='ltr'>gravi</span> <span class='ocrx_word' id='word_1_885' title='bbox 2703 5449 2927 5519; x_wconf 86' lang='lat' dir='ltr'>piaculo</span> <span class='ocrx_word' id='word_1_886' title='bbox 2958 5450 3144 5514; x_wconf 80' lang='lat' dir='ltr'>frangi</span> <span class='ocrx_word' id='word_1_887' title='bbox 3183 5465 3296 5502; x_wconf 85' lang='lat' dir='ltr'>non</span> <span class='ocrx_word' id='word_1_888' title='bbox 3333 5449 3532 5518; x_wconf 88' lang='lat' dir='ltr'>potest,</span> <span class='ocrx_word' id='word_1_889' title='bbox 3562 5436 3696 5495; x_wconf 76' lang='lat' dir='ltr'>omni</span> <span class='ocrx_word' id='word_1_890' title='bbox 3724 5445 3814 5503; x_wconf 51' lang='lat' dir='ltr'>Im“</span> 
     </span>
    </p>
   </div>
  </div>
