3912 6174
104 198 188 249 405

100 310 441 369 crastinatione
469 309 671 365 omissa
698 309 953 382 impleat,
985 311 1187 368 validis
1216 314 1528 369 admodum
1560 332 1730 388 argu-

100 400 264 456 mentis
289 399 495 454 suadet.

716 503 942 559 CAPUT
981 505 1042 561 Χ.

108 632 121 681 1
154 630 213 682 De
246 627 505 680 collatione
544 628 682 680 inter
711 628 985 696 episcopos
1015 628 1312 684 Catholicos
1340 634 1392 684 et
1419 633 1730 688 Donatistas

152 714 297 767 habita
320 714 686 780 Carthagine:
710 715 865 769 illum
889 714 1088 770 indicit
1112 718 1479 774 Marcellinus.
1496 723 1530 774 2
1562 721 1731 790 Apud

146 803 481 870 Carthaginem
512 804 852 869 Augustinus
876 804 1112 858 instante
1140 805 1434 861 Collatione
1458 812 1730 863 conciam-

144 897 224 945 (ω’.
250 894 277 944 3
297 892 531 945 Insolens
552 893 959 946 Donatistarum
990 894 1050 946 in
1069 908 1187 947 eum
1216 894 1400 947 urbem
1427 897 1722 965 ingressus,

138 985 175 1032 et
197 979 473 1033 earumdem
508 994 783 1033 numerus.
810 982 844 1033 4
879 980 1096 1034 Omnem
1122 982 1433 1038 Collationis
1462 987 1726 1040 rationem

135 1068 270 1121 edicto
292 1068 597 1136 praseribit
632 1069 999 1123 Marcellinus.
1051 1073 1081 1122 ὅ
1114 1070 1429 1126 Collationis
1459 1073 1568 1126 loco
1601 1088 1725 1127 suos

134 1171 274 1209 omnes
290 1158 382 1225 qui
406 1161 665 1210 uenerunt
691 1159 948 1210 interesse
973 1157 1177 1234 volunt,
1207 1174 1270 1212 ac
1306 1158 1722 1227 subscriptimzes

133 1259 231 1297 suas
261 1243 384 1297 dare
416 1246 556 1298 actis
601 1249 854 1298 recusant
893 1246 1204 1299 Donatista.
1237 1249 1268 1300 6
1322 1248 1422 1300 His
1458 1248 1724 1303 Catholici

132 1332 441 1387 conditionem
493 1349 612 1386 eam
659 1333 911 1401 offerunt,
956 1339 1019 1387 ut
1062 1336 1115 1387 si
1164 1350 1384 1390 causam
1429 1336 1720 1392 obtinuerit

131 1422 343 1487 Ecclesia,
386 1422 470 1474 cel
496 1423 865 1490 episcopatum
908 1424 1175 1476 retineant
1225 1424 1312 1478 illi
1337 1424 1616 1480 redeuntes
1643 1426 1719 1480 ad

132 1511 365 1575 unitatem,
405 1511 491 1564 vel
529 1523 587 1563 eo
617 1525 671 1563 se
715 1512 828 1578 ipsi
863 1513 1077 1579 pariter
1121 1526 1241 1565 cum
1279 1514 1391 1568 illis
1420 1520 1642 1570 exuant.
1681 1520 1713 1569 7

130 1599 383 1663 Augustini
416 1599 562 1653 alius
599 1603 725 1652 ante
755 1600 1099 1655 Collationem
1145 1616 1314 1655 sermo
1360 1602 1426 1657 de
1481 1605 1631 1659 Pace.
1681 1607 1714 1658 8

132 1688 390 1755 Episcopos,
427 1690 526 1756 qui
557 1703 677 1741 cum
713 1689 1071 1743 schismaticis
1105 1688 1404 1760 disputent,
1449 1692 1715 1748 Catholici

130 1774 384 1843 designant,
419 1791 554 1845 quos
584 1780 637 1831 et
664 1778 876 1844 egregio
900 1777 1157 1831 mandato
1186 1782 1575 1836 communiunt.

130 1900 169 1952 1.
215 1898 551 1953 Marcellinus
604 1899 888 1967 tribunus,
940 1901 1032 1955 cui
1070 1901 1421 1973 provinciam
1469 1904 1711 1974 cogendi

76 1985 326 2040 Catholicos
352 2004 413 2041 ac
443 1987 767 2042 Donatistas
795 1988 857 2042 in
887 1989 1231 2060 colloquium
1263 1990 1564 2045 mandarat
1591 1993 1707 2045 Im-

75 2079 260 2143 perator,
301 2076 487 2131 statim
536 2081 712 2147 atque
740 2076 896 2131 venit
938 2077 997 2131 in
1039 2078 1310 2144 Africam,
1341 2078 1482 2132 nihil
1531 2080 1707 2135 dubio

75 2164 221 2229 procul
270 2164 473 2231 omisit,
509 2170 575 2220 ut
607 2165 765 2219 omni
814 2182 952 2220 cura
979 2182 1044 2221 ac
1087 2166 1384 2239 diligentia
1410 2184 1533 2222 rem
1561 2168 1708 2224 tanti

77 2251 287 2305 momenti
313 2258 711 2323 promoveret:
737 2270 1069 2325 quanquam
1091 2271 1208 2308 non
1231 2256 1518 2326 reperitur
1545 2256 1707 2326 quid-

75 2352 198 2405 quam
220 2338 335 2393 hinc
360 2340 429 2394 ab
469 2357 538 2394 eo
568 2341 894 2411 praastitum
933 2346 1065 2396 ante
1095 2342 1344 2397 edictum
1374 2342 1517 2398 illud
1547 2345 1701 2415 quod

74 2440 237 2480 menses
261 2433 496 2499 quatuor
526 2434 661 2483 ante
690 2429 964 2484 kalendas
987 2430 1202 2501 junias,
1235 2447 1335 2485 seu
1366 2430 1554 2485 verius
1570 2437 1701 2487 ante

74 2512 290 2571 decimum
315 2523 586 2588 quartum
618 2518 996 2573 kalendarum
1030 2519 1351 2591 juniarum,
1382 2518 1443 2573 id
1472 2524 1576 2587 est,
1609 2520 1701 2575 die

72 2602 234 2656 circiter
257 2606 464 2660 decimo
504 2612 714 2679 quarto
744 2607 1019 2661 kalendas
1048 2608 1362 2661 februarias
1390 2608 1527 2661 anni
1557 2624 1699 2680 qua-

72 2687 425 2762 dringentesimi
444 2694 740 2750 undecimi
768 2695 1122 2766 promulgari
1133 2695 1322 2766 jussit.
1355 2697 1469 2750 Hoc
1489 2696 1696 2763 edicto,

72 2780 175 2846 quod
199 2780 403 2836 Honorii
423 2782 674 2853 jussioni
703 2783 1035 2853 adjunctum
1064 2800 1167 2854 per
1196 2783 1519 2839 universam
1550 2786 1697 2840 Afri-

70 2880 156 2920 cam
178 2868 306 2923 misit
330 2870 565 2941 (Brecic.
603 2872 790 2927 Collat.
825 2875 873 2939 l,
898 2888 1016 2942 cap.
1049 2872 1123 2940 2),
1165 2873 1449 2944 quoslibet
1478 2874 1695 2944 episco-

67 2968 138 3021 pos
180 2960 275 3011 tam
310 2959 626 3014 Catholicos
658 2976 831 3031 quam
864 2959 1182 3016 Donatistas
1211 2978 1244 3015 a
1272 2962 1524 3016 locorum
1567 2964 1695 3016 ma-'

68 3040 324 3109 gistratibus
389 3049 595 3103 statuit
651 3048 899 3119 juridico
964 3065 1123 3103 more
1180 3049 1573 3121 appellandos,
1633 3057 1697 3107 ut

68 3128 411 3204 Carthaginem,
426 3153 663 3190 suarum
686 3136 927 3207 quisque
946 3136 1198 3207 partium
1219 3138 1518 3209 peritiores
1541 3139 1693 3194 viros

67 3216 113 3269 ad
135 3217 404 3279 ineundum
450 3225 807 3295 colloquium
855 3226 1157 3292 electurus,
1189 3226 1341 3281 intra
1368 3226 1692 3297 designatos

67 3303 107 3357 in
124 3306 359 3378 imperiali
377 3314 638 3384 jussione
664 3329 886 3367 menses
906 3318 1152 3384 quatuor
1180 3315 1449 3369 accedant
1479 3316 1686 3384 (Collat.

64 3392 260 3464 Certhag.
297 3402 337 3466 l,
372 3417 491 3470 cap.
528 3400 609 3471 5).
643 3402 767 3455 Non
797 3400 952 3455 aliud
981 3417 1060 3467 se,
1088 3400 1200 3455 nisi
1228 3402 1382 3473 quod
1415 3418 1480 3456 ex
1509 3403 1691 3457 allatis

62 3480 169 3535 ultro
192 3485 417 3559 citroque
447 3488 810 3544 documentis
838 3504 1035 3543 verum
1065 3505 1185 3543 esse
1224 3489 1558 3555 constiterit,
1589 3491 1688 3561 ju-

61 3567 325 3640 dicaturum,
347 3593 445 3647 per
475 3576 836 3632 sanctissima
881 3594 1125 3650 quaeque
1159 3578 1337 3648 jurat.
1390 3580 1689 3633 Verumta-

64 3669 171 3725 men,
196 3677 305 3717 cum
343 3665 388 3719 is
429 3665 729 3721 catholica:
777 3666 1201 3721 communionis
1229 3666 1571 3721 christianus
1599 3684 1688 3720 ve-

62 3741 149 3796 nire
170 3745 218 3801 in
256 3753 629 3823 suspicionem
659 3759 852 3825 posset
894 3754 1046 3823 apud
1078 3755 1399 3810 Donatistas
1430 3756 1682 3826 (Possid.,

61 3830 217 3888 inl’ita
240 3840 478 3910 August,
512 3859 563 3897 ο.
595 3843 671 3913 4),
693 3859 854 3897 suam
875 3842 987 3897 illis
1007 3843 1338 3914 aequitatem
1371 3845 1686 3915 approbare

63 3918 226 3990 nititur,
252 3943 311 3982 ea
359 3932 702 3999 concedens,
754 3949 883 4003 qum
930 3937 989 3987 et
1018 3932 1166 4003 juris
1208 3931 1418 3986 limites
1455 3938 1687 4004 printer-

61 4009 176 4069 gredi
213 4015 540 4086 viderentur,
573 4024 631 4074 et
685 4021 1071 4091 Imperatoris,
1128 4026 1193 4075 ut
1219 4021 1341 4091 ipse
1396 4021 1684 4075 fatebatur

66 4094 329 4171 Mamilia,
358 4114 491 4162 sent.
527 4112 671 4177 post.
706 4108 937 4179 Callet),
970 4107 1190 4178 injussu
1222 4108 1426 4163 tierent
1453 4110 1680 4178 (Brecic.

60 4182 199 4267 tollat.
254 4196 293 4257 l,
343 4210 459 4265 cap.
492 4196 573 4267 2).
616 4196 835 4267 Quippe
883 4196 1084 4267 recipit
1132 4196 1428 4267 episcopos
1484 4213 1685 4251 omnes

60 4264 328 4345 Donatistas,
372 4264 469 4353 qui
530 4264 601 4336 ad
630 4264 1244 4354 colloquium—vocati,
1296 4264 1356 4337 se
1385 4284 1682 4337 adfuturos

57 4371 144 4410 esse
176 4368 568 4436 responderint,
635 4369 697 4424 in
741 4370 1159 4441 possessionem
1207 4369 1569 4424 ecclesiarum
1620 4386 1683 4425 ac

51 4442 219 4509 indum
242 4456 484 4511 omnium
520 4474 776 4527 suorum,
812 4458 1021 4530 quibus
1048 4459 1196 4513 forte
1218 4458 1492 4514 Catholici
1507 4458 1684 4513 Cassa-

57 4547 227 4593 rtotum
255 4541 600 4601 decretorum
632 4547 685 4601 vi
723 4548 1068 4613 fruerentur,
1097 4548 1424 4602 restitutum
1446 4547 1517 4600 iri
1550 4553 1682 4601 ante

58 4617 193 4687 ipsam
236 4632 594 4689 Collationem
653 4638 872 4707 (Collat.
907 4637 1164 4703 Carthag.
1230 4640 1279 4696 1,
1313 4652 1432 4705 cap.
1472 4636 1543 4704 ὅ).
1604 4637 1683 4689 Ac

52 4707 139 4773 iam
187 4722 310 4786 tum,
364 4725 527 4793 quasi
580 4742 683 4797 per
748 4725 1231 4787 intercessionem,
1302 4725 1429 4778 lites
1482 4741 1683 4779 omnes

59 4804 267 4890 fletusque
322 4811 571 4868 forenses
616 4814 819 4868 iisdem
888 4813 1200 4868 intentatos
1249 4813 1682 4868 intentandosve

61 4892 293 4949 lutei-mitti
328 4900 592 4957 decernit.
626 4903 1093 4973 Necnonjuratus
1121 4902 1426 4973 promittit,
1469 4902 1680 4974 qualis-

57 4986 245 5050 cumque
270 4985 484 5043 futurus
521 4991 597 5044 sit
637 4991 965 5046 Collationis
994 4991 1196 5057 exitus,
1249 4990 1552 5044 Donatistis
1582 4990 1682 5061 qui

56 5078 104 5113 ευ
124 5073 360 5142 venerint,
391 5079 459 5133 ad
484 5080 715 5150 propria
744 5079 991 5135 reditum
1017 5079 1252 5134 omnino
1283 5079 1527 5133 liberum
1540 5080 1679 5134 fore.

59 5149 229 5240 )‘erum,
266 5165 409 5233 quod
457 5169 703 5223 maxime
752 5168 993 5235 mireris,
1052 5185 1196 5236 sese,
1243 5168 1525 5240 siquidem
1570 5168 1683 5221 illis

56 5235 273 5303 habeatur
312 5261 623 5327 suspectus,
667 5263 933 5328 paratum
970 5235 1240 5323 ostendit,
1271 5235 1585 5329 quemlibet
1613 5273 1679 5311 ex

56 5342 209 5390 θοτυω
228 5344 636 5413 communione,
657 5346 811 5417 paris
839 5350 937 5402 aut
964 5347 1134 5401 etiam
1158 5345 1466 5417 superioris
1493 5345 1678 5415 digni—

57 5416 171 5485 tatis,
198 5423 249 5479 in
274 5427 373 5484 hoc
396 5433 605 5502 judicio
635 5416 908 5501 collegam
948 5416 1275 5490 admittere.
1304 5436 1518 5490 Menses
1546 5450 1682 5504 qua-

1501 194 1708 250 l.lBER
1745 194 2022 251 SEXTUS.

3440 212 3547 265 406

1842 322 1994 385 tuor,
2026 317 2180 373 intra
2226 335 2370 390 quos
2425 319 2688 376 habenda
2740 323 2974 379 Collatio
3005 331 3148 397 erat,
3176 328 3433 387 kalendis
3456 333 3549 403 ju-

1839 406 1951 460 niis
1979 406 2178 462 definit
2222 408 2575 463 Marcellinus
2608 409 2815 481 (Ibid)
2846 414 3032 485 Atque
3070 415 3168 484 {ita
3192 420 3545 488 Augustinus

1839 494 2075 565 legerat,
2135 497 2366 567 quando
2423 497 2605 553 edicto
2656 499 2811 555 illius
2852 502 3176 573 posteriori,
3224 506 3285 560 in
3333 523 3447 578 quo
3496 509 3545 564 is

1839 598 2070 654 quoque
2086 584 2363 639 terminus
2387 586 2604 656 ﬁgitur,
2637 588 2903 643 eumdem
2931 589 3106 658 diem,
3138 609 3310 664 quem
3338 595 3540 665 priori,

1838 670 2213 726 constitutum
2264 674 2465 728 asserit
2495 675 2720 746 (Brevia.
2763 670 2955 735 σοιιαεξ
2990 683 3040 749 1,
3093 697 3215 751 cap.
3255 683 3323 753 3).
3386 686 3541 739 Atta-

1836 774 1970 812 men
1998 759 2058 812 in
2101 760 2416 816 Collatione
2453 765 2844 833 pronuntiavit
2871 767 3060 823 scriba
3088 769 3308 824 decimo
3340 777 3542 842 quarto

1836 846 2107 901 kalendas
2121 847 2314 917 junias
2340 850 2517 906 ﬁxum
2548 853 2733 907 edicto
2760 856 3073 910 terminum
3104 858 3292 912 claudi
3322 861 3536 927 (Collat.

1835 934 2099 1003 Carthag.
2143 940 2192 1006 1,
2223 953 2342 1007 cap.
2386 941 2493 1008 27).
2528 940 2822 996 Consentit
2860 943 3031 998 etiam
3058 961 3188 1000 cum
3217 946 3314 1001 illo
3341 954 3537 1018 Augu-

1832 1023 2036 1090 stinus,
2070 1023 2422 1097 missumque
2448 1027 2509 1081 in
2532 1029 2886 1099 provinciam
2914 1031 3182 1099 edictum,
3216 1032 3276 1088 id
3304 1039 3389 1088 est
3414 1035 3535 1106 pri-

1832 1126 2012 1177 mum,
2045 1111 2124 1165 sic
2153 1112 2417 1168 habuisse
2447 1116 2707 1186 agnoscit
2734 1114 2960 1187 (Brevia.
2988 1121 3189 1176 Collat.
3228 1125 3276 1187 1,
3301 1138 3421 1192 cap.
3458 1126 3532 1190 8).

1830 1199 2185 1253 Marcellinus
2240 1216 2374 1254 vero
2431 1202 2640 1257 dictam
2698 1205 2996 1260 Collationi
3046 1209 3293 1263 secundo
3349 1210 3532 1266 edicto

1827 1286 2199 1343 kalendarum
2221 1288 2517 1359 juniarum
2540 1291 2691 1346 diem
2708 1291 3016 1362 proﬁtetur
3033 1296 3243 1364 (Collat.
3269 1297 3528 1367 Carthag.

1830 1379 1879 1441 1,
1920 1392 2040 1445 cap.
2073 1380 2180 1447 23).
2216 1378 2492 1442 Quocirca
2521 1378 2579 1433 in
2610 1380 2796 1451 primo
2827 1381 3011 1436 edicto
3041 1400 3161 1438 non
3199 1384 3352 1440 intra
3378 1387 3531 1442 diem

1824 1463 2203 1519 kalendarum
2234 1465 2555 1536 juniarum,
2604 1468 2703 1522 sed
2747 1468 2901 1523 intra
2930 1470 3221 1526 decimum
3259 1480 3527 1544 quartum

1824 1550 2199 1608 kalendarum
2247 1553 2544 1624 juniarum
2594 1556 2746 1611 diem
2794 1557 3107 1629 legendum
3153 1566 3301 1615 esset
3338 1562 3527 1628 (Ibid.,

1822 1656 1947 1709 cap.
1990 1643 2046 1711 5)
2070 1658 2083 1695 :
2115 1641 2227 1695 nisi
2256 1642 2304 1695 si
2324 1642 2453 1713 quis
2482 1644 2644 1698 malit
2662 1649 2914 1701 erratum
2944 1647 3023 1701 ibi
3052 1664 3084 1701 a
3121 1649 3304 1703 scriba
3330 1649 3528 1721 fuisse,

1821 1728 1975 1799 quod
2006 1729 2141 1784 alibi
2181 1746 2409 1801 quoque
2429 1731 2499 1785 ab
2530 1733 2734 1788 eodem
2773 1734 3085 1789 admissum
3124 1737 3383 1793 observat
3409 1743 3527 1793 Au—

1820 1815 2083 1885 gustinus
2113 1817 2294 1883 (lbid.,
2344 1834 2464 1887 cap.
2510 1818 2617 1888 27).
2668 1822 2734 1874 Et
2771 1822 3088 1876 secundum
3129 1823 3364 1893 quidem
3412 1826 3528 1879 edi-

1819 1908 1973 1958 ctum
2005 1903 2086 1958 ita
2115 1904 2384 1959 kalendas
2406 1905 2600 1976 junias
2626 1908 2926 1964 conventui
2962 1909 3233 1980 assignat,
3265 1916 3328 1965 ut
3346 1911 3523 1968 alium

1818 1992 1972 2047 diem
2017 1992 2318 2047 deﬁnitum
2358 1993 2517 2065 prius
2563 1993 2737 2049 fuisse
2791 2012 3158 2067 nequaquam
3202 1997 3513 2068 signiticet.

1818 2082 1881 2135 Et
1910 2097 2043 2135 vero
2073 2081 2419 2136 contendere
2455 2081 2515 2135 in
2554 2083 2756 2150 altero,
2789 2100 3012 2138 necnon
3050 2084 3111 2138 in
3149 2086 3317 2140 tertio
3346 2087 3518 2141 collo—

1816 2167 1951 2240 quio
1997 2168 2287 2229 Catholici.
2352 2170 2710 2240 praestitutos
2782 2177 3032 2242 quatuor
3091 2189 3312 2228 menses
3351 2174 3520 2248 juxta

1815 2256 2085 2323 edictum,
2116 2256 2371 2326 primum
2398 2257 2682 2325 videlicet,
2702 2258 2862 2328 cujus
2892 2275 2959 2314 eo
2994 2260 3105 2314 loci
3125 2260 3312 2314 verbis
3342 2266 3517 2315 utun—

1813 2348 1927 2411 tur,
1961 2343 2032 2397 ad
2065 2343 2217 2398 diem
2254 2343 2633 2398 kalendarum
2665 2344 2960 2415 juniarum
3000 2347 3263 2401 concludi
3293 2348 3515 2418 (Collat.

1813 2433 2070 2500 Carthag.
2136 2436 2189 2500 ‘2,
2248 2448 2367 2500 cap.
2427 2435 2523 2501 50;
2592 2432 2759 2501 Ibid.,
2821 2436 2872 2499 3,
2928 2449 3047 2504 cap.
3108 2437 3241 2501 404;
3303 2437 3509 2491 Brevic.

1810 2521 2002 2575 Collat.
2030 2524 2085 2586 2,
2125 2537 2244 2589 cap.
2300 2522 2372 2591 3).
2406 2522 2472 2574 Et
2500 2520 2607 2574 hoc
2637 2520 2771 2575 inde
2803 2522 3148 2591 probabant,
3180 2524 3330 2594 quod
3358 2540 3513 2578 com-

1809 2609 2053 2678 pellatus
2083 2608 2274 2662 venire
2305 2608 2377 2662 ad
2408 2608 2781 2663 Collationem
2813 2608 3154 2678 Primianus,
3181 2610 3511 2666 adfuturum

1809 2713 1929 2750 sese
1960 2697 2032 2751 ad
2070 2695 2239 2750 istam
2289 2695 2438 2751 diem
2490 2694 2876 2768 promisisset;
2924 2696 3151 2768 ipsique
3200 2699 3509 2754 Donatista}

1807 2784 2056 2852 delectis,
2105 2783 2205 2855 qui
2247 2799 2377 2837 suas
2422 2783 2483 2837 in
2523 2783 2831 2838 Collatione
2887 2788 3077 2854 partes
3138 2785 3506 2851 sustinerent,

1805 2872 2106 2945 episcopis,
2150 2887 2267 2925 non
2316 2875 2447 2925 ante
2494 2876 2759 2925 octavum
2787 2871 3166 2925 kalendarum
3210 2872 3507 2942 juniarum

1805 2961 1956 3016 diem
1987 2960 2321 3014 mandatum
2363 2959 2669 3025 dedissent,
2720 2960 2878 3013 nulla
2903 2960 3081 3031 prius,
3116 2976 3246 3031 quae
3277 2960 3349 3014 ad
3379 2961 3505 3015 Col-

1804 3048 2032 3102 lationis
2064 3046 2217 3102 diem
2245 3047 2580 3117 pertineret,
2615 3048 2701 3102 vel
2730 3047 2910 3118 petita
2929 3046 3221 3115 dilatione,
3250 3049 3339 3103 vel
3356 3048 3504 3120 judi-

1802 3136 1889 3190 cio
1909 3136 2164 3207 ﬂagitato
2190 3136 2399 3207 (Collat.
2434 3137 2702 3203 Carthag.
2739 3139 2789 3202 1,
2812 3152 2933 3205 cap.
2963 3136 3072 3207 28).

1870 3228 1922 3279 2.
1959 3226 2035 3279 Eo
2063 3241 2214 3279 anno
2268 3225 2477 3279 Pascha
2507 3226 2750 3297 septimo
2779 3226 3053 3281 kalendas
3099 3225 3296 3297 aprilis
3353 3226 3502 3282 cele-

1798 3312 2101 3379 brabatur;
2134 3313 2490 3386 proindeque
2539 3313 2724 3385 pridie
2752 3314 2881 3370 idus
2928 3313 3107 3368 maias
3139 3316 3490 3370 Pentecoste.

1799 3401 1915 3455 Hoc
1944 3400 2151 3455 festum
2198 3418 2227 3455 e
2271 3406 2539 3457 consueta
2582 3402 2841 3457 Ecclesia:
2880 3402 3181 3473 disciplina
3211 3403 3497 3473 jejunium

1798 3490 2144 3561 sequebatur
2191 3490 2382 3558 (Serm.
2422 3494 2544 3557 357,
2585 3507 2642 3545 n.
2694 3493 2765 3561 5),
2799 3490 2917 3544 sive
2948 3490 3088 3544 illud
3132 3495 3296 3557 esset,
3347 3493 3498 3561 quod

1795 3577 1954 3632 feriis
1983 3582 2187 3649 quarta
2216 3582 2273 3631 et
2296 3582 2472 3645 sexta,
2504 3582 2712 3649 praeter
2740 3578 3003 3632 Paschale
3026 3582 3276 3655 tempus,
3316 3594 3497 3632 serva-

1796 3667 1966 3719 batur
1992 3670 2111 3720 toto
2130 3681 2308 3731 anno;
2339 3666 2455 3720 sive
2475 3665 2792 3720 solomnius
2821 3665 3085 3737 aliquod;
3114 3681 3243 3737 qua:
3273 3670 3497 3720 senten-

1795 3753 1875 3808 tia
1903 3753 2138 3825 propius
2193 3754 2454 3809 recedere
2484 3771 2515 3808 a
2570 3753 2757 3809 verbis
2806 3753 3113 3823 Augustini
3141 3752 3384 3808 videtur.
3432 3755 3498 3808 Et

1794 3841 2027 3913 quidem
2078 3858 2371 3896 sermones
2424 3842 2546 3912 ejus
2577 3842 2717 3897 duos
2757 3841 2826 3896 de
2859 3841 3079 3912 jejunio
3122 3841 3492 3914 Quinquage-

1793 3930 1952 3984 simae
2030 3930 2092 3984 in
2159 3930 2411 3984 Iudicem
2467 3929 2665 3985 retulit
2727 3928 3015 3985 Possidius
3083 3932 3163 3999 (In
3225 3931 3490 3986 Indiculo.

1791 4033 1913 4087 cap.
1956 4018 2029 4089 9).
2076 4020 2184 4072 Per
2212 4017 2272 4073 id
2299 4024 2451 4073 certe
2499 4023 2726 4088 tempus
2755 4022 2983 4073 sanctus
3014 4019 3222 4074 Doctor
3267 4018 3495 4073 concio-

1789 4122 1924 4161 nem
1950 4106 2018 4160 de
2048 4123 2206 4178 pace,
2238 4106 2401 4177 cujus
2427 4107 2655 4161 initium
2682 4111 2767 4161 est
2798 4123 2812 4161 :
2855 4109 3081 4176 Tempus
3110 4112 3187 4161 est
3215 4108 3498 4161 exhortari

1790 4195 1970 4256 (Serm.
2004 4194 2154 4263 357),
2214 4195 2624 4265 pronuntiavit.
2668 4195 2938 4260 Queritur
2975 4195 3036 4249 in
3087 4195 3212 4263 hac,
3258 4195 3493 4248 Donati-

1790 4287 1901 4336 stas
1928 4298 2103 4354 quam
2132 4282 2547 4337 infensissimos
2578 4285 2703 4355 paci
2728 4300 2792 4338 ac
2811 4282 3257 4339 reconciliationi
3275 4282 3496 4335 animos

1788 4389 1910 4443 prie
1939 4389 1998 4427 se
2054 4373 2223 4427 ferre.
2257 4373 2574 4428 Catholicos
2624 4374 2695 4428 ad
2725 4389 2947 4445 pacem,
2996 4382 3060 4426 ut
3085 4371 3215 4425 illos
3247 4371 3317 4425 ad
3369 4387 3495 4426 eam

1788 4462 2015 4515 trahere
2044 4461 2281 4531 possint,
2314 4461 2603 4529 hortatur;
2629 4467 2931 4533 rogatque,
2964 4464 3029 4514 ut
3058 4474 3290 4513 omnem
3313 4459 3493 4530 jurgii

1790 4549 2039 4621 rixaeque
2068 4565 2198 4603 cum
2232 4549 2516 4604 haereticis
2555 4549 2931 4615 occasionem,
2964 4564 3033 4602 ne
3067 4546 3329 4602 iratiores
3359 4546 3495 4602 inde

1789 4653 1854 4691 ac
1884 4637 2061 4707 magis
2090 4636 2479 4708 implacabiles
2516 4637 2779 4701 evadant,
2824 4652 3047 4689 summa
3077 4633 3375 4705 diligentia
3405 4634 3493 4687 fu-

1790 4726 1966 4796 giant.
2008 4728 2164 4782 Nunc
2210 4726 2468 4780 curandis
2498 4728 2757 4792 instatur,
2791 4723 3009 4795 inquit;
3043 4726 3099 4777 in
3131 4725 3344 4790 rmore
3369 4729 3495 4778 sunt
3580 4756 3597 4765 -

1789 4814 1933 4870 oculi
1958 4817 2285 4880 sauciorum,
2310 4819 2464 4869 caute
2483 4813 2731 4873 curandi,
2760 4814 3051 4881 leterniquc
3072 4811 3348 4866 tractandi
3370 4817 3495 4865 sunt

1791 4901 1975 4972 (lbid.,
2008 4920 2064 4958 η.
2114 4903 2188 4973 4).
2226 4903 2417 4957 Monet
2446 4905 2509 4957 ut
2536 4900 2813 4972 quidquid
2843 4900 2927 4954 illi
2955 4905 3040 4955 vel
3073 4905 3271 4955 contra
3299 4901 3493 4954 Eccle-

1790 4993 1955 5056 siam,
1980 4993 2071 5047 vel
2090 4995 2289 5045 contra
2319 4989 2577 5044 Ecclesiae
2602 4989 2882 5043 antistites
2909 4989 3240 5055 elfutierint,
3273 4987 3492 5059 patien-

1786 5086 1877 5134 ter
1903 5080 2119 5134 ferant:
2155 5081 2337 5133 Deum
2360 5083 2582 5133 tantum
2614 5077 2753 5132 fusis
2782 5094 2886 5148 pro
2907 5078 3140 5133 illorum
3162 5077 3343 5130 salute
3363 5090 3493 5144 pre-

1790 5169 1951 5223 cibus
1983 5169 2375 5239 alloquantur;
2407 5167 2499 5222 cui
2529 5167 2581 5221 ei
2612 5166 2886 5238 temporis
2914 5167 3151 5238 hujusce
3168 5162 3387 5235 jejunia
3407 5161 3493 5215 of-

1790 5258 1995 5325 ferant,
2026 5272 2154 5311 cum
2176 5272 2279 5328 pro
2309 5255 2681 5311 schismaticis
2708 5256 2777 5310 ad
2806 5254 3266 5310 communionem
3294 5250 3491 5305 catho—

1790 5347 1959 5400 licam
1990 5345 2341 5414 revocandis,
2368 5349 2497 5403 tum
2537 5346 2709 5400 etiam
2753 5361 2858 5414 pro
2896 5341 3194 5413 episcopis,
3226 5356 3260 5394 a
3286 5337 3494 5408 quibus

1792 5433 2213 5505 propugnanda
2254 5438 2399 5487 esset
2443 5433 2696 5488 Ecclesiae
2736 5448 2923 5495 causa,
2968 5444 3159 5501 preces
3199 5441 3333 5479 vero
3364 5441 3493 5479 suas
