3912 6174
380 255 481 307 407

384 371 634 428 uberiori
656 371 925 425 adversus
952 383 1161 439 egenos
1189 364 1528 420 liberalitate
1553 361 1808 417 fulciant.
1836 359 2085 431 Impellit

383 465 664 533 praeterea
707 457 1018 523 auditores,
1052 464 1116 509 ut
1161 458 1387 524 arrepta
1430 449 1859 533 adventantium
1890 464 2083 502 servo-

387 566 514 604 rum
550 548 652 603 Dei
681 544 1105 618 opportunitate
1142 542 1589 614 hospitalitatem
1621 541 1944 593 exerceant.
1979 535 2087 591 Ubi

385 653 519 691 sane
549 636 845 706 episcopos
901 631 1304 701 Carthaginem
1335 626 1666 685 Collationis
1702 641 1874 680 causa
1924 639 2083 677 acce-

387 726 606 791 dentes,
639 723 725 776 vel
756 725 905 776 certe
927 720 1282 773 adhaerentes
1309 716 1391 771 eis
1419 714 1748 781 monachos,
1776 710 2089 784 signiﬁcari

388 828 560 867 nemo
591 811 830 865 dubitet.
880 807 1037 860 Unde
1071 804 1359 874 intelligas
1390 820 1454 856 ea
1486 801 1545 855 in
1575 802 1715 855 urbe
1764 816 2089 855 sermonem

389 901 542 954 hunc
591 896 855 952 habuisse
883 892 1306 964 Augustinum:
1366 894 1425 945 et
1453 890 1547 945 hic
1588 906 1784 945 revera
1828 889 1984 944 illius
2029 888 2090 942 in

391 985 649 1058 proxime
677 981 957 1053 sequenti,
985 996 1157 1051 quem
1177 979 1516 1050 Carthagine
1541 977 1975 1049 pronuntiatum
2000 975 2092 1029 in-

393 1074 560 1129 dubie
600 1075 840 1139 constat,
870 1068 1223 1123 mentionem
1253 1066 1386 1122 facit
1414 1068 1601 1136 (Serm.
1631 1069 1753 1133 358,
1784 1083 1840 1121 η.
1874 1066 1948 1136 6).

462 1167 514 1217 3.
546 1160 634 1215 Ad
663 1157 991 1230 Collationis
1017 1157 1203 1210 locum
1234 1154 1505 1210 Catholici
1533 1170 1649 1209 non
1678 1152 1995 1224 composito
2021 1153 2093 1207 ad

391 1250 599 1304 fastum
653 1251 932 1318 apparatu
984 1260 1049 1298 ac
1090 1259 1324 1314 pompa,
1381 1243 1479 1297 sed
1523 1241 1737 1313 singuli
1789 1256 1994 1295 venere
2024 1239 2092 1294 ab

394 1335 775 1391 ostentatione
806 1331 1233 1405 Donatistarum
1258 1330 1432 1400 longe
1460 1329 1831 1383 abhorrentes
1863 1329 2089 1397 (Brevia.

395 1426 586 1481 Collat.
632 1427 682 1484 1,
724 1436 850 1489 cap.
910 1419 1033 1489 11):
1095 1418 1156 1472 hi
1194 1417 1408 1488 quippe
1454 1415 1861 1485 Carthaginem
1891 1415 2092 1486 quinta

394 1510 554 1575 feria,
585 1509 784 1581 quinto
834 1506 1055 1561 decimo
1086 1505 1359 1559 kalendas
1378 1504 1596 1576 junias,
1628 1508 1788 1557 tanta
1810 1519 1938 1557 cum
1973 1519 2095 1556 ma-

399 1596 751 1669 gniﬁcentia,
800 1598 959 1649 tanta
1013 1593 1287 1648 comitum
1323 1592 1493 1647 turba
1537 1590 1985 1669 ingressi‘sunt,
2037 1594 2100 1644 ut

399 1685 660 1739 omnium
688 1698 913 1753 magna:
939 1681 1091 1735 illius
1133 1680 1291 1735 urbis
1320 1679 1533 1735 civium
1564 1681 1757 1734 oculos
1784 1662 1845 1732 in
1875 1695 1934 1733 se
1965 1695 2098 1732 con-

399 1789 589 1826 versos
639 1771 981 1826 distinerent
1022 1770 1237 1839 (Collat.
1271 1768 1531 1835 Carthag.
1592 1771 1635 1833 1,
1669 1782 1827 1837 capp.
1872 1768 1956 1832 14,
1986 1766 2095 1834 29).

400 1860 630 1931 Ipsique
659 1859 801 1913 adeo
827 1857 1090 1928 jactitant
1110 1855 1508 1926 Carthaginem
1536 1868 1788 1921 omnem,
1820 1852 1938 1907 imo
1970 1854 2098 1907 uni-

399 1964 619 2002 versam
639 1945 911 2005 Africam,
939 1946 1215 1999 adventus
1246 1943 1334 1998 sui
1357 1947 1563 1998 testem
1585 1958 1729 2011 esse,
1760 1942 1838 1996 ita
1862 1946 1926 1996 ut
1957 1942 2100 1995 nulli

399 2037 569 2091 liceat
597 2035 720 2105 ejus
765 2033 849 2088 rei
877 2033 1265 2103 ignorantiam
1306 2031 1636 2086 obtendere.
1678 2030 1911 2085 Addunt
1938 2030 2101 2084 indu-

402 2129 522 2179 ctos
543 2139 601 2176 se
624 2139 710 2187 eo,
745 2121 897 2193 quod
920 2119 1027 2174 sibi
1048 2119 1450 2174 denuntiatum
1479 2135 1511 2173 a
1539 2117 1862 2173 Marcellino
1894 2116 2098 2184 fuerat,

404 2211 612 2276 edicto,
643 2215 709 2264 ut
753 2224 998 2279 propere
1055 2207 1455 2277 Carthaginem
1498 2205 1863 2272 advolarent;
1918 2221 2101 2271 senes,

405 2298 667 2370 quamvis
695 2300 903 2351 exacta
949 2310 1014 2349 ac
1066 2294 1368 2364 decrepita:
1428 2294 1629 2361 astatis,
1669 2310 1787 2347 non
1815 2309 2105 2349 excusasse

405 2385 881 2449 imbecillitatem;
915 2398 1101 2453 neque
1126 2382 1271 2435 ullos
1298 2382 1520 2436 relictos
1547 2381 1606 2435 in
1636 2380 1963 2451 provinciis,
1994 2380 2107 2435 nisi

407 2490 551 2545 quos
578 2473 815 2526 adversa
868 2470 1132 2524 valetudo
1163 2469 1443 2523 retinebat
1472 2468 1696 2523 invitos.
1729 2470 1794 2523 Et
1834 2473 1983 2523 certe
2029 2469 2108 2522 sic

411 2577 503 2617 res
533 2560 812 2615 habebat:
846 2558 1058 2629 quippe
1097 2573 1295 2612 eorum
1323 2557 1540 2629 primas
1570 2573 1700 2611 suos
1730 2573 1929 2611 omnes
1954 2557 2108 2628 abje-

411 2649 515 2704 ctis
555 2647 902 2720 quibuslibet
921 2646 1091 2700 rebus
1121 2662 1188 2699 eo
1219 2661 1551 2700 concurrere
1574 2645 1840 2716 jusserat,
1872 2647 2110 2699 testatus

411 2736 688 2791 nimirum
719 2751 822 2790 eos
851 2734 951 2806 qui
982 2749 1113 2788 cum
1142 2734 1379 2805 reliquis
1405 2734 1600 2787 venire
1630 2733 2027 2800 detrectarent,
2050 2733 2109 2788 id

411 2823 664 2896 prmsidii
693 2840 811 2878 sua:
840 2827 1136 2893 erepturos
1164 2839 1369 2888 causae,
1403 2822 1557 2893 quod
1583 2821 1861 2876 haberent
1887 2820 2112 2892 potissi-

412 2929 573 2967 mum
589 2912 698 2974 (Ad
716 2913 1029 2966 Donatistas
1046 2910 1173 2979 post
1195 2910 1422 2978 σοαπ,
1443 2926 1499 2963 n.
1522 2911 1639 2979 41).
1670 2911 1867 2981 Itaque
1891 2926 2020 2963 cum
2041 2909 2112 2964 ad

412 3000 788 3056 Collationem
826 2998 1070 3070 publicis
1099 2997 1278 3053 Gestis
1315 2997 1501 3051 vocati
1543 3001 1693 3063 sunt,
1725 2998 2024 3052 adfuturos
2053 3014 2111 3051 se

410 3092 682 3158 prompto
703 3087 895 3140 animo
921 3085 1270 3156 promisere;
1305 3100 1410 3138 nec
1446 3085 1857 3152 Marcellinum,
1887 3084 2112 3139 tametsi

412 3174 745 3229 catholicam
784 3173 1122 3242 religionem
1163 3189 1293 3226 eum
1322 3171 1577 3243 proﬁteri
1606 3189 1724 3227 non
1753 3173 2108 3243 ignorarent,

411 3262 668 3332 judicem
696 3261 757 3315 in
777 3261 909 3315 ﬁdei
937 3276 1106 3314 causa
1130 3260 1501 3331 repudiavere
1524 3260 1848 3328 (Possidius,
1881 3265 1948 3317 in
1980 3264 2114 3316 Vita

420 3351 740 3417 Augustini,
788 3365 833 3403 c.
887 3349 965 3417 4).
1009 3351 1181 3403 Porro
1229 3347 1381 3418 quod
1429 3347 1510 3401 eis
1555 3353 1847 3417 tantopere
1895 3348 2112 3418 primas

414 3426 703 3509 optimum
731 3436 791 3490 in
813 3453 979 3490 causa
1009 3452 1110 3490 sua
1145 3436 1403 3491 futurum
1434 3436 1886 3503 commendabat,
1914 3436 1970 3489 id
1995 3439 2112 3490 Au-

417 3525 647 3597 gustino
678 3530 818 3579 teste
847 3523 991 3578 nihil
1020 3534 1142 3578 erat
1170 3523 1344 3589 aliud,
1379 3523 1487 3577 nisi
1521 3528 1586 3577 ut
1630 3524 1831 3578 darent
1856 3539 2110 3594 operam,

414 3632 529 3685 quo
559 3612 1009 3668 numerosissimi
1029 3628 1150 3667 esse
1170 3612 1630 3682 viderentur(Ad
1658 3615 1969 3666 Donatistas
1994 3616 2115 3682 post

414 3704 641 3771 Collat.,
671 3719 726 3755 n.
754 3703 862 3770 41).
889 3700 1036 3764 Quin
1063 3700 1235 3754 etiam
1264 3700 1434 3754 variis
1463 3700 1758 3755 fraudibus
1791 3717 1855 3754 ac
1887 3700 2116 3754 menda-

414 3789 516 3842 ciis
567 3804 805 3842 suorum
859 3789 1212 3857 ampliﬁcare
1262 3787 1693 3843 multitudinem
1732 3788 2112 3843 studuerunt:

415 3876 625 3947 quibus
654 3880 847 3929 tamen
875 3876 1148 3929 hactenus
1185 3880 1410 3930 tantum
1445 3876 1754 3946 profecere,
1795 3881 1860 3929 ut
1888 3876 2117 3930 ducenti

415 3962 777 4033 septuaginta
796 3978 995 4016 novem
1022 3968 1480 4029 numerarentur,
1506 3962 1675 4032 paulo
1694 3962 1953 4018 videlicet
1973 3980 2114 4034 pau-

415 4050 598 4105 ciores
626 4066 797 4121 quam
830 4050 1101 4104 Catholici
1134 4050 1346 4120 (Collat.
1388 4051 1647 4117 Carthag.
1707 4054 1754 4118 1,
1789 4067 1909 4120 cap.
1962 4052 2111 4124 213).

415 4155 561 4210 quos
581 4139 649 4193 ad
677 4138 951 4192 ducentos
997 4138 1281 4209 octoginta
1310 4154 1406 4192 sex
1450 4142 1572 4192 erat
1599 4138 1856 4193 invenire
1889 4140 2113 4208 (Brevia.

416 4229 617 4283 Collat.
667 4230 717 4294 1,
776 4242 898 4296 cap.
958 4228 1043 4295 14,
1073 4231 1124 4280 et
1161 4227 1354 4282 Collat.
1404 4228 1665 4294 Carthag.
1726 4231 1776 4295 1,
1815 4243 1933 4297 cap.
1968 4229 2115 4298 214.)

415 4318 630 4371 Praeter
680 4316 804 4381 hos,
836 4319 901 4368 ut
946 4318 1069 4368 acta
1099 4314 1428 4368 Collationis
1474 4314 1730 4383 tradunt,
1761 4315 1857 4369 alii
1888 4332 2116 4387 quoque

414 4404 707 4459 catholicas
728 4401 1155 4457 communionis
1182 4402 1385 4475 viginti
1410 4419 1583 4474 supra
1606 4403 1880 4459 ducentos
1899 4406 2111 4471 (Collat.

417 4494 677 4561 Carthag.
715 4496 766 4562 1,
795 4508 917 4561 cap,
951 4495 1097 4559 215),
1124 4508 1221 4545 seu
1250 4491 1454 4555 verius,
1485 4508 1601 4545 non
1623 4493 1865 4563 amplius
1887 4499 2117 4547 centum

416 4578 619 4649 viginti
658 4582 883 4647 (Brevia.
923 4581 1113 4636 Collat.
1150 4582 1200 4646 1,
1250 4595 1369 4650 cap.
1418 4581 1527 4648 14),
1586 4596 1759 4651 quem
1810 4596 2117 4635 numerum

415 4667 786 4736 Augustinus,
847 4685 1067 4723 necnon
1116 4667 1539 4738 manuscriptus
1594 4668 1920 4723 Collationis
1974 4670 2118 4725 liber

418 4754 710 4823 exhibent,
744 4754 806 4809 in
832 4757 1138 4825 provinciis
1177 4761 1275 4812 aut
1300 4756 1656 4822 inﬁrmitate,
1683 4761 1784 4811 aut
1828 4763 2116 4813 senectute

419 4848 515 4898 aut
573 4843 684 4897 alia
732 4845 1001 4915 quapiam
1053 4846 1385 4901 necessitate
1440 4845 1654 4901 detenti
1703 4853 2113 4904 remanserant.

421 4934 598 4987 Fuere
628 4932 863 5002 insuper
887 4933 1130 4987 viduata:
1159 4934 1273 4988 suis
1299 4935 1640 5005 praesulibus
1670 4934 1927 4989 Ecclesiae
1956 4954 2113 4991 sexa-

418 5021 598 5092 ginta,
616 5023 694 5074 Ac
717 5020 977 5091 proinde,
1011 5022 1058 5075 si
1087 5023 1372 5078 rationem
1403 5023 1470 5077 ad
1491 5039 1623 5078 eum
1656 5024 1887 5078 modum
1910 5025 2109 5080 subdu-

416 5125 543 5165 cere
574 5109 760 5178 liceat,
789 5109 1235 5181 quadringentos
1264 5111 1556 5182 sexaginta
1590 5128 1681 5166 sex
1712 5112 2113 5183 episcoporum

416 5198 828 5253 catholicorum
875 5199 1035 5252 sedes
1078 5199 1138 5252 in
1168 5198 1358 5253 Africa
1386 5199 1663 5254 exstitisse
1700 5200 1977 5268 dicamus,
2017 5217 2115 5255 ne-

418 5306 570 5344 cesse
601 5293 704 5344 est.
761 5288 935 5360 Atqui
965 5288 1223 5342 absentes
1251 5289 1561 5360 episcopos.
1609 5295 1983 5362 vacantesque
2014 5293 2115 5345 Ec-

416 5378 615 5432 clesias
644 5377 750 5432 sibi
788 5378 982 5448 plures
1012 5393 1130 5430 esse
1161 5393 1334 5448 quam
1361 5378 1679 5446 Calliolicis,
1713 5378 1770 5432 in
1803 5378 2113 5432 Collatione

416 5465 697 5535 jactarunt
720 5465 1084 5535 schismatici,
1105 5465 1204 5536 qui
1230 5470 1431 5535 postea
1451 5466 1623 5520 etiam
1653 5467 1958 5538 plusquam
1978 5483 2114 5538 qua-

1611 242 1774 296 VITA
1811 240 1864 295 s.
1907 236 2279 295 AUGUSTINI
2322 233 2655 291 EPISCOPI.
3728 238 3804 292 ξοδ
3872 212 3873 239 ’

2195 357 2530 428 dringentos
2572 354 2855 409 antistites
2882 369 2987 424 per
3009 355 3184 407 totam
3213 350 3452 409 Africam
3481 370 3535 408 se
3558 369 3665 408 esse
3696 371 3805 426 pra:-

2146 490 2149 491 ν
2194 446 2456 502 dicarunt
2483 445 2600 513 (Ad
2636 444 2949 499 Donatistas
2978 446 3102 511 post
3131 442 3342 507 Collat.,
3372 457 3425 495 η.
3452 443 3556 509 41).
3584 443 3808 500 Craterum

2197 536 2267 589 ab
2284 534 2353 588 iis
2373 533 2567 588 nullus
2579 530 2921 586 nominatim
2941 529 3288 599 designatus.
3314 530 3378 583 Et
3391 544 3515 584 sane
3538 529 3664 585 illud
3681 548 3810 603 quam
3872 560 3873 573 ι

2194 622 2347 678 futili
2375 627 2432 677 et
2458 621 2653 691 inepta
2681 619 2927 673 vanitate
2949 617 3220 684 dicerent,
3246 617 3379 670 satis
3405 634 3660 689 superque
3681 637 3812 691 appa-

2197 711 2375 777 rebat,
2407 726 2538 764 cum
2569 725 2635 763 ex
2671 706 3005 778 imposturis
3033 722 3174 777 quas
3224 706 3595 776 exaggerando
3627 724 3810 762 suorum

2199 813 2438 852 numero
2466 795 2869 861 adhibuerant,
2917 798 3040 848 tum
3079 810 3148 847 ex
3172 809 3241 848 eo
3288 793 3436 864 quod
3473 794 3593 847 solis
3625 798 3815 866 exceptis

2199 885 2427 958 aegrotis
2455 885 2652 940 deesse
2681 882 2996 949 neminem,
3052 898 3154 936 sua
3198 881 3257 936 in
3287 880 3508 936 Notoria
3532 886 3672 936 erant
3688 898 3815 952 aper-

2199 976 2419 1031 tissime
2444 973 2708 1045 professi.

2270 1066 2324 1118 4.
2350 1062 2453 1117 Ubi
2475 1060 2877 1130 Carthaginem
2893 1060 3191 1131 utriusque
3212 1057 3610 1112 communionis
3625 1058 3817 1130 cpiscOpi

2208 1155 2514 1217 advenere,
2544 1150 2900 1206 Marcellinus
2929 1150 3107 1204 altero
3128 1148 3312 1204 edicto
3333 1148 3640 1203 Collationis
3662 1149 3816 1215 locum,

2207 1247 2431 1311 tempus
2473 1244 2645 1310 atque
2678 1238 2940 1294 ordinem
2994 1236 3289 1292 constituit
3348 1236 3565 1303 (Brevia.
3591 1237 3750 1292 Collat.
3784 1242 3816 1300 1,

2204 1345 2326 1398 cap.
2379 1330 2452 1396 3).
2511 1327 2809 1398 Simulque
2854 1325 3122 1381 adhibitis
3176 1325 3549 1391 cautionibus,
3587 1323 3820 1395 diligenter

2203 1415 2473 1487 providit,
2503 1430 2576 1469 ne
2606 1414 2719 1483 cui,
2751 1414 2907 1485 quod
2935 1412 2994 1466 in
3020 1412 3336 1468 Collatione
3374 1411 3606 1476 dixisset,
3632 1417 3821 1481 postmo-

2206 1505 2345 1560 dum
2379 1503 2576 1558 liceret
2604 1502 2864 1557 inticiari.
2900 1500 3156 1556 Decrevit
3193 1500 3390 1571 igitur,
3422 1500 3672 1570 cujusque
3695 1499 3821 1569 partis

2207 1592 2500 1663 episcOpos
2517 1596 2757 1663 septem,
2788 1590 2889 1661 qui
2918 1590 3277 1659 disputarent
3304 1587 3452 1642 inter
3468 1604 3543 1655 se,
3568 1587 3629 1642 ab
3648 1586 3821 1656 reliquis

2207 1679 2475 1734 omnibus
2522 1678 2844 1749 eligendos;
2878 1676 3087 1747 quibus
3125 1675 3473 1731 adderentur
3500 1673 3593 1728 alii
3625 1672 3821 1740 totidem,

2208 1783 2353 1838 quos
2381 1766 2495 1820 illis
2523 1765 2842 1831 consulere,
2874 1764 3055 1819 sicubi
3082 1780 3170 1818 res
3200 1763 3487 1835 postulare
3504 1762 3763 1825 videretur,
3778 1761 3822 1813 Ii-

2207 1857 2408 1909 berum
2437 1854 2612 1919 foret;
2645 1870 2709 1907 ac
2737 1858 3015 1924 prieterea
3054 1856 3302 1922 quatuor
3330 1850 3445 1916 alii,
3478 1849 3573 1920 qui
3596 1850 3822 1903 Gestorum

2208 1941 2611 2013 conscriptioni
2639 1944 2950 2012 praeessent
2976 1944 3060 1994 :et
3089 1937 3349 1994 kalendis
3364 1937 3538 2008 juniis
3556 1934 3822 1990 convenien-

2211 2032 2348 2086 dum
2381 2031 2440 2084 in
2470 2031 2725 2084 thermas
2749 2028 3128 2099 Gargilianas;
3159 2026 3263 2098 qui
3300 2026 3453 2082 locus
3478 2030 3719 2095 tanquam
3739 2038 3824 2076 om-

2211 2119 2375 2174 nium
2404 2117 2649 2173 maxime
2677 2121 3033 2189 opportunus
3062 2116 3314 2170 delectus
3337 2115 3520 2169 fuerat
3539 2113 3720 2181 (Collat.
3739 2112 3825 2167 Car-

2214 2210 2365 2277 thag.
2401 2212 2450 2275 1,
2480 2223 2603 2277 cap.
2660 2207 2765 2275 18).
2816 2207 2946 2260 Erat
2974 2204 3066 2259 hic
3092 2204 3155 2258 in
3183 2204 3327 2259 urbe
3379 2202 3578 2269 media,
3621 2200 3825 2271 spatiosus

2216 2296 2543 2361 admodum,
2575 2296 2759 2350 clarus
2789 2298 2845 2348 et
2872 2292 3118 2364 algidus,
3148 2298 3207 2347 et
3235 2309 3371 2347 sane
3408 2296 3521 2346 tam
3544 2288 3722 2344 celebri
3737 2302 3824 2340 con-

2216 2390 2383 2439 ventu
2413 2386 2584 2455 longe
2632 2382 3039 2454 dignissimus:
3073 2381 3144 2436 de
3173 2397 3291 2452 quo
3321 2377 3701 2434 Thrasamundi
3722 2377 3824 2427 Van-

2217 2474 2482 2529 dalorum
2510 2471 2660 2543 regis
2701 2471 2852 2525 curis
2884 2474 3056 2542 atque
3100 2468 3378 2541 impensis
3404 2468 3645 2523 restituto
3670 2468 3824 2519 exstare

2218 2562 2575 2633 epigramma
2621 2560 2952 2614 observatur
3004 2558 3241 2627 (Rivius,
3286 2560 3347 2612 in
3406 2559 3529 2613 Vita
3579 2554 3823 2622 Augustini,

2212 2667 2346 2721 pag.
2409 2648 2549 2718 359).
2611 2648 2914 2719 Episcopos
2942 2662 3141 2701 omnes
3185 2650 3306 2701 tam
3354 2644 3664 2704 Catholicos,
3708 2653 3826 2711 quam

2220 2738 2538 2793 Donatistas
2567 2752 2767 2807 capere
2798 2736 2951 2790 haud
2980 2734 3290 2789 difﬁculter
3312 2733 3613 2804 potuisset:
3640 2728 3825 2801 quando-

2219 2826 2451 2897 quidem
2484 2842 2549 2878 eo
2575 2824 2742 2878 simul
2762 2822 3009 2877 universi
3028 2821 3401 2876 intraverant.
3422 2824 3489 2875 At
3512 2819 3741 2892 quoniam
3753 2829 3828 2867 ma-

2221 2931 2367 2986 gnus
2406 2913 2512 2966 iste
2545 2927 2817 2966 numerus
2858 2909 3255 2965 confusionem
3301 2907 3529 2964 indubie
3576 2905 3825 2978 peperisset.

2221 3001 2418 3056 statuit
2443 3001 2811 3065 Marcellinus,
2854 3003 2915 3051 ut
2961 2997 3362 3069 episcoporum
3401 2996 3618 3061 nemini,
3662 2996 3827 3064 praetcr-

2221 3107 2394 3161 quam
2417 3088 2631 3159 vigenti
2652 3092 2799 3154 octo,
2819 3088 2909 3141 vel
2925 3086 3173 3157 trigenta
3193 3101 3291 3141 sex
3312 3084 3643 3149 memoratis,
3665 3077 3829 3152 permit-

2220 3184 2376 3234 tatur
2419 3178 2638 3245 aditus;
2678 3176 2953 3246 praesules
2991 3179 3173 3245 rogat,
3224 3174 3479 3229 subditos
3524 3168 3830 3244 prtemoueant

2222 3267 2329 3321 sibi
2357 3267 2618 3337 populos,
2642 3281 2714 3318 ne
2737 3263 2827 3318 die
2849 3262 3178 3317 Collationis
3195 3263 3397 3317 eodem
3418 3259 3730 3315 conveniant.
3753 3255 3829 3308 Huc

2223 3354 2379 3409 addit
2405 3353 2549 3406 velle
2579 3369 2658 3418 se,
2689 3352 2986 3421 utriusque
3015 3350 3442 3405 communionis
3471 3349 3724 3420 episcopos
3745 3344 3829 3394 ante

2224 3440 2377 3495 diem
2405 3456 2737 3510 congressus
2765 3438 3035 3509 polliceri,
3082 3455 3139 3492 se
3180 3443 3373 3492 ratum
3418 3437 3685 3491 habituros
3716 3426 3828 3502 quid-
3871 3466 3873 3477 ι

2225 3530 2360 3601 quid
2380 3546 2413 3583 a
2428 3528 2677 3600 septenis
2705 3528 2774 3582 ad
2803 3527 3153 3599 colloquium
3180 3527 3377 3581 electis
3400 3526 3563 3581 fuerit
3587 3520 3827 3578 actitatum;

2224 3622 2395 3688 atque
2425 3616 2747 3671 confectum
2789 3616 2895 3669 hac
2940 3616 3009 3669 de
3050 3631 3111 3667 re
3157 3619 3372 3681 actum,
3420 3630 3477 3666 se
3517 3612 3767 3683 praesente,
3786 3602 3828 3653 ab

2224 3705 2490 3759 omnibus
2529 3703 2946 3775 obsignandum
2994 3702 3102 3757 sibi
3145 3702 3271 3757 dari
3314 3720 3328 3757 :
3362 3698 3623 3773 quidquid
3659 3696 3827 3751 dicetur.

2224 3791 2415 3845 statim
2447 3792 2595 3846 notis
2625 3793 2695 3846 ab
2726 3792 3040 3846 astantibus
3069 3790 3177 3845 sibi
3216 3790 3606 3862 exceptoribus
3638 3777 3826 3856 publicis,

2226 3880 2510 3951 simulque
2534 3897 2566 3933 a
2588 3885 2836 3951 quatuor
2854 3879 2922 3933 de
2942 3885 3187 3950 utraque
3218 3885 3383 3950 parte
3396 3875 3619 3933 notariis
3644 3866 3828 3927 ecclesia-

2226 3968 2376 4022 sticis
2408 3968 2612 4022 scribi:
2648 3984 2790 4038 quos
2816 3967 3010 4036 etiam,
3042 3984 3113 4022 ne
3143 3984 3348 4021 eorum
3380 3967 3517 4021 tides
3537 3965 3591 4018 in
3617 3958 3829 4016 dubium:

2224 4072 2516 4127 quoquam
2555 4055 2807 4110 revocari
2836 4055 3034 4126 possit,
3063 4056 3330 4127 quaterni
3358 4057 3639 4110 Gestorum
3660 4037 3828 4102 conseri-

2224 4143 2406 4215 ptioni
2442 4143 2693 4213 praefecti
2723 4143 2975 4213 episcopi
3002 4142 3265 4214 pervigili
3305 4161 3370 4198 ac
3394 4141 3620 4197 sollicita
3643 4136 3828 4189 observa-

2223 4232 2380 4286 tione
2426 4232 2762 4287 custodiant.
2814 4234 3115 4297 Praeterea,
3148 4248 3221 4286 ne
3261 4232 3491 4303 quando
3520 4228 3655 4284 hisce
3681 4218 3829 4276 actibus

2222 4319 2310 4373 vel
2342 4319 2581 4372 minima
2611 4319 2991 4391 corruptionis
3028 4319 3437 4374 mutationisve
3462 4310 3741 4373 criminatio
3762 4305 3829 4358 im-

2224 4407 2384 4478 pingi
2415 4412 2606 4477 queat,
2658 4424 2691 4461 a
2734 4408 2973 4479 singulis
3014 4409 3337 4463 antistitum
3369 4425 3437 4463 ea
3477 4397 3719 4460 subscribi
3746 4404 3829 4463 qua?

2226 4497 2508 4551 dixerint:
2560 4497 2716 4567 quod
2752 4496 2906 4551 idem
2956 4513 3013 4550 se
3062 4496 3330 4568 primitus
3358 4497 3428 4550 ad
3458 4484 3831 4549 interlocutiom‘s

2224 4601 2354 4639 suas
2378 4585 2769 4655 praestiturum
2796 4585 3103 4655 promittit.
3127 4585 3386 4641 Tabellas
3409 4582 3638 4652 denique
3662 4573 3719 4629 ad
3742 4580 3830 4622 eum

2224 4674 2457 4729 modum
2511 4672 2820 4744 descriptas
2866 4680 2924 4729 et
2950 4673 3193 4744 digestas
3222 4690 3337 4728 una
3367 4688 3494 4727 cum
3523 4668 3830 4744 episcoporﬂll1

2224 4740 2851 4833 quatuordecimiquos
2881 4762 2946 4816 ad
2978 4740 3412 4833 disceptandum
3442 4755 3728 4829 elegissent,
3750 4740 3833 4797 sui"

2224 4851 2628 4921 scriptionibus
2658 4851 2844 4905 statim
2872 4850 3097 4920 publice
3124 4850 3303 4921 afﬁgi,
3336 4866 3449 4921 quo
3468 4853 3522 4902 ct
3541 4839 3760 4900 omnibus
3773 4842 3832 4921 €35

2223 4919 2435 5010 legere,
2454 4944 2511 4993 et
2532 4940 2795 4993 universo
2824 4919 3255 5010 carthaginensi
3279 4919 3493 5009 populo
3513 4934 3576 4989 de
3602 4919 3828 4987 iisdemii‘

2223 5026 2411 5081 dicare
2441 5026 2622 5082 liceat.
2655 5029 2793 5084 Nam
2821 5042 2940 5081 cum
2972 5030 3069 5093 eis,
3093 5027 3257 5082 verba
3299 5032 3434 5081 sunt
3470 5011 3754 5079 Marcellini,
3781 5018 3832 5057 τηε

2214 5115 2453 5185 judicem
2475 5115 2683 5169 dederit
2714 5117 2967 5184 Augusta
2997 5115 3267 5184 dignatio,
3299 5114 3491 5185 quibus
3510 5105 3831 5190 ἰηίθνὶονθνηζητ

2220 5219 2330 5259 esse
2351 5219 2454 5273 pro
2498 5206 2639 5257 tanti
2672 5206 2903 5259 nominis
2931 5206 3269 5259 veneratione
3308 5214 3573 5269 cognosco,
3598 5191 3705 5264 ﬁdei
3725 5181 3830 5240 5015‘

2222 5292 2478 5347 aitudinis
2506 5307 2634 5346 meae
2679 5293 2778 5346 hac
2817 5292 3244 5348 consideratione
3278 5290 3551 5361 prospexi.
3591 5287 3644 5336 ατ
3670 5277 3722 5331 de
3758 5279 3830 5361 Ψίθ

2222 5381 2406 5434 uellam
2432 5381 2646 5450 judicio
2685 5381 2955 5449 judicari.
3006 5383 3091 5436 Ita
3130 5360 3331 5452 quippe
3380 5377 3559 5434 oculis.
3594 5383 3685 5425 ηοη
3712 5360 3830 5452 90M

2224 5468 2374 5521 urbis
2419 5449 2661 5537 hujusce,
2706 5484 2889 5523 verum
2927 5472 3089 5523 etiam
3126 5449 3389 5523 universa
3432 5458 3695 5533 provincia
3732 5449 3828 5500 tota
