3912 6174
164 266 253 319 409
1588 261 1709 317 LIB

1588 261 1804 320 LIBER
1843 260 2136 318 SEXTUS.

160 399 346 440 mensa
372 382 758 452 disputationis
777 381 909 437 ordo
932 382 1232 451 pandetur,
1263 386 1325 435 ut
1349 384 1460 436 tam
1494 385 1820 452 prosecutio-

160 488 235 527 nes
271 472 651 541 disputantium
699 472 1088 540 episcoporum,
1128 486 1293 538 quam
1307 473 1816 539 pronuntiationum

163 575 362 615 mearum
388 560 548 612 series
585 557 865 612 subsecuta
882 558 1108 625 digestis
1140 560 1197 611 in
1219 558 1437 627 publico
1456 560 1819 613 voluminibus

167 649 417 717 explicetur
441 663 455 701 :
498 648 604 701 haec
631 649 773 701 enim
800 649 861 700 in
882 646 1070 715 judice
1098 649 1357 701 securitas
1385 646 1513 716 ﬁdei
1535 652 1633 713 est,
1664 651 1726 701 ut
1754 647 1820 702 de

167 751 313 792 senon
357 738 542 790 timeat
581 734 832 803 judicari
879 735 1085 805 (Collat.
1130 735 1395 803 Carthag.
1448 739 1497 801 l,
1539 751 1659 805 cap.
1706 737 1815 805 10).

166 823 499 892 Obsignanda:
531 821 701 876 etiam
732 828 914 892 erant,
947 822 1132 893 quoad
1166 822 1399 876 omnino
1445 822 1634 877 decisa
1670 828 1819 878 esset

160 911 519 976 controversia,
568 910 791 965 schedia
838 911 1102 981 singulm,
1132 914 1248 964 tam
1275 910 1603 979 Marcellini,
1643 927 1818 982 quam

156 999 521 1071 episcoporum
550 1003 675 1053 octo
727 999 1024 1053 custodum
1061 998 1283 1068 sigillis.
1325 999 1499 1053 Porro
1527 1000 1817 1055 cautiones

155 1090 243 1142 illa:
267 1104 451 1143 omnes
478 1104 545 1142 ex
575 1086 855 1159 singulari
886 1087 987 1142 Dei
1011 1087 1070 1141 in
1115 1085 1433 1141 Donatistas
1462 1087 1816 1158 benignitate

152 1177 419 1231 veniebant
444 1193 458 1231 :
492 1192 633 1246 quas
660 1175 903 1247 proinde
932 1175 1027 1230 isti
1054 1192 1170 1230 non
1214 1179 1502 1245 poterant,
1533 1176 1643 1229 nisi
1685 1193 1816 1232 cum

153 1281 345 1319 summa
381 1262 591 1335 ingrati
620 1263 799 1318 animi
828 1280 999 1332 noxa,
1045 1268 1410 1317 contemnere
1463 1265 1659 1334 (Epist.
1693 1268 1814 1334 141,

146 1367 190 1406 n.
218 1351 283 1422 2).
310 1355 491 1422 Atque
520 1351 662 1405 adeo
703 1350 1006 1421 proﬁtetur
1034 1351 1408 1417 Marcellinus,
1442 1351 1488 1404 si
1509 1351 1637 1423 quis
1684 1352 1813 1406 illas

150 1440 414 1493 observare
461 1438 862 1509 subterfugiat,
918 1456 1091 1510 quam
1159 1455 1341 1493 causae
1399 1455 1515 1493 suae
1571 1440 1813 1508 diffidat,

149 1543 402 1598 quamque
429 1543 637 1598 parum
665 1527 818 1581 bona
848 1527 960 1582 ﬁde
993 1543 1158 1598 agere
1190 1528 1472 1595 statuerit,
1512 1529 1701 1598 palam
1731 1529 1815 1583 fa-

148 1615 529 1669 cturum.Idem
561 1614 833 1686 epistolas
857 1615 929 1669 ab
959 1614 1258 1686 utriusque
1270 1620 1450 1687 partis
1469 1602 1814 1687 primatibus

149 1702 479 1774 subscriptas,
521 1702 732 1774 quibus
761 1702 845 1757 illi
865 1702 1286 1757 conditionibus
1319 1703 1379 1758 in
1408 1704 1592 1760 edicto
1612 1722 1817 1777 propo-

148 1791 244 1844 sitis
279 1791 536 1845 assentiri
576 1807 697 1845 sese
727 1791 1036 1859 declarent,
1063 1791 1379 1846 offerendas
1405 1791 1513 1846 sibi
1541 1792 1811 1847 decernit.

150 1884 204 1933 At
223 1896 342 1934 vero
371 1879 601 1934 disertis
630 1878 815 1933 verbis
839 1896 871 1933 a
903 1878 1213 1934 Collatione
1256 1879 1502 1934 excludit
1530 1878 1817 1935 Maximia-

149 1967 294 2021 nistas
335 1968 548 2035 (Collat.
597 1969 867 2036 Carthag.
915 1971 962 2035 1,
1013 1983 1134 2037 cap.
1182 1970 1287 2036 l0),
1334 1967 1436 2038 qui
1486 1968 1719 2035 scilicet,
1750 1972 1817 2022 ut

148 2055 408 2125 exiguitati
445 2060 504 2110 et
532 2054 881 2126 ignobilitati
906 2072 1024 2109 sua:
1055 2055 1288 2110 honoris
1319 2056 1535 2127 aliquid
1564 2072 1814 2110 accerse-

149 2148 268 2209 rent,
295 2144 476 2198 oblato
510 2142 966 2215 supplicilibello
985 2144 1055 2197 ad
1078 2143 1231 2197 illam
1256 2143 1480 2198 admitti
1500 2144 1812 2215 petierant:

148 2232 227 2284 sed
250 2247 310 2285 ea
332 2230 551 2286 vanitas
584 2249 618 2286 a
648 2231 937 2285 catholicis
967 2231 1284 2302 despicatui
1320 2232 1517 2287 habita
1543 2236 1630 2287 est
1659 2233 1813 2303 (Con-

149 2325 215 2371 ira
234 2319 533 2386 Julianum,
570 2319 665 2375 lib.
693 2322 745 2385 3,
777 2336 833 2373 n.
869 2323 940 2390 5).

203 2410 250 2462 5.
283 2408 480 2462 Octavo
513 2408 791 2463 kalendas
828 2406 1022 2479 junias
1077 2409 1213 2463 anni
1261 2407 1815 2479 quadringentesimi

147 2495 398 2549 undecimi
431 2496 747 2551 Donatistae
793 2501 1002 2561 actum,
1037 2513 1208 2567 quem
1251 2496 1544 2551 Notoriam
1591 2501 1812 2562 vocant,

148 2584 427 2640 Marcellino
466 2591 676 2641 curant
720 2586 1200 2650 denuntiandum,
1246 2603 1360 2656 quo
1408 2586 1713 2640 Januarius
1751 2602 1815 2639 ac

149 2672 427 2728 Primianus
456 2674 582 2748 (qui
617 2676 730 2730 duo
762 2674 869 2729 soli
899 2674 1375 2745 subscripserunt)
1408 2679 1464 2729 et
1492 2674 1681 2728 caateri
1709 2674 1816 2728 sin-

147 2777 262 2816 cera:
295 2762 728 2817 christianitatis
757 2761 1009 2834 episcopi
1030 2767 1088 2816 et
1103 2762 1392 2816 catholica“:
1420 2761 1673 2816 veritatis
1701 2762 1812 2833 (eo-

146 2864 250 2904 rum
300 2853 446 2907 enim
500 2853 631 2907 haec
675 2852 848 2906 verba
894 2851 1047 2923 sunt)
1101 2852 1348 2906 secundo
1405 2850 1558 2905 illius
1607 2850 1811 2918 edicto,

145 2939 354 2995 maxime
384 2942 537 3013 quod
569 2941 640 2995 ad
659 2939 1121 3011 subscriptiones,
1145 2938 1410 2993 assentiri
1433 2955 1491 2993 se
1512 2954 1631 2993 non
1649 2955 1813 3008 posse

146 3027 487 3097 proﬁtentur;
522 3034 705 3099 utque
719 3027 828 3082 sibi
848 3028 920 3082 ad
951 3027 1323 3083 Collationem
1350 3026 1628 3081 universis
1651 3026 1815 3081 liceat

146 3116 401 3188 accedere,
442 3118 817 3172 vehementer
862 3116 1152 3187 postulant
1196 3116 1402 3185 (Collat.
1451 3116 1710 3183 Carthag.
1766 3120 1811 3183 1,

148 3218 245 3272 cap.
272 3206 375 3275 14).
413 3206 550 3260 Ideo
601 3214 733 3259 vero
771 3204 1110 3258 videbantur
1145 3203 1298 3258 nolle
1338 3203 1711 3271 subscribere,
1754 3208 1817 3258 ut

146 3298 346 3360 possent
381 3294 450 3349 de
480 3294 663 3367 gestis
700 3293 1002 3364 corruptis,
1053 3293 1100 3347 si
1142 3309 1172 3346 e
1207 3309 1266 3346 re
1298 3309 1400 3347 sua
1430 3291 1597 3360 foret,
1636 3292 1815 3363 judici

147 3380 447 3437 calumniari
499 3382 622 3454 (Ad
650 3384 962 3437 Donatislas
987 3386 1111 3451 post
1149 3382 1365 3446 Collat.,
1397 3397 1451 3435 n.
1490 3383 1596 3451 15).
1629 3385 1814 3452 Atque

145 3467 256 3523 licet
282 3471 499 3526 Notoria
522 3472 624 3525 illa
656 3487 890 3525 suorum
922 3469 1210 3523 neminem
1233 3485 1267 3522 a
1287 3468 1599 3524 Collatione
1620 3469 1814 3525 abesse

144 3560 408 3626 peterent;
433 3563 631 3612 tamen
654 3559 762 3612 hoc
790 3557 914 3628 ipso
943 3556 1055 3623 die,
1085 3561 1279 3610 octavo
1309 3556 1582 3611 kalendas
1599 3555 1813 3625 junias,

145 3656 170 3693 ε
202 3644 302 3697 suis
326 3651 543 3717 septem
568 3646 890 3711 instituere,
931 3662 965 3698 a
994 3644 1205 3715 quibus
1227 3643 1486 3698 Ecclesia:
1520 3642 1619 3696 Dei
1647 3659 1816 3697 causa

145 3727 207 3797 (et
231 3732 311 3787 hic
347 3751 549 3789 eorum
598 3734 783 3789 verbis
824 3732 911 3788 uti
958 3732 1168 3803 visum)
1198 3732 1468 3786 adversus
1507 3730 1815 3785 traditores

145 3826 619 3894 persecutoresque
641 3839 772 3876 suos
793 3820 1225 3887 defenderetur;
1249 3819 1510 3890 polliciti,
1537 3819 1815 3891 quidquid

143 3904 212 3960 illi
236 3910 486 3979 egissent,
521 3911 583 3966 id
615 3928 672 3965 se
703 3915 894 3964 ratum
922 3909 1215 3964 habituros
1229 3906 1438 3978 (Collat.
1471 3908 1730 3976 Carthag.
1764 3912 1812 3974 1,

144 4009 244 4063 cap.
276 3999 406 4070 148).
450 4000 667 4055 Omnes
705 3997 939 4069 quidem
982 3995 1118 4051 huic
1159 3996 1325 4057 actui,
1366 3995 1467 4049 sed
1509 4011 1623 4048 non
1664 4011 1812 4066 prm-

147 4088 279 4138 sente
314 4087 653 4157 Marcellino
727 4086 913 4156 (lbid.,
981 4101 1105 4154 cap.
1155 4082 1296 4153 154),
1359 4082 1816 4154 subscripserunt

148 4168 302 4236 (Ibid,
327 4189 443 4243 cap.
482 4176 641 4245 {49):
675 4188 847 4245 quem
876 4173 1009 4227 licet
1036 4172 1096 4226 in
1125 4172 1367 4226 formam
1394 4171 1646 4242 epistolae
1676 4187 1811 4225 con-

145 4254 344 4326 fectum,
370 4267 567 4317 tamen
596 4263 871 4334 eligentes
908 4261 1101 4316 electis
1133 4277 1343 4327 coram,
1375 4276 1475 4314 seu
1504 4265 1814 4331 praesentes

145 4350 488 4412 praesentibus
547 4366 606 4404 se
653 4351 872 4405 dedisse
920 4353 1206 4405 testantur
1254 4348 1437 4418 (Ibid,
1487 4363 1606 4417 cap.
1674 4348 1811 4420 148).

144 4431 564 4509 Subscriptiones
602 4455 832 4510 quoque
872 4455 1002 4493 suas
1029 4438 1200 4509 gestis
1230 4436 1525 4492 ﬁrmandis
1554 4453 1812 4491 necessa-

145 4521 255 4588 rias,
292 4541 427 4596 quas
473 4526 665 4597 primo
722 4531 1072 4593 recusarent,
1106 4530 1168 4580 ut
1195 4526 1399 4580 darent
1444 4525 1678 4579 tandem
1707 4525 1812 4580 ali-

144 4612 341 4676 quando
395 4613 678 4684 compulsi
726 4618 862 4668 sunt
909 4614 1018 4678 (Ad
1061 4615 1375 4667 Donatistas
1418 4619 1543 4682 post
1593 4614 1810 4680 Collat.,

141 4703 186 4747 η.
215 4698 306 4767 l5).
334 4700 418 4755 Ab
447 4701 518 4755 iis
561 4707 752 4755 autem
796 4701 865 4755 ad
900 4700 1314 4770 disputandum
1344 4700 1627 4772 designati
1657 4706 1811 4769 sunt,

142 4781 430 4842 anianus
461 4788 938 4860 Carthaginensis,
984 4788 1297 4844 Petilianus
1326 4790 1617 4860 Cirtensis,
1648 4791 1812 4845 Eme-

140 4869 262 4926 ritns
303 4875 695 4945 Caesareensis,
745 4876 1036 4932 Protasius
1084 4878 1464 4945 Tubiniensis,
1512 4880 1812 4934 Montanus

137 4958 413 5030 Zamensis,
459 4965 808 5021 Gaudentius
834 4966 1344 5037 Thamugadensis,
1395 4971 1451 5022 et
1487 4967 1813 5022 Adeodatus

139 5042 485 5106 lilevitauns.
549 5093 553 5097 .

195 5138 241 5191 6.
271 5138 409 5194 Cum
467 5141 775 5197 Donatistae:
829 5144 890 5198 in
950 5142 1201 5199 secundo
1260 5143 1568 5198 Marcellini
1624 5142 1809 5198 edicto

137 5223 313 5291 multa,
336 5243 464 5297 quae
491 5229 644 5298 ipsos
672 5235 985 5299 moverent,
1018 5231 1306 5286 offendere
1344 5248 1403 5286 se
1445 5232 1805 5301 dictitarent;

136 5317 307 5368 contra
332 5317 602 5373 Catholici
632 5319 816 5374 eidem
852 5337 912 5374 se
940 5321 1000 5375 in
1048 5321 1312 5376 omnibus
1361 5322 1703 5390 consentire,
1747 5338 1810 5376 ac

138 5399 392 5472 quidquid
419 5407 838 5476 praescribebat,
867 5425 926 5463 se
957 5408 1224 5481 religiose
1252 5410 1654 5465 observaturos
1677 5427 1807 5482 pro-

140 5487 391 5545 miserunt
422 5509 572 5566 :qua
597 5497 664 5550 de
694 5513 754 5552 re
783 5497 1103 5553 Marcellino
1135 5497 1432 5569 epistolam
1455 5498 1590 5570 (quo
1616 5500 1806 5553 nomi-

3529 275 3635 329 410

1929 400 2000 438 ne
2031 399 2156 437 eam
2186 382 2307 453 ipse
2329 399 2361 436 a
2382 382 2617 439 Notoria
2647 385 3072 457 Donatistarum
3087 388 3388 461 distinguit
3417 392 3625 461 (Collat.

1928 474 2188 541 Carthag.
2223 476 2272 539 t,
2303 488 2423 541 cap.
2459 462 2547 543 17)
2571 472 2920 528 obtulerunt.
2950 475 3011 529 Ei
3042 476 3422 548 subscripsere
3444 481 3626 534 nomi-

1930 576 2001 613 ne
2040 559 2282 614 aliorum
2316 560 2717 631 episcoporum
2755 561 3019 616 Aurelius
3049 564 3531 634 Carthaginensis,
3574 572 3631 622 et

1928 647 2550 702 SilvanusSummensis
2573 649 2820 704 decanus
2836 666 2898 703 ac
2910 650 3124 721 primas
3149 653 3626 720 Numidim(lbid.,

1926 752 2087 805 capp.
2128 739 2206 801 l6,
2240 736 2342 805 18).
2376 737 2705 807 Exemplum
2732 738 2811 792 ibi
2837 744 3165 809 proponunt
3197 740 3629 795 Maximianista-

1926 840 2077 891 rum,
2110 840 2253 895 quos
2294 825 2606 879 Donatista:
2643 842 2760 880 una.
2797 842 2926 881 cum
2960 827 3236 881 universis
3275 844 3378 899 per
3406 845 3499 882 eos
3528 829 3627 883 ba-

1925 912 2150 983 ptizatis
2179 918 2536 983 receperunt,
2568 919 2790 968 servato
2817 914 3099 986 episcopis
3129 915 3298 969 etiam
3323 934 3354 970 a
3385 934 3443 971 se
3470 917 3630 987 prius

1926 1001 2209 1055 damnatis
2246 1002 2467 1056 honore
2495 1001 2728 1073 proprio
2755 1019 2767 1056 :
2804 1003 3038 1058 unicum
3074 1004 3184 1057 hoc
3215 1003 3322 1058 sibi
3352 1004 3524 1060 fuisse
3567 1004 3626 1060 in

1927 1088 2242 1143 Collatione
2272 1089 2589 1158 expetenda
2616 1088 2919 1143 consilium
2948 1095 3248 1156 testantur,
3289 1095 3355 1144 ut
3391 1091 3501 1144 sibi
3529 1092 3626 1146 de-

1927 1181 2245 1229 monstrare
2275 1175 2492 1243 liceret,
2523 1176 2826 1231 Ecclesiam
2865 1183 2986 1232 toto
3024 1184 3308 1232 terrarum
3352 1179 3486 1233 orbe
3519 1179 3627 1233 dif-

1926 1261 2111 1315 fusam
2144 1263 2432 1317 nullorum
2461 1262 2761 1317 hominum
2789 1264 2900 1317 sibi
2925 1266 3363 1319 commixtorum
3387 1265 3628 1335 peccatis

1925 1350 2113 1421 perire
2142 1351 2429 1421 potuisse:
2457 1367 2688 1405 causam
2719 1352 3025 1419 Caeciliani,
3056 1355 3337 1423 patefacta
3356 1353 3629 1425 ipsiusiu-

1924 1438 2208 1505 nocentia,
2243 1443 2301 1493 et
2328 1438 2418 1505 iis,
2460 1456 2493 1493 a
2531 1439 2740 1509 quibus
2766 1441 3160 1508 accusabatur,
3192 1458 3295 1512 pro
3322 1442 3629 1496 calumnia-

1926 1527 2149 1581 toribus
2195 1527 2422 1595 habitis,
2448 1527 2668 1582 linitam
2694 1544 2816 1582 esse
2839 1528 3020 1595 ;.alios
3047 1529 3309 1601 denique,
3359 1545 3504 1600 quos
3534 1529 3629 1583 isti

1925 1615 2396 1683 criminabantur,
2460 1620 2562 1670 aut
2608 1632 2729 1671 esse
2797 1617 3149 1684 innocentes,
3218 1622 3317 1671 aut
3370 1618 3629 1671 Ecclesiae

1926 1704 2163 1758 omnino
2191 1705 2410 1759 delictis
2434 1705 2551 1758 suis
2579 1722 2693 1759 non
2716 1705 2934 1761 obesse.
2969 1706 3031 1760 ld
3051 1711 3241 1759 autem
3263 1705 3628 1776 potissimum

1925 1790 2111 1846 eidem
2143 1793 2399 1863 epistola:
2415 1793 2803 1847 celebritatem
2835 1793 3139 1847 conciliat:
3173 1794 3325 1865 quod
3350 1794 3433 1848 ibi
3461 1794 3632 1864 proti-

1924 1885 2116 1935 tentur
2136 1880 2428 1947 Catholici,
2461 1881 2565 1935 sub
2590 1881 3011 1935 Donatistarum
3036 1882 3208 1950 leges,
3237 1882 3282 1934 si
3301 1882 3467 1935 modo
3492 1898 3626 1952 pro-

1922 1969 2120 2024 batum
2143 1969 2212 2023 ab
2241 1968 2354 2023 illis
2382 1968 2557 2024 fuerit
2578 1969 2880 2023 Ecclesium
2903 1968 2962 2023 in
2984 1970 3103 2023 sola
3133 1985 3329 2023 eorum
3362 1985 3628 2023 commu-

1924 2057 2095 2113 nione
2135 2072 2452 2125 remanere,
2480 2057 2561 2112 ita
2604 2075 2663 2112 se
2704 2063 2993 2124 venturos,
3034 2062 3093 2111 ut
3117 2058 3352 2112 omnino
3384 2057 3452 2112 de
3476 2057 3623 2111 reti-

1924 2146 2115 2200 nenda
2145 2145 2451 2217 episcopali
2479 2145 2761 2216 dignitate
2788 2162 2905 2200 non
2932 2145 3212 2217 cogitent:
3253 2150 3454 2200 contra
3494 2161 3628 2199 vero

1924 2233 1972 2288 si
2001 2234 2515 2288 demonstraverint
2551 2233 2662 2304 ipsi
2699 2234 2927 2304 culpam
2965 2249 3196 2288 omnem
3245 2234 3465 2288 heerere
3509 2234 3626 2287 Do-

1924 2322 2169 2388 natistis,
2203 2338 2261 2377 se
2300 2321 2678 2377 nihilominus
2721 2322 2886 2389 velle,
2916 2320 2995 2375 sic
3021 2322 3149 2376 illos
3194 2338 3389 2375 secum
3429 2326 3627 2376 tenere

1927 2410 2231 2477 unitatem,
2263 2414 2326 2464 ut
2354 2410 2632 2464 honorem
2656 2410 3015 2481 episcopatus
3040 2426 3155 2463 non
3186 2411 3482 2464 amittant:
3506 2410 3631 2464 ubi-

1923 2514 2169 2569 cumque
2197 2497 2450 2569 episcopi
2480 2499 2595 2553 duo
2626 2499 2839 2553 fuerint
2865 2498 3105 2565 inventi,
3125 2498 3268 2553 alter
3281 2497 3628 2565 Catholicus,

1928 2587 2070 2640 alter
2100 2586 2408 2653 Donatista,
2440 2586 2688 2641 vicissim
2709 2602 2807 2641 eos
2837 2586 3221 2657 episcopalem
3250 2590 3624 2657 occupaturos
3665 2579 3671 2584 ’

1926 2674 2136 2741 sedem,
2171 2675 2281 2729 alio
2318 2674 2552 2729 interim
2590 2675 2755 2746 juxta
2792 2675 3203 2742 considentem,
3235 2676 3407 2746 paulo
3437 2679 3628 2730 tamen

1923 2762 2222 2828 humilius,
2248 2768 2604 2833 remanente,
2627 2762 2726 2834 qui
2749 2763 2907 2816 locus
2928 2762 3232 2834 peregrino
3251 2762 3517 2834 episcopo
3544 2779 3627 2816 as-

1925 2851 2137 2922 signari
2170 2852 2423 2907 solebat:
2455 2852 2540 2905 vel
2571 2852 2768 2905 saltem
2792 2867 2955 2905 suam
2975 2851 3180 2922 cuique
3203 2850 3626 2905 attribuendam

1923 2940 2045 2993 fore
2086 2939 2413 3006 Ecclesiam,
2445 2939 2625 2994 donec
2661 2941 2840 2993 altero
2866 2938 2982 2992 vita
3023 2939 3343 3010 perfuncto,
3377 2938 3624 3007 dignita-

1924 3032 2039 3082 tem
2070 3029 2232 3095 alter,
2262 3032 2436 3099 prout
2462 3033 2584 3082 erat
2626 3043 2737 3082 usu
2763 3031 3075 3098 receptum,
3131 3027 3284 3080 solus
3323 3025 3623 3080 obtineret.

1924 3115 2083 3180 Quod
2113 3115 2160 3169 si
2189 3131 2362 3187 porro
2384 3115 2555 3169 nimis
2576 3114 2943 3186 impatienter
2973 3115 3115 3170 duos
3138 3130 3253 3169 uno
3275 3114 3334 3168 in
3352 3114 3478 3168 loco
3506 3114 3626 3184 cpi-

1925 3220 2125 3274 scopos
2136 3204 2321 3258 ferant
2331 3203 2531 3274 populi
2550 3221 2564 3270 ;
2580 3208 2702 3258 tum
2714 3203 3049 3276 episcopatu
3070 3208 3383 3274 utrumque
3408 3203 3625 3273 pariter

1931 3290 2281 3359 exuendum,
2309 3291 2602 3363 aliumque
2635 3292 2694 3346 in
2725 3308 2923 3346 eorum
2955 3291 3194 3363 gradum
3228 3290 3626 3346 sufticiendum

1925 3379 1998 3433 ab
2011 3379 2078 3433 iis
2099 3379 2469 3443 antistitibus,
2488 3380 2587 3451 qui
2599 3381 3002 3451 competitores
3017 3381 3126 3449 ipsi
3140 3397 3256 3434 non
3277 3380 3622 3435 habuerunt.

1927 3466 2072 3532 Quid
2098 3469 2239 3522 enim
2277 3468 2603 3534 dubitemus,
2654 3468 2927 3539 inquiunt
2963 3468 3227 3522 catholici
3277 3469 3489 3534 Patres,
3521 3470 3630 3522 Re-

1926 3554 2195 3624 demptori
2212 3559 2392 3609 nostro
2412 3557 2741 3624 sacriﬁcium
2756 3559 2916 3610 istius
2939 3557 3266 3611 humilitatis
3282 3555 3474 3623 offerre
3491 3555 3519 3608 ?
3539 3554 3628 3608 An

1923 3658 2048 3697 vero
2076 3644 2168 3697 ille
2196 3643 2261 3696 de
2280 3644 2423 3697 castis
2445 3644 2503 3695 in
2521 3643 2758 3698 membra
2787 3644 3025 3697 humana
3055 3643 3348 3711 descendit,
3376 3647 3436 3697 ut
3462 3657 3626 3696 mem-

1927 3732 2026 3785 bra
2062 3732 2179 3799 ejus
2206 3746 2471 3797 essemus;
2503 3735 2555 3785 et
2585 3746 2701 3795 nos,
2732 3747 2798 3784 ne
2843 3733 2966 3799 ipsa
2995 3731 3112 3800 ejus
3142 3730 3379 3784 membra
3419 3729 3628 3784 crudeli

1926 3820 2191 3875 divisione
2211 3820 2505 3887 lanientur,
2526 3819 2874 3874 decathedris
2899 3819 3212 3873 descendere
3222 3818 3583 3885 formidamus
3602 3820 3629 3872 ?

1930 3909 2151 3978 Propter
2172 3924 2267 3963 nos
2297 3909 2438 3963 nihil
2481 3910 2861 3978 sufﬁcientius.
2907 3923 3071 3976 quam
3120 3909 3421 3964 Christiani
3446 3905 3627 3976 ﬁdeles

1924 4002 1975 4051 et
2011 3997 2311 4052 obedientes
2338 4012 2559 4051 sumus:
2605 3998 2699 4051 hoc
2747 4011 2871 4065 ergo
2899 4011 3106 4066 semper
3141 3998 3329 4050 simus.
3375 3997 3629 4064 Episcopi

1924 4090 2101 4139 autem
2118 4090 2343 4154 propter
2362 4087 2699 4142 Christianos
2707 4085 2934 4155 populos
2957 4084 3276 4139 ordinamur
3299 4096 3311 4138 :
3335 4082 3479 4151 quod
3502 4096 3626 4149 ergo

1925 4175 2252 4229 Christianis
2280 4174 2497 4243 populis
2527 4174 2602 4226 ad
2628 4175 2988 4227 christianum
3025 4187 3210 4241 pacem
3245 4169 3481 4240 prodest,
3531 4170 3625 4223 hoc

1924 4262 1990 4316 de
2023 4266 2205 4315 nostro
2246 4264 2559 4331 episcopatu
2586 4263 2876 4327 faciamus.
2927 4261 2988 4315 Si
3025 4261 3169 4314 servi
3205 4258 3363 4311 utiles
3413 4271 3621 4323 sumus,

1924 4366 2021 4405 cur
2041 4351 2259 4404 Domini
2275 4352 2487 4404 aetemis
2519 4351 2683 4404 lucris
2702 4366 2805 4419 pro
2824 4351 3025 4402 nostris
3052 4345 3432 4415 temporalibus
3456 4344 3627 4399 subli-

1922 4439 2205 4492 mitatibus
2235 4438 2581 4493 invidemus?
2622 4438 2964 4507 Episcopalis
3001 4435 3244 4503 dignitas
3292 4435 3627 4499 fructuosior

1921 4525 2077 4580 nobis
2106 4528 2230 4592 erit,
2261 4529 2314 4581 si
2349 4541 2562 4594 gregem
2589 4526 2795 4581 Christi
2833 4526 3009 4591 magis
3055 4522 3302 4591 deposita
3332 4522 3621 4590 collegerit,

1924 4631 2089 4684 quam
2115 4618 2322 4669 retenta
2344 4615 2679 4685 disperserit.
2712 4615 2846 4668 Nam
2878 4628 2987 4680 qua
3005 4613 3185 4678 fronte
3211 4612 3271 4664 in
3297 4611 3487 4676 futuro
3515 4625 3623 4665 sae-

1923 4705 2038 4759 culo
2056 4706 2388 4774 promissum
2412 4720 2447 4756 a
2479 4704 2688 4759 Christo
2716 4700 3056 4770 sperabimus
3100 4699 3363 4763 honorem,
3399 4700 3451 4753 si
3476 4699 3623 4753 chri-

1922 4795 2157 4846 stianum
2203 4796 2261 4846 in
2317 4794 2410 4846 hoc
2447 4791 2638 4846 saeculo
2681 4793 2861 4843 noster
2899 4789 3067 4843 honor
3094 4787 3319 4857 impedit
3360 4789 3623 4841 unitatem

1924 4880 2108 4952 (lbid.,
2138 4896 2255 4950 cap.
2297 4879 2400 4949 16).
2432 4877 2786 4949 Augustinus
2824 4881 2955 4947 post
2983 4875 3277 4931 recitatam
3308 4876 3459 4929 intra
3487 4891 3623 4929 con-

1921 4969 2144 5025 eionem
2178 4968 2354 5039 ipsius
2398 4964 2563 5039 jussu
2600 4966 2921 5021 litterarum
2971 4967 3210 5020 istarum
3265 4969 3506 5036 partem,
3561 4965 3622 5019 in

1921 5058 2073 5113 hunc
2112 5058 2299 5112 locum
2336 5055 2416 5109 ita
2446 5054 2715 5110 disserit:
2765 5057 2953 5110 Dicam
2995 5057 3268 5113 Charitati
3311 5058 3516 5117 vestrm,
3572 5052 3652 5105 et'

1919 5161 2312 5202 commemorem
2338 5159 2451 5199 rem
2489 5145 2858 5200 dulcissimam
2909 5150 2959 5217 et
3006 5145 3406 5206 suavissimam,
3457 5155 3621 5207 quam

1918 5236 2141 5288 Domino
2165 5232 2466 5301 adjuvante
2493 5248 2677 5287 sumus
2716 5235 2946 5302 ereperti.
2982 5234 3112 5289 Cum
3141 5235 3266 5284 ante
3295 5232 3468 5298 ipsam
3499 5229 3617 5283 Col-

1918 5324 2170 5377 lationem
2201 5325 2346 5376 inter
2362 5338 2459 5377 nos
2486 5324 2665 5391 aliqui
2674 5325 2877 5390 fratres
2894 5322 2960 5376 de
2979 5324 3078 5376 hac
3099 5336 3157 5374 re
3181 5320 3619 5386 colloqueremur,

1917 5413 2049 5480 quia
2072 5426 2176 5480 pro
2200 5427 2336 5480 pace
2352 5411 2558 5467 Christi
2576 5414 2813 5481 episcopi
2824 5411 3154 5475 debentesse,
3182 5411 3275 5460 aut
3304 5405 3495 5459 debent
3512 5420 3620 5459 non

1916 5514 2064 5566 esse;
2104 5500 2249 5567 quod
2274 5500 2425 5554 vobis
2452 5500 2736 5567 fatendum
2774 5502 2873 5565 est,
2905 5495 3397 5563 circumspicientes
3438 5508 3617 5547 omnes
