3912 6174
309 218 403 271 411
814 235 819 240 ’
1550 212 1710 265 νΙΤΑ
1745 212 1802 267 S.
1841 239 1854 265 λ

2185 211 2221 265 [Ι
2259 208 2591 266 EPISCOPI.
2900 266 2903 269 .
3653 220 3730 271 412

306 340 512 405 fratres
543 342 593 393 et
623 340 955 408 coepiscopos
984 341 1216 405 nostros,
1247 351 1353 391 non
1389 337 1554 403 facile
1586 335 1739 389 nobis
1768 349 2013 389 occurre-

313 427 464 494 bant,
492 430 589 497 qui
615 429 710 482 hoc
737 428 928 481 vellent
953 428 1241 496 suscipere,
1272 429 1321 479 et
1349 425 1415 479 de
1445 426 1545 478 hac
1574 425 1879 478 humilitate
1908 425 2011 476 Do-

311 518 457 573 mino
492 516 822 587 sacrificare.
851 515 1189 584 Dicebamus,
1230 520 1289 568 ut
1334 515 1455 583 ﬁeri
1496 513 1646 578 solet,
1688 513 1781 566 Ille
1813 515 2009 580 potest,

311 606 401 659 ille
429 621 534 660 non
561 611 772 677 potest;
802 607 894 659 ille
924 608 1184 660 consentit
1213 605 1327 671 hoc,
1376 605 1468 658 ille
1511 618 1618 656 non
1664 602 1898 669 tolerat;
1935 603 2010 654 lo-

313 700 529 762 quentes
567 697 742 763 magis
766 711 869 764 pro
897 693 1293 763 suspicionibus
1332 694 1532 746 nostris
1571 692 1668 759 qui
1690 690 1855 744 corda
1886 691 2010 744 illo-

309 798 431 836 rum
460 782 642 836 videre
670 784 888 836 minime
928 786 1259 850 poteramus.
1300 779 1526 846 Quando
1565 784 1745 833 autem
1794 784 2010 833 ventum

309 875 386 924 est
415 875 475 923 ut
492 871 586 923 hoc
610 871 797 938 palam
822 872 990 937 ﬁeret,
1014 871 1071 922 in
1108 868 1329 921 concilio
1361 870 1730 921 universorum
1757 872 1867 920 tam
1891 869 2011 933 fre-

309 959 512 1025 quenti,
538 972 675 1025 pene
701 960 1054 1009 trecentorum
1072 956 1477 1023 Episcoporum,
1502 957 1579 1008 sic
1604 955 1814 1024 placuit
1834 956 2012 1008 omni—

311 1046 427 1110 bus,
455 1047 532 1098 sic
561 1049 879 1097 exarserunt
909 1058 1103 1107 omnes,
1138 1049 1198 1097 ut
1221 1045 1412 1111 parati
1448 1048 1618 1097 essent
1647 1045 2011 1111 episcopatum

304 1146 406 1200 pro
436 1131 651 1184 Christi
693 1132 902 1184 unitate
941 1130 1219 1199 deponere,
1270 1134 1319 1183 et
1356 1145 1463 1184 non
1499 1130 1743 1199 perdere,
1788 1130 1881 1184 sed
1910 1133 2012 1185 Deo

307 1221 479 1272 tutius
509 1218 887 1272 commendare.
921 1220 1036 1271 Duo
1056 1218 1136 1270 ibi
1158 1220 1253 1270 via:
1273 1220 1480 1272 inventi
1498 1224 1642 1284 sunt,
1668 1219 1860 1286 quibus
1890 1219 2012 1273 dis-

298 1308 555 1375 pliceret:
588 1322 728 1360 unus
759 1320 993 1360 annosus
1023 1321 1205 1370 senem,
1239 1308 1337 1374 qui
1372 1307 1467 1360 hoc
1485 1308 1650 1360 etiam
1681 1306 1858 1361 dicere
1879 1307 2011 1361 libe-

304 1397 422 1448 rius
453 1410 617 1449 ausus
648 1399 744 1460 est,
775 1395 912 1447 alter
940 1394 1269 1447 voluntatem
1298 1409 1452 1448 suam
1480 1398 1647 1449 tacito
1674 1397 2012 1462 vultusigni-

303 1485 489 1551 ﬁcavit
517 1498 528 1535 :
562 1482 656 1535 sed
671 1487 1023 1550 posteaquam
1038 1481 1191 1535 illum
1212 1496 1385 1536 senem
1398 1483 1620 1537 liberius
1634 1485 1728 1537 hoc
1749 1484 2010 1539 dicentem

308 1573 487 1625 obruit
503 1573 741 1625 omnium
752 1572 1005 1636 fraterna
1016 1573 1299 1639 correptio,
1315 1573 1408 1625 illo
1419 1577 1659 1626 mutante
1670 1576 2006 1640 sententiam,

307 1661 516 1713 vultum
545 1661 709 1712 etiam
731 1659 823 1712 ille
851 1660 1082 1713 mutavit
1122 1660 1214 1726 (De
1237 1660 1409 1715 Gestis
1430 1676 1548 1714 cum
1579 1663 1835 1727 Emerita,
1870 1677 1907 1713 n
1929 1664 2007 1731 6).

310 1746 676 1817 Propositum
691 1747 832 1801 adeo
846 1746 1221 1802 christianum
1242 1764 1356 1801 non
1368 1748 1769 1819 episcoporum
1786 1754 2010 1803 tantum

310 1835 560 1890 tirmavit
570 1835 917 1902 subnotatio,
934 1836 1030 1890 sed
1042 1837 1212 1890 etiam
1232 1836 1483 1891 universi
1502 1836 1724 1891 concilii
1745 1837 1814 1891 ad
1831 1839 2008 1892 Deum

310 1925 556 1995 precatio
623 1924 971 1979 consecravit
1024 1925 1199 1982 (Serm
1255 1925 1330 1979 ad
1388 1927 1734 1981 Caesar.Eccl.
1784 1926 2007 1995 plebem,

306 2029 363 2069 n.
397 2013 464 2083 1).
497 2013 763 2078 Quamvis
790 2028 981 2068 autem
1020 2013 1242 2067 veritati
1288 2012 1555 2084 refragati
1582 2012 1797 2068 fuerint
1824 2015 2007 2068 Dona-

304 2102 472 2165 tistae,
502 2102 683 2156 nihilo
721 2106 916 2156 tamen
947 2102 1129 2156 secius
1160 2101 1422 2156 eamdem
1452 2101 1563 2155 illis
1586 2102 1790 2156 offerre
1811 2101 2005 2156 condi-

302 2189 527 2244 tionem
548 2189 822 2244 Catholici
842 2205 961 2244 non
983 2189 1266 2254 destitere,
1293 2206 1466 2260 quam
1486 2193 1543 2243 et
1560 2191 1709 2244 bona
1730 2190 1843 2244 ﬁde
1873 2206 2009 2261 erga

306 2295 401 2332 eos
428 2278 529 2350 qui
584 2295 641 2332 se
672 2278 743 2333 ad
783 2278 1089 2333 Ecclesiam
1120 2282 1479 2348 receperunt,
1512 2278 1843 2349 implevere.
1892 2281 2008 2333 Hoc

310 2368 511 2422 saltem
540 2383 606 2421 ea
636 2367 851 2437 synodo
882 2367 1222 2438 Carthagine
1243 2383 1394 2421 anno
1416 2383 1588 2436 supra
1617 2367 2003 2438 quadringen-

309 2455 575 2509 tesimum
597 2455 817 2510 decimo
840 2461 1036 2509 octavo
1057 2455 1339 2509 celebrata
1357 2458 1595 2522 constat,
1614 2456 1930 2510 Donatistas
1948 2456 2007 2510 in

314 2543 693 2614 episcopalem
709 2544 1046 2615 dignitatem
1066 2543 1244 2615 recipi
1264 2543 1460 2597 solitos
1480 2543 1633 2615 (Cod.
1651 2546 1783 2600 Can.
1796 2546 2004 2611 Afric.,

314 2648 472 2687 cann.
507 2636 630 2702 118,
674 2634 818 2703 119).

376 2726 444 2775 7.‘
461 2720 601 2775 Aliis
640 2726 921 2791 praeterea
966 2719 1104 2775 locis
1134 2720 1532 2775 admirandum
1571 2721 1715 2775 illud
1762 2721 2006 2793 promis-

309 2824 456 2874 sum,
493 2824 608 2879 quo
638 2810 952 2879 prmsulum
972 2808 1373 2862 Africanorum
1392 2808 1669 2880 praecipui
1691 2826 1793 2863 suo
1824 2827 1882 2864 se
1908 2811 2007 2864 ho-

311 2912 449 2950 nore
495 2897 858 2951 abdicaturos
906 2901 1266 2968 receperunt,
1329 2902 1611 2952 memorat
1656 2899 2006 2969 Augustinus

305 2986 499 3054 (Serm.
537 2989 661 3052 359,
713 2986 792 3058 5).
840 2989 1138 3058 Deumque
1173 2994 1587 3057 comprecatur,
1643 2994 1709 3042 ut
1732 2988 2007 3060 quoniam

310 3074 448 3128 illud
485 3092 515 3128 e
554 3075 848 3129 charitatis
877 3076 1032 3129 fonte
1062 3075 1379 3146 profectum
1410 3081 1512 3141 est,
1544 3081 1772 3146 gratum
1802 3078 2008 3132 habeat

306 3167 363 3216 et
391 3163 685 3233 acceptum
716 3164 912 3233 (Serm.
945 3166 1069 3229 358,
1112 3179 1169 3217 n.
1203 3163 1275 3232 4).
1310 3164 1432 3227 Qua
1455 3164 1524 3218 de
1552 3181 1634 3229 re,
1658 3164 1705 3217 si
1724 3165 1864 3235 quid
1890 3165 2008 3235 ple-

307 3249 439 3304 nius
469 3250 775 3316 desideres,
809 3250 977 3304 adeas
1006 3249 1138 3303 licet
1166 3267 1485 3305 sermonem
1518 3252 1587 3306 de
1608 3253 1750 3306 Pace
1779 3259 1835 3306 et
1860 3254 2004 3307 Cha-

306 3337 492 3405 ritate,
526 3338 626 3409 qui
664 3342 793 3411 post
822 3343 1197 3392 memoratam
1224 3338 1455 3409 quidem
1478 3338 1798 3410 epistolam,
1822 3356 2005 3411 quan-

304 3433 428 3482 tum
451 3444 519 3481 ex
548 3427 647 3494 eis,
679 3444 807 3500 quae
835 3427 903 3482 de
932 3428 1257 3482 conditione
1276 3428 1379 3482 hac
1394 3429 1463 3482 ab
1484 3428 1830 3483 antistitibus
1845 3430 1999 3484 obla-

312 3521 366 3570 ta
398 3516 557 3583 dicit,
583 3516 943 3587 conjicimus,
964 3517 1063 3571 sed
1093 3521 1223 3572 ante
1241 3516 1430 3587 ipsum
1460 3520 1654 3572 tamen
1683 3518 2008 3572 Collationis

305 3605 456 3659 diem
509 3604 738 3659 habitus
777 3609 886 3661 est.
942 3604 1027 3659 lbi
1078 3603 1286 3659 citetur
1337 3605 1651 3659 secundum
1699 3606 2007 3660 Marcellini

306 3694 576 3759 edictum,
612 3694 730 3747 imo
764 3698 818 3748 et
847 3693 1101 3759 tertium,
1130 3709 1243 3764 quo
1273 3692 1525 3764 quidem,
1554 3697 1616 3747 ut
1646 3693 1885 3764 jamjam
1916 3711 2007 3748 ex-

305 3780 551 3848 posituri
572 3796 788 3845 sumus,
824 3780 1240 3833 Catholicorum
1270 3780 1570 3849 epistolam
1595 3780 2002 3851 promulgavit.

309 3869 370 3920 ln
402 3883 468 3919 eo
498 3869 779 3936 populum
810 3872 1036 3920 sanctus
1066 3866 1373 3937 EpiscopUs
1412 3868 1748 3932 obtestatur,
1777 3875 1842 3922 ut
1870 3870 2007 3922 Mar-

305 3954 497 4007 cellini
527 3954 709 4008 edicto
740 3970 959 4007 morem
1003 3969 1206 4024 gerens
1231 3954 1290 4008 in
1312 3954 1643 4009 Collationis
1671 3955 1861 4009 locum
1888 3940 2008 4011 non

308 4043 509 4112 irruat,
536 4042 677 4113 quin
708 4042 877 4096 etiam
908 4058 1011 4111 per
1041 4042 1206 4096 illum
1236 4043 1445 4109 locum,
1489 4044 1698 4113 quoad,
1732 4060 1797 4097 ea
1834 4045 2006 4114 plane

306 4132 495 4185 soluta
522 4132 594 4185 sit
624 4147 743 4185 non
780 4135 1067 4197 transeat;
1098 4147 1171 4184 ne
1220 4148 1333 4201 qua
1368 4132 1583 4185 scilicet
1616 4134 2005 4188 tumultuandi

305 4220 521 4274 occasio
560 4220 630 4274 iis
670 4220 769 4292 qui
801 4219 941 4274 nihil
972 4219 1207 4273 omnino
1255 4220 1611 4289 maluissent,
1655 4223 2009 4292 praeberetur

308 4310 496 4377 (lbid.,
524 4326 579 4364 η.
614 4313 686 4379 6).
722 4309 804 4364 lbi
824 4309 955 4380 pius
983 4308 1233 4363 Antistes
1257 4310 1503 4364 studium
1525 4326 1643 4380 prae
1675 4327 1732 4364 se
1761 4311 1871 4365 fert
1898 4328 2005 4383 op-

304 4398 439 4467 pido
482 4399 903 4453 inflammatum
953 4398 1256 4452 revocandi
1297 4398 1682 4452 schismaticos
1712 4400 1778 4453 ad
1813 4404 2003 4454 unita-

308 4491 451 4540 tem:
486 4503 614 4556 quae
645 4504 776 4541 vera
798 4492 946 4541 esset
975 4487 1207 4541 illorum
1221 4486 1472 4540 victoria.
1492 4489 1651 4551 Nam,
1670 4486 1877 4557 inquit,
1900 4505 2007 4542 non

306 4577 476 4628 vincit
500 4578 611 4629 nisi
637 4580 861 4643 veritas,
894 4578 1123 4631 victoria
1152 4578 1399 4630 veritatis
1425 4581 1502 4629 est
1529 4577 1770 4630 Charitas
1820 4577 2002 4646 (Ibid.,

306 4680 363 4718 η.
401 4667 469 4734 1).
495 4666 617 4728 Qua
640 4665 857 4719 ratione
889 4664 1120 4720 defendi
1151 4668 1411 4735 oporteat
1440 4663 1724 4718 Cmciliani
1755 4680 2003 4732 causam,

307 4758 364 4807 et
393 4768 507 4824 quo
534 4752 721 4806 studio
744 4754 1059 4808 cavendum
1080 4753 1308 4824 cuique,
1338 4768 1409 4807 ne
1432 4753 1647 4806 haereat
1672 4752 1730 4806 in
1752 4754 2009 4823 quolibet

308 4840 564 4909 homine,
590 4840 670 4893 ibi
690 4842 1139 4911 ostendit(lbid.,
1162 4859 1218 4897 n.
1249 4843 1325 4911 3).
1350 4842 1498 4908 Quid
1522 4843 1693 4907 vobis,
1718 4842 1797 4896 ait
1822 4842 1891 4896 ad
1916 4860 2009 4912 po-

305 4931 530 5001 pulum,
561 4929 916 4997 injungamus
943 4931 970 4985 ‘t
997 4932 1182 4985 Partes
1210 4933 1353 4997 forte
1394 4931 1577 4985 uberes
1610 4933 1853 5000 pietatis.
1900 4935 2008 4988 Nos

304 5022 640 5089 disputemus
685 5031 785 5086 pro
815 5015 963 5071 v'obis
993 5034 1007 5071 :
1058 5035 1150 5073 vos
1194 5024 1343 5074 orate
1370 5035 1470 5089 pro
1498 5020 1670 5074 nobis.
1729 5022 2008 5075 Orationes

305 5114 469 5165 etiam
509 5111 714 5161 vestras
735 5107 966 5175 jejuniis
1012 5111 1062 5160 et
1105 5109 1449 5176 elecmosynis
1497 5110 1772 5178 adjavate.
1807 5110 2009 5166 Addita

302 5212 508 5267 pennas
540 5198 669 5264 illis,
708 5196 904 5265 quibus
940 5196 1123 5249 volant
1155 5197 1230 5250 ad
1276 5200 1456 5253 Deum.
1510 5200 1599 5253 Sic
1646 5204 1859 5265 agentes
1915 5216 2008 5254 ne-

306 5291 531 5353 gotium,
562 5289 796 5354 fortasse
826 5284 1077 5337 utiliores
1113 5284 1269 5338 nobis
1298 5288 1474 5352 eritis,
1517 5303 1680 5354 quam
1708 5303 1803 5341 nos
1836 5288 2004 5344 robis.

307 5375 469 5428 Nemo
498 5377 638 5428 enim
658 5379 902 5428 noslrum
929 5374 987 5426 in
1005 5373 1103 5426 hac
1126 5372 1494 5440 disputatione
1525 5375 1592 5428 de
1621 5390 1677 5428 se
1691 5377 2005 5444 prazsumit:

307 5463 360 5512 in
404 5463 503 5515 Deo
525 5468 602 5515 est
633 5468 743 5516 tota
764 5478 883 5531 spes
913 5460 1102 5532 (Ibid,
1131 5476 1189 5513 n.
1222 5466 1295 5527 li).

2191 335 2243 389 8.
2277 332 2664 389 Marcellinum
2701 332 2981 405 rogabant
3018 348 3121 386 sua
3144 332 3384 404 ;epistola
3409 334 3664 405 Catholici,
3690 344 3736 395 ut

2121 438 2248 478 eam
2292 422 2722 494 quamprimum
2764 421 3024 476 omnium
3054 421 3229 476 oculis
3264 429 3601 493 proponeret:
3637 444 3737 497 qua:

2118 511 2284 580 torte,
2316 512 2487 566 etiam
2516 516 2648 565 ante
2678 510 3076 571 Collationem,
3110 510 3561 566 schismaticorum
3587 516 3659 569 vel
3676 515 3737 569 in-

2120 600 2290 655 tirma
2316 601 2405 655 vel
2423 598 2568 655 dura
2596 599 2788 666 corda,
2816 598 3082 653 exhibita:
3112 598 3190 653 ibi
3209 598 3317 670 piae
3343 598 3601 655 charitatis
3618 602 3744 656 testi-

2121 688 2404 755 ﬁcatione,
2454 692 2554 742 aut
2597 691 2954 753 sanarentur,
3012 690 3111 739 aut
3162 686 3540 740 edomarentur
3573 689 3740 755 (Collat.

2121 777 2386 844 Carthag.
2431 780 2478 844 1,
2511 792 2632 845 cap.
2663 778 2769 842 l6).
2802 775 2865 828 Id
2896 778 2962 828 ut
2989 778 3286 845 praestaret
3312 774 3643 845 Marcellinus,
3665 793 3747 830 sua

2120 862 2243 935 ipse
2271 863 2708 935 pollicitatione,
2741 879 2852 933 qua
2885 861 3145 916 omnium
3167 861 3375 932 judicio
3414 878 3555 915 suam
3581 865 3745 933 agendi

2120 952 2397 1007 rationem
2445 951 2859 1022 permissurum
2908 966 2967 1005 se
3007 954 3314 1021 receperat,
3345 949 3470 1004 satis
3513 967 3745 1022 superque

2121 1041 2524 1111 impellebatur
2555 1041 2737 1112 (Ibid.,
2780 1057 2902 1110 cap.
2955 1041 3059 1109 17).
3104 1041 3300 1110 Itaque
3339 1055 3460 1093 cum
3505 1039 3746 1109 epistolam

2122 1130 2563 1195 Catholicorum,
2588 1135 2709 1184 tum
2734 1128 3162 1184 Donatistarum
3176 1127 3458 1181 Notoriam
3480 1126 3671 1197 publice
3689 1127 3747 1180 ai-

2119 1219 2220 1289 tigi
2245 1235 2388 1273 novo
2410 1219 2591 1273 edicto
2611 1217 2800 1289 jussit.
2816 1218 2954 1271 Inde
2982 1233 3112 1270 cum
3132 1216 3339 1270 factum
3359 1219 3510 1279 esset,
3529 1214 3749 1268 utisthasc

2122 1307 2353 1362 Notoria
2382 1307 2761 1361 innotesceret
2796 1305 3117 1371 Catholicis,
3150 1304 3213 1359 hi
3252 1303 3551 1359 Marcellino
3578 1302 3750 1356 litteras

2120 1396 2258 1451 alias
2289 1396 2358 1451 ab
2386 1394 2619 1450 Aurelio
2651 1395 2790 1449 item
2822 1411 2886 1449 ac
2914 1394 3140 1448 Silvano
3168 1392 3496 1463 subscriptus
3520 1391 3749 1455 obtulere,

2120 1484 2328 1556 quibus
2358 1484 2563 1539 timere
2611 1500 2669 1537 se
2713 1483 3059 1553 signiﬁcant,
3112 1498 3185 1536 ne
3238 1499 3271 1535 a
3318 1479 3612 1544 Donatistis,
3653 1495 3751 1532 suos

2120 1589 2319 1627 omnes
2342 1573 2412 1626 ad
2433 1572 2814 1628 Collationem
2835 1570 3062 1626 admitti
3083 1571 3204 1624 sine
3219 1570 3358 1635 ulla,
3378 1572 3439 1624 ut
3456 1568 3623 1639 palam
3642 1573 3751 1635 erat,

2118 1677 2288 1714 causa
2317 1660 2781 1731 eftlagitantibus,
2811 1658 3027 1729 aliquid
3054 1659 3115 1712 in
3144 1676 3209 1712 ea
3240 1659 3542 1727 emergeret
3566 1655 3751 1709 seditio-

2120 1748 2207 1803 nis
2231 1766 2244 1804 :
2277 1749 2645 1803 consentiunt
2670 1752 2864 1802 tamen
2894 1748 3124 1801 illorum
3152 1746 3443 1818 postulatis
3477 1760 3537 1798 ea
3562 1744 3684 1814 lege,
3709 1746 3755 1796 ut

2119 1853 2185 1892 ex
2216 1836 2521 1892 Catholicis
2551 1834 2806 1906 episcopi
2844 1834 2928 1888 illi
2967 1833 3280 1889 octodecim
3318 1833 3476 1902 juxta
3502 1830 3754 1884 secundum

2121 1925 2430 1981 Marcellini
2454 1923 2701 1978 edictum
2734 1922 3040 1993 designati,
3071 1922 3177 1977 soli
3208 1922 3552 1986 interessent,
3573 1934 3633 1972 ne
3646 1917 3756 1971 scili-

2115 2019 2223 2080 cet,
2256 2013 2303 2067 si
2332 2013 2470 2084 quid
2486 2012 2766 2067 tumultus
2789 2028 2818 2065 e
2833 2011 3172 2078 xcitaretur,
3201 2011 3266 2064 in
3288 2009 3424 2064 alios
3443 2024 3600 2081 quam
3619 2008 3757 2061 Dona-

2117 2103 2277 2158 tistas
2316 2106 2507 2174 posset
2535 2100 2804 2155 conferri.
2843 2101 3078 2156 Addunt
3105 2099 3323 2170 optime
3352 2113 3533 2152 secum
3564 2095 3643 2165 agi
3667 2110 3757 2147 sese

2117 2191 2557 2256 existimaturos,
2590 2191 2636 2244 si
2657 2206 2868 2244 vanum
2892 2189 3066 2243 fuisse
3080 2192 3301 2243 metum
3319 2186 3478 2241 illum
3497 2183 3757 2254 deprehen-

2116 2280 2323 2344 derint,
2358 2295 2547 2350 neque
2575 2278 2686 2333 alia
2704 2278 2775 2332 de
2803 2294 2974 2332 causa
3002 2276 3251 2331 voluisse
3284 2274 3587 2331 Donatistas
3612 2270 3758 2325 cousi-

2115 2367 2194 2422 lio
2227 2367 2501 2422 interesse
2535 2367 2849 2434 universos,
2882 2365 2994 2420 nisi
3021 2372 3101 2432 ut,
3134 2369 3263 2436 post
3312 2363 3450 2418 illud
3478 2360 3673 2416 solenni
3692 2374 3757 2412 rc-

2116 2456 2514 2511 conciliatioue
2559 2454 2955 2522 terminatum,
2986 2454 3065 2512 in.
3087 2453 3348 2507 eamdem
3378 2449 3646 2506 ecclesiam
3672 2463 3758 2500 una

2116 2562 2246 2599 cum
2284 2543 2589 2601 Catholicis
2618 2559 2739 2598 sese
2770 2543 3117 2608 conferrent,
3149 2541 3364 2612 gratias
3411 2541 3519 2595 Deo
3564 2554 3656 2608 pro
3689 2552 3758 2589 re-

2113 2638 2313 2703 parata
2366 2631 2787 2687 communionis
2832 2631 3099 2686 societate
3146 2629 3426 2685 reddituri
3469 2626 3635 2699 (lbid.,
3667 2639 3757 2692 cap.

2118 2724 2224 2793 18).
2274 2723 2341 2777 In
2385 2723 2492 2776 hac
2534 2721 2775 2793 epistola
2826 2725 2944 2774 tam
2992 2718 3317 2791 perspicue,
3359 2722 3473 2771 tam
3507 2714 3670 2769 valide
3707 2710 3760 2765 si-

2115 2811 2236 2865 mul
2264 2826 2328 2865 ac
2346 2809 2595 2865 breviter
2628 2809 2748 2880 ipsa
2768 2813 2887 2863 tota
2908 2808 3164 2878 exposita
3180 2812 3266 2862 est
3294 2822 3482 2872 causa,
3507 2809 3631 2858 utea
3653 2802 3763 2855 lecta

2117 2902 2424 2956 Donatista:
2456 2917 2571 2956 non
2609 2899 2731 2954 sine
2760 2898 2976 2969 ineptia
3006 2896 3194 2968 questi
3224 2895 3457 2960 fuerint,
3497 2908 3609 2947 rem
3635 2906 3661 2943 a
3682 2888 3759 2943 Ca-

2114 2989 2340 3044 tholicis
2370 2989 2532 3061 prius
2553 2993 2757 3048 actam,
2791 3003 2963 3058 quam
2995 2986 3064 3040 de
3101 2984 3334 3055 prmviis
3362 2984 3432 3037 ad
3462 2998 3578 3036 eam
3606 2977 3763 3032 condi-

2116 3075 2368 3131 tionibus
2388 3076 2481 3147 agi
2508 3080 2756 3146 coeptum
2781 3078 2929 3128 esset
2951 3072 3135 3144 (Ibid.,
3159 3089 3322 3144 capp.
3343 3067 3760 3138 18,20,etBreric.

2115 3166 2307 3221 Collat.
2343 3169 2392 3231 1,
2416 3181 2580 3235 capp.
2607 3170 2662 3231 7,
2695 3163 2769 3235 8).
2793 3163 2981 3217 Tertio
3007 3161 3280 3215 kalendas
3300 3159 3491 3230 junias
3519 3155 3641 3212 anni
3661 3169 3764 3225 qua-

2117 3252 2551 3323 dringentesimi
2578 3250 2870 3307 undecimi
2908 3266 3106 3305 omnes
3135 3249 3429 3303 catholicae
3459 3242 3763 3301 communio-

2114 3342 2203 3397 nis
2228 3343 2483 3414 episcopi
2510 3342 2884 3414 designarunt
2912 3340 3191 3395 antistites
3238 3340 3315 3394 ad
3344 3338 3706 3398 Collationem,
3727 3334 3768 3384 et

2114 3432 2450 3486 mandatum
2493 3447 2607 3502 quo
2637 3430 2943 3484 instructos
2972 3429 3102 3483 illos
3150 3427 3440 3492 volebant,
3478 3426 3535 3479 in
3579 3419 3767 3477 ecclesia

2116 3519 2550 3590 Carthaginensi
2590 3519 2941 3589 scripserunt
2991 3521 3267 3588 praesente
3317 3514 3643 3573 Marcellino,
3684 3506 3769 3579 ipsi

2115 3612 2307 3661 autem
2332 3606 2608 3671 concioni,
2639 3622 2766 3678 quae
2803 3604 3061 3660 ducentis
3090 3604 3392 3674 sexaginta
3421 3620 3515 3657 sex
3537 3595 3768 3669 episcopis

2115 3695 2427 3761 constabat,
2457 3694 2689 3749 Aurelio
2725 3692 3157 3764 Carthaginensi
3188 3697 3245 3746 et
3276 3692 3502 3747 Silvano
3533 3684 3768 3745 Numidia

2114 3784 2360 3854 primate
2389 3782 2849 3854 praesidentibus.
2883 3780 3215 3836 Renuntiati
3238 3786 3398 3848 sunt,
3429 3778 3526 3851 qui
3545 3779 3599 3832 in
3619 3773 3768 3830 Colla-

2112 3871 2268 3925 tione
2299 3871 2676 3942 disputarent,
2734 3870 2998 3924 Aurelius
3045 3866 3535 3938 Carthagiuensis,
3577 3860 3770 3932 Alypius

2114 3960 2495 4030 Tagastensis,
2527 3958 2882 4031 Augustinus
2915 3957 3317 4028 Hipponensis,
3351 3953 3663 4009 Vincentius
3688 3949 3770 4003 Cu-

2116 4049 2413 4116 lusitanus,
2458 4050 2799 4103 Fortunatus
2828 4044 3345 4112 Constantinensis,
3378 4038 3772 4098 Fortunatianus

2114 4137 2402 4197 Siccensis,
2435 4136 2723 4191 Possidius
2754 4133 3124 4191 Calamensis.
3158 4137 3205 4187 A
3229 4133 3489 4187 consiliis
3529 4131 3671 4184 fuere
3703 4119 3773 4176 isti

2115 4231 2354 4297 septem,
2388 4226 2633 4280 Novatus
2654 4224 2955 4291 Sitifensis,
2982 4221 3307 4277 Florentius
3336 4216 3774 4292 Hipponensium-

2117 4314 2571 4385 Diarrhytorum,
2626 4312 2973 4368 Maurentius
3034 4308 3529 4371 Thubursicensis.
3594 4303 3777 4360 Priscus

2116 4402 2459 4469 Quidiensis,
2509 4402 2853 4456 Serenianus
2902 4399 3237 4467 Miditensis,
3289 4396 3605 4453 Bonifacius
3647 4391 3778 4445 Cata-

2115 4491 2364 4562 quensis,
2381 4495 2439 4545 et
2456 4490 2792 4561 Squillacius
2820 4488 3160 4543 Scillitanus.
3197 4485 3593 4542 Custodiendir.
3618 4482 3778 4536 Gesto-

2116 4597 2242 4635 rum
2273 4578 2677 4649 conscriptioni
2704 4577 2960 4649 prmfecti
2997 4580 3150 4641 sunt,
3186 4576 3491 4630 Denterius
3513 4573 3780 4626 Cmsareen-

2115 4668 2209 4734 sis,
2253 4670 2360 4724 Leo
2408 4667 2735 4738 Moptensis,
2783 4665 3042 4720 Asterius
3078 4664 3351 4729 Vicensis,
3404 4679 3467 4716 ac
3506 4656 3780 4716 Restitutus

2112 4756 2450 4829 Tagorensis
2480 4758 2691 4823 (Collat.
2709 4756 2970 4821 Carthag.
2998 4758 3048 4819 1,
3073 4768 3231 4823 capp.
3257 4756 3348 4819 55,
3376 4755 3483 4814 57).
3510 4750 3673 4803 Hoscc
3690 4742 3780 4796 du-

2114 4852 2307 4902 centos
2328 4846 2623 4915 sexaginta
2652 4862 2743 4899 sex
2775 4844 3069 4915 episcopos
3089 4841 3407 4896 secundum
3429 4829 3780 4907 inauguratio-

2114 4937 2204 4989 nis
2232 4951 2348 4988 suaa
2368 4934 2629 4988 ordinem
2667 4931 3062 5002 subscripsisse
3088 4928 3400 4983 verisimile
3442 4931 3546 4981 est.
3592 4928 3655 4978 At
3680 4932 3785 4973 vero

2116 5026 2427 5078 electorum
2464 5021 2800 5088 octodecim,
2826 5036 2943 5074 uno
2971 5019 3205 5074 Aurelio
3254 5021 3515 5087 excepto,
3552 5012 3647 5085 qui
3672 5005 3782 5062 sub-

2116 5109 2342 5181 scripsit
2367 5109 2627 5164 omnium
2649 5108 2934 5179 princeps,
2966 5106 3202 5161 nomina
3222 5108 3516 5175 postremo
3548 5102 3661 5154 loco
3677 5092 3786 5181 sub-

2116 5180 2390 5252 notantur
2432 5196 2626 5265 (Ibid,
2674 5211 2834 5265 capp.
2880 5197 3000 5260 136,
3040 5194 3181 5264 142).
3230 5194 3411 5248 Porro
3445 5191 3517 5244 ab
3549 5180 3788 5242 universis

2115 5287 2462 5359 praesulibus
2493 5290 2714 5340 servata
2741 5285 2861 5339 Ι]ωο
2908 5283 3020 5338 fuit
3056 5283 3116 5337 in
3160 5280 3571 5336 subscribendo
3599 5277 3787 5359 forma):

2116 5377 2182 5431 Ν.
2215 5377 2493 5443 episcopus
2522 5375 2587 5429 Ν.
2637 5373 2970 5438 Carthagini
2999 5373 3337 5433 constitutus,
3368 5372 3628 5438 praesente
3660 5363 3717 5417 γ.
3740 5358 3787 5410 (⁸.

2120 5463 2431 5517 Marcellino
2464 5463 2700 5517 Tribuno
2730 5467 2781 5515 et
2823 5463 3068 5521 Notario,
3098 5458 3355 5513 mandato
3406 5473 3442 5510 a
3484 5454 3630 5510 nobis
3668 5451 3789 5517 facto
