3912 6174
316 244 421 298 415

317 364 503 434 (Ibid,
543 379 662 434 cap.
697 364 781 433 89)
809 384 824 432 ;
854 379 986 418 cum
1012 367 1205 418 autem
1237 379 1353 417 non
1384 363 1551 434 pauci
1578 379 1682 434 per
1708 362 1865 417 varia
1895 363 2019 416 loca

316 452 557 523 dispersi
586 469 704 506 esse
734 456 982 524 possent,
1030 451 1244 522 recepit
1292 450 1523 522 Alypius
1564 451 1694 506 illos
1745 451 2019 505 adductu-

316 556 447 595 rum
473 546 531 595 Se
577 542 638 594 in
668 541 820 595 diem
859 540 1184 595 crastinum.
1236 541 1505 594 Attamen
1550 538 1890 595 introductis
1926 538 2017 605 iis,

322 629 420 699 qui
442 645 546 699 pro
570 629 785 683 foribus
809 629 1020 700 reperti
1040 633 1190 695 sunt,
1220 644 1477 700 quosque
1498 645 1566 682 ex
1587 627 1902 697 composito
1927 644 2021 681 vo-

324 723 477 772 catos
505 719 645 772 nulli
683 718 1045 785 dubitemus;
1080 734 1277 771 eorum
1321 733 1354 770 a
1383 717 1590 787 quibus
1638 716 2021 786 subscriptum

325 806 510 860 fuerat
545 805 899 870 mandatum,
932 805 1148 867 abesse,
1180 808 1389 874 praeter
1417 820 1512 858 eos
1555 805 1654 874 qui
1694 802 2023 872 Carthagini

326 894 696 963 tegrotabant,
720 896 977 962 repertus
1006 896 1092 945 est
1120 907 1312 947 nemo.
1330 892 1394 945 In
1411 891 1519 946 hoc
1540 890 2024 961 subscriptionum

328 981 608 1049 examine,
666 979 1011 1034 schismatici
1068 979 1374 1034 Catholicis
1417 978 1553 1033 vitio
1591 979 1816 1045 dabant,
1875 978 2025 1049 quod

327 1068 387 1121 in
418 1084 532 1138 quo
562 1071 743 1121 tractu
775 1084 920 1121 unus
943 1072 1168 1122 tantum
1213 1074 1361 1122 esset
1402 1067 1662 1138 ipsorum
1700 1067 2023 1138 episcopus,

327 1148 884 1226 illi‘nonnuuquam
931 1156 1074 1210 duos
1131 1161 1228 1210 aut
1281 1156 1454 1210 etiam
1504 1156 1696 1226 plures
1752 1155 2029 1209 haberent

326 1244 514 1314 (Ibid,
539 1260 698 1313 capp.
730 1246 817 1305 05,
850 1244 970 1316 117)
1004 1260 1018 1298 :
1045 1249 1104 1298 at
1132 1244 1409 1299 Catholici
1440 1244 1589 1298 idem
1617 1260 1845 1314 quoque
1876 1243 2027 1309 apud

327 1332 467 1385 istos
486 1331 730 1385 inveniri
762 1331 1227 1385 demonstrabant
1258 1332 1398 1401 (Ibid
1410 1373 1451 1399 .,
1481 1348 1602 1401 cap.
1637 1335 1752 1397 125,
1774 1334 1856 1386 vel
1881 1332 2024 1400 126).

331 1421 523 1473 Mutuo
546 1419 997 1473 criminabantur
1014 1435 1155 1484 sese,
1179 1419 1332 1490 quod
1359 1420 1653 1490 episcopos
1670 1420 1743 1473 .in
1772 1420 1938 1484 villis,
1971 1420 2029 1473 in

327 1506 523 1560 fundis
567 1512 625 1560 et
654 1507 822 1576 agris,
859 1508 944 1561 vel
977 1507 1036 1560 in
1085 1508 1313 1562 sedibus
1342 1508 1462 1562 sine
1490 1508 1658 1579 plebe
1703 1508 2029 1562 constituis-

332 1598 458 1648 sent
495 1594 681 1661 (lbid.,
739 1611 897 1665 capp.
961 1599 1081 1665 181,
1138 1597 1283 1666 182).
1321 1596 1574 1668 Denique
1621 1597 1729 1652 sibi
1758 1597 2026 1664 invicem,

331 1699 462 1753 quae
488 1682 585 1736 alii
616 1684 686 1737 ab
716 1683 842 1737 aliis
863 1684 1009 1755 passi
1034 1689 1216 1749 erant,
1245 1684 1492 1755 objicere
1517 1701 1638 1739 non
1667 1685 2028 1739 omittebant:

331 1786 530 1824 verum
561 1771 843 1842 ejusmodi
865 1772 1282 1840 altercationes,
1314 1789 1439 1844 quae
1469 1790 1503 1827 a
1526 1773 1757 1828 cardine
1792 1774 1873 1828 rei
1902 1778 2031 1829 tan-

333 1863 457 1912 tum
503 1860 852 1927 avertebant,
884 1861 1262 1931 Marcellinus,
1302 1862 1488 1932 quoad
1519 1861 1579 1916 in
1620 1879 1678 1916 se
1706 1866 1845 1924 erat,
1879 1878 2030 1917 rese-

334 1947 515 2003 cabat.
572 1949 712 2003 Cum
763 1949 1078 2003 Felicianus
1128 1950 1484 2017 Mustitanus,
1532 1967 1562 2004 e
1601 1947 2033 2005 Maximianista-

331 2052 462 2089 rum
519 2036 809 2107 quondam
851 2037 1115 2104 factione,
1165 2037 1583 2105 nominaretur,
1634 2037 1840 2091 institit
1898 2036 2035 2105 Aly-

330 2124 481 2195 pius,
546 2129 612 2179 ut
667 2141 801 2178 eum
858 2124 1169 2179 Donatistae
1245 2142 1364 2179 suae
1433 2124 1854 2180 communionis
1909 2140 2033 2178 esse

334 2216 528 2281 aperte
583 2213 990 2281 profiterentur
1048 2212 1233 2283 (Ibid.,
1288 2229 1408 2282 cap.
1456 2217 1589 2280 122;
1648 2215 1849 2268 Brevic.
1904 2213 2033 2267 Col-

335 2300 433 2354 lat.
497 2303 548 2366 1,
597 2315 717 2369 cap.
765 2300 883 2367 12):
930 2299 989 2354 id
1026 2317 1160 2354 vero
1202 2300 1288 2355 illi
1334 2306 1683 2356 recusarunt.
1730 2301 2037 2372 Episcopus

334 2386 414 2441 ibi
444 2387 699 2458 quidam,
728 2403 835 2458 pro
863 2387 1102 2442 Paulino
1128 2388 1396 2458 episcopo
1426 2389 1701 2444 catholico
1733 2394 2036 2460 prmsente,

336 2475 435 2529 sed
463 2474 682 2529 litteras
726 2475 1031 2541 nesciente,
1067 2476 1370 2532 subscribit
1410 2478 1632 2546 (Collat.
1671 2480 1940 2545 Carthag.
1986 2482 2035 2545 1,

339 2579 457 2633 cap.
496 2564 641 2631 133).

410 2654 462 2705 3.
498 2652 629 2705 Post
641 2651 873 2706 recitata
900 2652 1317 2708 Catholicorum
1339 2655 1597 2710 omnium
1614 2656 1866 2721 nomina,
1894 2656 2039 2710 Mar-

342 2739 580 2793 cellinus
609 2740 905 2811 episcopos
943 2745 1107 2813 rogat
1155 2747 1218 2796 ut
1250 2743 1519 2799 sedeant:
1565 2744 1718 2815 quod
1764 2744 2040 2798 nimirum

338 2827 452 2882 illis
480 2827 762 2882 stantibus
790 2828 902 2900 ipsi
932 2830 1128 2885 sedere
1175 2832 1477 2886 molestum
1512 2832 1603 2887 sit.
1638 2832 1905 2887 Oblatum
1934 2833 2037 2886 ho-

339 2932 541 2970 norem
569 2920 832 2971 recusant
862 2918 1193 2987 Donatistae,
1224 2919 1333 2974 sibi
1352 2919 1578 2975 interim
1611 2920 1780 2974 simul
1811 2938 1874 2974 ac
1904 2922 2043 2977 Mar-

335 3004 540 3058 cellino
564 3004 751 3058 verbis
779 3005 1212 3061 adblandientes
1241 3009 1823 3079 magniﬁcentissimis
1850 3011 2036 3079 (lbid.,

341 3108 501 3161 capp.
519 3093 638 3158 144,
673 3093 810 3156 145).
841 3093 1086 3148 Tametsi
1115 3100 1310 3150 autem
1331 3112 1464 3150 eum
1494 3096 1572 3151 sic
1593 3097 1903 3151 efferebant
1924 3100 2042 3153 lau-

340 3178 888 3246 dibus,utdicerent,
903 3179 982 3234 ait
1009 3182 1384 3253 Augustinus,
1410 3186 1775 3252 honoriﬁcum,
1793 3185 2026 3253 justum,

340 3270 683 3329 reuerentem,
730 3264 1054 3336 benignum;
1082 3286 1309 3324 causam
1358 3277 1549 3326 tamen
1591 3278 1826 3344 propter
1866 3291 2041 3345 quam

344 3355 625 3423 agendam
652 3359 769 3410 tam
802 3357 1390 3426 multi_convenerant,
1421 3360 1571 3432 apud
1602 3377 1733 3415 eum
1764 3362 1859 3432 agi
1889 3364 2044 3418 nole-

339 3440 478 3496 bant
505 3443 944 3514 (Brevic.Collat.
979 3450 1019 3513 1,
1047 3462 1165 3516 cap.
1203 3447 1306 3516 13).
1331 3447 1526 3502 Adacti
1552 3454 1682 3502 sunt
1702 3449 1786 3503 illi
1813 3452 2041 3505 tandem

344 3530 671 3601 aliquando,
699 3538 759 3587 ut
788 3550 891 3604 pro
915 3551 1017 3589 sua
1045 3539 1206 3607 parte
1238 3535 1626 3607 disputaturos
1658 3537 2039 3603 instituerent,

344 3634 446 3672 seu
465 3619 651 3674 verius
690 3638 804 3685 eos,
838 3622 1048 3694 quibus
1076 3623 1243 3679 istam
1270 3624 1622 3695 provinciam
1644 3626 1767 3697 jam
1798 3626 1927 3682 inde
1973 3629 2044 3683 ab

344 3711 538 3761 octavo
595 3710 869 3764 kalendas
936 3713 1087 3782 junii
1154 3713 1572 3783 delegaverant,
1648 3716 2046 3773 renuntiarent

346 3794 557 3863 (Collat.
591 3798 860 3864 Carthag.
892 3803 941 3864 1,
974 3816 1095 3870 cap.
1134 3801 1275 3871 143).
1329 3802 1557 3856 Lectum
1606 3808 1692 3857 est
1738 3804 1917 3874 igitur
1961 3806 2043 3859 fa-

344 3886 503 3935 ctum
518 3898 585 3936 ea
600 3882 670 3937 de
685 3900 747 3937 re
770 3887 1123 3953 mandatum,
1153 3905 1268 3959 quo
1296 3889 1531 3959 quidem
1553 3890 1660 3944 soli
1682 3892 2046 3948 continentur

347 3974 565 4040 septem
591 3970 972 4041 disputaturi:
1005 3990 1204 4028 verum
1244 3976 1387 4029 alios
1407 3993 1634 4048 quoque
1678 3983 1914 4049 septem,
1946 3981 2046 4052 qui

347 4056 635 4129 prioribus
676 4063 928 4114 essenta
973 4061 1245 4132 consiliis,
1293 4064 1431 4118 item
1479 4069 1745 4135 quatuor,
1779 4084 1810 4121 a
1839 4068 2046 4138 quibus

348 4150 508 4219 gesta
549 4147 993 4218 custodirentur,
1026 4150 1236 4205 electos
1268 4142 1413 4219 esse,
1462 4154 1813 4225 Augustinus
1853 4161 2048 4211 auctor

347 4242 432 4291 est
458 4236 658 4308 (Epist.
696 4239 898 4307 141,12.
942 4241 1034 4309 2);
1079 4241 1230 4311 quod
1278 4240 1464 4312 ipsum
1508 4241 1568 4296 in
1614 4242 1817 4313 primas
1866 4244 2048 4299 Colla-

346 4326 519 4380 tionis
573 4328 723 4383 calce
780 4344 1109 4399 expressum
1171 4330 1325 4401 legas
1381 4332 1602 4402 (Collat.
1664 4335 1931 4403 Carthag.
1999 4315 2051 4402 1,.

350 4429 471 4471 can.
499 4419 647 4471 218l.

459 4456 471 4468 .
499 4419 602 4470 218
631 4455 647 4471 .

412 4429 475 4558 Ξ.
508 4417 738 4558 Lec)tum
782 4505 1114 4560 mandatum
1161 4513 1369 4561 secutae
1410 4515 1543 4564 sunt
1579 4510 2043 4582 subscriptiones,

354 4605 496 4660 quas
515 4590 599 4644 illi
633 4591 819 4646 denuo
849 4594 1297 4663 confirmarunt;
1325 4595 1500 4667 idque
1540 4598 1874 4668 urgentibus
1919 4599 2046 4671 qui-

355 4677 486 4729 dem
513 4676 838 4744 Catholicis,
881 4681 979 4735 sed
1018 4681 1328 4737 Donatistis
1355 4682 1496 4752 ipsis
1524 4684 1710 4737 acrius
1745 4684 1919 4739 etiam
1955 4685 2046 4739 in-
2086 4726 2089 4729 -

354 4762 634 4816 stantibus
684 4764 870 4835 (Ibid,
901 4782 1058 4838 capp.
1113 4772 1233 4837 152,
1290 4773 1409 4838 154,
1456 4774 1577 4841 165,
1630 4773 1763 4841 175).
1819 4774 1931 4827 Hoc
1958 4773 2049 4827 isti

356 4850 563 4905 obnixe
592 4868 627 4904 a
654 4852 978 4909 Marcellino
1010 4857 1417 4929 efflagitarunt,
1465 4860 1818 4933 praecipuam
1862 4878 2050 4917 causa;

354 4955 471 4993 sum
492 4937 762 4994 fiduciam
790 4940 850 4994 in
879 4958 1121 5000 numero
1151 4964 1209 5000 se
1238 4949 1549 5019 repositam
1595 4950 1808 5004 habere
1858 4952 2049 5021 palam

354 5027 592 5099 professi
621 5045 634 5095 ;
659 5029 919 5099 quamvis
947 5048 1013 5085 ea
1044 5034 1112 5087 de
1143 5051 1203 5089 re
1229 5037 1673 5109 haudquaquam
1705 5038 1797 5110 agi
1826 5040 2050 5094 Marcel-

353 5122 503 5176 linus
534 5124 812 5188 moneret,
845 5125 1018 5192 atque
1043 5125 1185 5180 adeo
1216 5128 1349 5181 satis
1388 5129 1716 5184 habiturum
1756 5147 1835 5193 se,
1880 5132 2051 5186 modo

352 5210 525 5282 primi
556 5210 753 5265 decem
768 5209 1162 5267 testimonium
1178 5215 1247 5270 de
1265 5222 1603 5273 caeterorum
1633 5218 2051 5289 subscriptione

351 5300 568 5354 ferrent
598 5316 611 5367 ;
644 5299 704 5354 in
733 5315 848 5371 quo
879 5315 981 5353 nec
1029 5301 1464 5373 refragabantur
1512 5306 1819 5361 Catholici:
1854 5321 2053 5361 verum

353 5388 658 5444 Donatistis
688 5405 905 5444 morem
946 5406 1143 5460 gerere
1199 5393 1477 5462 oportuit.
1529 5395 1636 5459 Qui
1688 5395 1853 5450 tertio
1902 5394 2055 5448 inter

356 5485 451 5522 eos
480 5472 601 5526 loco
632 5474 964 5546 subscripsit
1004 5475 1177 5537 Felix,
1207 5476 1536 5547 episcopum
1577 5496 1635 5532 se
1665 5481 1825 5534 urbis
1857 5481 2051 5534 Romae

1524 240 1697 297 VITA
1747 239 1805 296 S.
1849 238 2239 298 AUGUSTINI
2277 236 2618 295 EPISCOPI.
3673 248 3754 302 116

2122 360 2414 430 professus
2444 363 2528 414 est
2558 359 2744 430 (lbid.,
2782 374 2905 429 cap.
2942 357 3068 430 157)
3098 376 3111 414 :
3144 375 3327 432 neque
3351 360 3513 417 etiam
3561 363 3642 419 hic
3676 367 3759 421 Ca-

2124 447 2323 503 tholici
2359 447 2569 503 morati
2608 452 2760 515 sunt,
2813 446 2925 501 nisi
2970 447 3124 518 quod
3173 464 3336 502 suum
3368 450 3665 505 Innocentio
3688 453 3762 523 jus

2126 536 2468 591 servandum
2493 536 2763 591 dixerunt
2792 536 2977 607 (Ibid,
3008 552 3168 605 capp.
3209 539 3326 602 161,
3360 537 3495 607 163).
3524 537 3763 602 Quorum-

2129 627 2261 681 dam
2283 626 2520 680 nomina
2544 625 2781 680 recitata
2802 630 2953 689 sunt,
2988 626 3089 697 qui
3116 625 3443 697 neutiquam
3464 635 3766 683 accesserant

2130 713 2552 783 Carthaginem,
2612 713 2708 768 sed
2761 730 2963 767 eorum
3031 713 3352 768 absentium
3400 714 3530 779 vice,
3580 717 3768 770 tametsi

2129 801 2467 856 mandatum
2513 818 2683 856 suum
2734 806 3024 871 praesentes
3073 802 3429 872 prxsentibus
3479 801 3767 872 dirigerent,

2131 891 2229 947 alii
2284 891 2734 962 subscripserant
2781 892 3007 961 (Brevia.
3070 891 3259 946 Cullat.
3324 892 3343 942 1
3396 905 3508 959 cap.
3568 893 3657 959 11).
3698 892 3771 945 Sic

2132 979 2383 1050 episcopi
2413 979 2502 1033 sui
2530 980 2672 1047 loco,
2697 978 2796 1049 qui
2827 983 3022 1048 captus
3047 977 3226 1032 oculis
3245 977 3436 1032 venire
3465 978 3766 1049 nequiverat,

2134 1068 2392 1123 Manilius
2438 1068 2736 1139 presbyter
2785 1066 3057 1121 Bazienus
3104 1064 3459 1135 subscripsit,
3498 1082 3563 1119 ne
3599 1082 3771 1120 nomen

2134 1156 2369 1227 quidem
2400 1157 2520 1227 ejus
2546 1155 2869 1226 exprimens
2898 1155 3108 1221 (Collat.
3145 1155 3400 1220 Cari/mg.
3440 1157 3484 1219 1,
3514 1169 3656 1222 capp.
3677 1156 3768 1218 182,

2120 1245 2258 1315 ,183)
2351 1244 2438 1299 Sic
2505 1260 2735 1316 quoque
2782 1243 3022 1298 Ruﬁnus
3080 1241 3378 1313 presbyter
3429 1257 3528 1311 pro
3564 1241 3773 1294 antistite

2137 1348 2239 1386 suo
2267 1332 2493 1387 Iuliano
2534 1333 2763 1386 absente
2797 1331 3190 1402 subscripsisse
3228 1335 3484 1401 repertus
3526 1334 3602 1383 est
3628 1329 3773 1398 (ibid,

2137 1436 2296 1490 capp.
2338 1423 2459 1487 193,
2492 1420 2635 1491 105).
2670 1422 2810 1474 Item
2841 1418 3078 1491 professi
3108 1423 3242 1473 sunt
3268 1417 3365 1471 alii
3393 1418 3644 1488 episcopi,
3679 1434 3775 1470 ma-

2137 1525 2278 1563 num
2308 1525 2365 1562 se
2395 1512 2626 1580 rogatos
2655 1512 2902 1579 quatuor
2930 1525 2961 1562 e
3009 1507 3127 1562 suis
3158 1506 3393 1577 collegis
3421 1506 3773 1570 commodasse,

2138 1596 2239 1668 qui
2259 1597 2511 1664 adversa,
2546 1601 2607 1651 ut
2633 1596 3037 1667 praedicabant,
3065 1595 3390 1649 valetudine
3420 1594 3620 1648 detenti
3639 1594 3688 1647 in
3711 1593 3777 1646 iti-

2138 1700 2274 1738 nere
2303 1684 2529 1738 fuerant
2561 1686 2746 1755 (1bid.,
2777 1700 2936 1753 capp.
2966 1685 3092 1747 208,
3123 1683 3270 1749 209).
3306 1682 3455 1736 Felix
3480 1680 3776 1734 Zummensis

2139 1789 2245 1827 nec
2274 1777 2536 1844 repertus
2568 1778 2652 1827 est.
2690 1772 2834 1843 ipse,
2868 1789 2970 1826 nec
3001 1770 3130 1843 quis
3159 1772 3283 1840 ejus
3320 1769 3545 1824 nomine
3579 1769 3777 1823 subscri-

2140 1861 2382 1931 psisset;
2426 1864 2600 1931 atque
2638 1860 2780 1914 adeo
2821 1859 3256 1914 communicatis
3288 1859 3436 1912 inter
3477 1874 3531 1911 se
3577 1855 3779 1910 consiliis

2146 1948 2452 2002 Donatista:
2502 1949 2614 2002 huc
2664 1949 2971 2019 confugere
3027 1946 3203 2001 coacti
3248 1950 3401 2014 sunt,
3454 1949 3518 1999 ut
3558 1943 3778 2007 dicereut,

2142 2036 2296 2091 illius
2320 2036 2466 2091 forte
2505 2052 2571 2090 ac
2602 2036 2800 2091 Felicis
2843 2035 3138 2107 cujusdam
3174 2032 3538 2100 Lambiensis,
3567 2032 3654 2103 qui
3676 2036 3780 2084 tunc

2143 2125 2474 2196 aegrotabat,
2506 2125 2740 2178 confusa
2778 2124 2949 2179 fuisse
2994 2123 3232 2177 nomina
3276 2122 3444 2187 Ibid.,
3500 2135 3640 2190 capp.
3685 2120 3779 2183 200,

2141 2213 2267 2285 201)
2300 2229 2314 2267 :
2342 2212 2502 2284 prius
2531 2219 2723 2268 autem
2749 2213 2986 2267 Felicem
3014 2212 3180 2266 illum
3211 2213 3600 2265 Zummensem
3631 2207 3781 2260 morbo

2144 2300 2402 2356 distineri
2431 2300 2854 2355 affirmaverant
2897 2300 3083 2372 (lbid.,
3113 2315 3237 2369 cap.
3273 2300 3416 2368 114).
3439 2298 3662 2352 Novatus
3684 2294 3783 2349 Siti-

2143 2389 2315 2445 fensis
2346 2388 2579 2443 antistes
2630 2388 2966 2457 catholicus,
2996 2403 3127 2441 cum
3172 2388 3460 2441 Donatum
3492 2384 3684 2438 videret
3705 2381 3782 2435 loci

2145 2478 2444 2549 cujusdam
2465 2477 2669 2532 ditioni
2690 2492 2809 2531 suae
2826 2475 3036 2531 subditi
3057 2474 3391 2546 episcopum
3408 2487 3522 2525 sese
3541 2469 3780 2528 ferentem,

2147 2568 2229 2622 ibi
2259 2568 2485 2622 nullum
2509 2582 2628 2621 csse
2648 2582 2754 2621 nec
2774 2565 3106 2636 episcopum
3129 2580 3232 2617 nec
3264 2563 3382 2617 ullo
3411 2559 3630 2615 omnino
3648 2558 3783 2612 Dona-

2146 2655 2338 2709 tistam
2376 2654 2618 2708 asseruit
2648 2653 2785 2721 (Ibid
2797 2694 2841 2723 .,
2867 2669 3025 2723 capp.
3058 2654 3184 2718 203,
3215 2651 3367 2722 204).
3398 2648 3653 2704 Asellicus
3683 2658 3785 2715 quo-

2148 2758 2259 2815 que
2285 2743 2661 2797 Tusuritanus
2690 2742 2993 2813 episcopus
3016 2742 3245 2812 juratus
3293 2736 3621 2794 asseveravit
3658 2732 3783 2787 tertio

2147 2832 2419 2887 kalendas
2461 2831 2661 2898 maias,
2713 2848 2826 2903 quo
2874 2831 2966 2886 die
3006 2847 3072 2885 ex
3119 2828 3465 2899 Arzugibus,
3513 2824 3712 2894 regione
3734 2819 3783 2872 ad

2148 2920 2350 2975 Africae
2395 2920 2695 2975 meridiem
2752 2920 2879 2984 sita,
2933 2919 3218 2990 profectus
3284 2920 3388 2979 est,
3436 2911 3785 2969 Victorianum.

2149 3008 2249 3080 qui
2276 3008 2382 3062 sibi
2410 3007 2689 3079 Aquensis
2729 3008 3160 3062 Donatistarum
3204 3002 3463 3077 episcopi
3490 3002 3697 3057 titulum
3719 3010 3781 3048 ar-

2148 3097 2405 3168 rogabat,
2439 3097 2835 3167 presbyterum
2867 3100 3087 3150 tantum
3112 3094 3313 3158 fuisse,
3336 3098 3505 3164 atque
3526 3090 3650 3144 adeo
3665 3086 3786 3140 illum

2148 3183 2209 3237 in
2230 3182 2430 3237 itinere
2444 3183 2794 3250 ordinatum,
2810 3182 3038 3237 tametsi
3055 3182 3324 3236 adulterii
3345 3180 3646 3253 postulatus
3661 3178 3783 3233 esset,

2149 3272 2309 3342 cujus
2335 3272 2517 3326 adhuc
2538 3271 2813 3342 penderet
2832 3270 3080 3342 cognitio
3096 3269 3259 3339 (Ibid.
3273 3311 3289 3337 ,
3308 3286 3429 3340 cap.
3452 3269 3573 3334 207,
3591 3262 3667 3319 vel
3678 3262 3783 3325 208}.

2223 3358 2273 3413 5.
2314 3360 2376 3414 ld
2404 3375 2573 3429 porro
2601 3359 2826 3414 videtur
2867 3359 3165 3413 observatu
3211 3360 3385 3428 longe
3419 3352 3782 3426 dignissimum,

2152 3449 2306 3519 quod
2330 3447 2390 3501 in
2402 3447 2562 3512 Quod
2571 3448 2795 3502 vultdeo
2815 3447 3105 3501 Cessitano
3116 3445 3385 3517 episcopo
3399 3441 3624 3512 contigit
3638 3434 3782 3506 (Ibid,

2153 3552 2310 3606 Capp.
2340 3538 2466 3599 206,
2506 3534 2665 3604 207);
2697 3534 2757 3589 in
2799 3551 2915 3606 quo
2954 3534 3165 3588 scilicet
3210 3527 3645 3587 manifestissimi
3670 3537 3787 3579 mer.-

2151 3624 2298 3680 dacii
2339 3622 2580 3678 convicti
2627 3627 2760 3677 sunt
2790 3617 2990 3692 (Epist.
3040 3625 3161 3689 141,
3205 3638 3263 3675 n.
3331 3622 3399 3690 1).
3458 3617 3659 3673 Etenim
3693 3624 3787 3665 cum

2152 3713 2317 3768 istius
2344 3711 2590 3783 episcopi
2622 3711 2980 3781 subscriptio,
3000 3710 3240 3780 perinde
3265 3726 3331 3764 ac
3359 3709 3408 3762 si
3435 3707 3585 3762 illam
3608 3698 3787 3757 Cartha-

2153 3803 2285 3874 gine
2319 3805 2624 3867 exarasset,
2656 3800 2807 3854 inter
2850 3799 2992 3854 alias
3021 3798 3357 3867 haberetur,
3402 3812 3504 3850 nec
3531 3800 3697 3848 tamen
3721 3786 3788 3839 ille

2155 3906 2257 3945 suo
2286 3889 2518 3944 nomine
2547 3887 2780 3942 recitato
2810 3887 3215 3957 responderet;
3252 3890 3312 3940 et
3341 3901 3473 3939 cum
3501 3878 3790 3954 quaereretur

2152 3978 2254 4034 ubi
2283 3982 2447 4047 esset,
2477 3976 2664 4031 subita
2695 3975 3129 4048 perturbatione
3158 3974 3379 4041 caecati,
3412 3971 3518 4043 ipsi
3556 3983 3670 4023 cum
3693 3976 3789 4017 con-

2155 4066 2286 4121 fessi
2312 4070 2443 4119 sunt
2481 4065 2540 4119 in
2579 4064 2783 4118 itinere
2826 4062 3115 4117 defecisse.
3156 4065 3226 4117 Et
3259 4077 3383 4116 cum
3420 4051 3789 4131 qumrerentCa-

2156 4156 2359 4220 tholici,
2391 4153 2651 4223 quomodo
2666 4154 2904 4221 potuerit
2922 4150 3076 4220 apud
3096 4150 3479 4219 Carthaginem
3502 4141 3789 4202 subscribam

2128 4245 2253 4327 .qui
2277 4244 2461 4309 fuerat
2503 4243 2561 4294 in
2588 4242 2782 4295 itinere
2818 4240 3146 4306 defunctus;
3192 4239 3282 4292 illi
3332 4238 3432 4291 diu
3456 4226 3789 4327 ﬂuctuavertml

2152 4331 2477 4401 perturbati,
2510 4335 2559 4383 et
2591 4331 2877 4383 nescientes
2908 4327 3043 4396 quid
3068 4327 3477 4396 responderent.
3508 4326 3635 4379 Nam
3656 4317 3791 4388 primo

2154 4421 2433 4483 dicarunt,
2466 4433 2572 4471 non
2601 4417 2666 4471 de
2693 4419 2831 4486 ipso,
2865 4416 2960 4471 sed
2989 4417 3054 4471 de
3078 4416 3186 4471 alio
3209 4417 3387 4483 fuisse
3424 4414 3719 4481 suggestum.
3746 4402 3793 4454 El

2154 4523 2273 4562 cum
2311 4507 2586 4561 Catholici
2609 4509 2893 4575 putassent
2934 4505 3000 4559 de
3036 4505 3164 4564 alio,
3204 4503 3267 4557 id
3296 4507 3396 4570 est,
3445 4502 3509 4557 de
3545 4498 3710 4555 clerico
3732 4503 3793 4543 eos

2156 4597 2349 4663 dicere,
2382 4596 2480 4665 qui
2504 4609 2604 4665 pro
2623 4599 2830 4648 mortuo
2851 4593 3184 4647 subscribere
3211 4594 3426 4661 potuit;
3452 4587 3706 4673 quaesituri!
3722 4581 3790 4673 est.

2154 4690 2337 4740 utrum
2366 4686 2585 4739 clericus
2614 4698 2709 4738 suo
2740 4684 2966 4750 nomine,
3000 4698 3072 4735 an
3103 4682 3252 4735 illius
3279 4696 3387 4750 pro
3403 4681 3604 4733 mortuo
3615 4670 3796 4727 subscri-

2150 4774 2343 4845 pserit.
2370 4771 2477 4827 Sed
2496 4775 2623 4842 post
2636 4785 2869 4840 magnas
2888 4769 3180 4840 angustias
3196 4762 3652 4839 perturbationis,
3667 4760 3795 4845 atqu?

2156 4842 2528 4916 inconstantia
2562 4863 2617 4914 et
2657 4858 2829 4913 variae
2859 4857 3247 4929 responsionis
3291 4872 3433 4924 suae,
3468 4842 3796 4923 responderunt

2157 4954 2334 5020 ipsum
2361 4948 2576 5017 quidem
2600 4946 2953 5017 subscripisse
2967 4952 3302 5017 praesentem,
3328 4960 3448 4999 cum
3468 4946 3637 4998 octavo
3664 4933 3797 5023 halat-

2159 5039 2259 5093 das
2283 5039 2475 5109 junias
2500 5038 2819 5092 mandatum
2848 5035 3038 5108 ﬁeret;
3070 5035 3166 5089 sed
3184 5037 3441 5104 quoniam
3459 5045 3594 5101 aeger
3618 5023 3799 5081 subscrt‘

2157 5108 2364 5197 pserat,
2405 5133 2726 5181 remeantem
2759 5125 2835 5180 ad
2869 5126 3101 5195 propria
3127 5126 3186 5179 in
3214 5125 3408 5178 itinere
3435 5120 3688 5186 defecisse.
3717 5108 3798 5204 Ουξ)

2161 5217 2350 5271 audito
2375 5217 2642 5272 Catholici
2656 5217 2929 5285 petierunt
2948 5216 3231 5284 superiora
3249 5227 3429 5266 eorum
3439 5208 3593 5264 verba
3604 5203 3795 5258 recitem

2159 5309 2222 5359 ut
2244 5307 2368 5373 ipsa
2406 5307 2649 5358 varietas
2678 5303 3009 5372 deprehensa
3060 5303 3387 5356 claresceret.
3424 5295 3575 5363 Quod
3608 5286 3797 5382 cun/If

2162 5397 2305 5446 ctum
2356 5393 2570 5458 fuisset,
2630 5396 2680 5445 et
2716 5390 2843 5445 inde
2880 5394 3169 5460 appareret
3215 5403 3375 5457 quam
3412 5399 3605 5456 parum
3636 5375 3727 5433 sibi
3757 5375 3799 5422 in

2163 5482 2436 5549 responsis
2489 5482 2603 5534 suis
2659 5483 2993 5543 constarent;
3049 5478 3297 5545 quaesivit
3349 5475 3608 5541 Cognitor,
3660 5468 3798 5519 utrum
