3912 6174
148 315 227 367 it?
1577 317 1778 374 LIBER
1819 320 2094 376 SEXTUS.

142 452 285 504 saltem
310 449 396 502 sub
421 451 514 502 Dei
541 449 912 517 testiﬁcatione
937 451 1248 520 ﬁrmarent,
1289 469 1406 506 eum
1433 455 1610 520 fuisse
1639 458 1770 511 Car-

145 539 324 604 thagini,
351 536 556 604 quando
578 543 864 606 praesentes
890 540 1248 606 prarsentibus
1267 543 1684 606 mandaverunt,
1709 551 1768 600 ut

146 624 484 678 subscriberent.
529 625 627 677 Ubi
655 626 1016 679 vehementius
1042 629 1372 695 perturbati,
1405 646 1510 684 nec
1541 649 1599 685 se
1633 649 1769 704 per-

143 713 250 782 jurio
272 711 472 780 illigare
502 711 640 776 ausi,
670 713 1064 780 responderunt
1105 731 1118 768 :
1152 716 1295 781 Quid
1323 717 1373 770 si
1409 724 1460 772 et
1497 722 1642 774 alius
1665 736 1769 790 pro

145 802 271 855 eodem
295 800 574 868 apposuit?
596 803 750 854 Hanc
766 817 947 856 eorum
965 804 1267 868 falsitatem
1287 805 1670 875 deprehensam
1680 811 1769 878 ju-

141 891 242 943 dicio
255 890 338 941 Dei
347 889 662 956 relinquens,
675 890 851 955 jussit
873 895 1064 944 caetera
1076 895 1294 946 nomina
1307 897 1529 949 recitari
1543 900 1692 966 (B-rev
1701 901 1766 952 ic.

135 978 280 1032 Collat.
329 980 376 1044 1,
403 991 518 1045 cap.
557 977 664 1046 14).
696 981 882 1048 Atque
914 978 993 1032 ita
1032 981 1358 1044 Donatistm,
1390 983 1489 1054 qui
1523 985 1768 1038 Catholi-

131 1081 284 1118 corum
337 1064 764 1134 subscriptiones
825 1065 1032 1119 idcirco
1079 1068 1380 1122 voluerant
1435 1071 1768 1140 examinari,

128 1152 232 1220 quia
255 1151 405 1204 falsas
425 1151 485 1204 in
511 1152 591 1205 eis
622 1153 926 1206 nonnullas
955 1154 1307 1224 deprehendi
1329 1173 1492 1226 posse
1514 1158 1769 1212 credide-

127 1245 224 1291 rant
249 1239 350 1304 (Ad
373 1242 639 1294 Donatist.
669 1245 790 1308 post
821 1242 1020 1295 Collat.
1068 1259 1124 1296 η.
1168 1244 1280 1313 56),
1323 1245 1440 1298 suis
1468 1262 1526 1300 se
1559 1247 1772 1302 retibus

127 1326 427 1396 implicuere.
460 1328 522 1380 In
553 1327 656 1382 hac
685 1333 878 1382 autem
907 1331 1272 1385 contentione
1301 1349 1430 1386 cum
1457 1335 1770 1405 subfrigide

125 1414 312 1468 dixisset
338 1415 661 1485 Petilianus,
700 1419 817 1471 Non
845 1423 922 1472 est
953 1419 1250 1474 humanum
1278 1424 1457 1476 mori?
1498 1423 1770 1476 continuo

123 1502 175 1554 ab
196 1503 373 1573 Alypio
399 1520 739 1574 responsum
763 1511 864 1572 est,
893 1509 1267 1563 Humanitatis
1287 1515 1366 1564 est
1395 1513 1554 1576 mori,
1577 1512 1671 1564 sed
1692 1514 1774 1565 in-

123 1592 426 1646 humanitatis
445 1595 952 1663 estfallere(Collat.
969 1597 1232 1664 Carthag.
1271 1602 1319 1662 1,
1337 1614 1455 1667 cap.
1472 1601 1619 1667 207).
1645 1601 1770 1654 Per-

123 1679 244 1731 lectis
266 1681 679 1734 Donatistarum
700 1682 1214 1752 subscriptionibus
1235 1685 1471 1756 Alypius
1493 1687 1771 1740 sexdecim

122 1766 266 1820 adhuc
303 1768 593 1838 episcopos
641 1769 968 1836 catholicos,
1019 1773 1119 1842 qui
1166 1773 1496 1827 mandatum
1527 1775 1772 1828 subscri-

123 1855 296 1921 berent,
323 1861 529 1925 printer
547 1857 802 1927 quatuor
821 1859 965 1912 alios
981 1859 1040 1912 in
1061 1861 1204 1914 urbe
1223 1861 1424 1916 morbo
1447 1862 1771 1933 impeditos,

122 1942 287 1997 obtulit
312 1944 469 2009 Ibid.,
500 1961 661 2014 capp.
717 1949 842 2011 212,
892 1948 1040 2015 215).
1092 1947 1214 2011 Quo
1263 1949 1476 2003 factum
1507 1956 1592 2004 est
1620 1953 1684 2004 ut
1713 1950 1772 2002 in

121 2030 462 2101 episcoporum
479 2033 741 2086 omnium
755 2035 1161 2103 supputatione
1191 2037 1511 2091 Donatistas
1534 2054 1772 2092 numero

123 2118 363 2173 vincerent
395 2121 690 2175 Catholici.
735 2123 878 2176 Dein
920 2123 1214 2194 episcopos
1257 2141 1475 2190 omnes,
1521 2126 1772 2195 exceptis

119 2207 310 2275 triginta
343 2225 433 2262 sex
464 2210 602 2276 illis,
636 2211 734 2280 qui
763 2210 832 2263 ad
863 2211 1235 2266 Collationem
1279 2213 1473 2267 selecti
1521 2214 1770 2279 fuerant,

121 2295 406 2352 dimiserunt
426 2299 616 2368 (Ibid.,
637 2316 758 2368 cap.
781 2301 927 2368 2l6).
948 2300 1055 2355 Sed
1071 2301 1343 2371 quoniam
1363 2303 1501 2356 hora
1521 2303 1634 2356 diei
1649 2303 1772 2372 jam

118 2384 372 2440 undecima
419 2387 800 2457 praeterierat,
853 2389 960 2442 hoc
1012 2395 1118 2456 est,
1170 2394 1324 2443 sexta
1381 2377 1774 2460 pomeridiana

122 2477 230 2542 erat,
256 2475 604 2528 Marcellinus
631 2476 698 2530 de
721 2477 969 2546 partium
995 2494 1277 2531 consensu
1309 2478 1681 2532 Collationem
1715 2479 1774 2533 in

122 2563 448 2629 perendinum
483 2565 659 2626 diem,
697 2564 971 2618 nimirum
1002 2565 1062 2618 in
1089 2565 1240 2618 diem
1268 2566 1506 2633 sabbati,
1540 2568 1774 2622 tertium

125 2662 264 2701 nonas
285 2650 484 2719 junias,
522 2651 766 2712 distulit,
796 2656 858 2705 ut
885 2669 1012 2722 qua:
1043 2652 1192 2706 dicta
1215 2653 1446 2708 fuerant
1473 2660 1530 2708 et
1551 2660 1774 2710 tantum

120 2734 233 2788 notis
251 2744 491 2809 excepta,
515 2755 624 2810 per
643 2740 1005 2810 interjectum
1023 2741 1183 2794 illum
1208 2741 1359 2794 diem
1384 2743 1622 2796 exscribi
1640 2749 1696 2797 et
1715 2743 1776 2797 in

120 2821 460 2880 dilucidiorem
493 2829 740 2880 formam
779 2827 958 2897 digeri
990 2832 1223 2897 possent
1259 2829 1441 2896 (Ibid.,
1475 2847 1594 2900 cap.
1626 2835 1774 2899 2l9).

171 2913 212 2963 6.
239 2913 738 2984 Postridie,quarto
761 2915 1214 2968 videlicetnonas
1228 2915 1421 2986 junias
1444 2917 1579 2971 anni
1603 2919 1776 2973 unde-

117 2996 218 3050 cimi
244 3017 400 3071 supra
429 3002 1089 3074 quadringentesimum,
1124 3019 1252 3073 quae
1283 3009 1437 3058 sexta
1457 3009 1579 3058 erat
1609 3004 1770 3072 feria,

116 3089 290 3142 actores
335 3090 666 3157 Donatistae,
706 3090 1066 3144 defensorum
1117 3091 1376 3145 Ecclesiae
1417 3093 1672 3146 veritatis
1704 3093 1774 3146 ti-

115 3174 261 3230 tulum
289 3177 387 3231 sibi
415 3183 779 3248 arrogantes,
813 3179 1136 3232 Marcellino
1169 3179 1463 3233 Notoriam
1489 3180 1773 3246 obtulere,

114 3277 325 3329 quacum
338 3266 1020 3337 exposuissent,lougiora
1037 3284 1157 3321 esse
1175 3267 1489 3338 superioris
1502 3268 1772 3321 Collatio-

111 3349 178 3401 nis
203 3358 330 3418 acta,
360 3371 536 3425 quam
571 3360 636 3408 ut
662 3355 818 3408 brevi
847 3355 1320 3421 describerentur,
1351 3357 1774 3410 Catholicorum

113 3442 326 3496 mandati
346 3446 575 3516 copiam
599 3445 829 3498 interim
852 3445 959 3498 sibi
979 3445 1101 3499 fieri
1131 3447 1444 3515 petierunt,
1466 3450 1530 3500 ut
1552 3447 1623 3501 ad
1644 3463 1774 3517 pro-

110 3532 452 3598 pugnandam,
485 3549 669 3604 quam
692 3537 1077 3604 susceperant,
1102 3550 1352 3598 causam,
1378 3539 1570 3588 essent
1588 3535 1773 3604 parati

111 3616 264 3680 (Ibid,
328 3624 378 3687 2,
453 3638 582 3690 cap.
663 3623 764 3689 12).
833 3622 1008 3676 Iussit
1081 3623 1438 3676 Marcellinus
1520 3623 1776 3677 mandati

110 3708 392 3776 exemplum
424 3709 544 3764 illis
579 3710 702 3763 dari
749 3726 761 3763 :
815 3711 969 3779 quod
999 3710 1197 3780 utique
1229 3710 1288 3764 in
1320 3726 1520 3763 eorum
1553 3711 1776 3764 animos

109 3795 584 3861 perturbationem,
635 3801 696 3850 ut
748 3797 858 3867 ipsi
901 3797 1144 3851 confessi
1198 3802 1352 3863 sunt,
1406 3798 1606 3868 injecit
1658 3815 1774 3852 non

108 3878 357 3936 minimam
407 3885 604 3955 (Ibid,
634 3901 794 3954 capp.
825 3888 912 3950 33,
949 3888 1062 3955 36),
1097 3901 1225 3939 cum
1267 3902 1482 3946 revera,
1527 3886 1680 3956 quod
1721 3886 1773 3940 ei

108 3971 494 4041 responderent,
552 3973 698 4026 nihil
743 3977 1112 4026 succurreret.
1166 3973 1306 4026 Hinc
1358 3973 1774 4043 prosequendte

106 4061 293 4120 postero
339 4061 448 4127 die,
494 4060 557 4116 id
604 4065 688 4114 est
730 4060 898 4114 tertio
940 4077 1122 4114 nonas
1163 4061 1378 4130 junias,
1423 4061 1772 4126 Collationis,

104 4149 428 4210 quantumvis
454 4149 532 4204 ad
563 4149 616 4203 id
647 4149 813 4202 arctis
842 4166 899 4202 se
929 4148 1228 4219 promissis
1260 4148 1624 4219 obligassent,
1649 4165 1772 4202 mu-

105 4235 261 4287 tavere
305 4238 634 4301 consilium,
687 4242 980 4307 sperantes
1009 4237 1220 4290 scilicet
1249 4238 1388 4303 fore,
1421 4241 1484 4290 ut
1513 4253 1615 4307 per
1644 4253 1774 4289 mo—

103 4333 202 4373 ram
226 4323 468 4394 aliquam
501 4325 728 4378 animos
758 4326 1011 4396 recipere
1042 4325 1152 4379 sibi
1172 4325 1388 4378 liceret.
1414 4329 1681 4378 Attamen
1704 4324 1774 4378 ad

103 4409 334 4481 colloquii
357 4415 550 4468 locum
583 4414 693 4468 hoc
713 4413 805 4468 die
829 4414 980 4484 junii
999 4413 1172 4468 tertio
1201 4430 1258 4466 se
1292 4413 1677 4477 contulere,ex
1707 4412 1775 4466 iis

105 4495 298 4564 quidem
350 4503 456 4556 soli
509 4507 730 4573 septem
781 4502 1187 4573 disputatores;
1236 4518 1264 4554 e
1310 4501 1612 4555 Catholicis
1645 4517 1776 4554 vero

104 4587 379 4643 octodecim
429 4591 830 4659 delegatorum
872 4592 1066 4644 nullus
1104 4590 1282 4644 defuit
1323 4589 1505 4658 (Ibid.,
1539 4605 1660 4658 cap.
1697 4589 1772 4659 2).

103 4668 312 4742 Rogavit
339 4678 533 4732 denuo
558 4679 938 4744 Marcellinus,
959 4679 1042 4732 uti
1065 4676 1628 4732 sederent.Continuo
1650 4693 1775 4729 mo-

102 4774 462 4834 remggessere
497 4767 789 4822 Catholici.
841 4769 1050 4820 Verum
1092 4765 1400 4820 Donatistze
1444 4781 1560 4818 non
1604 4765 1775 4818 modo

101 4844 228 4903 hunc
267 4852 543 4908 honorem
592 4859 956 4924 respuerant,
997 4854 1095 4908 sed
1125 4855 1294 4908 etiam
1321 4854 1674 4924 jactitarunt,
1703 4869 1776 4906 ne

99 4950 207 4988 cum
228 4940 534 4996 Catholicis
574 4959 691 4996 una
715 4943 1002 5008 sederent,
1031 4941 1236 4996 divinis
1262 4942 1485 5012 legibus
1516 4941 1624 4995 sibi
1653 4957 1775 4994 esse

97 5024 324 5081 vetitum.
361 5031 482 5083 Hoc
513 5031 705 5084 Patres
735 5029 1002 5084 catholici
1032 5029 1484 5094 dissimularunt,
1515 5033 1579 5083 ut
1607 5045 1678 5082 ne
1714 5028 1774 5082 in

93 5113 428 5170 confutandis
476 5117 546 5170 iis
593 5134 723 5188 qua:
753 5118 824 5172 ad
872 5134 995 5172 rem
1033 5117 1177 5171 nihil
1207 5117 1476 5182 facerent,
1509 5117 1777 5170 luderent

94 5202 315 5270 tempus.
353 5206 648 5275 Extemplo
693 5211 887 5260 tamen
930 5222 1334 5260 consurrexere
1371 5221 1592 5260 omnes.
1626 5204 1774 5267 Quin

93 5291 139 5339 et
187 5291 313 5345 sede
375 5294 662 5348 removeri
700 5295 881 5362 jussa,
940 5295 1298 5349 Marcellinus
1345 5293 1467 5364 ipse
1512 5293 1573 5346 in
1604 5293 1776 5363 pedes

91 5377 242 5440 stetit,
276 5382 562 5448 professus
581 5383 687 5436 sibi
710 5400 826 5436 non
855 5383 1028 5436 licere
1048 5399 1153 5452 per
1174 5399 1301 5436 eam
1327 5381 1769 5446 venerationem,

89 5477 187 5529 qua
215 5471 664 5540 prosequebatur
692 5471 1220 5538 antistites,sedere,
1241 5473 1378 5525 dum
1407 5470 1557 5523 idem
1590 5469 1773 5523 facere

91 5548 161 5602 illi
200 5565 529 5611 recusarent
575 5558 765 5629 (Ibid.,
805 5574 966 5628 capp.
1019 5561 1073 5621 3,
1121 5559 1193 5629 4).
1259 5556 1564 5611 Donatistae
1611 5571 1772 5610 suam

3476 344 3581 397 418

1881 443 2138 513 ipsorum
2164 448 2546 518 arrogantiam
2568 449 2672 504 hac
2702 451 2911 520 agendi
2932 452 3154 508 ratione
3175 457 3309 511 satis
3337 459 3582 515 declara-

1880 533 2033 586 bant.
2067 536 2131 588 Et
2160 535 2389 606 quidem
2420 536 2479 590 in
2509 537 2678 591 tertia
2710 539 3021 595 Collatione
3053 543 3332 598 Catholici
3361 563 3465 616 per
3494 565 3582 602 oc-

1880 621 2168 676 casionem
2201 626 2580 694 quarumdam
2614 626 2928 682 litterarum
2958 629 3028 682 ab
3067 631 3178 684 illis
3214 633 3578 704 scriptarum,

1881 711 2089 780 quibus
2145 714 2586 782 respondebant,
2635 715 3007 770 deridiculum
3063 719 3220 774 illam
3272 721 3580 776 vanitatem

1880 800 2260 868 perstrinxere
2298 818 2310 854 :
2343 802 2557 871 quippe
2589 819 2685 856 eos
2716 803 3035 874 Scripturas
3064 823 3366 878 perperam
3401 810 3579 864 inter-

1879 887 2119 956 pretari;
2171 894 2268 942 aut
2316 890 2361 942 si
2410 894 2644 960 propter
2690 893 2862 946 verba
2918 895 3146 963 psalmi,
3196 899 3317 951 Non
3361 900 3480 953 sedi
3523 903 3580 953 in

1881 977 2101 1029 concilio
2144 979 2454 1046 impiarum,
2499 996 2712 1046 secum,
2754 997 2894 1051 quos
2934 981 3246 1052 impiorum
3288 1002 3580 1058 nuncupa-

1879 1062 2032 1116 tione
2095 1069 2317 1118 notatos
2380 1067 2666 1132 volebant,
2735 1070 3040 1123 consedere
3107 1072 3572 1142 prohiberentur,

1879 1165 2065 1221 neque
2095 1152 2266 1206 etiam
2295 1153 2353 1206 in
2380 1155 2644 1208 eumdem
2675 1155 2899 1225 ingredi
2932 1159 3119 1212 locum
3151 1161 3412 1215 debuisse
3443 1180 3574 1232 pro-

1880 1243 2008 1306 pter
2035 1239 2295 1308 proxime
2317 1246 2616 1310 sequentes
2646 1244 2901 1312 ejusdem
2921 1247 3129 1314 psalmi
3158 1265 3344 1317 voces,
3367 1253 3435 1304 Et
3461 1268 3580 1305 cum

1881 1329 2074 1394 iniqua
2103 1330 2409 1392 gerentibus
2449 1347 2556 1383 non
2594 1331 2827 1384 introibo
2857 1335 3022 1401 (Psal.
3069 1352 3198 1401 xxv,
3231 1339 3312 1403 4);
3347 1341 3576 1408 quando

1881 1431 2014 1468 vero
2037 1416 2156 1486 jam
2193 1433 2386 1470 secum
2416 1418 2615 1471 eodem
2657 1418 2896 1474 introire
2937 1421 3175 1476 minime
3206 1424 3577 1488 dubitassent,

1882 1504 2186 1573 quominus
2225 1504 2396 1558 etiam
2445 1505 2837 1571 consederant,
2881 1508 3192 1563 detrectare
3237 1511 3577 1583 neutiquam

1883 1593 2088 1647 debere
2119 1595 2341 1662 (Brevic.
2377 1595 2566 1650 Collat.
2599 1598 2648 1658 3,
2683 1611 2739 1648 n.
2781 1598 2881 1663 18).

1951 1687 2005 1734 ’7.
2039 1681 2362 1735 Marcellino
2400 1683 2577 1752 igitur
2614 1685 2950 1756 cmterisque
2989 1687 3272 1741 stantibus
3322 1689 3578 1756 Notoria,

1883 1785 2056 1839 quam
2084 1770 2266 1838 pridie
2298 1771 2622 1824 obtulerant
2643 1773 2950 1827 Donatistae
2977 1776 3224 1844 perlecta
3251 1781 3334 1830 est
3366 1777 3577 1847 (Collat.

1883 1858 2142 1923 Carthag.
2200 1861 2256 1926 9.,
2322 1874 2438 1926 cap.
2501 1861 2608 1925 12).
2662 1859 2981 1915 Sciscitanti
3044 1863 3250 1917 deinde
3305 1865 3578 1932 Tribuno,

1881 1945 2163 2014 numquid
2209 1945 2393 2015 parati
2441 1951 2628 1999 essent
2673 1947 2924 2018 episcopi
2972 1967 3074 2002 sua
3120 1951 3362 2022 quisque
3408 1954 3583 2006 verba

1883 2033 2234 2087 subscribere
2254 2033 2444 2104 (Ibid.,
2469 2051 2514 2088 c.
2544 2037 2624 2104 l3)
2643 2054 2656 2102 ;
2677 2035 2864 2104 primo
2885 2038 3119 2108 quidem
3143 2040 3448 2094 Donatista:
3473 2057 3581 2094 mo-

1883 2121 1960 2174 ris
2003 2122 2109 2174 hoc
2158 2137 2278 2174 esse
2325 2129 2706 2192 negaverunt;
2752 2125 2958 2180 deinde
2998 2143 3128 2180 vero
3178 2133 3298 2182 tum
3343 2145 3583 2200 respon-

1884 2225 2048 2262 suros
2095 2226 2215 2262 sese
2261 2209 2544 2276 dixerunt,
2600 2228 2729 2264 cum
2774 2212 2882 2266 sibi
2933 2219 3227 2284 gestorum
3271 2217 3583 2286 superioris

1884 2296 2219 2362 collationis,
2259 2313 2391 2368 qum
2439 2297 2694 2352 nondum
2742 2299 2976 2353 omnino
3018 2302 3297 2372 descripta
3335 2303 3581 2370 fuerant,

1884 2386 2158 2439 traditum
2217 2391 2362 2440 esset
2409 2388 2734 2457 exemplum
2786 2405 2798 2441 :
2850 2404 3057 2458 cupere
3112 2391 3268 2444 enim
3321 2407 3378 2444 se
3423 2393 3580 2462 prius

1885 2491 2058 2544 quam
2089 2491 2178 2528 res
2208 2476 2358 2528 ultra
2394 2480 2850 2544 promoveretur,
2885 2495 2951 2531 ea
2993 2478 3178 2532 denuo
3211 2480 3421 2550 legere,
3450 2497 3582 2535 nec-

1884 2579 1999 2615 non
2042 2563 2378 2616 accuratiori
2432 2562 2644 2632 judicio
2686 2564 3030 2632 expendere,
3074 2566 3224 2635 quod
3276 2567 3472 2638 utique
3518 2569 3580 2623 in

1886 2651 2200 2720 exemplari
2237 2651 2383 2704 notis
2423 2655 2649 2703 exarato
2688 2651 2878 2704 minus
2917 2657 3206 2721 poterant,
3247 2659 3442 2724 utpote
3481 2656 3581 2726 qui

1886 2755 1980 2792 eas
2022 2755 2139 2792 non
2184 2743 2447 2803 nossent;
2494 2755 2626 2791 cum
2671 2738 2924 2808 alioquin
2956 2745 3118 2792 notas
3154 2742 3386 2794 alterius
3415 2742 3586 2796 sciret

1885 2843 2054 2880 nemo
2087 2827 2274 2897 (Ibid.,
2325 2841 2483 2894 capp.
2536 2829 2625 2893 16,
2676 2829 2766 2894 20,
2816 2829 2902 2891 33,
2937 2830 3024 2891 38,
3067 2829 3173 2896 43).
3211 2829 3276 2882 Et
3315 2829 3422 2882 hoc
3469 2846 3584 2884 non

1885 2915 2040 2968 aliud
2089 2918 2229 2980 erat,
2278 2930 2451 2983 quam
2499 2918 2726 2982 tempus
2776 2915 3024 2981 trahere,
3059 2931 3122 2968 ac
3169 2916 3584 2984 prolationibus

1885 3018 2054 3072 agere
2081 3003 2221 3055 velle
2254 3017 2324 3054 ne
2355 3001 2424 3055 ad
2456 3001 2742 3071 judicium
2781 3001 3070 3055 veniretur
3099 3003 3281 3072 (Ibid.,
3314 3020 3432 3074 cap.
3468 3007 3580 3073 36).

1886 3092 2083 3161 Itaque
2125 3089 2578 3160 respondebatur
2604 3105 2637 3142 a
2671 3089 2993 3155 Catholicis,
3027 3106 3117 3143 eos
3147 3090 3205 3143 in
3237 3091 3420 3161 prima
3452 3093 3578 3147 Col-

1887 3179 2119 3244 latione,
2152 3178 2199 3231 si
2230 3177 2366 3248 quid
2393 3183 2687 3247 gestorum
2718 3179 3052 3249 apographo
3085 3195 3228 3248 opus
3259 3185 3426 3250 esset,
3456 3197 3586 3250 pro-

1887 3268 2100 3338 spicere
2133 3268 2414 3332 debuisse,
2439 3283 2542 3320 nec
2572 3267 2826 3337 polliceri
2860 3284 2917 3320 se
2948 3268 3106 3338 prius
3135 3269 3204 3322 ad
3236 3270 3584 3341 colloquium

1886 3356 2190 3424 redituros,
2219 3371 2393 3425 quam
2424 3354 2532 3409 sibi
2562 3354 2631 3408 ad
2664 3353 2722 3408 id
2759 3355 2970 3424 paratis
2999 3371 3116 3408 esse
3154 3355 3351 3410 liceret
3385 3374 3397 3410 :
3431 3373 3586 3412 nunc

1887 3459 2018 3496 vero
2049 3447 2179 3512 post
2213 3443 2389 3496 fidem
2426 3442 2615 3496 datam
2648 3442 2894 3512 amplius
2932 3439 3368 3512 procrastinare,
3401 3446 3581 3500 haud-

1887 3547 2176 3602 quaquam
2199 3530 2489 3599 integrum
2523 3545 2670 3594 esse;
2706 3530 2835 3582 illos
2864 3529 3048 3598 pridie
3080 3531 3202 3600 ejus
3233 3531 3348 3584 diei
3379 3533 3584 3586 Catho-

1886 3618 2124 3671 licorum
2153 3618 2488 3670 mandatum
2512 3617 2761 3687 petiisse,
2793 3633 2897 3670 nec
2929 3617 3100 3671 ullius
3131 3623 3410 3688 praeterea
3439 3622 3584 3675 alte-

1885 3707 2004 3759 rius
2033 3705 2116 3758 rei
2146 3705 2494 3759 mentionem
2525 3703 2719 3760 fecisse
2739 3705 2926 3772 (Ιὸἱιί.,
2949 3721 3067 3774 cap.
3098 3707 3205 3775 49).
3238 3707 3383 3770 Quin
3411 3708 3585 3762 etiam

1886 3793 2240 3864 superiorem
2289 3793 2658 3848 Collationem
2705 3792 2898 3863 potius
2947 3793 3006 3846 in
3055 3795 3418 3849 recensendis
3471 3796 3584 3866 epi-

1886 3900 2191 3954 scoporum
2222 3881 2751 3954 subscriptionibus,
2783 3887 2956 3952 atque
2985 3882 3045 3936 in
3074 3883 3200 3937 aliis
3231 3883 3581 3954 hujusmodi,

1887 3988 2058 4043 quam
2081 3971 2139 4024 in
2161 3988 2220 4025 re
2245 3971 2414 4024 ullius
2435 3971 2504 4024 ad
2529 3970 2826 4041 negotium
2851 3973 3141 4035 momenti,
3161 3972 3332 4026 fuisse
3351 3974 3588 4027 colloca-

1884 4067 2002 4114 tam
2026 4061 2214 4129 (Ibid.,
2230 4076 2350 4128 cap.
2370 4062 2478 4121 40).
2506 4060 2714 4112 Verum
2734 4059 2854 4113 istis
2875 4060 3113 4113 minime
3135 4061 3410 4126 contenti,
3432 4061 3584 4114 diem

1886 4148 2188 4203 Collationi
2219 4147 2590 4200 constitutum
2616 4147 2738 4216 jam
2768 4145 2900 4201 inde
2931 4165 2962 4200 a
2992 4153 3195 4218 quarto
3228 4147 3448 4202 decimo
3481 4149 3586 4202 ka-

1885 4236 2081 4290 lendas
2105 4235 2298 4306 junias
2325 4236 2584 4304 elapsum
2614 4251 2756 4299 esse,
2784 4235 3270 4306 quemadmodum
3292 4235 3475 4304 pridie
3506 4237 3585 4289 fe-

1885 4327 2099 4390 cerant,
2152 4324 2386 4375 moleste
2441 4322 2802 4392 objectabant
2861 4323 3043 4392 (Ibid.,
3099 4337 3258 4390 capp.
3318 4323 3407 4387 48,
3465 4323 3580 4392 50).

1888 4411 2141 4482 Denique
2179 4427 2305 4464 cum
2347 4409 2407 4463 in
2437 4410 2684 4480 petenda
2722 4410 2989 4463 dilatione
3023 4414 3273 4462 mentem
3311 4409 3582 4463 obfirma-

1883 4504 2034 4566 1‘ent,
2066 4503 2126 4552 ut
2165 4499 2272 4552 hoc
2310 4497 2422 4552 illis
2461 4515 2495 4550 a
2525 4498 2720 4567 judice
2763 4498 3189 4562 concederetur,
3229 4498 3584 4567 Augustinus

1886 4587 2137 4640 obtinuit
2167 4587 2348 4656 (Ibid.,
2381 4601 2501 4654 cap.
2532 4586 2641 4653 56).
2685 4586 2748 4638 Et
2786 4584 2894 4654 ipsi
2929 4584 3160 4654 quidem
3201 4585 3354 4639 haud
3384 4586 3584 4657 iniqua

1883 4673 2250 4742 postulabant
2276 4689 2287 4726 :
2313 4673 2407 4726 sed
2440 4688 2568 4724 cum
2592 4688 2650 4724 se
2678 4669 2862 4740 pridie
2882 4671 3160 4740 promisso
3190 4673 3261 4725 ad
3291 4674 3579 4742 agendum

1885 4761 1992 4814 hoc
2041 4761 2132 4815 die
2182 4759 2476 4830 negotium
2529 4757 2902 4826 obligassent;
2944 4759 3066 4826 jam
3107 4775 3223 4813 non
3279 4766 3419 4824 erat,
3481 4778 3584 4815 cur

1885 4847 2211 4902 istiusmodi
2252 4848 2669 4918 postulatorum
2708 4844 3015 4898 haberetur
3053 4847 3170 4900 ulla
3207 4847 3352 4901 ratio
3396 4849 3578 4913 (Ibid.,

1884 4953 2004 5006 cap.
2039 4940 2146 5003 66).
2173 4935 2286 4989 Illis
2305 4934 2500 5004 igitur,
2525 4931 2785 5003 quamvis
2815 4948 3016 5002 parum
3035 4935 3232 4988 libenti
3262 4936 3478 5001 animo,
3502 4942 3583 4989 ta-

1888 5041 2018 5079 men
2049 5023 2382 5078 dilationem
2421 5020 2658 5074 indulsit
2689 5020 3044 5075 Marcellinus
3085 5024 3266 5089 (Ibicl.,
3307 5040 3427 5092 cap.
3459 5025 3576 5091 61);

1884 5100 2129 5183 cumque
2151 5110 2356 5164 notarii
2387 5125 2507 5162 sese
2535 5109 2736 5163 eodem
2770 5109 2862 5164 die
2888 5110 3190 5182 castigatas
3219 5111 3452 5164 schedas
3483 5127 3578 5162 ex-

1884 5201 2140 5270 pleturos
2162 5197 2559 5268 promisissent
2580 5198 2766 5266 (Ibid.,
2793 5215 2913 5268 cap.
2941 5198 3051 5267 63),
3085 5198 3394 5267 promisere
3424 5196 3581 5250 simi-

1882 5288 2012 5342 liter
2041 5304 2135 5340 eas
2183 5303 2240 5339 se
2292 5285 2710 5355 subscripturos
2743 5287 3049 5340 Donatista:
3101 5286 3279 5354 [Ibid.,
3312 5301 3432 5353 cap.
3462 5286 3573 5353 64).

1884 5379 1999 5431 Iloc
2027 5379 2191 5445 pacto
2215 5379 2388 5444 caput
2419 5374 2578 5440 illud,
2611 5375 2701 5428 cui
2726 5375 2912 5444 primo
2943 5372 3208 5442 refragati
3233 5377 3414 5441 erant,
3448 5377 3579 5426 tan-

1883 5465 2014 5518 dem
2039 5463 2346 5534 aliquando
2374 5463 2656 5515 admisere
2681 5463 2792 5531 (Αὰ
2821 5466 3010 5516 Donat.
3037 5464 3155 5526 post
3176 5460 3362 5514 Collat.
3389 5477 3442 5514 η.
3475 5465 3575 5524 15).

1887 5554 2010 5607 Non
2058 5551 2212 5605 enim
2264 5567 2358 5604 eos
2386 5550 2661 5620 fugiebat,
2696 5548 2857 5618 quin,
2907 5548 2956 5600 si
3003 5546 3150 5600 dicta
3177 5547 3411 5618 propria
3442 5549 3576 5602 sub-
