3912 6174
334 334 437 386 fit!»

335 451 736 521 scriptionibus
785 452 1123 504 contirmare
1166 449 1566 517 detrectarent,
1616 447 1748 501 hinc
1813 448 2029 518 liquido

336 544 656 611 appareret,
707 538 879 608 ipsos,
928 553 1001 591 ne
1059 536 1175 591 suis
1224 536 1409 591 verbis
1461 536 1906 603 revincerentur,
1956 536 2031 590 ti-

336 628 564 682 muisse.
618 626 888 690 Quocirca
933 625 1108 679 satius
1159 642 1279 679 esse
1331 626 1631 689 duxerunt,
1683 625 1869 679 verbis
1916 624 2031 678 suis

334 720 533 789 postea
557 714 750 768 fucum
773 730 1031 785 quaerere
1050 731 1115 768 ac
1139 713 1398 780 nebulas,
1422 729 1596 784 quam
1626 713 1725 766 illa
1754 713 1870 783 jam
1900 712 2030 767 inde

336 820 369 858 a
397 802 678 874 principio
710 802 1002 856 damnare.
1039 803 1183 872 Ergo
1233 801 1334 856 ubi
1374 818 1433 854 se
1462 801 1879 871 subscripturos
1910 806 2031 856 acta

337 891 649 946 Donatista:
678 895 1035 961 receperunt,
1068 891 1238 945 ﬁdem
1289 906 1516 961 quoque
1549 890 1754 944 dedere
1800 889 2027 956 notarii,

335 978 382 1033 si
410 978 645 1049 quidem
672 979 874 1032 eodem
895 984 993 1032 aut
1019 977 1283 1049 proximo
1305 978 1395 1032 die
1426 978 1935 1043 subscriberentur,
1960 978 2032 1030 la-

334 1067 669 1121 borantibus
692 1066 787 1120 diu
813 1071 1093 1136 noctuque
1115 1065 1507 1136 exceptoribus
1531 1066 1610 1120 ita
1633 1066 1848 1120 absolvi
1868 1082 2031 1136 posse

336 1156 536 1210 eadem
556 1161 694 1222 acta,
721 1159 783 1208 ut
806 1155 949 1209 feria
967 1158 1188 1225 quarta,
1214 1154 1456 1224 septimo
1488 1154 1578 1208 die
1610 1152 1808 1208 iduum
1834 1154 2030 1224 junia~

335 1260 465 1298 rum
488 1244 791 1298 ederentur
808 1242 870 1296 in
890 1242 1182 1313 publicum
1199 1244 1413 1311 (Collat.
1438 1244 1764 1309 Carthag.2,
1785 1243 2027 1311 cap.65).

335 1334 481 1387 Tum
527 1347 660 1385 vero
706 1330 980 1386 Catholici
1026 1332 1244 1403 pariter
1273 1348 1336 1385 ac
1381 1331 1689 1385 Donatistae
1729 1331 1797 1385 ad
1830 1330 2030 1384 feriam
2070 1324 2085 1339 ⁸

334 1420 621 1493 quintam,
646 1425 869 1474 sextum
902 1420 1229 1474 earumdem
1253 1419 1452 1474 iduum
1475 1420 1649 1485 diem,
1674 1436 1792 1473 sese
1814 1419 1873 1473 in
1895 1436 2029 1472 con-

334 1509 552 1575 eilium,
583 1513 649 1563 ut
678 1509 749 1563 de
780 1524 1005 1562 summa
1038 1508 1121 1562 rei
1147 1509 1380 1563 tandem
1412 1508 1755 1579 disputetur,
1787 1524 2029 1562 conven-

338 1604 496 1652 turos
535 1596 776 1669 polliciti
813 1601 945 1651 sunt
994 1597 1178 1665 (Ibid.,
1210 1613 1369 1666 capp.
1408 1600 1495 1663 66,
1528 1598 1635 1658 67).
1678 1596 2031 1651 Marcellinus

337 1702 567 1757 quoque
598 1685 921 1755 petentibus
954 1684 1261 1739 Donatistis
1299 1685 1523 1747 annuit,
1560 1690 1624 1739 ut
1650 1684 1838 1755 primo
1863 1701 2031 1739 mane

336 1774 567 1844 septimi
589 1773 710 1843 jam
741 1776 872 1827 ante
894 1772 1195 1826 memorati
1220 1772 1583 1827 traderentur
1606 1772 1861 1843 utrisque
1882 1773 2030 1827 utri—

334 1878 517 1933 usque
559 1859 885 1915 Collationis
932 1861 1221 1929 exempla;
1257 1860 1407 1930 quod
1450 1860 1774 1929 impletum,
1819 1861 2029 1930 scripto

336 1949 529 2004 testari
558 1952 912 2002 tenerentur.
946 1948 1133 2016 (Ibid.,
1165 1963 1323 2017 capp.
1351 1951 1440 2014 67,
1473 1950 1586 2018 68).
1612 1947 1700 2003 Sic
1727 1948 2032 2003 terminata

333 2043 415 2092 est
434 2037 681 2091 secunda
703 2035 963 2101 Collatio,
978 2036 1227 2090 Tribuno
1249 2034 1616 2105 promittente
1642 2036 1893 2090 edictum
1917 2052 2030 2107 quo

334 2124 593 2195 ipsorum
649 2124 1075 2179 Donatistarum
1140 2123 1405 2194 precibus
1471 2140 1795 2178 concessam
1858 2125 2029 2179 fuisse

335 2211 762 2283 ampliationem
785 2211 1117 2276 declararet,
1132 2210 1201 2265 ab
1218 2227 1276 2265 se
1300 2212 1725 2282 promulgatum
1749 2212 1819 2265 iri
1843 2213 1997 2283 (Ibid.
2014 2255 2026 2273 ,

334 2316 491 2372 capp.
522 2305 616 2368 ‘72,
647 2304 755 2370 73).
790 2300 905 2353 Hoc
934 2297 1130 2370 utique
1160 2298 1395 2369 Alypius
1423 2299 1686 2368 petierat,
1717 2300 1930 2354 veritus
1957 2316 2029 2353 ne

336 2406 510 2460 quam
554 2389 690 2443 hinc
737 2386 1044 2442 Donatista:
1101 2392 1373 2457 caperent
1421 2387 1775 2441 occasionem
1830 2388 2032 2458 populi

334 2477 486 2531 falsis
512 2476 860 2541 rumoribus,
882 2476 1368 2546 quemadmodum
1390 2475 1574 2546 pridie
1594 2476 1804 2530 factum
1825 2477 2026 2543 fuerat,

335 2565 726 2637 perturbandi.
760 2566 900 2619 Cum
946 2568 1141 2618 autem
1181 2580 1285 2634 per
1310 2564 1521 2619 hancce
1561 2564 2029 2635 disceptationem

336 2654 658 2709 Donatistas
686 2652 928 2706 fratrum
958 2652 1189 2706 nomine
1212 2653 1384 2706 semel
1414 2668 1537 2706 com
1549 2653 1810 2723 pellasset
1836 2656 2028 2724 Augu-

336 2744 534 2807 stinus,
570 2742 785 2797 dictum
810 2741 1122 2796 Petilianus
1154 2758 1271 2795 non
1303 2740 1425 2795 sine
1451 2740 1766 2795 offensione
1792 2742 2026 2811 accepit,

334 2848 521 2903 neque
543 2831 612 2886 de
630 2831 736 2885 hoc
750 2829 933 2897 aliter,
950 2818 1123 2901 quam
1139 2829 1208 2883 de
1223 2829 1435 2899 injuria
1453 2829 1826 2900 expostulavit
1843 2830 2003 2900 (Ibid.
2016 2871 2030 2899 ,

335 2936 492 2990 capp.
565 2922 655 2986 49,
722 2918 832 2990 50).
902 2918 1111 2973 Scriba:
1178 2917 1537 2988 diligentiam
1601 2919 1687 2972 vel
1753 2919 2032 2989 majorem

334 3008 449 3062 suis
504 3006 799 3078 promissis
853 3007 1160 3061 exhibuere
1220 3006 1408 3077 (Ibid.,
1468 3009 1520 3074 3,
1576 3023 1697 3076 cap.
1754 3007 1839 3076 3);
1898 3023 2033 3061 nam

336 3100 531 3150 octavo
560 3094 689 3148 idus
712 3092 924 3163 junias,
958 3093 1099 3147 hora
1129 3093 1244 3147 diei
1270 3094 1455 3156 tertia,
1493 3093 1551 3147 id
1589 3099 1690 3160 est,
1733 3098 1927 3148 nostro
1974 3094 2033 3148 in

336 3182 526 3237 Galliis
539 3180 875 3234 numerandi
890 3196 1070 3246 more,
1086 3181 1306 3234 circiter
1316 3197 1471 3234 nona
1485 3181 2032 3245 matutina,duarum

338 3268 719 3325 Collationum
732 3272 857 3321 acta
868 3267 927 3321 in
940 3268 1434 3337 ecclesiam,quam
1446 3270 1598 3323 Theo
1605 3269 1863 3339 prepiam
1878 3287 2034 3323 voca-

338 3360 496 3424 bant,
529 3356 859 3411 detulerunt
888 3355 957 3409 ad
980 3356 1329 3422 Donatistas;
1352 3356 1513 3425 cujus
1534 3357 1614 3409 rei
1644 3356 2035 3411 testimonium

340 3445 493 3500 dedit
505 3441 1098 3500 MontanusZamensis
1119 3442 1305 3511 (Ibid.,
1322 3459 1443 3512 cap.
1465 3442 1538 3514 5).
1557 3445 1630 3497 Ea
1650 3460 1879 3514 quoque
1900 3444 2035 3498 dua-

339 3534 443 3589 bus
471 3537 601 3604 post
629 3532 787 3587 horis
816 3531 877 3585 in
907 3530 1199 3587 basilicam
1224 3531 1562 3585 Restitutum
1586 3531 1773 3585 delata
1793 3532 2034 3587 Catholi-

339 3621 417 3675 cis
428 3621 815 3682 tradiderunt;
832 3619 989 3692 quod
1005 3624 1060 3674 et
1078 3618 1517 3673 Fortunatianus
1537 3619 1808 3675 Siccensis
1825 3620 2033 3692 scripto

338 3713 575 3764 testatus
596 3714 681 3764 est
698 3709 888 3780 (Ibid.,
917 3724 1039 3778 cap.
1070 3709 1145 3779 4).
1171 3708 1278 3763 Sed
1300 3707 1359 3762 in
1384 3708 1701 3762 testimonii
1722 3708 1809 3762 sui
1829 3711 2036 3763 scheda

339 3796 720 3868 perscripsere
759 3795 1120 3861 schismatici,
1163 3796 1302 3850 duas
1350 3796 1517 3850 hasce
1558 3797 1897 3851 Collationes
1937 3799 2035 3852 ad-

340 3902 536 3939 versus
560 3884 866 3938 traditores
886 3888 943 3938 et
969 3888 1359 3954 persecutores
1385 3900 1518 3938 suos
1538 3901 1657 3939 sese
1680 3886 2032 3940 sustinuisse.

345 3973 579 4042 Utrique
600 3975 793 4026 autem
814 3970 963 4025 dicto
986 3971 1078 4026 die
1100 3972 1167 4025 ad
1195 3971 1540 4041 colloquium
1566 3972 1799 4027 tertium
1823 3975 2036 4028 reditu-

342 4077 435 4115 ros
464 4077 522 4114 se
541 4060 953 4131 promiserunt.
978 4059 1226 4114 Dubium
1255 4076 1366 4113 non
1388 4065 1473 4114 est
1495 4060 1635 4131 quin
1660 4061 2030 4127 Marcellinus,

342 4153 407 4202 ut
443 4148 615 4203 ﬁdem
657 4147 948 4213 liberaret,
980 4147 1276 4219 utriusque
1316 4148 1646 4202 Collationis
1686 4154 1830 4216 acta,
1861 4149 2031 4204 simul

343 4242 511 4309 atque
542 4236 824 4308 descripta
844 4236 1022 4302 fuere,
1049 4235 1275 4305 publice
1323 4235 1478 4307 afﬁgi
1503 4236 1777 4307 jusserit:
1804 4254 1907 4292 nec
1926 4239 2036 4293 alio

340 4326 482 4380 forte
532 4325 898 4381 referendum
944 4329 1030 4379 est
1073 4324 1217 4380 illud
1252 4324 1521 4391 edictum,
1557 4326 1711 4396 quod
1750 4325 1810 4379 in
1853 4328 2035 4397 capite

316 4413 603 4466 .secundm
644 4411 973 4467 Collationis
1012 4416 1378 4470 memoratur.
1404 4412 1525 4481 ubi,
1567 4429 1696 4482 quae
1729 4412 1851 4483 jam
1889 4413 2041 4467 inter

344 4500 640 4570 episcopos
669 4506 826 4570 gesta
856 4500 1088 4564 fuerint,
1130 4504 1301 4571 atque
1333 4498 1461 4553 initi
1492 4504 1708 4569 partem
1743 4501 2040 4556 conflictus

344 4587 604 4642 omnium
661 4588 859 4652 oculis,
914 4587 995 4642 uti
1048 4587 1408 4658 promiserat,
1459 4603 1777 4658 proponere
1837 4605 1896 4642 se
1952 4594 2040 4642 te-

344 4678 542 4729 statur.

1004 4763 1230 4817 CAPUT
1268 4765 1381 4818 ΧΗ.

349 4853 370 4903 1
411 4850 592 4903 Tertia
625 4848 915 4904 Collatione
943 4857 1092 4906 sexto
1121 4852 1248 4906 idus
1268 4853 1461 4921 junias
1490 4851 1679 4905 habita
1704 4853 1912 4905 instant
1937 4854 2041 4906 Do-

415 4938 651 5003 natistae,
672 4940 732 4989 ut
755 4937 1086 4991 discutiatur
1105 4941 1332 5007 quinam
1347 4955 1449 5008 pro
1467 4940 1792 5009 petitoribus
1809 4940 2044 4995 habendi

415 5027 547 5091 sint,
579 5029 745 5093 utque
772 5024 838 5078 de
867 5026 1100 5094 petenda
1130 5029 1423 5083 Collatione
1465 5030 1858 5084 Catholicorum
1886 5046 2041 5084 man-

416 5114 551 5168 data
572 5113 970 5183 ewpendantur.
992 5117 1026 5169 2
1041 5115 1211 5169 Iidem
1231 5118 1550 5171 catholicam
1570 5118 1861 5173 Ecclesium
1882 5135 2046 5186 agno-

415 5208 571 5258 scunt
595 5219 713 5258 eam
741 5216 871 5269 esse,
903 5217 1022 5270 qua
1050 5207 1157 5257 toto
1182 5205 1306 5259 orbe
1328 5210 1640 5275 propagata
1670 5210 1766 5261 est.
1794 5209 1823 5260 3
1860 5208 1926 5260 Ut
1954 5209 2043 5260 in-

417 5293 715 5360 telligatur,
761 5292 884 5347 utri
922 5292 1032 5344 sint
1064 5294 1340 5359 petitores,
1372 5296 1529 5347 varia
1564 5299 1687 5349 acta
1714 5297 2041 5361 recitantur;

416 5381 599 5448 sicque
618 5382 805 5435 inuitis
835 5381 1132 5435 Donatistis
1163 5381 1237 5434 ad
1264 5383 1346 5435 rei
1365 5387 1528 5450 caput
1557 5383 1847 5437 acceditur.
1881 5384 1914 5437 4
1942 5387 2045 5437 Do-

416 5469 632 5521 natistae
657 5470 945 5536 proferunt
975 5467 1211 5521 libellum
1241 5468 1306 5523 de
1334 5470 1606 5537 Ecclesiae,
1638 5474 1698 5523 ut
1728 5471 2042 5538 loquuntur,

416 5556 675 5623 puritate.
700 5560 729 5609 5
752 5557 905 5610 Hunc
930 5557 1138 5623 refutat
1167 5556 1526 5624 Augustinus,
1552 5574 1615 5611 ac
1638 5557 1704 5611 de
1728 5559 2047 5624 gravissimo

1575 327 1736 380 Vl'l'A
1775 328 1828 381 S.
1870 325 2245 381 AUGUSTINI
2288 322 2622 377 EPlSCOPI.
3664 329 3741 380 4'20

2210 449 2305 501 illo
2332 448 2509 516 capite
2532 447 2949 500 controversiam
2976 445 3210 513 erpedit.
3236 449 3265 497 6
3286 447 3551 500 Acceditur
3565 450 3627 501 ad
3643 466 3749 516 qua:-

2211 538 2435 590 stionem
2462 535 2529 588 de
2573 535 2858 590 Caeciliano
2895 532 3039 586 etde
3076 534 3365 587 schismate.
3389 538 3417 587 7
3454 537 3750 591 Ματαδίνηίαηὶ-

2210 627 2422 677 starum
2448 623 2677 676 historia
2702 619 3012 690 perturbati
3031 636 3092 673 ac
3120 622 3354 688 oppressi
3382 623 3649 684 Donatistae,
3678 642 3749 679 nec

2212 726 2430 765 causam
2469 725 2664 778 causae,
2721 725 2812 763 nec
2846 723 3135 777 personam
3178 723 3408 777 personae
3453 710 3753 778 prajudicure

2211 802 2546 868 conﬁtentur.
2571 801 2603 852 8
2634 799 3062 854 Controversiam
3093 796 3158 850 de
3183 799 3400 850 veritate
3420 798 3641 853 Cirtensis
3657 816 3754 854 con-

2212 888 2329 941 cilii
2370 892 2597 942 movent.
2639 890 2670 941 9
2712 889 2908 940 Locum
2949 887 3157 956 Optati,
3196 901 3296 953 quo
3322 888 3427 955 ipsi
3451 889 3751 955 revincuntur,

2211 977 2411 1044 inspici
2449 977 2654 1030 volunt.
2709 977 2774 1028 tO
2798 975 2967 1029 Iidem
2991 974 3223 1043 prolatis
3249 962 3567 1040 documentis,
3600 975 3755 1043 quibus
3858 1008 3861 1011 λ

2213 1064 2488 1119 Caeciliani
2532 1079 2594 1117 ac
2629 1064 2820 1117 Felicis
2866 1064 3173 1116 innocentia
3219 1062 3586 1129 declarabatur,
3619 1079 3755 1117 manes

2214 1153 2605 1221 difﬁcultatum
2631 1151 2797 1205 nodos
2836 1156 3036 1205 secant.
3070 1154 3124 1204 tl
3164 1149 3447 1205 Catholicis
3464 1150 3645 1205 demum
3665 1167 3758 1205 cau-

2214 1255 2331 1294 sam
2361 1240 2651 1309 adjudicat
2678 1241 2950 1306 Cognitor.

2217 1333 2267 1383 l.
2306 1328 2475 1383 Sexto
2521 1328 2651 1383 idus
2696 1327 2889 1397 junias
2919 1327 3312 1392 Collationem,
3352 1330 3511 1396 prout
3547 1325 3757 1380 condire-

2142 1422 2289 1484 rant,
2323 1416 2512 1489 primo
2543 1433 2712 1470 mane
2749 1415 3023 1487 auspicati
3054 1419 3204 1469 sunt.
3239 1413 3536 1469 Catholicos
3559 1414 3618 1468 de
3636 1430 3757 1468 more

2142 1505 2457 1561 octodecim
2499 1522 2758 1571 numero,
2800 1505 3119 1559 Donatistas
3156 1520 3287 1558 vero
3315 1508 3523 1557 tantum
3550 1502 3759 1557 undecim
3842 1516 3873 1547 '1

2142 1594 2221 1649 ibi
2250 1598 2507 1665 repertos
2553 1593 2844 1647 introduci
2889 1591 3247 1648 Marcellinus
3276 1590 3470 1661 jussit;
3514 1607 3570 1645 ac
3602 1590 3760 1645 deinde

2142 1682 2393 1737 decrevit
2422 1687 2487 1737 ut
2527 1681 2730 1736 amotis
2760 1695 3305 1751 supervacanearum
3339 1694 3603 1733 morarum
3627 1678 3757 1747 tergi-
3832 1696 3874 1730 Α

2141 1771 2579 1836 versationibus,
2618 1770 2852 1824 tandem
2892 1769 2962 1824 de
3003 1768 3234 1822 cardine
3263 1767 3431 1842 totius
3456 1767 3533 1820 rei
3560 1766 3758 1836 dispnla-
3846 1786 3873 1819 ηπ

2142 1864 2286 1912 rent.
2320 1859 2444 1913 Mox
2476 1856 2748 1913 Catholici
2778 1855 3201 1911 Donatistarum
3230 1871 3348 1908 esse
3376 1853 3632 1917 dixerunt,
3657 1867 3760 1922 quo-

2141 1946 2296 2000 niam
2325 1946 2478 2017 ipsos
2508 1951 2780 2016 tanquam
2807 1953 3196 2015 persecutores
3216 1958 3346 1997 suos
3366 1958 3426 1995 ac
3448 1940 3704 1995 traditores
3721 1938 3761 1992 in
3850 1988 3861 1993 Α

2140 2035 2424 2089 mandatis
2450 2034 2566 2088 suis
2592 2033 3018 2105 proscidissent,
3050 2031 3273 2101 objecta
3304 2030 3530 2085 crimina
3550 2027 3763 2099 legitimis
3847 2078 3853 2082 .

2140 2124 2494 2195 argumentis
2540 2123 2860 2188 adstruere;
2906 2136 3128 2175 necnon
3166 2118 3229 2174 in
3273 2118 3583 2174 universum
3622 2116 3693 2169 sui
3713 2115 3763 2168 ab
3866 2142 3873 2191 η

2141 2186 2385 2267 Ecclesia
2429 2211 2649 2266 discidii
2694 2186 2891 2265 causas
2930 2209 3189 2279 proferre
3238 2209 3440 2279 (Collat.
3471 2206 3701 2272 Carthag.
3723 2208 3760 2267 3,

2141 2318 2262 2370 cap.
2312 2302 2412 2363 14).
2442 2299 2660 2364 Quibus
2698 2316 2729 2353 a
2775 2296 3150 2352 schismaticis
3194 2310 3520 2367 responsum
3555 2297 3643 2360 est,
3675 2290 3765 2362 pri-

2142 2406 2299 2444 mum
2332 2388 2591 2442 omnium
2641 2386 3062 2442 discutiendum
3094 2401 3237 2449 esse,
3272 2384 3384 2438 utri
3408 2383 3490 2437 vel
3516 2382 3764 2453 petitorum
3868 2418 3873 2441 ἲ

2140 2480 2225 2531 vel
2275 2477 2638 2531 defensorum
2686 2491 2991 2545 personam
3036 2473 3414 2538 sustinerent;
3457 2486 3670 2540 eamque
3714 2467 3765 2521 ob
3864 2498 3873 2529 ,ς

2142 2581 2285 2634 rem,
2330 2565 2399 2619 ab
2438 2564 2582 2618 utris
2630 2563 2808 2633 petita
2855 2561 3093 2617 Collatio
3140 2561 3358 2626 fuisset,
3398 2557 3764 2614 examinandum
3854 2570 3873 2619 ἢ

2143 2654 2326 2723 (Ibid.,
2368 2669 2488 2722 cap.
2524 2654 2634 2721 16).
2684 2652 2743 2706 Id
2772 2652 3006 2722 quidem
3043 2649 3324 2705 obstinate
3351 2649 3689 2719 ingesserunt,
3725 2648 3770 2696 ut
3848 2672 3851 2673 ν

2142 2741 2444 2797 Οειώυίἰοίε
2474 2740 2787 2811 petitorum
2814 2743 3003 2810 partes
3031 2737 3483 2810 suscipientibus,
3514 2734 3611 2807 ipsi
3631 2734 3687 2789 ad
3708 2732 3769 2786 fo-
3872 2786 3873 2797 ξ

2142 2846 2367 2885 rensem
2400 2828 2636 2883 modum
2673 2828 3073 2881 cavillarentur
3100 2843 3113 2881 :
3144 2826 3302 2881 unde
3327 2830 3464 2879 ortae
3490 2824 3695 2879 fuissent
3713 2819 3772 2873 di-
3870 2882 3873 2886 η

2144 2918 2385 2973 lationes
2415 2934 2478 2971 ac
2497 2916 2653 2971 tricas
2681 2915 2941 2970 inﬁnitae.
2969 2916 3079 2969 Nec
3109 2920 3306 2968 tamen
3333 2912 3657 2968 Marcellinus
3670 2908 3769 2963 alie-
3870 2970 3873 2975 ,

2145 3023 2284 3061 num
2315 3006 2385 3059 ab
2416 3021 2483 3060 ea
2512 3003 2884 3076 inquisitione
2915 3003 3173 3057 animum
3203 3018 3325 3074 pra:
3367 3019 3423 3057 se
3450 3001 3644 3056 ferebat
3669 3014 3680 3051 :
3704 2994 3772 3049 sed
3868 3034 3873 3064 ξ

2144 3111 2273 3149 cum
2301 3093 2525 3148 abunde
2554 3096 2918 3162 perspectum
2944 3095 3090 3146 esset
3120 3090 3441 3157 Catholicis,
3473 3104 3577 3160 quo
3603 3087 3772 3158 specta-
3871 3120 3873 3125 ι

2143 3188 2274 3237 rent
2300 3180 2641 3247 adversarii;
2684 3180 2814 3235 licet
2848 3180 2951 3233 hos
2980 3180 3136 3250 ipsos
3163 3195 3297 3233 vere
3326 3181 3649 3233 accusatores
3668 3187 3771 3233 esse,
3860 3234 3863 3235 ν

2137 3272 2260 3343 jam
2291 3271 2425 3325 satis
2470 3269 2742 3324 mandato
2781 3284 2883 3321 suo
2914 3269 3430 3334 demonstrassent;
3458 3263 3772 3319 nolebautta~
3859 3317 3863 3320 ,

2145 3377 2279 3414 men
2306 3360 2365 3413 in
2392 3359 2497 3413 hoc
2526 3356 2742 3428 inquiri
2765 3356 3045 3427 penitius;
3077 3356 3365 3427 agendum
3386 3359 3511 3409 ante
3539 3350 3703 3407 omnia
3726 3347 3775 3399 dc
3872 3384 3873 3415 3

2145 3447 2227 3501 rei
2258 3446 2437 3517 ipsius
2467 3445 2648 3515 capite
2679 3444 3055 3499 admonentes
3087 3445 3272 3513 (Ibid.,
3295 3460 3452 3514 capp.
3489 3445 3570 3510 i8,
3590 3440 3682 3509 98).
3702 3437 3776 3489 Βοο

2145 3536 2356 3607 gabant
2383 3535 2442 3588 in
2470 3533 2673 3604 primis
2705 3532 3068 3587 ostenderent
3093 3532 3424 3600 Donatistae,
3456 3546 3585 3603 quas
3603 3527 3664 3583 ob
3684 3539 3778 3579 cau-
3872 3573 3873 3576 η

2145 3641 2234 3678 sas
2289 3623 2663 3677 secessionem
2707 3622 2777 3675 ab
2825 3621 3069 3676 Ecclesia
3110 3621 3419 3692 Scripturis
3460 3618 3645 3674 divinis
3674 3628 3776 3684 pro«

2145 3711 2337 3774 missa,
2385 3727 2448 3765 ac
2476 3715 2594 3764 toto
2620 3714 2904 3764 terrarum
2936 3709 3073 3764 orbe
3106 3709 3336 3777 diﬂ'usa,
3366 3708 3614 3764 fecissent
3635 3699 3776 3773 (Ibid.,
3872 3746 3873 3751 η

2146 3816 2266 3869 cap.
2295 3802 2380 3867 82)
2414 3815 2430 3854 :
2464 3803 2588 3853 tum
2629 3798 2940 3868 probarent
2972 3797 3050 3860 id,
3100 3798 3259 3868 quod
3290 3798 3625 3868 receperant,
3652 3786 3777 3845 nimi-

2146 3904 2275 3942 rum
2323 3886 2475 3959 apud
2524 3903 2581 3940 se
2628 3902 2749 3939 esse
2797 3886 3133 3940 catholicam
3162 3880 3660 3956 Ecclesiam(1bid.,
3690 3889 3776 3944 cup.

2144 3976 2254 4043 75).
2309 3974 2429 4039 Qua
2476 3973 2770 4028 occasione
2808 3974 3161 4045 Augustinus
3206 3990 3220 4028 :
3259 3978 3401 4029 Deus
3437 3988 3541 4035 nos,
3570 3969 3656 4034 ait,
3698 3963 3779 4017 ἀίδ-
3872 4022 3873 4025 η

2144 4067 2420 4132 putatores
2450 4066 2499 4116 et
2542 4062 2817 4116 collatores
2868 4064 3063 4129 magis,
3098 4078 3263 4132 quam
3294 4063 3583 4130 litigatores
3613 4068 3702 4111 esse
3720 4065 3783 4104 ro-

2149 4152 2267 4205 luit.
2316 4152 2431 4206 Non
2476 4155 2913 4219 interponantur,
2962 4166 3081 4219 quae
3129 4151 3204 4204 ad
3241 4167 3353 4206 rem
3391 4148 3669 4204 necessaria
3707 4151 3782 4191 non
3872 4189 3873 4193 η

2148 4244 2294 4294 sunt.
2328 4239 2567 4293 Ecclesia
2593 4242 2670 4292 est
2694 4254 2857 4308 quam
2885 4241 3176 4294 asserimus
3196 4240 3511 4294 testimoniis
3533 4234 3782 4302 Scriptum
3872 4276 3873 4279 η

2147 4342 2266 4380 rum
2317 4326 2650 4392 divinarum,
2706 4326 2953 4381 omnibus
2982 4331 3134 4395 nota,
3173 4329 3233 4381 in
3282 4330 3479 4395 monte,
3524 4326 3648 4379 sicut
3684 4313 3785 4371 scri-

2144 4421 2300 4485 ptum
2330 4420 2425 4480 est,
2449 4416 2713 4468 altissimo
2751 4416 3063 4481 constituta,
3098 4405 3173 4469 ad
3201 4431 3369 4484 quam
3413 4414 3619 4469 ueniunt
3653 4414 3786 4461 omnes

2148 4509 2345 4570 gentes.
2369 4504 2431 4557 Si
2444 4507 2521 4556 est
2540 4502 2756 4570 aliquid
2770 4507 2958 4555 contra
2972 4505 3135 4556 istam
3147 4504 3443 4558 Ecclesium
3456 4498 3591 4571 quod
3600 4496 3786 4554 dicatur,
3872 4502 3873 4573 ξ

2141 4592 2263 4660 jam
2289 4591 2526 4657 dicatur,
2551 4596 2599 4645 et
2610 4591 2773 4644 nulla:
2796 4606 2958 4645 morm
2979 4593 3419 4660 interponantur.
3447 4582 3787 4656 Quamdiuista
3871 4590 3873 4651 δ

2151 4684 2303 4734 tanta
2314 4680 2504 4748 populi
2519 4680 2848 4748 exspectatio
2859 4694 3121 4749 suspensa
3140 4684 3217 4733 est
3232 4678 3259 4734 ?
3271 4682 3349 4734 De
3359 4680 3541 4734 anima
3549 4689 3639 4730 sua
3652 4678 3787 4727 omnes

2151 4770 2408 4836 cogitant,
2440 4772 2491 4821 et
2518 4782 2612 4821 nos
2642 4770 2965 4821 mora-torius
2989 4769 3429 4837 praescriptiones
3448 4766 3522 4820 ad
3550 4765 3636 4817 hoc
3669 4762 3791 4812 inter-

2150 4858 2418 4924 ponimus,
2468 4859 2531 4909 ut
2565 4855 2639 4908 ad
2673 4858 2833 4924 ﬁnem
2867 4855 3240 4924 cognoscendae
3282 4856 3533 4910 ueritatis
3567 4855 3792 4916 nunquam

2149 4942 2428 4997 vestiatur!
2467 4941 2647 5010 (Ibid.,
2680 4957 2799 5011 cap.
2831 4942 2944 5012 2t.)
2978 4942 3172 5013 Neque
3198 4945 3396 4996 tamen
3424 4942 3577 4995 ibant
3601 4931 3792 4995 inﬁcias,

2154 5030 2294 5102 quin
2336 5029 2452 5084 suis
2498 5028 2755 5099 ipsorum
2804 5029 3068 5100 precibus
3106 5031 3444 5100 Imperator,
3486 5031 3549 5082 ut
3587 5026 3691 5096 ipse
3727 5031 3794 5071 τε·
3872 5026 3873 5083 1

2154 5119 2365 5189 scripto
2396 5117 2549 5189 quod
2593 5118 2782 5173 denuo
2825 5117 3128 5173 recitatum
3169 5122 3255 5173 est
3294 5117 3622 5176 testabatur,
3652 5107 3795 5199 Colln-
3872 5126 3873 5199 Ξ

2153 5206 2369 5262 tionem
2401 5206 2773 5260 concessisset
2801 5222 2815 5260 :
2853 5206 2950 5261 sed
2978 5218 3094 5261 non
3119 5206 3375 5261 contenti
3404 5222 3470 5261 ea
3500 5197 3795 5275 professione
3872 5208 3873 5239 ξ

2154 5294 2425 5360 haeretici,
2472 5298 2747 5365 praeterea
2782 5294 3093 5364 instabant,
3138 5295 3392 5350 oblatum
3433 5291 3664 5349 Honorio
3696 5299 3796 5353 διψ-
3872 5304 3873 5349 1

2156 5382 2363 5454 plicem
2408 5382 2668 5437 libellum
2700 5382 3105 5453 proferendum
3146 5399 3287 5451 esse,
3328 5376 3797 5443 declaraudalega-

2155 5474 2346 5526 torum
2371 5471 2628 5536 nomina,
2660 5476 2718 5527 et
2743 5471 2962 5527 edenda
2990 5487 3120 5542 quae
3152 5487 3186 5525 a
3215 5469 3512 5526 Catholicis
3538 5467 3635 5522 hac
3659 5463 3716 5518 de
3753 5469 3798 5509 re

2156 5563 2493 5630 acceperant
2528 5560 2826 5627 mandata;
2870 5559 3025 5630 quod
3066 5559 3126 5614 ni
3168 5559 3349 5625 ﬁeret,
3382 5556 3606 5612 omnino
3629 5545 3798 5605 nullius
