3912 6174
219 300 275 349 iit
1514 288 1718 343 LIBER
1756 294 1764 341 1

1514 288 1718 343 LIBER
1756 290 2024 344 SEXTUS.

206 418 280 467 [ore
317 410 519 465 momenti
553 409 882 480 rescriptum,
928 408 1081 480 quod
1133 408 1599 480 impetraverant.
1647 410 1711 465 Id

202 516 280 554 vero
305 516 472 569 prorsus
493 516 520 552 a
557 515 700 552 causa
727 497 975 552 alienum
1016 513 1137 551 esse
1168 498 1585 552 contendebant
1612 498 1713 552 Ca-

196 587 326 654 tholici,
344 586 501 657 quibus
523 585 717 639 tametsi
745 584 1100 640 Marcellinus
1126 584 1186 638 in
1216 586 1325 639 hoc
1350 585 1585 651 faveret,
1618 601 1715 639 ex-

199 673 343 744 pugnari
362 679 512 728 tamen
536 690 803 745 nunquam
830 672 1019 744 potuit
1046 672 1363 743 pervicacia
1392 672 1714 727 Donatista-

199 765 581 831 run.E:cspeclatio,
620 779 716 816 non
760 763 877 816 dico
916 761 1081 831 hujus
1111 764 1373 829 civitatis,
1420 761 1718 832 ingerebat

194 850 435 919 Augustinus,
460 851 539 904 sed
558 852 779 905 universi
802 865 938 920 pene
966 852 1174 917 generis
1205 850 1430 904 humani
1456 864 1718 919 suspensa

188 938 416 1008 διςαιάίαίιι
437 923 490 992 de
511 941 728 993 Ecclesia
756 941 908 1008 cupit
936 938 1129 993 audire
1162 954 1175 991 :
1217 944 1268 993 et
1296 954 1390 993 nos
1420 939 1599 992 adhuc
1627 941 1716 1006 fo-

181 1042 285 1079 rma
313 1028 523 1092 formulas
564 1027 891 1094 discutimus,
956 1032 1007 1081 et
1056 1029 1356 1080 miserrime
1403 1027 1679 1093 litigamus
1696 1029 1715 1080 .'

180 1114 400 1183 ;ltivl.,cap.
417 1115 510 1185 41).
528 1116 726 1181 Quanta
745 1120 1005 1183 aguntur,
1030 1120 1089 1169 ut
1113 1116 1251 1169 nihil
1270 1117 1499 1183 agatur!
1528 1116 1715 1185 (Ιὸἰά.,

174 1218 246 1270 cap.
268 1202 347 1272 10).
373 1202 485 1256 item
512 1204 643 1258 alius
686 1221 716 1258 e
765 1203 1068 1259 Catholicis
1096 1203 1394 1274 episcopus
1426 1222 1443 1256 :
1470 1204 1612 1269 Quid
1640 1209 1719 1258 est

174 1290 274 1351 aliud,
294 1290 457 1361 inquit,
496 1309 697 1347 causam
736 1294 1027 1360 dimittere,
1068 1296 1117 1346 et
1158 1307 1417 1361 personas
1448 1307 1713 1360 quaerere;

169 1380 231 1430 κάξ
266 1380 443 1447 εῇυρίτε
492 1382 651 1437 relic?
690 1383 868 1448 Quare
908 1381 1145 1436 venisti?
1193 1380 1375 1451 (Ibid,
1427 1397 1547 1451 cap.
1602 1382 1715 1450 56.)

167 1466 287 1519 bitiae
308 1474 458 1522 autem
485 1470 850 1525 controversia
874 1471 943 1525 de
977 1470 1401 1525 Catholicorum
1427 1470 1499 1524 ad
1534 1471 1720 1523 Hono-

162 1552 494 1626 riumlegatione
520 1559 877 1614 continuatur
905 1559 975 1613 ad
1005 1575 1185 1629 usque
1207 1557 1511 1611 articulum
1542 1558 1719 1613 Colla-

162 1642 262 1695 tionis
290 1646 671 1716 nonagesimum
708 1646 1037 1718 septimum,
1088 1644 1187 1700 ubi
1214 1662 1412 1700 rursus
1441 1649 1720 1715 urgentur

156 1729 196 1781 ab
225 1730 442 1788 hri-elicis
476 1735 759 1803 Catholici,
806 1741 873 1790 ut
916 1752 976 1790 se
1027 1734 1298 1806 petitores
1356 1750 1476 1789 esse
1538 1734 1717 1805 proti-

156 1821 309 1874 tcautur.

192 1910 221 1959 2.
253 1909 487 1964 Nconulla
525 1929 751 1984 quoque
800 1913 870 1967 de
920 1912 1345 1968 Catholicorum
1373 1911 1608 1966 nomine
1636 1911 1721 1965 in-

148 1996 294 2062 teq'ecta
349 2003 464 2053 sunt
516 2000 695 2070 (Ibid.,
765 2004 818 2067 3,
875 2016 1034 2070 capp.
1094 2003 1186 2067 22,
1240 2002 1327 2065 30,
1378 2004 1469 2062 75,
1527 2000 1645 2068 etc.)
1704 2016 1716 2053 :

144 2081 186 2134 de
214 2100 292 2154 quo
324 2086 439 2157 quid
476 2088 851 2158 judicandum
896 2092 1061 2153 esset,
1093 2093 1223 2159 post
1256 2087 1503 2143 decisam
1535 2104 1719 2141 causa:

142 2171 248 2225 totius
268 2190 509 2230 summam
538 2177 888 2231 declaratum
916 2175 987 2230 iri
1017 2175 1370 2231 Marcellinus
1398 2176 1723 2247 pronuntia-

139 2256 186 2309 vit
202 2260 343 2327 (Ibid,
368 2279 509 2333 capp.
539 2268 629 2332 36,
654 2266 773 2335 94);
803 2264 1036 2319 interim
1064 2280 1181 2318 non
1210 2265 1378 2319 licere
1409 2264 1536 2329 sibi,
1570 2265 1723 2318 hunc

135 2345 283 2402 titulum
308 2349 404 2404 illis
430 2368 661 2423 negare,
693 2368 838 2423 quos
867 2352 1069 2407 eodem
1100 2352 1521 2407 cohonestasset
1544 2352 1606 2406 in
1632 2368 1720 2406 re-

136 2434 271 2503 scripto
293 2453 379 2492 suo
406 2440 721 2511 Imperator
744 2440 928 2511 (lbid.,
952 2456 1112 2510 capp.
1157 2444 1246 2506 02,
1277 2443 1366 2509 04,
1399 2441 1536 2510 147).
1580 2446 1722 2495 Cum

131 2523 353 2580 examinari
391 2528 674 2584 Tribunus
716 2529 1001 2595 voluisset,
1034 2529 1149 2582 utri
1178 2546 1308 2583 vere
1338 2530 1610 2600 petitores
1640 2529 1725 2583 di-

129 2612 232 2664 cendi
257 2622 430 2684 essent,
456 2634 549 2671 eas
580 2634 717 2671 vero
760 2622 949 2688 partes
980 2617 1275 2684 Catholici,
1308 2634 1379 2671 ne
1418 2634 1591 2688 quam
1622 2633 1723 2671 an-

124 2714 200 2753 sam
226 2701 608 2760 Donatistarum
659 2706 872 2759 eavillis
915 2706 1135 2772 darent,
1171 2705 1230 2758 in
1259 2722 1317 2759 se
1348 2705 1598 2776 recipere
1627 2706 1723 2759 de-

122 2791 371 2859 trectarent;
399 2793 753 2865 Augustinus
786 2793 895 2847 hoc
936 2810 1057 2847 esse
1083 2793 1379 2864 respondit
1409 2792 1728 2847 Catholica-

118 2888 200 2930 mm
234 2881 521 2948 consilium,
570 2881 999 2937 criminationes
1045 2881 1325 2948 videlicet,
1373 2881 1581 2953 quibus
1628 2882 1727 2935 Ec-

114 2963 273 3021 clesiam
310 2970 607 3025 Donatistae
648 2970 735 3024 vel
780 2970 839 3024 in
888 2986 990 3023 suo
1040 2970 1308 3024 mandato
1354 2968 1726 3041 impetebant,

111 3050 279 3123 diluere,
306 3074 477 3130 neque
525 3060 602 3114 ob
646 3058 798 3112 aliud
828 3057 1058 3129 petiisse
1096 3058 1493 3125 Collationem,
1525 3057 1637 3112 nisi
1665 3061 1731 3111 ut

107 3137 229 3196 iidem
254 3144 563 3209 Donatistae,
617 3163 651 3200 a
697 3146 905 3217 quibus
944 3145 1124 3216 petita
1147 3161 1374 3216 quoque
1405 3145 1609 3208 fuerat,
1641 3144 1729 3198 vel

106 3224 266 3283 discidii
291 3233 369 3286 sui
413 3236 748 3305 aequitatem
779 3233 1110 3303 approbare,
1144 3234 1235 3287 vel
1263 3232 1627 3304 iniquitatem
1655 3232 1728 3286 il-

104 3312 177 3367 lius
213 3334 490 3389 agnoscere
520 3326 698 3392 atque
730 3321 1036 3375 emendare
1076 3324 1309 3391 possent
1339 3320 1524 3391 (Ibid,
1568 3336 1729 3389 capp.

106 3404 318 3480 110,116)
350 3438 360 3463 ε
386 3411 510 3480 jam
557 3409 872 3465 Marcellini
902 3426 1044 3478 esse,
1089 3409 1232 3463 utris
1273 3408 1588 3479 petitorum
1627 3424 1730 3461 no-

96 3503 192 3546 men
220 3497 529 3554 conveniret
578 3497 956 3568 pronuntiare
998 3496 1188 3565 (Ibid,
1226 3513 1345 3566 cap.
1395 3499 1534 3566 108.)
1567 3496 1732 3551 Schi—

98 3582 264 3636 smatici
298 3587 576 3657 tantisper
608 3585 678 3639 de
706 3585 984 3641 Catholici
1024 3584 1345 3655 significatu
1391 3584 1727 3654 litigarunt:

96 3664 191 3722 lassi
217 3674 384 3727 tamen
422 3679 584 3744 sunt,
634 3673 692 3727 id
735 3672 985 3728 nominis
1033 3672 1347 3743 abjudicari
1402 3672 1735 3727 adversariis

94 3753 178 3808 suis
213 3774 315 3814 non
353 3779 545 3833 posse,
602 3761 917 3816 dummodo
961 3760 1291 3816 universum
1329 3766 1612 3815 terrarum
1642 3777 1735 3815 or-

92 3839 187 3897 bem
210 3845 302 3901 sibi
329 3848 755 3904 communionis
803 3849 1029 3903 vinculo
1069 3850 1436 3919 conjunctum
1478 3865 1599 3904 esse
1640 3850 1733 3904 de-

91 3939 415 3992 monstrarent
440 3938 634 4009 (Ibid.,
659 3954 780 4007 cap.
812 3942 959 4007 102).
992 3939 1259 4009 Magnum
1279 3944 1470 3993 autem
1486 3938 1738 3993 veritatis

86 4020 290 4084 partibus
330 4030 692 4081 momentum
742 4041 806 4081 ex
858 4042 923 4080 eo
952 4026 1205 4092 accessit,
1246 4027 1397 4098 quod
1427 4044 1555 4081 cum
1585 4026 1738 4082 dice-

84 4113 175 4161 reut
201 4111 461 4168 Catholici
492 4113 802 4168 Ecclesiam
835 4118 956 4169 toto
988 4114 1125 4169 orbe
1163 4115 1427 4169 diffusam
1456 4114 1609 4170 falsis
1638 4114 1741 4169 cri-

82 4193 443 4255 minationibus
489 4201 566 4255 ab
604 4201 717 4255 illis
761 4217 881 4257 esse
913 4202 1247 4273 appetitam,
1277 4205 1467 4274 palam
1498 4202 1741 4274 professi

78 4287 181 4337 sunt
221 4287 587 4355 scliismatici,
628 4289 778 4343 nolle
808 4306 867 4355 se
895 4289 1055 4344 litem
1087 4290 1362 4345 universis
1386 4291 1562 4345 totius
1589 4290 1741 4344 orbis

78 4368 291 4430 Ecclesiis
330 4378 655 4446 intentare;
705 4378 832 4432 illas
874 4378 1157 4449 siquidem
1205 4395 1239 4432 a
1285 4378 1742 4433 Christianorum

74 4456 239 4517 Africa:
267 4466 655 4521 controversia
683 4483 917 4537 prorsus
940 4466 1177 4530 alienas,
1202 4473 1524 4538 exspectare
1550 4467 1742 4538 potius

74 4553 361 4607 certaminis
392 4555 635 4620 exitum,
683 4559 749 4609 ut
776 4570 873 4608 eos
912 4554 1019 4608 sibi
1048 4554 1453 4609 communione
1476 4555 1745 4626 copulant

74 4639 117 4685 et
151 4637 563 4697 Catliolicorum
612 4658 803 4697 secum
850 4643 1083 4696 nomine
1124 4643 1373 4714 gaudere
1402 4644 1597 4711 velint,
1642 4642 1745 4714 qui

71 4721 155 4779 hac
184 4727 240 4782 in
268 4730 586 4786 Collatione
629 4730 867 4785 vicerint
909 4731 1094 4800 (lbid.,
1144 4747 1265 4801 cap.
1306 4735 1413 4796 99).
1464 4731 1552 4786 Sic
1589 4731 1745 4786 enim

71 4818 427 4881 agnoscebant
467 4818 578 4872 sibi
618 4818 760 4873 nihil
792 4835 934 4885 esse,
979 4819 1132 4890 quod
1164 4820 1423 4874 Ecclesiae
1450 4837 1555 4892 per
1582 4836 1747 4874 mun-

70 4898 182 4956 dum
225 4906 567 4962 universum
612 4906 832 4961 diﬂ'usaa
869 4907 1198 4978 objicerent.
1242 4908 1320 4963 Ex
1365 4924 1479 4980 qua
1525 4909 1744 4963 confes-

68 4987 203 5045 sione
219 4993 363 5050 illud
386 5011 624 5066 quoque
646 4995 1122 5066 consequebatur,
1148 4995 1513 5051 Caecilianum
1538 4994 1746 5051 scilicet

63 5072 247 5134 idcirco
290 5081 363 5136 ab
414 5082 617 5137 eadem
647 5082 744 5137 illa
784 5082 1029 5139 Ecclesia
1057 5099 1174 5138 non
1205 5083 1377 5138 fuisse
1406 5087 1743 5150 resecatum,

64 5166 135 5218 vel
159 5169 292 5239 quia
319 5170 607 5225 innocens
625 5176 773 5225 esset
798 5170 942 5243 ipse,
973 5172 1065 5227 vel
1092 5170 1228 5242 quia
1244 5171 1371 5226 fieri
1391 5187 1508 5226 non
1533 5175 1745 5242 posset,

61 5256 112 5307 ut
147 5256 267 5328 ejus
315 5259 493 5330 culpa
534 5261 1106 5327 commacularentur,
1156 5260 1257 5331 qui
1282 5259 1749 5315 communionem

60 5338 220 5410 ipsius
240 5346 585 5402 retinerent.
617 5348 682 5401 Et
708 5348 830 5402 haec
858 5348 1185 5418 argumenti
1204 5347 1288 5402 vis
1309 5348 1479 5402 etiam
1510 5348 1581 5403 ad
1606 5348 1751 5402 Afri-

57 5444 211 5486 canos
240 5451 450 5490 omnes
478 5434 782 5490 catholicos
807 5436 1156 5507 pertinebat;
1190 5435 1405 5508 quippe
1434 5436 1535 5508 qui
1562 5435 1750 5491 eidem

55 5516 130 5571 illi
172 5521 444 5575 Ecclesiae
481 5522 751 5591 copulati,
799 5523 1222 5579 Catholicorum
1267 5539 1479 5578 nomen
1528 5523 1589 5578 in
1628 5524 1751 5593 ejus

3418 301 3521 352 422

1828 410 2049 465 unitate
2098 428 2324 481 semper
2370 416 2690 468 tenuerant.
2715 418 2852 477 Quae
2899 431 3035 469 sane
3066 418 3365 472 manifesta
3407 426 3527 474 erat

1828 499 2034 553 horum
2081 499 2337 566 victoria,
2389 517 2491 554 nec
2538 501 2658 554 sine
2707 501 2898 555 divino
2928 503 3206 558 beneticio
3238 522 3522 561 concessa.

1829 587 2109 658 Negatum
2154 587 2387 658 quidem
2429 594 2514 643 est
2558 590 2628 644 ab
2669 590 2967 657 haereticis,
3008 592 3137 646 illos
3180 593 3238 647 in
3279 610 3531 649 commu-

1830 676 2000 729 nione
2045 676 2151 730 hac
2196 676 2505 731 universali
2554 696 2673 733 esse
2707 696 2720 734 :
2754 696 2951 734 verum
2984 680 3091 751 ipsi
3124 682 3232 735 huc
3263 682 3530 737 recidisse

1828 779 2012 819 causas
2055 764 2449 820 difficultatem
2499 783 2722 821 summa
2769 784 2899 822 cum
2938 769 3228 840 voluptate
3258 786 3532 841 cognove-

1829 858 1985 908 runt.
2033 854 2227 925 Itaque
2268 854 2431 925 petiit
2471 855 2741 909 continuo
2790 856 3050 927 Alypius,
3082 863 3148 911 ut
3177 857 3283 911 sibi
3313 857 3527 923 liceret,

1830 941 1984 1012 quod
2004 943 2387 1012 qumrebatur,
2405 943 2759 1013 argumentis
2780 944 3173 999 demonstrare
3196 945 3377 1015 (Ibid,
3404 961 3524 1015 cap.

1837 1028 1957 1099 102)
1992 1046 2005 1083 :
2038 1030 2133 1084 sed
2165 1030 2276 1083 alio
2306 1030 2749 1101 disputationem
2793 1037 3011 1086 vertere
3041 1032 3229 1086 conati
3260 1034 3530 1087 schisma-

1832 1117 1948 1184 tici,
1978 1117 2165 1172 denuo
2190 1118 2511 1189 legatorum
2547 1121 2812 1173 mandata
2834 1120 2939 1173 sibi
2966 1121 3221 1175 exhiberi
3248 1138 3526 1192 poposce-

1833 1210 1992 1270 runt,
2052 1206 2313 1260 Ecclesim
2367 1223 2554 1272 causa,
2616 1224 2791 1278 quam
2843 1209 2963 1278 jam
3030 1209 3271 1279 ingressi
3343 1214 3529 1276 erant,

1833 1294 2043 1348 omissa
2075 1296 2303 1361 (Brevia.
2337 1296 2525 1351 Collat.
2560 1298 2611 1362 3,
2643 1312 2699 1349 τι.
2735 1300 2806 1362 3).
2841 1297 2982 1350 Cum
3012 1313 3144 1350 vero
3175 1297 3525 1367 Augustinus

1831 1382 1889 1436 in
1922 1382 2166 1436 Ecclesia
2184 1387 2301 1437 toto
2333 1383 2469 1437 orbe
2494 1389 2808 1455 propagata
2833 1385 2973 1438 velle
3002 1402 3059 1439 se
3086 1385 3323 1454 gradum
3352 1386 3527 1454 figere

1828 1471 2216 1542 proﬁteretur,
2264 1474 2435 1540 Hanc,
2483 1472 2770 1543 inquiens,
2818 1474 3111 1527 Ecclesium
3154 1475 3405 1540 elegimus
3453 1490 3531 1526 re—

1832 1560 2136 1626 tinendam;
2187 1560 2271 1614 illi
2314 1563 2569 1631 reposuit
2618 1561 2916 1629 Emeritus,
2953 1563 3039 1616 Sic
3075 1578 3281 1631 semper
3316 1564 3527 1629 eligere,

1832 1653 1880 1703 et
1907 1654 2118 1703 mutare
2138 1652 2401 1703 consuesti
2423 1650 2634 1718 (Collat.
2667 1651 2926 1717 Carthag.
2949 1655 2999 1715 3,
3026 1666 3185 1719 capp.
3221 1653 3341 1715 100,
3380 1654 3523 1715 101).

1831 1739 2048 1803 Quibus
2099 1737 2221 1792 sine
2262 1738 2435 1792 dubio
2483 1731 2927 1793 Manichaeorum
2975 1738 3258 1802 haeresim,
3310 1738 3369 1791 in
3421 1755 3534 1808 qua

1832 1827 2076 1881 haeserat
2116 1826 2461 1893 adolescens,
2518 1824 2628 1896 ipsi
2667 1825 2833 1879 tacite
2879 1825 3253 1895 exprobrabat
3286 1841 3298 1878 :
3332 1825 3426 1878 sed
3460 1841 3532 1878 ne

1832 1930 1948 1967 uno
1990 1913 2222 1984 quidem
2263 1912 2435 1967 verbo
2483 1914 2551 1967 ad
2603 1913 2882 1983 privatam
2931 1911 3085 1964 illam
3133 1910 3404 1981 injuriam
3450 1928 3531 1964 re-

1835 2002 2157 2074 pellendam
2199 2000 2366 2068 dicto,
2402 2001 2497 2054 Vir
2536 2004 2760 2055 sanctus
2798 1999 3116 2054 orationem
3146 2016 3307 2053 suam
3337 2015 3530 2069 prose-

1835 2095 1999 2143 cutus
2030 2093 2134 2143 est.

1907 2182 1958 2233 3.
1994 2177 2385 2233 Pronuntiavit
2408 2177 2639 2233 tandem
2686 2176 2978 2247 Cognitor,
3012 2192 3131 2243 eos,
3166 2174 3265 2246 qui
3293 2174 3535 2229 crimina

1834 2266 1960 2320 aliis
1990 2265 2375 2333 intenderent,
2417 2266 2618 2320 haberi
2659 2265 2957 2335 petitores;
3001 2264 3048 2318 si
3086 2263 3320 2335 quidem
3350 2262 3535 2333 ipsam

1837 2355 2210 2409 Collationem
2242 2354 2311 2409 ab
2340 2354 2600 2425 utrisque
2644 2353 2899 2424 partibus
2930 2353 3170 2422 petitam
3206 2351 3378 2405 fuisse
3409 2368 3537 2421 pro-

1837 2443 2072 2498 baretur
2119 2443 2309 2511 (Ibid.,
2348 2459 2470 2513 cap.
2524 2442 2664 2513 120).
2711 2442 2875 2506 Quod
2906 2446 2969 2494 ut
2998 2439 3271 2494 Catholici
3301 2440 3537 2510 planum

1837 2532 2111 2599 facerent,
2152 2537 2343 2585 actum
2373 2547 2599 2596 eorum,
2639 2544 2768 2601 quae
2796 2528 2966 2583 tertio
2995 2528 3269 2583 kalendas
3311 2528 3537 2582 februa-

1836 2619 1951 2674 rias
1982 2620 2117 2674 anni
2147 2618 2700 2691 quadringentesimi
2729 2618 2872 2670 sexti
2903 2618 3056 2687 apud
3087 2619 3385 2670 Praefectos
3416 2633 3542 2686 pro-

1839 2708 1975 2763 fessi
2007 2709 2234 2762 fuerant
2277 2706 2610 2774 Donatistae,
2643 2706 2949 2775 legendum
2992 2704 3323 2758 obtulerunt
3354 2705 3538 2772 (llud,

1842 2812 1962 2866 cap.
2016 2799 2159 2862 124).
2190 2797 2262 2849 At
2289 2794 2522 2848 omnino
2570 2810 2686 2847 non
2718 2792 2876 2845 licuit
2903 2793 3055 2846 ultra
3084 2792 3257 2859 diem,
3291 2807 3405 2861 quo
3433 2792 3540 2845 da—

1841 2889 1964 2938 tum
1989 2886 2360 2954 praenotatur,
2390 2882 2627 2952 legendo
2657 2879 2963 2950 procedere
2995 2897 3011 2932 :
3040 2895 3174 2932 nam
3202 2894 3329 2931 cum
3362 2879 3542 2931 Dona-

1841 2970 1985 3025 tistae
2020 2970 2129 3024 hoc
2166 2969 2226 3022 in
2266 2974 2393 3023 actu
2425 2984 2545 3023 sese
2588 2967 3020 3038 impedivissent
3049 2972 3106 3021 et
3132 2966 3539 3035 implicassent,

1840 3075 1912 3113 ne
1942 3058 2059 3113 suis
2090 3057 2349 3129 ipsorum
2404 3056 2607 3124 verbis,
2652 3056 2805 3128 quod
2849 3055 3107 3126 apposite
3146 3054 3259 3108 illis
3298 3054 3546 3124 objectat

1844 3146 2149 3213 Possidius,
2182 3145 2419 3200 convicti
2450 3150 2800 3209 tenerentur,
2832 3144 2975 3197 nihil
3016 3142 3278 3210 omisere,
3313 3158 3427 3213 quo
3459 3142 3541 3195 1e-

1842 3235 2091 3291 ctionem
2122 3236 2245 3306 ejus
2274 3235 2647 3306 prohiberent
2667 3234 2857 3301 (Ibid.,
2882 3250 3002 3303 cap.
3038 3232 3178 3303 141).
3204 3233 3452 3307 Eamque
3474 3230 3543 3284 ob

1842 3341 1968 3378 rem
1996 3325 2138 3379 illud
2160 3325 2281 3395 jam
2298 3324 2571 3378 detritum
2594 3328 2649 3377 et
2666 3322 2828 3376 toties
2850 3339 2882 3375 ἆ
2903 3321 3204 3389 Cognitore
3228 3321 3544 3390 repulsum,

1843 3412 1935 3467 hic
1978 3413 2148 3467 etiam
2192 3414 2587 3478 obtruserunt;
2634 3411 2779 3465 velle
2823 3426 2881 3463 se
2906 3409 3244 3480 legatorum.
3276 3426 3308 3461 a
3337 3406 3546 3477 quibus

1844 3502 2032 3555 fuerat
2068 3500 2372 3570 impetrata
2417 3497 2673 3561 Collatia,
2707 3497 2976 3551 mandata
3005 3495 3345 3566 expendere.
3379 3493 3544 3556 Quod

1846 3589 1951 3643 etsi
1981 3593 2096 3642 tam
2125 3586 2348 3641 ardenti
2390 3586 2575 3640 studio
2613 3584 3012 3654 eftlagitarent,
3045 3586 3109 3636 ut
3146 3581 3450 3634 concilium
3482 3598 3549 3633 ea

1847 3677 1917 3731 de
1947 3692 2114 3729 causa
2152 3690 2328 3746 prope
2355 3674 2683 3728 viderentur
2708 3670 2983 3741 soluturi;
3018 3670 3076 3724 id
3106 3677 3296 3724 tamen
3317 3684 3549 3739 mquum

1849 3780 2057 3836 negare
2085 3763 2443 3818 Marcellinus
2481 3760 2889 3832 perseveravit;
2923 3759 3137 3830 quippe
3165 3756 3265 3828 qui
3294 3772 3410 3810 non
3438 3754 3550 3809 alia

1850 3853 1982 3923 legi,
2008 3868 2183 3923 quam
2209 3868 2337 3923 quae
2365 3855 2605 3921 utraque
2635 3865 2766 3920 pars
2794 3848 2856 3902 in
2878 3848 3133 3902 medium
3157 3846 3411 3916 proferre
3441 3844 3553 3897 vel-

1852 3942 1949 4007 let,
1966 3942 2266 4010 jussurum
2288 3956 2345 3994 se
2368 3937 2719 4010 promisisset
2745 3937 2927 4008 (Ibid.,
2953 3953 3071 4006 cap.
3110 3936 3251 4003 140).
3278 3932 3555 3998 Quocirca

1852 4034 2156 4100 postquam
2203 4028 2347 4082 nihil
2379 4028 2483 4081 hac
2524 4027 2611 4081 via
2659 4041 2994 4097 promovere
3034 4041 3092 4078 se
3122 4023 3549 4085 intellexerunt,

1852 4121 1977 4169 acta
2002 4116 2267 4187 quaedam
2297 4114 2716 4168 Catholicorum
2745 4113 3000 4167 obtulere
3030 4114 3158 4163 ante
3189 4123 3402 4161 annum
3427 4122 3553 4159 sex-

1851 4208 1977 4257 tum
2003 4220 2035 4256 a
2065 4201 2636 4273 quadringentesimo
2658 4202 2933 4264 confecta,
2958 4198 3164 4269 quibus
3198 4200 3258 4248 ut
3287 4194 3556 4247 schisma-

1853 4290 1979 4344 ticis
2018 4290 2261 4344 coeundi
2322 4290 2391 4343 ad
2451 4289 2801 4359 colloquium
2851 4286 3167 4341 ediceretur
3221 4281 3548 4346 necessitas,

1854 4377 2142 4432 variorum
2166 4377 2470 4431 criminum
2494 4394 2591 4432 eos
2621 4375 3049 4431 insimulabant.
3080 4371 3353 4425 Petebant
3380 4369 3559 4441 igitur

1858 4465 2188 4532 Donatistm,
2222 4466 2421 4521 eadem
2466 4470 2587 4520 acta
2632 4469 2908 4534 tauquam
2955 4458 3281 4529 antiquiora
3308 4458 3398 4511 his
3429 4473 3559 4528 qua:

1856 4554 2131 4610 Catholici
2173 4555 2559 4625 proferebant,
2609 4550 2904 4624 praamitti,
2957 4553 3127 4618 atque
3176 4547 3302 4600 illos
3347 4563 3414 4599 ex
3456 4546 3560 4600 ob-

1849 4643 2014 4714 jectis
2075 4643 2289 4698 ibidem
2348 4642 2687 4697 criminibus
2730 4637 3002 4709 petitores
3051 4635 3330 4691 declarari
3376 4634 3559 4704 (lbid.,

1857 4747 1978 4800 cap.
2048 4734 2194 4801 141).
2274 4733 2496 4785 Interea
2556 4724 2830 4782 Catholici
2902 4723 3240 4779 relationem
3325 4720 3561 4776 Anulini

1857 4820 1929 4874 ad
1995 4819 2428 4875 Constantinum
2493 4814 2772 4882 obtulere,
2826 4817 2910 4878 ut,
2979 4811 3026 4865 si
3085 4810 3368 4865 rationem
3422 4813 3563 4862 tem—

1858 4923 2068 4978 porum
2116 4907 2278 4978 sequi
2322 4906 2592 4976 placeret,
2647 4902 2717 4956 ab
2765 4918 2850 4969 ea,
2900 4906 2963 4955 ut
2992 4901 3172 4954 multo
3216 4896 3560 4968 antiquiore,

1859 4996 2162 5050 duceretur
2209 4992 2505 5049 exordium
2554 4990 2743 5062 (Ibid.,
2794 5005 2954 5059 capp.
3010 4990 3130 5048 144.
3182 4989 3320 5053 148).
3363 4986 3428 5038 Et
3472 4998 3561 5036 re-

1857 5100 1994 5138 vera
2041 5080 2396 5138 Marcellinus
2444 5080 2599 5133 hunc
2646 5078 2857 5133 servari
2891 5076 3153 5131 ordinem
3178 5072 3347 5145 jussit
3377 5069 3560 5138 (lbid.,

1858 5187 1980 5241 cap.
2017 5170 2155 5241 150).
2191 5170 2348 5224 Unde
2377 5169 2591 5223 factum
2638 5172 2744 5236 est,
2781 5171 2845 5222 ut
2882 5165 2978 5219 illa
3021 5160 3279 5234 quaastio,
3311 5156 3425 5211 utri
3455 5156 3563 5209 sci-

1861 5259 1992 5313 licet
2021 5257 2289 5327 petitores
2311 5260 2517 5322 essent,
2551 5272 2805 5327 quameo
2826 5254 3013 5307 solum
3035 5249 3224 5304 animo
3258 5242 3566 5298 Donatistae.

1860 5347 2195 5417 injecerant,
2232 5350 2297 5401 ut
2342 5363 2376 5399 a
2405 5344 2695 5417 prmcipuo
2732 5342 2812 5397 rei
2848 5340 3029 5410 capite
3059 5337 3400 5398 averterent,
3436 5349 3565 5387 sen-

1862 5435 1971 5489 sim
1996 5435 2068 5489 ad
2090 5434 2233 5489 illud
2253 5450 2367 5488 non
2384 5434 2507 5488 sine
2530 5432 2724 5488 divino
2746 5427 2984 5484 consilio
3007 5424 3312 5479 deduceret
3338 5422 3565 5492 (Breuic.

1862 5524 2054 5579 Collat.
2100 5528 2151 5589 3,
2203 5539 2259 5577 n.
2305 5526 2361 5585 7,
2408 5527 2458 5577 et
2501 5520 2594 5574 Ad
2632 5517 2939 5573 Donatistas
2967 5515 3090 5581 post
3130 5510 3321 5566 Collat.
3368 5524 3425 5563 η.
3456 5510 3564 5577 43).
