3912 6174
371 284 475 337 423
550 290 563 295 “

364 407 483 460 Hoc
512 404 595 459 illi
622 402 1166 465 animadverterunt,
1190 416 1376 472 neque
1405 400 1523 455 ullo
1540 399 1713 453 modo
1739 398 1848 453 sibi
1877 399 2065 452 value-

364 499 503 548 runt
555 498 897 564 temperare,
952 490 1092 561 quid
1155 489 1294 543 illud
1354 505 1506 559 aegre
1570 504 1628 541 se
1683 488 1831 541 ferre
1905 490 2065 540 testa-

363 586 584 647 rentur,
616 597 680 635 ac
708 581 897 651 palam
927 579 1182 633 dicerent
1212 595 1225 632 :
1259 579 1467 633 Sensim
1510 580 1570 631 in
1609 591 1825 630 causam
1854 575 2065 629 induci-

362 686 487 725 mur
523 670 735 741 (Collat.
785 669 1045 734 Carthag.
1095 668 1146 734 3,
1194 681 1314 734 cap.
1369 666 1509 733 151).
1555 665 1677 728 Quo
1724 663 1875 718 dicto
1928 663 2061 717 satis

363 762 556 828 aperte
586 756 969 822 declarabant,
987 753 1045 807 id
1063 753 1170 807 sibi
1191 753 1357 806 unice
1379 752 1440 806 in
1462 752 1724 805 omnibus
1752 752 1868 805 suis
1890 751 2061 805 moli-

362 846 619 900 tionibus
635 843 1089 915 propositum,ne
1111 841 1245 912 quid
1261 841 1672 909 ﬁeret,efﬁcere
1690 858 1703 907 ;
1723 846 1896 911 atque
1918 841 2059 895 adeo

360 932 718 987 dissimulare
776 930 1110 1000 neutiquam
1172 944 1361 998 posse,
1416 925 1556 1000 quin
1605 928 1714 983 sibi
1760 928 2058 982 veritatem

362 1020 557 1074 obesse
588 1018 812 1073 scirent.
856 1018 1089 1071 Easdem
1114 1018 1372 1087 querelas
1401 1015 1595 1087 paucis
1627 1016 1935 1086 intcrjectis
1960 1016 2060 1069 ite-

358 1112 490 1161 rant
548 1107 731 1175 (Ibid.,
784 1120 906 1174 cap.
958 1106 1098 1174 193).
1130 1105 1171 1159 0
1198 1105 1455 1158 violentia
1482 1106 1751 1170 veritatis,
1785 1104 2061 1158 exclamat

357 1194 735 1266 Augustinus,
783 1192 1019 1263 quolibet
1056 1193 1297 1261 equuleo,
1342 1192 1671 1261 quibuslibet
1700 1194 1919 1259 ungulis
1953 1196 2060 1260 for-

356 1286 464 1338 tior
530 1283 605 1337 ad
678 1280 1089 1351 exprimendam
1141 1282 1553 1347 confessionem!
1610 1282 1784 1349 Hujus
1845 1283 2056 1335 timoris

354 1373 758 1441 apertissimam
785 1384 960 1422 vocem
992 1371 1113 1435 quis
1139 1368 1204 1421 de
1222 1368 1437 1422 illorum
1462 1370 1642 1423 clauso
1669 1373 1876 1438 pectore
1895 1385 2057 1423 excu-

356 1464 507 1525 teret,
554 1463 603 1512 et
652 1473 758 1512 non
802 1457 921 1511 dico
968 1459 1019 1510 si
1063 1471 1147 1511 cus
1187 1456 1342 1510 donis
1381 1457 1706 1524 largissimis
1738 1456 2054 1524 ditaremus,

355 1545 450 1599 sed
501 1546 552 1598 si
599 1558 683 1597 eos
714 1544 892 1612 prunis
937 1542 1324 1595 crudelissimis
1366 1545 1772 1611 torqueremus?
1808 1544 2057 1600 Clamant

352 1634 609 1703 praeclari
650 1633 781 1698 viri,
825 1632 924 1699 qui
954 1630 1029 1683 ad
1056 1629 1324 1698 agendum
1352 1630 1679 1684 videbantur
1708 1632 1879 1694 electi,
1911 1647 1976 1686 ac
2000 1647 2056 1685 se

352 1724 537 1791 potius
579 1720 654 1774 ad
695 1734 800 1772 non
829 1718 1103 1785 agendum
1138 1718 1324 1771 electos
1362 1732 1472 1772 esse
1522 1723 1811 1787 testantur,
1838 1725 1887 1774 et
1917 1721 2050 1773 invi-

357 1809 505 1864 diose
522 1808 709 1876 judici
733 1810 1151 1874 conquerantur,
1194 1808 1393 1860 sensim
1432 1821 1488 1860 se
1533 1808 1591 1861 in
1637 1822 1811 1862 causae
1841 1810 2054 1862 interna

358 1897 553 1952 deduci
599 1895 714 1963 (Ad
760 1896 1066 1949 Donatistas
1108 1899 1233 1963 post
1279 1894 1470 1949 Collat.
1501 1910 1556 1950 n.
1589 1896 1702 1962 43).
1756 1896 1797 1951 0
1832 1911 2050 1963 magna,

354 1986 451 2040 sed
478 2001 583 2039 non
610 1983 868 2038 miranda
906 1983 1180 2048 confusio!
1209 1983 1426 2052 quando
1455 1986 1594 2037 enim
1623 1984 1826 2038 daemon
1855 1987 1933 2038 sic
1956 2000 2051 2038 ea:-

354 2075 608 2128 orcistam
650 2073 895 2126 timeret?
931 2070 1114 2140 (Ibid.,
1155 2086 1210 2123 n.
1249 2071 1362 2139 44).
1406 2071 1573 2140 Ergo,
1611 2076 1676 2125 ut
1707 2071 2052 2140 penitiorem

354 2161 512 2215 illam
578 2157 1012 2229 inquisitionem
1086 2157 1403 2223 eluderent,
1464 2159 1777 2216 Catholicos
1827 2165 2051 2230 pactam

354 2246 541 2301 standi
597 2244 732 2299 solis
788 2243 1091 2314 Scripturis
1136 2243 1329 2310 ﬁdem,
1372 2244 1508 2299 dum
1556 2246 1765 2300 chartis
1811 2247 2052 2317 publicis

354 2338 613 2399 utuntur,
685 2332 898 2385 violare
966 2331 1347 2386 obtenderunt
1416 2332 1626 2401 (Collat.
1681 2334 1937 2401 Carthag.
1993 2338 2048 2401 3,

356 2439 477 2493 cap.
516 2422 653 2487 149).
689 2419 829 2475 Huic
847 2419 1110 2491 petitioni
1133 2435 1468 2489 responsum
1496 2425 1581 2475 est
1607 2422 1677 2476 ab
1703 2423 2047 2493 Augustino,

355 2512 472 2566 suis
500 2508 808 2566 Ecclesium
858 2523 979 2561 esse
1020 2507 1376 2574 catholicam,
1417 2525 1631 2580 eosque
1662 2510 1730 2563 ad
1762 2510 1918 2565 illius
1947 2528 2049 2565 au-

354 2594 671 2650 ctoritatem
702 2593 907 2649 divinis
935 2594 1176 2666 eloquiis
1193 2594 1531 2651 ﬁrmandam
1551 2614 1777 2669 semper
1802 2616 1922 2653 esse
1944 2617 2049 2671 pa-

352 2682 695 2750 ratissimos;
731 2686 792 2736 ut
820 2688 1009 2736 autem
1041 2683 1197 2754 leges
1225 2683 1311 2738 vel
1342 2690 1501 2755 gesta
1538 2685 1622 2740 vel
1669 2702 2048 2759 quazcumque

352 2773 420 2828 de
449 2771 688 2826 archivis
720 2772 964 2826 offerant
993 2773 1300 2837 recitanda,
1327 2774 1398 2828 ab
1421 2774 1557 2845 ipsis
1577 2780 1702 2847 cogi
1722 2777 2045 2844 Donatistis,

350 2862 450 2932 qui
475 2860 633 2931 prius
663 2861 871 2916 talibus
897 2866 1094 2931 agunt.
1138 2863 1383 2919 Crimina
1411 2867 1573 2929 enim,
1616 2864 1827 2937 inquit,
1860 2867 2050 2921 dicunt

351 2949 691 3015 traditionis,
722 2954 772 3003 et
809 2965 871 3003 ea
897 2955 992 3004 aut
1028 2965 1135 3004 non
1162 2951 1395 3020 probant
1423 2954 1682 3020 archivis,
1713 2958 1763 3008 et
1791 2954 1933 3009 nihil
1957 2954 2047 3007 di-

348 3041 504 3104 cunt;
536 3042 632 3089 aut
669 3036 925 3105 probant.
960 3041 1011 3090 et
1042 3039 1283 3093 archivis
1326 3054 1421 3094 nos
1457 3039 1695 3095 uicissim
1724 3057 1882 3109 agere
1907 3057 2047 3095 com-

344 3125 554 3193 pellunt
580 3124 760 3192 (Ibid.,
794 3140 913 3193 cap.
953 3126 1096 3194 155).
1137 3126 1239 3181 Cui
1271 3127 1630 3197 responsioni
1660 3145 1786 3182 cum
1817 3130 2046 3185 Mareel-

347 3210 499 3262 linus
528 3214 675 3262 esset
700 3210 1039 3279 suﬁ'ragatus
1066 3212 1208 3279 (Ibid
1234 3254 1249 3277 ,
1280 3228 1402 3283 cap.
1435 3214 1577 3286 156),
1598 3216 1908 3270 Donatistte
1930 3234 2047 3271 non

348 3296 703 3350 erubuerunt
731 3298 917 3350 denuo
948 3298 1014 3351 ad
1057 3300 1326 3369 rejectam
1362 3300 1483 3370 jam
1525 3303 1620 3355 diu
1654 3303 1945 3373 querelam
1977 3306 2045 3359 de

345 3384 661 3455 legatorum
686 3385 1040 3455 proferendis
1060 3386 1121 3441 in
1142 3388 1393 3442 medium
1419 3390 1700 3444 mandatis
1713 3391 2040 3462 confugere.

345 3472 443 3527 sed
492 3489 605 3526 non
657 3472 770 3526 alio
821 3478 990 3545 atque
1023 3480 1190 3529 antea
1220 3493 1477 3532 successu
1506 3478 1700 3549 (Ibid.,
1732 3494 1892 3549 capp.
1920 3482 2041 3547 157,

350 3561 485 3631 164).
537 3560 710 3615 Jussit
758 3561 949 3633 itaque
1000 3564 1356 3619 Marcellinus
1395 3571 1603 3628 actum,
1640 3583 1813 3639 quem
1857 3568 2043 3622 Dona-

342 3650 493 3704 tistae
541 3650 871 3718 efferebant,
913 3668 1062 3706 anno
1104 3653 1669 3725 quadringentesimo
1703 3655 1870 3710 tertio
1907 3672 2043 3710 con-

345 3739 577 3803 fectum,
610 3738 722 3808 legi
765 3740 953 3807 (Ibid.,
983 3757 1102 3811 cap.
1161 3742 1309 3809 £74);
1344 3743 1657 3797 Catholicos
1686 3743 1917 3799 interim
1949 3760 2042 3798 ro-

343 3843 503 3896 gans,
551 3830 615 3880 ut
642 3842 764 3892 sua,
797 3828 1018 3880 tametsi
1064 3828 1408 3899 antiquiora,
1455 3830 1670 3885 differri
1708 3837 2044 3902 paterentur

344 3912 529 3982 (Ibid.,
558 3928 679 3981 cap.
717 3912 857 3982 l70).
894 3915 1123 3968 Peracta
1153 3933 1217 3969 ea
1258 3918 1524 3983 lectione,
1564 3919 1918 3973 Marcellinus
1949 3937 2045 3991 ap-

343 4016 545 4070 parere
577 3998 811 4072 quidem
840 3999 983 4055 dixit
1008 4002 1282 4071 petitores
1313 4020 1434 4059 esse
1466 4006 2040 4078 Catholicos,quaudo

341 4087 423 4142 illi
454 4087 775 4142 schismatis
827 4092 999 4159 atque
1028 4089 1307 4145 haereseos
1338 4092 1555 4147 crimen
1595 4094 1902 4149 Donatistis
1932 4095 2042 4149 im-

338 4175 675 4246 pingerent;
726 4182 1141 4244 verumtamen,
1191 4196 1305 4251 quo
1351 4179 1420 4234 de
1458 4181 1564 4235 hac
1606 4198 1667 4235 re
1697 4185 2043 4237 statueretur

341 4266 582 4336 requies,
610 4265 721 4319 alia
750 4270 875 4319 acta
909 4266 1173 4321 similiter
1201 4284 1323 4323 esse
1348 4268 1641 4324 recitanda
1659 4270 1846 4337 (Ibid.,
1878 4287 2037 4341 capp.

343 4358 465 4419 177,
520 4356 662 4423 180).
712 4354 835 4418 Quo
878 4354 1019 4408 nihil
1068 4353 1260 4409 minus
1296 4357 1824 4427 tergiversatoribus
1855 4360 2039 4413 Dona-

340 4440 488 4494 tistis
512 4441 672 4495 cordi
698 4447 837 4497 crat.
873 4443 1234 4514 Quapropter
1257 4445 1349 4499 hic
1373 4445 1545 4500 etiam
1578 4446 1645 4499 ad
1668 4447 1860 4500 solitas
1890 4452 2040 4501 artes

340 4528 652 4597 redierunt,
702 4534 758 4584 et
803 4531 1193 4587 cavillationes
1233 4533 1302 4587 de
1345 4533 1683 4605 praescripto
1722 4533 1833 4600 die,
1867 4551 2038 4605 quem

340 4617 596 4703 elapsum
629 4634 749 4671 esse
773 4620 1174 4687 causabantur,
1198 4621 1266 4676 de
1290 4622 1583 4691 mandato,
1605 4622 1790 4693 deque
1817 4623 2037 4676 ratione

338 4704 684 4774 procedendi
717 4705 1093 4777 ingesserunt,
1139 4710 1340 4764 eadem
1369 4710 1651 4764 cantilena
1682 4727 1848 4765 aures
1875 4710 2036 4765 inde-

337 4793 593 4848 sinenter
625 4793 1023 4863 obtundentes,
1059 4801 1123 4850 ut
1150 4798 1363 4852 scilicet
1386 4798 1475 4852 vel
1506 4798 1741 4855 omnino
1767 4798 1851 4853 rei
1872 4803 2041 4870 caput

337 4881 717 4947 omitteretur,
748 4883 831 4935 vel
866 4884 1086 4951 saltem,
1119 4886 1220 4955 qui
1248 4890 1364 4940 tam
1401 4888 1571 4957 longa
1600 4891 1834 4957 tamque
1867 4887 2040 4958 plena

336 4968 551 5026 fastidii
581 4973 705 5023 acta
742 4970 1080 5041 perlegeret,
1117 4978 1266 5028 esset
1292 4990 1464 5029 nemo
1491 4974 1687 5047 (Ibid.,
1716 4990 1875 5045 capp.
1914 4978 2034 5043 181,

344 5061 462 5125 183,
498 5059 618 5124 188,
651 5060 799 5127 215).
826 5057 972 5112 Vicit
996 5063 1190 5115 tamen
1224 5061 1536 5133 aliquando
1565 5063 1798 5117 tandem
1828 5063 2043 5134 Cogni-

335 5152 426 5201 tor
458 5151 574 5201 tam
625 5146 825 5217 longas
854 5144 1281 5216 obstinationes,
1326 5156 1383 5205 et
1411 5150 1751 5205 relationem
1778 5150 2035 5218 Anulini,

340 5252 454 5307 qua
484 5234 906 5289 Donatistarum
938 5235 1200 5304 querelas
1222 5237 1292 5291 de
1312 5237 1610 5292 Caeciliano
1629 5237 1697 5293 ad
1719 5238 2037 5293 Constanti-

334 5335 476 5375 num
506 5322 817 5392 deferebat,
849 5320 1077 5376 recitari
1105 5323 1285 5378 voluit
1313 5325 1498 5395 (Ibid.,
1529 5342 1687 5395 capp.
1725 5329 1853 5395 216,
1884 5328 2033 5395 220).

335 5408 407 5462 ad
456 5425 701 5481 eumque
749 5411 988 5466 modum
1038 5409 1106 5463 de
1154 5427 1323 5465 causa
1366 5413 1595 5466 tractari
1642 5418 1890 5484 emptum
1930 5416 2032 5466 est.

334 5495 589 5551 Perlecta
606 5499 840 5554 Anulini
864 5502 931 5555 de
956 5497 1258 5555 Caeciliano
1282 5498 1542 5570 epistola,
1568 5501 1873 5555 Donatista:
1894 5500 2033 5571 (quo

1582 275 1754 331 VITA
1810 276 1864 330 S.
1934 271 2318 331 AUGUSTINI
2372 269 2711 328 EPISCOPI.
3696 281 3773 336 424

2173 395 2323 450 haud
2356 393 2527 449 dubie
2557 395 2922 447 occurrerent
2940 390 3010 445 iis
3038 406 3167 462 quae
3186 391 3313 446 inde
3341 391 3543 451 fuerant
3564 412 3779 455 consecu.

2172 482 2329 554 tura)
2356 481 2743 554 Augustinum
2778 484 3073 551 rogarunt,
3125 496 3234 551 quo
3278 481 3489 535 nomine
3514 483 3779 542 defenderet

2174 572 2563 640 Caecilianum,
2615 571 2812 639 ejusne
2844 568 2997 623 ﬁlius
3028 574 3194 635 esset,
3228 584 3298 622 an
3324 585 3429 623 non
3466 571 3628 641 (Ibid.,
3652 589 3778 646 capp.

2170 664 2296 730 221,
2335 661 2479 729 227).
2530 658 2746 723 Quibus
2793 657 2912 727 ille,
2956 657 3179 711 nullum
3222 673 3345 711 vere
3387 674 3445 711 ac
3486 660 3679 730 proprie
3703 679 3779 732 pa-

2169 755 2315 804 trem
2345 748 2433 824 vel
2465 753 2637 819 caput
2661 747 2723 801 in
2745 746 2833 800 his
2863 762 2992 817 qua:
3023 745 3094 799 ad
3124 744 3286 799 ﬁdem
3318 761 3378 800 ac
3404 746 3616 802 salutem
3637 749 3782 819 perti-

2169 841 2390 897 nerent,
2418 841 2628 907 praeter
2655 852 2837 889 unum
2861 834 3173 900 Christum,
3202 849 3487 904 agnoscere
3504 835 3781 905 Catholicos,

2169 926 2496 995 respondit;
2544 941 2609 978 ac
2638 923 2881 996 proinde
2912 923 3067 994 quod
3097 938 3157 977 se
3196 923 3395 978 Paulus
3430 922 3778 980 Corinthiorum

2167 1020 2391 1085 patrem
2429 1014 2662 1075 diceret,
2711 1027 3077 1082 nequaquam
3124 1011 3195 1065 ad
3240 1027 3367 1064 eum
3410 1011 3617 1066 modum
3642 1012 3780 1082 accipi

2167 1103 2394 1168 debere,
2426 1102 2522 1156 sed
2553 1105 2780 1155 tantum
2815 1099 2950 1171 quia
2982 1103 3128 1154 esset
3166 1098 3503 1169 dispensator
3531 1100 3781 1170 evangelici

2167 1189 2469 1245 ministerii
2503 1189 2687 1260 (Ibid.,
2719 1204 2877 1258 capp.
2911 1190 3036 1254 222,
3076 1186 3209 1258 242)
3240 1203 3254 1241 :
3287 1187 3620 1242 Caecilianum
3646 1186 3782 1255 igitur

2166 1296 2282 1334 non
2311 1277 2509 1349 patris,
2554 1292 2670 1331 non
2709 1275 2926 1342 matris,
2966 1275 3122 1347 quod
3166 1275 3247 1329 illi
3287 1274 3487 1328 insulse
3531 1274 3780 1344 interroga-

2164 1371 2381 1433 verant,
2430 1367 2616 1420 locum
2668 1364 2926 1419 obtinere
2972 1363 3126 1434 apud
3172 1362 3476 1419 Catholicos
3509 1363 3779 1433 (Ibid.,cap.

2163 1458 2309 1524 23l),
2360 1454 2458 1508 sed
2496 1452 2898 1507 tantummodo
2944 1451 3154 1517 fratris,
3201 1452 3315 1506 sive
3350 1450 3480 1505 boui
3515 1451 3613 1504 sive
3653 1450 3779 1517 mali;

2163 1543 2271 1597 hoc
2301 1542 2456 1597 enim
2487 1540 2747 1596 Ecclesia:
2776 1539 2920 1594 nihil
2947 1539 3173 1594 ofﬁcere
3205 1556 3219 1595 :
3252 1540 3370 1611 ejus
3398 1555 3452 1593 se
3479 1553 3676 1592 causam
3710 1537 3781 1593 de-

2162 1631 2415 1697 fendere,
2446 1629 2583 1701 quia
2613 1629 2981 1683 innocentem
3026 1644 3160 1683 eum
3206 1626 3630 1709 arbitrabantur;
3669 1631 3715 1681 at
3749 1626 3783 1679 si

2163 1736 2322 1773 secus
2352 1719 2518 1783 foret,
2551 1717 2661 1788 ipsi
2687 1716 2789 1770 uni
2817 1717 3044 1787 culpam
3076 1732 3237 1770 suam
3267 1714 3449 1770 fraudi
3474 1715 3691 1770 futuram
3715 1730 3727 1767 :
3751 1713 3783 1766 si

2160 1809 2372 1862 vellent
2418 1805 2724 1861 adversarii
2769 1804 2839 1859 ab
2878 1805 3001 1875 ejus
3031 1804 3384 1859 accusatione
3412 1802 3685 1869 discedam,
3711 1817 3785 1855 nec

2164 1911 2296 1949 eum
2363 1894 2697 1949 defensuros
2764 1908 2993 1964 quoque
3069 1891 3407 1957 Catholicos;
3480 1894 3631 1961 atque
3680 1889 3784 1941 adeo

2163 1998 2391 2037 causam
2464 1985 2624 2036 tanto
2702 1978 3022 2033 breviorem
3091 1979 3212 2033 fore
3272 1978 3450 2049 (Ibid.,
3506 1993 3647 2047 capp.
3692 1978 3783 2039 230,

2160 2073 2286 2130 232,
2355 2069 2500 2138 233).
2558 2066 2839 2123 Producta
2928 2071 3014 2122 est
3089 2067 3357 2121 diuticule
3422 2066 3535 2120 hiec
3592 2064 3785 2134 disputa-

2160 2158 2241 2211 tio
2272 2174 2286 2212 :
2319 2172 2563 2227 cumque
2596 2156 2815 2210 interea
2863 2155 3221 2210 Marcellinus
3252 2154 3546 2209 Donatistis
3571 2167 3784 2207 nonnun-

2161 2262 2332 2317 quam
2364 2244 2734 2316 respenderet
2766 2243 2948 2298 verbis
2985 2242 3323 2314 Augustini;
3355 2242 3637 2297 Petilianus
3662 2240 3783 2294 illum

2160 2332 2533 2399 insimulavit,
2586 2331 2844 2402 dejerans
2908 2332 3039 2402 plus
3093 2348 3261 2404 usque
3315 2331 3494 2386 favere
3544 2326 3784 2385 Catholici:

2162 2422 2358 2493 (Ibid.,
2381 2436 2541 2491 capp.
2574 2422 2701 2486 233,
2733 2417 2879 2489 234).

2228 2512 2282 2565 4.
2314 2508 2722 2581 Augustinum,
2765 2507 2860 2562 ubi
2902 2508 3151 2562 sermoni
3178 2525 3283 2563 suo
3313 2507 3381 2563 de
3410 2504 3614 2578 paterni
3643 2500 3783 2557 nomi-

2159 2598 2248 2653 nis
2293 2597 2646 2669 proprietate
2690 2596 2864 2651 ﬁnem
2914 2595 3212 2666 imposuit,
3248 2595 3542 2651 Donatistae
3580 2588 3784 2646 sciscitati

2160 2691 2307 2750 sunt,
2340 2702 2374 2740 a
2404 2702 2518 2756 quo
2538 2690 2682 2739 esset
2700 2685 2759 2738 in
2782 2683 3111 2755 episcopum
3134 2687 3490 2738 consecratus
3509 2680 3671 2753 (Ibid.,
3694 2692 3783 2746 cap.

2157 2776 2304 2842 243).
2337 2773 2628 2828 Possidius
2645 2789 2796 2838 vero,
2822 2779 2885 2828 ut
2907 2773 3006 2844 qui
3032 2772 3230 2843 magni
3252 2772 3402 2828 illius
3422 2771 3522 2825 viri
3542 2770 3787 2841 praecepto-

2156 2862 2234 2917 ris
2263 2862 2351 2915 sui
2389 2866 2751 2935 perspectum
2790 2862 3026 2916 haberet
3072 2860 3354 2925 animum,
3382 2855 3664 2930 reSpendit,
3689 2868 3784 2907 cau-

2157 2967 2280 3004 sam
2307 2948 2636 3020 Augustini,
2685 2949 3118 3020 qualiscumque
3160 2950 3396 3003 tandem
3436 2946 3529 3001 illa
3555 2948 3695 3007 esset,
3720 2941 3789 2995 de-

2156 3038 2499 3093 fendendam
2529 3036 2623 3091 hic
2647 3053 2760 3091 non
2822 3037 3133 3109 suscepisse
3171 3036 3486 3092 Catholicos
3512 3032 3673 3107 (Ibid.,
3703 3043 3786 3096 cap.

2155 3127 2299 3194 245).
2335 3125 2709 3179 Nihilosecius
2736 3130 2929 3179 tamen
2962 3125 3046 3180 illi
3076 3125 3362 3191 institere,
3392 3130 3552 3196 atque
3578 3122 3629 3175 in
3656 3114 3789 3173 sancti

2157 3213 2415 3285 Episcopi
2477 3212 2832 3267 ordinatione
2899 3229 3157 3284 quaerere
3211 3213 3510 3268 calumniae
3556 3205 3789 3281 quidpiam

2152 3302 2513 3357 videbantur.
2551 3301 2655 3356 Ubi
2684 3306 2873 3355 tamen
2904 3301 3025 3373 ipse
3053 3318 3258 3355 manus
3289 3302 3394 3356 sibi
3423 3317 3456 3354 a
3485 3296 3692 3369 Megalio
3716 3292 3790 3346 im-

2155 3390 2368 3460 positas
2394 3389 2583 3461 palam
2615 3394 2763 3443 esset
2792 3389 3098 3461 professus,
3133 3390 3421 3461 simulque
3447 3387 3693 3459 rogasset,
3717 3380 3789 3433 ha-

2152 3480 2425 3533 berentne
2470 3477 2706 3548 aliquid,
2750 3478 2905 3549 quod
2952 3482 3148 3532 contra
3185 3478 3474 3544 dicerent;
3503 3474 3604 3529 alio
3628 3481 3790 3525 sermo-

2153 3583 2285 3621 nem
2333 3566 2693 3620 detorserunt
2741 3565 2928 3635 (Ibid.,
2978 3582 3097 3634 cap.
3142 3565 3291 3637 247).
3344 3565 3609 3620 Libellum
3645 3559 3788 3626 itaque

2151 3655 2326 3709 totius
2354 3653 2577 3709 concilii
2619 3652 2707 3707 sui
2736 3655 2968 3708 nomine
3015 3653 3370 3719 obtulerunt,
3416 3669 3525 3723 quo
3558 3665 3619 3703 ex
3643 3647 3789 3701 aucto-

2153 3742 2416 3797 ritatibus
2434 3741 2639 3797 divinis
2664 3741 2909 3812 probare
2933 3741 3380 3808 contendebant,
3402 3744 3638 3812 pastores
3656 3732 3789 3788 malos

2153 3831 2401 3884 maculas
2430 3845 2550 3884 esse
2579 3846 2640 3883 ac
2667 3846 2855 3884 naevos
2892 3829 3171 3898 Ecclesim,
3204 3831 3370 3900 cujus
3400 3828 3459 3882 in
3486 3826 3607 3882 tiliis
3632 3822 3787 3891 impro-

2151 3918 2288 3973 bum
2317 3918 2542 3972 nullum
2586 3934 2706 3971 esse
2750 3923 3059 3988 oporteret.
3106 3919 3311 3972 saltem
3343 3916 3723 3987 deprehensum
3747 3920 3791 3958 ac

2152 4006 2518 4061 manifestum
2564 4022 2577 4061 :
2630 4007 2878 4059 occultos
2923 4005 3079 4060 enim
3128 4005 3355 4077 aliquos
3400 4005 3458 4058 in
3496 4020 3559 4058 ea
3595 3998 3787 4054 latitare.

2150 4093 2275 4164 ipsa
2302 4093 2357 4146 vi
2388 4092 2638 4147 veritatis
2657 4093 2821 4147 fateri
2842 4093 3190 4164 cogebantur
3204 4093 3360 4163 (Ibid
3367 4135 3404 4155 .,
3428 4107 3545 4162 cap.
3564 4087 3695 4156 249).
3717 4083 3789 4137 De-

2149 4178 2385 4234 claravit
2411 4180 2787 4240 Marcellinus.
2817 4180 2990 4235 istum
3011 4180 3272 4235 libellum
3307 4197 3422 4235 non
3450 4176 3683 4235 omnium
3706 4183 3791 4223 sua‘

2148 4267 2349 4338 partis,
2379 4268 2476 4323 sed
2509 4268 2906 4323 tantummodo
2924 4272 3145 4340 septem
3168 4268 3592 4339 disputatorum
3608 4256 3791 4317 nomine

2149 4355 2410 4410 debuisse
2454 4356 2735 4411 conscribi
2782 4357 2967 4428 (Ibid.,
3012 4373 3131 4427 cap.
3166 4360 3294 4425 252,
3326 4357 3452 4428 253)
3486 4371 3499 4409 :
3530 4351 3666 4409 unde
3690 4345 3791 4401 libev

2148 4463 2276 4501 rum
2324 4450 2447 4501 erat
2491 4447 2813 4515 Catholieis,
2861 4448 3025 4503 illum
3070 4448 3399 4519 explodere,
3434 4450 3500 4501 .et
3540 4437 3791 4515 quominus

2147 4534 2499 4601 recitaretur,
2532 4534 2910 4603 intercedere;
2940 4540 2998 4590 at
3027 4552 3099 4590 ne
3130 4536 3435 4589 minimam
3466 4532 3676 4605 quidem
3701 4538 3791 4578 m0-

2147 4638 2270 4676 ram
2296 4626 2394 4675 aut
2411 4622 2829 4677 cunctationem
2848 4622 3081 4694 injicere
3102 4623 3432 4689 voluerunt,
3452 4637 3519 4675 ne
3542 4622 3790 4689 argumen-

2145 4715 2357 4777 torum,
2390 4710 2611 4789 quibus
2658 4712 2963 4765 utebantur
3007 4711 3339 4778 adversarii,
3388 4710 3506 4765 vim
3541 4699 3793 4763 formidare

2146 4798 2474 4853 viderentur
2498 4798 2615 4868 (Ad
2644 4801 2912 4855 Donatist.
2939 4804 3065 4868 post
3092 4800 3293 4854 Collat.
3327 4815 3386 4853 n.
3411 4798 3518 4865 49).
3566 4789 3791 4849 Libellum

2146 4886 2321 4957 igitur
2358 4902 2527 4941 suum
2568 4886 2879 4941 Donatista:
2903 4891 3177 4941 curarunt
3205 4886 3516 4958 legendum
3545 4882 3610 4937 ab
3628 4892 3724 4933 uno
3745 4884 3793 4924 ei

2146 4974 2403 5046 ipsorum
2454 4974 2751 5046 episcopis.
2789 4975 3095 5046 Legentem
3125 4975 3245 5029 sine
3280 4969 3684 5043 interruptione
3706 4959 3795 5015 ulla

2146 5062 2417 5119 Catholici
2446 5063 2625 5133 requis
2655 5067 2710 5117 et
2731 5062 2996 5134 benignis
3028 5062 3263 5118 auribus
3293 5060 3597 5117 audierunt
3624 5049 3795 5122 (Collat-

2147 5152 2414 5219 Carthag.
2449 5154 2499 5219 3,
2536 5167 2695 5221 capp.
2739 5152 2984 5205 257-259
3023 5156 3076 5206 et
3114 5150 3260 5221 264).
3318 5149 3600 5220 Scriptum
3645 5142 3795 5195 autem

2144 5237 2286 5293 illud
2313 5255 2380 5292 eo
2408 5238 2598 5293 animo
2626 5238 3009 5304 confecerant,
3031 5242 3096 5292 ut
3116 5237 3535 5293 Catholicorum
3558 5226 3795 5286 mandato.

2146 5327 2302 5396 quod
2326 5326 2623 5381 recitatum
2650 5326 2711 5380 in
2737 5326 2927 5397 prima
2959 5326 3269 5381 Collatione
3300 5326 3509 5385 fuerat,
3545 5309 3800 5397 responde:

2146 5391 2287 5468 rent.
2334 5414 2510 5485 Atqui
2549 5391 2971 5470 demonstravit
2999 5413 3375 5486 Augustinus,
3394 5410 3659 5469 nihileos,
3678 5391 3796 5471 quod

2147 5499 2331 5556 eidem
2372 5502 2640 5557 mandato
2701 5501 3069 5568 satisfaceret,
3116 5501 3396 5564 attulisse,
3449 5496 3598 5569 quod
3647 5490 3796 5559 ipsum
