3912 6174
102 307 179 356 425
1508 304 1709 359 LIBER
1750 303 2025 360 SEXTUS.

105 422 193 473 sola
211 417 466 487 utriusque
494 417 683 487 scripti
708 418 948 473 lectione
980 420 1195 475 clarum
1220 426 1566 492 erat(Brevic.
1597 426 1720 477 Col-

110 511 182 562 lat.
200 512 299 573 3,11.
330 508 426 575 10).
457 506 634 569 Quare
666 510 1135 578 percommodum
1164 510 1368 565 accidit
1398 511 1717 577 Catholicis,

107 603 153 649 ut
174 611 298 649 suum
324 594 568 665 ipsorum
588 596 921 651 mandatum
952 597 1287 653 adversariis
1302 616 1403 670 per
1433 601 1722 654 Notoriam

108 683 447 756 postulantibus
498 683 828 751 edidissent,
879 684 1207 757 eisdemque
1238 688 1454 758 pariter
1486 689 1723 758 petitam

105 770 433 825 concessissent
461 776 677 841 septem
709 773 929 827 dierum
957 773 1315 841 dilationem,
1349 792 1461 846 quo
1493 775 1576 829 illi
1602 777 1721 829 elu-

101 862 323 915 cubratam
352 859 594 931 aliquam
619 877 682 914 ac
712 877 817 932 per
846 866 929 916 tot
957 862 1076 917 dies
1112 863 1446 918 meditatam
1488 881 1725 935 respon-
1788 872 1789 875 ‘

96 949 262 1001 sionem
289 947 543 1002 atl'errent
568 964 583 1002 :
613 949 899 1020 siquidem
927 950 1061 1005 hinc
1084 952 1300 1023 liquido
1333 958 1453 1007 erat
1475 953 1727 1007 animad-

87 1043 271 1103 vertere,
318 1038 515 1109 quibus
575 1040 856 1110 capitibus
904 1040 988 1094 illi
1029 1041 1174 1095 nihil
1226 1043 1484 1113 responsi
1527 1043 1726 1097 darent

92 1134 201 1197 εφη
226 1143 344 1181 sane
369 1142 642 1198 perquam
661 1129 852 1199 gravia
883 1132 1087 1201 erant),
1122 1131 1244 1201 ipsa
1274 1148 1386 1185 non
1410 1132 1581 1187 fuisse
1612 1148 1727 1187 me-

85 1215 244 1267 moriae
267 1214 398 1268 vitio
429 1216 808 1286 praetermissa
832 1218 953 1271 :sed
966 1218 1117 1288 quod
1142 1224 1329 1273 essent
1356 1220 1726 1289 responsione

85 1302 204 1356 omni
229 1302 506 1372 superiora
539 1303 656 1369 (Ad
684 1307 994 1359 Donatistas
1015 1312 1139 1375 post
1170 1308 1381 1374 Collat.,
1405 1324 1459 1363 n.
1493 1310 1611 1377 49),

135 1395 173 1444 5.
204 1391 436 1445 Recitata
477 1392 583 1445 isto
614 1393 806 1447 codice
847 1395 1189 1449 schismatici
1237 1396 1344 1466 ipsi
1386 1397 1728 1465 Catholicos,

82 1485 127 1532 ut
148 1480 189 1533 ei
210 1481 626 1551 responderent,
656 1482 1095 1553 interpellarunt
1120 1486 1637 1553 (Collat.'Carthag.
1673 1490 1724 1552 3,

81 1584 167 1637 cap.
193 1570 305 1638 260)
333 1586 345 1622 :
370 1570 459 1623 his
478 1570 734 1624 accidere
758 1571 899 1626 nihil
925 1574 1419 1644 poteraﬁoptatius
1444 1591 1457 1641 ;
1487 1591 1727 1646 eamque

82 1658 369 1726 provinciam
399 1659 776 1730 Augustinus,
802 1662 1028 1716 tametsi
1066 1667 1341 1733 perpetuo
1383 1663 1728 1719 interturba-

82 1752 177 1799 rent
201 1746 509 1814 adversarii,
538 1750 982 1820 suscepit(lbid.,
1016 1767 1173 1820 capp.
1208 1754 1331 1818 264,
1364 1754 1511 1821 267).
1549 1755 1611 1807 Et
1632 1754 1727 1807 illo

80 1836 263 1904 quidem
289 1842 523 1908 urgente
569 1838 918 1892 adversarios
951 1840 1019 1893 de
1049 1842 1210 1910 palea
1239 1840 1539 1895 dominicae
1582 1858 1729 1895 areae

80 1940 221 2001 mque
248 1926 311 1979 ad
339 1927 772 1982 ventilationem
803 1928 1121 1996 toleranda,
1160 1930 1407 2000 negabat
1451 1930 1730 1985 Emeritus

80 2030 229 2067 aream
256 2014 309 2068 in
340 2015 655 2087 Evangelio
688 2016 800 2087 legi
829 2018 1019 2087 (Ibid.,
1054 2034 1171 2087 cap.
1223 2022 1389 2086 262);
1422 2020 1514 2074 sed
1547 2018 1730 2073 citatis

82 2121 130 2157 ex
152 2105 338 2158 Joanne
365 2105 558 2159 verbis
589 2122 719 2159 eum
750 2112 978 2161 sanctus
998 2108 1211 2161 Praesul
1243 2108 1475 2174 revicit;
1504 2108 1731 2181 ipsique

82 2194 190 2247 adeo
204 2194 739 2250 Donatistaz’secreto
762 2196 1077 2251 Emeritam
1100 2196 1188 2251 sui
1204 2202 1553 2252 monuerunt
1575 2214 1731 2253 erro-

84 2283 168 2335 ris:
194 2300 343 2353 quem
371 2284 609 2355 quidem
638 2284 719 2338 ita
748 2286 1007 2352 correxit,
1040 2290 1104 2340 ut
1143 2303 1243 2340 nec
1281 2291 1474 2341 tamen
1503 2286 1729 2341 haereti-

84 2389 176 2427 cam
199 2374 272 2427 vel
307 2374 726 2430 schismaticam
766 2376 1020 2446 posuerit
1044 2377 1495 2447 perversitatem.
1539 2376 1731 2432 Conti-

85 2478 171 2515 nuo
188 2463 317 2517 enim
344 2464 592 2535 subjecit
615 2465 795 2535 palea:
816 2464 1049 2519 nomine
1073 2466 1253 2519 malos
1283 2466 1527 2520 occultos
1557 2466 1732 2535 signi-

88 2552 203 2606 ﬁcari
241 2554 457 2621 (Contra
508 2555 897 2621 Gaudentium,
932 2555 1023 2609 lib.
1068 2557 1122 2621 2,
1172 2571 1229 2610 n.
1278 2557 1351 2625 4).
1396 2556 1733 2626 Quanquam

86 2640 177 2693 hac
214 2643 483 2713 responsio
544 2642 607 2696 in
658 2643 796 2697 actis
852 2644 1128 2698 Petiliano
1182 2643 1455 2698 tribuitur
1512 2645 1731 2713 (Collat.

89 2729 299 2797 Carthag.
333 2734 380 2799 3,
400 2748 525 2801 cap.
564 2734 707 2803 263).
741 2732 982 2786 Tribuni
1012 2733 1247 2787 tandem
1274 2731 1612 2786 auctoritate
1642 2731 1734 2784 vix

89 2820 379 2888 Augustinus
407 2820 669 2875 obtinuit
705 2825 770 2874 ut
798 2820 907 2874 sibi
954 2821 1226 2875 continua
1275 2821 1419 2876 serie
1466 2837 1530 2875 ac
1568 2820 1729 2875 nullo

86 2907 421 2979 interpellante
465 2908 633 2980 loqui
683 2909 879 2963 liceret
928 2910 1153 2979 (Brevic.
1206 2912 1404 2965 Collat.
1458 2913 1503 2971 3,
1536 2926 1590 2964 η.
1629 2910 1733 2979 16).

83 2994 361 3053 Sermonem
399 3014 599 3064 suum,
635 3014 807 3068 quem
838 2997 1148 3051 universim
1182 2997 1480 3052 Catholicis
1527 2997 1735 3051 adscri-

83 3082 158 3150 bit,
184 3085 325 3140 nobis
349 3088 466 3157 ipse
499 3086 731 3156 redegit
751 3086 809 3140 in
843 3086 1263 3156 compendium.
1292 3086 1411 3140 Illic
1442 3086 1600 3139 omni
1619 3090 1737 3140 stu-

84 3172 154 3225 dio
180 3176 535 3245 quaestionem
580 3176 725 3229 hanc
773 3177 1001 3230 ﬁrmare
1041 3175 1389 3246 aggreditur,
1444 3175 1737 3245 improbos

84 3259 151 3313 hic
175 3263 233 3316 ab
259 3266 493 3320 Ecclesia
535 3264 865 3318 manifestos
896 3263 1133 3333 perinde
1166 3266 1333 3335 atque
1378 3264 1626 3317 occultos
1657 3268 1738 3317 to-

93 3351 241 3420 lerari,
278 3370 372 3407 nec
410 3370 618 3409 eorum
647 3353 911 3424 peccatis,
946 3352 1045 3423 qui
1087 3368 1217 3405 cum
1261 3352 1373 3405 illis
1417 3355 1733 3419 versantur,

93 3437 235 3493 bonos
261 3442 424 3497 intici.
468 3444 666 3498 Exstat
694 3442 877 3497 adhuc
907 3441 968 3495 in
1010 3441 1147 3495 actis
1189 3440 1518 3495 Collationis
1566 3441 1738 3512 hujus

84 3528 309 3585 orationis
335 3531 573 3586 initium
605 3531 821 3599 (Collat.
858 3530 1119 3598 Carthag.
1152 3533 1201 3595 3,
1250 3545 1369 3598 cap.
1405 3528 1575 3599 281);
1607 3528 1737 3583 reli-

87 3630 173 3683 qua
194 3634 333 3682 vero,
358 3637 471 3675 una
500 3635 640 3673 cum
670 3618 814 3672 serie
843 3623 1093 3683 actuum,
1125 3632 1369 3689 quorum
1408 3622 1619 3687 praeter
1648 3634 1735 3671 ar-

88 3703 341 3762 ticulorum
370 3708 577 3763 titulos
617 3706 759 3761 nihil
804 3711 1081 3777 superest,
1113 3705 1527 3760 desiderantur.
1580 3702 1740 3768 Quod

88 3798 240 3848 autem
262 3802 479 3851 sanctus
511 3798 725 3851 Doctor
753 3795 990 3862 dixerat,
1038 3794 1348 3850 seminatos
1391 3794 1451 3848 in
1498 3792 1741 3848 Ecclesia

88 3878 269 3937 malo‘sa
280 3885 501 3941 diabolo
512 3928 527 3953 ,
546 3885 605 3940 id
622 3885 707 3939 illi
720 3884 977 3939 refellere
995 3885 1338 3939 studuerunt
1357 3885 1402 3953 (1
1408 3882 1519 3939 bid.
1531 3924 1545 3951 ,
1577 3898 1735 3952 capp.

83 3972 182 4037 282,
207 3975 337 4045 283).
370 3973 657 4031 Catholici
706 3990 841 4029 vero
872 3990 1003 4028 cum
1059 3974 1285 4028 aliunde
1331 3973 1485 4028 idem
1533 3972 1740 4027 contir-

85 4066 290 4128 marunt,
320 4068 439 4119 tum
471 4064 567 4117 vel
598 4062 843 4117 maxime
874 4062 1210 4117 auctoritate
1241 4060 1508 4132 Cypriani
1538 4061 1743 4132 episco.

80 4147 143 4214 pi.
168 4165 322 4221 quem
350 4154 409 4207 in
441 4151 655 4224 primis
706 4151 815 4206 sibi
857 4151 1215 4207 venerationi
1242 4168 1364 4206 esse
1403 4149 1745 4205 schismatici

82 4250 176 4303 pne
200 4256 250 4293 se
275 4242 561 4299 ferebant.
590 4241 762 4312 Cujus
792 4241 1025 4313 quidem
1056 4240 1260 4307 verbis,
1286 4238 1509 4311 quoties
1541 4254 1609 4292 ea
1636 4235 1746 4291 sibi

80 4324 476 4400 nbjiciebantur,
512 4346 647 4385 cum
699 4330 1045 4401 respondere
1081 4344 1269 4399 neque
1309 4327 1603 4392 auderent,
1644 4341 1744 4379 ne-

80 4429 168 4481 que
203 4419 463 4487 valerent,
509 4419 833 4474 renuebant
870 4422 1063 4472 tamen
1093 4418 1214 4488 ejus
1257 4414 1580 4470 auctoritati
1608 4430 1744 4468 con-

80 4503 244 4561 cedere
271 4508 505 4579 (Brevic.
546 4510 746 4563 Collat.
781 4512 832 4575 3,
864 4524 921 4562 n.
955 4510 1042 4573 20,
1074 4511 1124 4560 et
1151 4506 1245 4561 Ad
1273 4507 1590 4561 Donatistas
1624 4506 1747 4572 post

80 4592 247 4650 Collat.
292 4614 344 4651 η.
402 4600 515 4667 10).
562 4597 649 4651 Ad
693 4596 816 4651 haec
864 4594 1181 4650 Catholicos
1229 4592 1745 4658 calumniabantur,

82 4683 213 4750 quasi
260 4686 398 4742 duas
467 4686 714 4741 existere
772 4685 1043 4741 Ecclesias
1096 4684 1441 4750 docuissent,
1504 4696 1749 4754 quarum

78 4770 219 4827 etiam
246 4777 422 4831 altera
453 4776 716 4832 mortalis
738 4779 903 4831 esset.
937 4775 1072 4841 Quae
1094 4773 1414 4829 criminatio
1440 4788 1507 4827 eo
1535 4770 1751 4825 niteba-

82 4862 170 4927 ηπ,
199 4879 304 4935 quo
331 4871 687 4937 praesentem
714 4864 972 4920 Ecclesiae
994 4867 1225 4930 statum,
1258 4863 1317 4917 in
1338 4878 1451 4933 quo
1494 4859 1752 4915 mortalis

77 4956 160 5019 est,
176 4952 272 5008 hoc
286 4955 722 5011 esthominibus
733 4954 903 5009 morti
917 4953 1179 5009 obnoxiis
1193 4956 1474 5021 constans,
1486 4967 1519 5003 a
1533 4950 1750 5014 futuro,

79 5035 125 5089 in
153 5057 254 5111 quo
268 5046 451 5099 sancti
468 5044 765 5116 regnaturi
784 5051 915 5097 sunt
930 5040 1521 5111 mortalitatislegibus
1538 5038 1756 5109 expedi-

77 5126 128 5191 ti,
148 5130 845 5203 distinxeratAugustinus
861 5132 1081 5203 (Collat.
1100 5131 1365 5198 Carthag.
1387 5132 1439 5195 3,
1455 5144 1612 5198 capp.
1627 5130 1751 5194 283,

77 5220 181 5285 287,
213 5223 419 5278 Brecic.
458 5224 652 5279 Collat.
688 5226 740 5289 3,
780 5238 875 5276 nn.
914 5224 1000 5287 16,
1039 5221 1140 5290 19).
1189 5221 1401 5273 Verum
1442 5217 1596 5271 haud
1632 5233 1754 5271 ma-

77 5321 233 5375 gnum
260 5310 401 5367 huic
429 5311 731 5383 negotium
760 5310 868 5365 fcit
905 5308 1248 5365 calumniam
1276 5308 1579 5363 dissolvere
1605 5322 1617 5360 :
1670 5310 1755 5359 et-

76 5398 208 5453 enim
238 5416 369 5455 cum
397 5418 509 5456 sua
534 5401 715 5473 ipsius
736 5399 907 5454 verba
934 5399 1113 5471 relegi
1142 5397 1419 5469 petiisset,
1452 5412 1518 5449 eo
1549 5391 1758 5449 redacti

75 5494 198 5542 sunt
228 5489 567 5557 Donatistae,
593 5494 661 5546 ut
688 5506 805 5545 non
854 5488 1005 5561 quod
1044 5488 1139 5542 ille
1179 5486 1416 5551 dixerat,
1462 5483 1562 5538 sed
1605 5483 1759 5553 quod

79 5578 252 5634 animo
264 5580 639 5651 cogitaverat,
655 5581 985 5645 accusarent
997 5576 1218 5649 (Collat.
1236 5575 1505 5641 Carthag.
1520 5575 1571 5640 3,
1587 5587 1724 5641 capp
1739 5613 1752 5627 .

414 5694 692 5761 PATROL.
746 5692 997 5760 XXXII.

3428 316 3531 368 426

1830 428 1959 494 284,
1988 426 2132 498 285).
2176 427 2359 497 Atque
2400 429 2468 482 ad
2517 446 2647 483 eum
2694 431 2929 486 modum
2968 434 3269 488 terminata
3316 437 3537 491 videba-

1832 519 1927 567 tur
1958 514 2219 569 Ecclesia:
2250 532 2435 582 causa,
2489 517 2550 571 in
2582 535 2695 589 qua
2737 518 2841 574 hoc
2888 520 2996 575 sibi
3044 538 3390 592 proposuere
3445 526 3542 578 Ca-

1834 601 2052 669 tholici,
2084 605 2257 659 nullis
2284 622 2409 660 eam
2439 607 2735 673 maculari,
2759 624 2861 662 nec
2888 609 3193 675 Caeciliani,
3218 626 3321 663 nec
3347 611 3539 680 cujus-

1834 689 1917 742 vis
1949 692 2183 746 alterius
2235 694 2417 764 culpis
2475 695 2888 751 demonstrarc.
2951 700 3023 751 Ac
3082 698 3377 752 donatistae
3433 699 3544 769 ipsi

1836 778 2110 848 placitum
2145 780 2287 835 illud
2334 783 2561 837 tandem
2612 800 2915 855 agnovere,
2968 802 3096 839 cum
3145 786 3205 840 in
3252 788 3544 857 angustias

1839 869 2120 938 compulsi
2153 869 2710 926 Maximianistarum
2741 874 2978 927 historia
3010 874 3206 944 (Epist.
3264 876 3444 941 141,n.
3479 878 3541 941 6;

1837 958 2045 1011 Brevic.
2102 958 2292 1013 Collat.
2353 962 2405 1026 3,
2463 977 2557 1015 nn.
2606 965 2803 1028 21—23,
2848 968 2897 1016 et
2945 964 3059 1032 27),
3096 963 3204 1016 sibi
3244 980 3273 1016 a
3312 964 3543 1018 veritate

1838 1045 2008 1099 verba
2027 1046 2143 1113 illa,
2177 1064 2303 1118 quae
2328 1049 2625 1103 totiesillis
2647 1051 2995 1119 Augustinus
3028 1052 3267 1121 oggerit,
3302 1052 3546 1123 exprimi

1838 1135 1991 1205 passi
2024 1140 2176 1202 sunt,
2232 1137 2531 1205 nimirum,
2582 1142 2688 1195 Nec
2736 1156 2901 1195 causa
2950 1157 3141 1207 causae,
3175 1158 3267 1195 nec
3308 1157 3545 1211 persona
3590 1124 3595 1133 ’

1834 1239 2081 1292 persona:
2115 1226 2449 1294 przejudicat
2478 1230 2672 1297 (Epist.
2726 1231 2843 1295 141,
2878 1246 2933 1283 n.
2958 1232 3022 1296 6;
3054 1233 3230 1299 Epist.
3269 1234 3447 1300 142,n
3476 1234 3542 1297 3;

1838 1312 1930 1366 Ad
1960 1316 2273 1369 Donatistas
2297 1317 2651 1383 postCollat.,
2687 1332 2741 1369 n.
2776 1319 2865 1383 24,
2896 1318 3022 1387 etc).
3062 1320 3256 1388 Itaque
3285 1335 3543 1389 pronun-

1838 1400 1997 1455 tiavit
2036 1402 2409 1463 Marcellinus,
2475 1408 2646 1473 caput
2689 1406 2797 1458 hoc
2853 1405 3121 1475 ampliori
3160 1407 3544 1477 disputatione

1837 1505 1955 1543 non
1987 1490 2267 1560 indigere,
2301 1508 2363 1545 ac
2411 1508 2469 1545 se
2514 1497 2820 1565 postquam
2875 1494 2986 1548 alia
3042 1494 3237 1549 omnia
3293 1496 3545 1550 discussa

1840 1582 2047 1643 essent,
2081 1579 2147 1633 de
2179 1597 2245 1633 eo
2287 1597 2517 1651 quoque
2549 1583 2799 1637 laturum
2852 1600 2973 1638 esse
3006 1584 3379 1639 sententiam:
3424 1585 3545 1655 jam

1840 1666 2017 1737 igitur
2071 1668 2386 1723 schismatis
2443 1686 2673 1724 causam
2730 1676 2899 1743 atque
2971 1672 3255 1743 originem
3331 1675 3543 1728 exami-

1842 1755 2089 1809 nandum
2124 1758 2351 1826 (Collat.
2395 1759 2670 1825 Carthag.
2706 1762 2757 1826 3,
2805 1761 3076 1832 cap.289).
3109 1762 3362 1816 Instabat
3408 1779 3542 1816 con-

1840 1848 1927 1898 tra
1956 1848 2199 1915 utraque
2229 1862 2379 1914 pars,
2422 1852 2487 1900 ut
2515 1847 2584 1901 de
2613 1864 2958 1919 unaquaque
3003 1865 3084 1914 re,
3138 1850 3327 1903 statim
3375 1855 3545 1921 atque

1842 1932 2167 1987 absolutum
2199 1939 2346 1987 esset
2376 1935 2495 2005 ejus
2552 1951 2811 2003 examen,
2872 1937 3272 2007 pronuntiaret
3314 1939 3543 2008 (Brevic.

1844 2023 2044 2076 Collat.
2074 2025 2123 2089 3,
2158 2039 2213 2076 n.
2249 2024 2373 2095 2t):
2409 2029 2466 2077 at
2523 2024 2638 2084 ille.
2696 2026 2801 2078 hoc
2830 2042 2935 2096 per
2992 2027 3144 2095 leges
3205 2042 3319 2080 non
3376 2027 3545 2081 licere

1842 2110 2172 2181 respondit;
2212 2127 2275 2164 ac
2316 2111 2525 2181 judicis
2570 2112 2825 2167 ofﬁcium
2856 2130 2996 2180 esse,
3037 2114 3105 2168 de
3142 2118 3262 2168 toto
3315 2117 3545 2187 negotio

1843 2200 2011 2253 simul
2069 2200 2215 2254 ferre
2272 2202 2643 2270 sententiam,
2691 2207 3061 2274 mentemque
3120 2219 3299 2269 suam,
3362 2206 3549 2274 quoad

1844 2287 2078 2340 omnino
2098 2304 2266 2341 causa
2284 2294 2515 2357 peracta
2540 2289 2631 2357 sit,
2661 2307 2924 2362 premere
2948 2292 3166 2363 (Collat.
3198 2293 3465 2359 Carthag.
3494 2297 3544 2361 3,

1843 2390 2003 2443 capp.
2036 2378 2159 2437 292,
2194 2377 2335 2445 314).

1918 2466 1967 2518 6.
2006 2464 2146 2518 Cum
2189 2465 2470 2535 originem
2522 2471 2577 2520 et
2618 2484 2847 2522 causam
2895 2469 3113 2524 discidii
3162 2470 3407 2542 primam
3456 2484 3553 2523 ex-

1845 2552 2059 2622 plorari
2104 2553 2274 2607 vellet
2327 2555 2709 2623 Marcellinus,
2764 2557 2819 2610 id
2865 2558 3171 2628 quominus
3216 2558 3396 2619 ﬁeret.
3452 2558 3553 2612 ob-

1850 2640 2037 2695 nixius
2071 2641 2379 2696 Donatistae
2408 2643 2686 2698 obsistere
2719 2653 3016 2715 coeperunt
3064 2647 3287 2717 (Brevic.
3348 2647 3550 2701 Collat.

1852 2732 1904 2795 3,
1936 2746 1990 2784 η.
2025 2729 2153 2799 21);
2187 2730 2330 2784 adeo
2385 2736 2450 2785 ut
2503 2732 2625 2802 ejus
2656 2733 2759 2799 rei,
2821 2738 3019 2804 utpote
3077 2752 3207 2806 quae
3265 2734 3555 2805 episcopos

1849 2818 2227 2889 contingeret,
2264 2819 2551 2873 Christum
2601 2837 2777 2874 unum
2802 2821 3055 2889 judicem
3098 2838 3216 2875 esse
3264 2838 3559 2875 causaren-

1846 2910 1984 2973 tur;
2019 2923 2244 2961 necnon
2287 2907 2600 2962 Catholicos
2658 2914 2923 2963 vocarent
2955 2910 3013 2963 in
3057 2908 3351 2976 invidiam,
3403 2910 3557 2980 quod

1851 3012 1978 3050 eam
2006 2996 2074 3050 ad
2105 2996 2425 3050 humanum
2472 2997 2721 3051 tribunal
2775 2998 3110 3053 detulissent
3149 3000 3369 3067 (Collat.
3407 3000 3558 3053 Car-

1855 3086 2006 3153 thag.
2044 3089 2093 3151 3,
2129 3102 2287 3155 capp.
2319 3088 2442 3152 245,
2463 3088 2617 3153 297).
2660 3088 2777 3140 Huc
2807 3087 2979 3141 etiam
3010 3087 3202 3141 solitas
3233 3087 3559 3142 inserebant

1858 3173 2125 3243 queielas
2154 3174 2223 3227 de
2253 3174 2746 3244 persecutionibus
2781 3191 2920 3246 quas
2956 3176 3179 3247 perpeti
3208 3176 3555 3230 viderentur.

1854 3261 1961 3316 Sed
1994 3261 2269 3316 Catholici
2298 3262 2494 3316 eadem
2525 3262 2642 3329 illa,
2676 3279 2804 3334 quae
2837 3269 2953 3318 tam
2984 3264 3257 3319 invidiose
3288 3264 3556 3319 crimina-

1848 3349 2079 3416 bantur,
2126 3367 2220 3404 eos
2276 3351 2500 3421 priores
2547 3351 2838 3406 admisisse
2890 3358 3303 3407 monstrarunt.
3362 3354 3555 3425 Neque

1849 3438 2303 3510 illisjquidquam
2329 3439 2566 3510 profuit,
2601 3440 2757 3511 quod
2781 3441 3313 3497 Circumcellionum
3343 3442 3555 3496 scelera

1851 3527 2177 3583 dictitarent
2201 3528 2345 3582 nihil
2376 3529 2449 3583 ad
2482 3528 2780 3599 episcopos
2822 3530 3148 3599 pertinere;
3190 3529 3553 3601 quandoqui-

1851 3617 1981 3671 dem
2010 3616 2256 3671 furiosos
2285 3617 2412 3671 illos
2440 3618 2679 3671 ducibus
2711 3634 2910 3671 eorum
2954 3617 3173 3671 clericis
3202 3624 3285 3673 tot
3322 3625 3555 3690 tamque

1850 3704 2137 3759 horrenda
2175 3705 2327 3759 mala
2364 3705 2716 3759 commisisse
2740 3707 3052 3761 constabat.
3084 3708 3213 3760 Haec
3252 3712 3445 3761 autem
3483 3707 3554 3761 de

1851 3793 2250 3848 vexationibus
2281 3798 2451 3865 atque
2478 3794 2707 3866 injuriis
2734 3795 3119 3850 controversia
3157 3796 3384 3867 longius
3420 3814 3554 3867 pro-

1853 3883 2019 3938 ducta
2046 3887 2161 3938 est:
2194 3900 2395 3939 verum
2435 3900 2565 3939 cum
2615 3885 2974 3940 Marcellinus
3019 3886 3377 3957 praecepisset
3419 3902 3555 3956 pro-

1852 3972 1966 4026 lata
2018 3988 2047 4025 a
2088 3971 2392 4026 Catholicis
2446 3972 2827 4027 instrumenta
2869 3973 3003 4044 legi,
3052 3974 3184 4028 ﬁnis
3226 3974 3277 4027 ei
3326 3975 3557 4029 tandem

1853 4059 2156 4131 impositus
2205 4060 2507 4116 fuit.Salva
2551 4077 2676 4131 ergo
2706 4077 2871 4116 causa
2917 4064 3186 4129 Ecclesiae,
3237 4062 3557 4133 conﬁrmata

1854 4155 1903 4203 et
1933 4149 2446 4203 incommutabiliter
2465 4152 2581 4219 ﬁxa
2602 4167 2663 4204 ac
2686 4150 2951 4217 stabilita,
2974 4156 3232 4219 tanquam
3252 4166 3419 4219 supra
3440 4154 3560 4217 fun-

1855 4239 2165 4292 damentum
2190 4243 2361 4307 petra:
2401 4255 2563 4308 quam
2588 4244 2761 4309 portae
2802 4242 3099 4305 inferorum
3145 4254 3251 4291 non
3296 4241 3553 4293 vincant:

1858 4329 1957 4381 hac
1971 4342 2094 4394 ergo
2106 4328 2280 4393 salva,
2297 4328 2649 4398 Augustinus
2674 4327 2883 4400 inquit,
2899 4330 3139 4382 venimus
3169 4332 3219 4381 et
3249 4327 3323 4380 ad
3342 4344 3558 4383 causam

1859 4417 2163 4483 C'azciliani,
2178 4416 2298 4484 jam
2311 4418 2506 4483 securi,
2525 4416 2799 4485 quidquid
2809 4417 2898 4471 ille
2910 4418 3241 4470 inveniretur
3255 4416 3556 4472 admisisse.

1859 4506 1929 4560 Et
1961 4506 2226 4569 diximus,
2257 4505 2423 4560 Salva
2460 4520 2626 4560 causa
2662 4506 2931 4570 Ecclesiae,
2955 4506 3043 4557 cui
3070 4505 3207 4559 nihil
3234 4506 3562 4574 praejudicat

1850 4597 2134 4664 peccatum
2168 4594 2479 4661 Caeciliani,
2510 4594 2800 4649 videamus
2829 4598 2878 4646 et
2906 4594 3081 4662 ipsius
3113 4609 3350 4661 causam,
3385 4595 3564 4661 qualis

1861 4685 1952 4737 sit.
1972 4683 2031 4737 Si
2045 4685 2408 4738 invenerimus
2422 4699 2537 4737 eum
2552 4686 2878 4736 innocentem
2900 4698 2912 4747 ;
2922 4682 3041 4749 jam
3061 4697 3152 4736 vos
3173 4683 3267 4736 ubi
3281 4685 3452 4746 eritis,
3470 4686 3567 4752 qui

1861 4775 1912 4825 et
1940 4774 1999 4824 in
2012 4773 2133 4840 ipsa
2152 4772 2390 4825 humana
2412 4772 2683 4826 calumnia
2700 4770 2975 4837 defecistis
2991 4770 3018 4825 ?
3035 4770 3097 4826 Si
3120 4776 3296 4825 autem
3314 4774 3564 4825 inventus

1863 4861 2037 4927 fuerit
2064 4876 2275 4926 nocens,
2310 4864 2360 4915 si
2388 4864 2635 4915 inventus
2646 4860 2817 4926 fuerit
2829 4874 2949 4913 reus
2967 4878 2983 4923 ;
3002 4874 3093 4913 nec
3114 4862 3191 4914 sic
3212 4862 3344 4913 victi
3352 4876 3557 4925 sumus,

1865 4951 1998 5018 quia
2010 4952 2275 5004 unitatem
2290 4950 2556 5015 Ecclesiae,
2573 4964 2690 5017 qua:
2702 4949 2904 5001 invicta
2924 4952 3020 5014 est,
3036 4948 3350 5003 obtinemus.
3372 4951 3562 5002 Inven-

1866 5042 1949 5091 tus
1963 5039 2037 5091 sit
2044 5053 2269 5107 prorsus
2283 5052 2403 5092 reus
2418 5054 2430 5103 ;
2448 5038 2709 5091 hominem
2732 5038 3031 5103 anathema,
3049 5038 3254 5093 Christi
3273 5038 3563 5091 Ecclesium

1864 5141 1971 5180 non
2023 5126 2222 5180 desero.
2275 5127 2381 5179 Hoc
2433 5127 2678 5191 fecimus,
2731 5124 3009 5180 discimus:
3044 5126 3289 5195 deinceps
3327 5141 3443 5179 cum
3492 5124 3567 5177 ad

1868 5217 2041 5270 altare
2072 5216 2212 5268 inter
2240 5215 2531 5283 episcopos,
2576 5229 2708 5283 quos
2756 5215 2937 5282 ﬁdeles
2967 5218 3017 5268 et
3046 5216 3341 5269 innocentes
3385 5212 3565 5266 credi-

1869 5318 2008 5367 mus,
2060 5318 2167 5357 non
2213 5302 2579 5357 recitabimus.
2625 5305 2735 5357 Hoc
2786 5303 2955 5357 solum
2995 5305 3239 5370 fecimus.
3286 5300 3569 5369 Numquid

1864 5396 2090 5463 propter
2114 5392 2455 5447 Caecilianum
2488 5392 2888 5461 rebaptizaturi
2911 5394 3037 5446 estis
3057 5391 3231 5445 orbem
3260 5394 3527 5445 terrarum
3544 5392 3572 5444 Ρ

1875 5484 1995 5537 Hac
2016 5482 2307 5536 securitate
2336 5484 2631 5536 constituta
2658 5485 2707 5535 ct
2737 5484 2976 5550 ﬁrmata,
3009 5482 3143 5548 σαῖρὶ
3171 5479 3371 5534 discuti
3408 5494 3572 5534 causa

1880 5573 2162 5629 Caeciliani
2188 5572 2356 5641 (Serm
2405 5574 2529 5639 359,
2560 5588 2615 5626 η.
2649 5571 2721 5640 6).
2770 5569 3019 5624 Recitata
3069 5572 3152 5623 est
3195 5568 3372 5641 igitur
3417 5573 3574 5624 Anu-

2840 5683 3253 5766 (Οιιαίονερ.)
