3912 6174
406 277 507 329 427

403 395 508 450 lini
536 394 894 465 proconsulis
915 395 986 448 ad
1015 393 1449 450 Constantinum
1475 393 1884 464 imperatorem
1911 395 1979 448 de
2004 396 2110 448 Do-

404 484 743 540 natistarum
777 483 1225 537 accusationibus
1262 482 1531 536 adversus
1575 482 1940 536 Caicilianum
1980 482 2108 554 epi-

407 575 583 640 stola;
611 573 750 628 item
779 573 891 627 alia
922 573 1178 644 ejusdem
1212 571 1468 638 Anulini,
1511 588 1624 642 qua
1671 571 2108 626 Constantinum

408 662 709 717 certiorem
742 661 1000 726 faciebat,
1045 661 1248 715 missos
1277 661 1348 713 ab
1374 677 1432 713 se
1465 660 1535 714 ad
1582 661 1902 714 Romanam
1941 678 2108 731 syno-

406 752 544 806 dum
575 749 940 806 Cmcilianum
974 765 1036 804 ac
1064 750 1186 818 ejus
1214 747 1591 802 adversarios:
1616 748 2000 818 qumepistola
2021 749 2107 802 in-

408 839 798 904 teriil(Collat.
825 839 1117 903 Carthag.,
1151 840 1374 906 3,capp.
1403 836 1687 906 316,318).
1715 837 1854 890 Huic
1880 837 2104 891 lectioni

407 928 864 996 additae‘quoque
887 931 1019 979 sunt
1037 923 1390 979 Constantini
1417 924 1486 978 ad
1518 924 1828 978 Miltiadem
1853 925 2109 996 aliosque

406 1015 688 1069 antistites
719 1015 783 1068 ad
825 1013 1132 1067 concilium
1155 1014 1482 1067 Romanum
1526 1013 1835 1066 destinatos
1882 1014 2106 1080 litterae,

403 1119 627 1157 necnon
667 1105 721 1156 et
751 1101 933 1172 prima
967 1101 1208 1156 Romani
1238 1099 1466 1154 concilii
1499 1117 1652 1154 anno
1685 1117 1858 1172 supra
1884 1105 2108 1155 trecen-

403 1192 671 1246 tesimum
706 1191 926 1245 decimo
956 1190 1125 1244 tertio
1152 1190 1327 1244 habiti
1364 1189 1538 1244 sessio
1572 1189 1758 1260 (Ibid.,
1791 1206 1950 1259 capp.
1983 1193 2106 1256 319,

405 1281 678 1350 32l).llic
727 1296 859 1333 vero
913 1279 1366 1333 interturbarunt
1401 1277 1732 1346 Donatistae,
1791 1295 1895 1332 nec
1953 1279 2110 1350 prius

406 1367 748 1422 tumultuari
773 1367 1321 1437 destiterunt,quam
1360 1367 1440 1420 eis
1469 1367 1754 1421 Tribunus
1778 1368 2110 1422 concederet

406 1460 489 1521 ut,
529 1472 660 1525 quae
690 1459 1011 1525 spectarent
1041 1455 1110 1507 ad
1154 1454 1438 1508 Caeciliani
1471 1454 1918 1522 damnationem,
1960 1456 2110 1525 lege-

407 1549 606 1597 rentur
645 1543 828 1613 (Ibid.,
861 1559 1020 1612 capp.
1055 1544 1178 1604 322,
1213 1543 1354 1612 333).
1386 1543 1530 1596 Tum
1561 1542 1648 1596 illi
1674 1547 1934 1597 exortum
1974 1545 2109 1599 hinc

405 1649 527 1686 esse
557 1632 859 1686 discidium
891 1631 1316 1694 contendentes,
1349 1630 1501 1702 quod
1535 1632 1949 1700 persecutionis
1969 1637 2107 1687 tem-

404 1738 544 1792 pore
577 1720 768 1775 divina
800 1719 1089 1774 volumina
1117 1736 1427 1790 prmcessm
1474 1719 1760 1773 Caeciliani
1791 1721 2108 1774 Mensurius

405 1809 741 1873 tradidissst,
800 1808 1215 1862 accusationem
1263 1808 1420 1864 illam
1481 1812 1545 1861 ut
1593 1809 1923 1879 probarent,
1977 1826 2107 1864 cum

403 1898 660 1968 ejusdem
709 1897 976 1952 Mensurii
1031 1895 1332 1967 epistolam
1391 1896 1462 1952 ad
1512 1896 1835 1952 Secundum
1897 1898 2106 1969 Tigisi-

401 1991 623 2055 tanum,
703 1990 824 2038 tum
897 1985 1066 2055 hujus
1134 1984 1570 2054 responsionem
1630 1985 1702 2039 ad
1757 1987 2105 2040 Mensurium

401 2075 713 2128 recitarunt
767 2073 957 2144 (Ibid.,
993 2089 1150 2142 capp.
1187 2075 1308 2139 334,
1359 2075 1503 2138 342).
1559 2072 1890 2128 Familiares
1944 2078 2108 2128 erant

399 2163 509 2215 illae
558 2162 834 2232 epistolaz,
903 2177 1007 2215 nec
1065 2161 1181 2214 ullo
1239 2165 1426 2230 pacto,
1488 2177 1714 2215 vertene
1778 2167 1971 2216 essent
2032 2179 2106 2216 an

402 2267 583 2317 secus,
613 2254 870 2304 constare
901 2253 1142 2320 poterat.
1185 2249 1293 2303 Sed
1332 2266 1394 2303 ex
1427 2249 1495 2302 iis
1525 2266 1890 2322 nequaquam
1936 2251 2108 2305 ﬁebat

400 2339 790 2408 manifestum,
842 2339 1062 2392 codices
1123 2354 1312 2391 sacros
1367 2338 1717 2392 Mcnsurium
1763 2339 2101 2396 tradidisse:

399 2428 550 2498 quod
579 2427 768 2497 ipsum
794 2430 988 2480 tamen
1017 2425 1167 2479 haud
1199 2426 1435 2480 obscure
1465 2426 1532 2480 de
1586 2427 1852 2481 Secundo
1901 2427 2104 2484 innue-

396 2517 535 2571 bant
569 2516 1011 2585 (Brevic.Collat.
1056 2517 1106 2582 3,
1139 2531 1196 2568 η.
1227 2515 1336 2581 27).
1390 2515 1557 2568 Lecta
1605 2520 1692 2569 est
1739 2515 1964 2583 deinde,
2007 2533 2104 2571 as-

397 2604 771 2659 sentientibus
810 2603 1131 2670 Catholicis,
1164 2603 1278 2657 lata
1311 2603 1370 2656 in
1405 2602 1841 2658 Caecilianum-a
1869 2605 2102 2660 Cartha-

397 2694 623 2762 ginensi
662 2692 897 2747 concilio
947 2692 1228 2746 sententia
1284 2692 1477 2762 (Ibid.,
1527 2709 1584 2747 η.
1645 2695 1736 2754 26,
1788 2698 1838 2746 et
1895 2695 2099 2751 Collat.

398 2783 666 2848 Carthag.
697 2784 749 2848 3,
793 2797 949 2849 capp.
987 2781 1108 2843 346,
1136 2780 1279 2849 317).
1314 2780 1496 2844 Quam
1518 2780 1575 2833 in
1591 2796 1710 2833 rem
1735 2780 2099 2835 animadver-

398 2885 526 2923 sum
545 2869 774 2923 voluero
815 2867 1108 2936 Catholici,
1139 2867 1366 2937 publico
1403 2867 1564 2922 nullo
1598 2867 1814 2939 judicio
1862 2870 2102 2924 damna-

397 2962 520 3012 tum
549 2956 725 3011 fuisse
767 2957 1143 3023 Mensurium;
1177 2959 1233 3010 et
1274 2944 1722 3027 Chrthaginense
1769 2958 2096 3026 concilium,

393 3046 549 3116 quod
579 3049 774 3099 contra
803 3044 1168 3098 Caecilianum
1197 3044 1456 3115 legerant
1496 3061 1611 3098 non
1640 3045 1849 3101 habere
1895 3064 2099 3103 consu-

395 3135 507 3187 lem
546 3138 602 3186 et
632 3133 825 3199 diem;
861 3132 1118 3204 quamvis
1147 3133 1255 3187 hoc
1282 3149 1455 3187 mera:
1496 3133 1859 3205 negligentiae
1894 3137 2096 3207 magis,

393 3237 567 3292 quam
593 3221 801 3288 fraudi,
833 3222 1093 3276 lubentes
1121 3221 1230 3292 ipsi
1257 3221 1612 3278 tribuerent:
1648 3224 1896 3295 denique
1929 3226 2097 3280 Caeci-

390 3309 610 3363 lianum
632 3309 692 3363 in
723 3326 789 3364 eo
821 3311 1161 3364 damnatum
1191 3311 1508 3377 absentem,
1553 3312 1727 3383 idque
1758 3315 1829 3366 ab
1879 3315 2096 3384 episco-

391 3397 482 3468 pis
511 3397 630 3468 qui,
665 3398 1272 3469 cujuscriminisillum
1300 3399 1780 3467 condemnabant,
1808 3402 1913 3455 hoc
1939 3402 2094 3458 idem

391 3486 622 3541 sibimet
651 3486 711 3540 in
735 3487 845 3541 alio
885 3487 1125 3542 concilio
1146 3487 1543 3542 condonarunt
1566 3488 1787 3558 (Collat.
1823 3492 2089 3560 Carthag.

390 3578 443 3642 3,
477 3591 592 3646 cap.
617 3577 758 3647 351).
790 3576 1065 3630 Ultimum
1087 3581 1279 3631 autem
1305 3576 1445 3631 illud
1479 3581 1539 3630 ut
1559 3577 1798 3648 planum
1818 3578 2092 3649 facerent,

389 3665 642 3718 Cirtense
673 3665 980 3720 concilium
1006 3683 1155 3720 anno
1177 3666 1575 3721 trecentesimo
1598 3667 1798 3738 quinto
1830 3668 2090 3723 habitum

387 3753 503 3822 legi
545 3754 1132 3824 postularunt;cujus
1162 3754 1578 3821 testimonium,
1615 3772 1745 3810 cum
1783 3759 1984 3810 consul
2033 3762 2091 3811 et

386 3839 506 3893 dies
533 3841 655 3908 ejus
690 3841 996 3910 legeretur,
1022 3858 1086 3894 eo
1119 3841 1410 3895 inﬁrmare
1442 3843 1632 3896 conati
1663 3849 1794 3897 sunt
1818 3845 2087 3899 schisma-

386 3926 504 3992 tici,
539 3927 694 3997 quod
721 3927 772 3980 ei
804 3928 1077 3998 temporis
1111 3934 1262 3996 nota,
1310 3935 1519 4000 praeter
1549 3935 1781 3986 actuum
1827 3933 2086 3988 ecclesia-

385 4015 679 4070 sticorum.
706 4016 1085 4084 utivolebant,
1115 4018 1610 4079 consuetudinem.
1633 4025 1780 4075 esset
1799 4022 2087 4094 adscripta

383 4104 565 4172 (Ibid,
609 4121 729 4174 cap.
765 4107 908 4174 353).
937 4106 1045 4160 Sed
1069 4106 1339 4160 Catholici
1361 4111 1888 4179 nunquamnonsui
1910 4112 2082 4166 moris

382 4193 554 4248 fuisse
587 4195 1027 4264 contenderunt,
1073 4196 1362 4250 consulem
1412 4202 1468 4250 et
1494 4197 1648 4252 diem
1696 4200 1950 4254 conciliis
1980 4202 2080 4256 ad-

380 4283 626 4338 scribere
659 4284 886 4355 (Brevic.
922 4285 1122 4338 Collat.
1155 4287 1206 4351 3,
1238 4301 1293 4339 n.
1334 4287 1444 4356 27).
1478 4288 1742 4341 Attamen
1773 4289 2080 4344 Donatistae

377 4371 513 4425 hinc
554 4372 880 4444 disputandi
911 4373 1086 4427 linem
1136 4390 1251 4427 non
1311 4373 1594 4442 fecerunt,
1649 4377 1826 4432 donec
1889 4381 2076 4450 palam

377 4460 552 4514 edixit
587 4462 876 4532 Cognitor,
904 4462 1116 4517 decreti
1140 4462 1312 4517 fidem
1335 4463 1654 4534 adjectione
1682 4467 1930 4522 consulis
1962 4485 2077 4522 non

375 4548 561 4618 perire
607 4549 834 4619 (Collat.
871 4553 1140 4620 Carthag.
1177 4555 1227 4618 3,
1264 4568 1422 4622 capp.
1485 4556 1607 4620 393,
1642 4555 1785 4625 396).
1848 4557 1993 4626 Ergo
2045 4573 2078 4611 a

373 4637 614 4691 cencilio
647 4639 889 4694 Cirtensi
922 4641 992 4695 ad
1017 4641 1465 4711 Carthaginense
1498 4643 1745 4698 reditum
1776 4648 1877 4698 est.
1916 4646 2074 4701 Insti-

374 4728 495 4777 tere
529 4725 828 4779 Catholicis
852 4728 1178 4795 Donatistae,
1215 4733 1280 4782 ut
1307 4730 1430 4800 ejus
1454 4730 1851 4786 auctoritatem
1892 4749 2071 4804 agno-

372 4817 614 4879 scerent,
648 4830 710 4866 ac
741 4815 1124 4883 Caecilianum,
1158 4819 1628 4890 quandoquidem
1677 4819 1735 4874 in
1765 4837 1833 4875 eo
1886 4822 2072 4880 fuerat

371 4901 802 4970 condemnatus,
835 4920 998 4958 reum
1052 4923 1170 4961 esse
1228 4908 1655 4963 confiterentur.
1707 4909 2067 4981 Responsum

369 4994 454 5044 est
479 5007 512 5044 a
545 4989 874 5057 Catholicis,
908 4993 1230 5049 Donatistas
1259 4995 1414 5067 ipsos
1445 4996 1664 5068 liquido
1696 4997 2064 5069 signiﬁcasse,

367 5096 500 5134 cum
549 5095 671 5133 rem
723 5079 792 5133 ad
834 5079 1267 5150 Constantinum
1323 5084 1672 5152 detulerunt,
1734 5086 2066 5158 hujusmodi

366 5168 908 5225 condemnationem
938 5168 1176 5224 minime
1207 5171 1463 5227 sufficere
1497 5175 1721 5245 (Brevic.
1779 5177 1960 5233 Collat
2009 5183 2060 5247 3,

364 5276 418 5315 η.
456 5259 560 5331 30).

431 5352 485 5402 7.
521 5351 594 5404 At
624 5364 757 5404 vero
789 5347 983 5413 etiam,
1016 5362 1186 5418 quam
1223 5347 1516 5406 infirmum
1559 5357 1704 5408 esset
1730 5355 1971 5425 petitum
1995 5373 2062 5410 ex

362 5435 460 5490 illo
489 5438 730 5493 concilio
769 5435 1204 5508 Carthagineusi
1249 5445 1675 5510 argumentum,
1707 5444 1888 5498 multo
1917 5443 2058 5498 luci-

358 5523 486 5580 dius
515 5526 684 5581 allata
713 5523 1050 5581 Priminiani
1080 5523 1284 5581 eodem
1313 5527 1482 5597 plane
1501 5529 1672 5584 modo
1706 5547 1735 5584 a
1765 5529 2056 5585 Maximia-

1615 270 1785 327 VITA
1825 271 1886 326 S.
1934 269 2321 327 AUGUSTlNl
2365 269 2704 325 EPISCOPI.
3713 284 3783 336 5‘28

2218 393 2378 448 nistis
2407 393 2664 448 damnati
2688 391 2926 446 historia
2947 391 3412 450 demonstrarunt:
3437 395 3506 450 ita
3521 403 3576 452 ut
3593 401 3790 459 schisma-

2218 482 2316 536 tici
2341 481 2588 536 veritatis
2619 480 2834 534 retibus
2852 479 3132 550 impediti,
3147 484 3198 534 et
3218 481 3273 534 in
3292 481 3565 539 horrendas
3581 493 3790 545 construsi

2219 561 2529 640 angustias,
2562 568 2705 623 nihil
2733 567 3078 635 invenirent,
3106 569 3254 639 quod
3282 569 3334 624 in
3370 587 3448 638 ea,
3475 573 3523 626 in
3548 591 3689 645 quam
3725 595 3790 631 eos

2219 657 2763 714 Maximianistarum
2805 657 3020 710 mentio
3064 657 3384 728 conjecerat,
3429 665 3787 720 consternatione

2218 746 2697 818 reponerent,nisi
2726 739 2875 816 quOd
2903 749 3023 799 erat
3053 746 3335 800 Catholicis
3363 748 3664 804 fundamenti
3687 753 3792 820 loco,

2219 852 2425 906 nempe
2452 851 2554 889 nec
2580 850 2809 888 causam
2838 849 3042 900 causae,
3076 849 3178 888 nec
3195 851 3475 905 personam
3501 839 3789 908 prajudicare

2217 941 2477 997 personze
2505 923 2616 994 (Ad
2635 926 2824 977 Donat.
2841 928 2962 991 post
2979 923 3172 976 Collat.
3188 963 3202 989 ,
3223 939 3266 977 c.
3289 925 3370 987 30,
3392 924 3567 978 Collat.
3590 926 3794 992 Carthag.

2217 1015 2270 1080 2,
2288 1029 2408 1082 cap.
2445 1014 2592 1080 372).
2630 1010 2768 1064 Hinc
2804 1010 3053 1081 erumpit
3077 1011 3410 1081 Augustinus
3445 1011 3498 1065 in
3525 1013 3604 1066 illa
3637 1013 3791 1068 verba:

2219 1103 2261 1156 0
2289 1117 2597 1170 responsum
2633 1100 2805 1164 breve,
2839 1099 3129 1168 liquidum,
3153 1116 3328 1154 verum
3351 1103 3368 1154 .'
3393 1102 3497 1158 Non
3518 1103 3666 1169 potuit
3695 1105 3791 1156 enim

2213 1209 2317 1262 pro
2342 1193 2492 1246 nobis
2525 1192 2754 1255 brevior,
2783 1195 2833 1244 et
2861 1191 3076 1258 certior,
3107 1194 3156 1242 et
3183 1189 3430 1258 liquidior
3461 1191 3581 1256 ferri
3603 1193 3794 1244 sententia

2221 1282 2407 1350 (Serm.
2441 1282 2560 1346 l6’i,
2592 1297 2649 1334 n.
2687 1280 2792 1349 13).
2829 1278 2979 1332 Nihil
3007 1277 3159 1332 aliud
3205 1294 3268 1332 ex
3298 1277 3364 1330 iis
3414 1282 3696 1348 extorquere
3732 1295 3794 1332 cu-

2216 1369 2454 1440 piebant
2483 1368 2775 1424 Catholici.
2807 1367 2972 1433 Illud,
2995 1367 3093 1433 ait,
3122 1368 3173 1420 si
3199 1371 3389 1420 montes
3413 1381 3578 1420 aureos
3599 1366 3798 1426 daremus.

2218 1459 2435 1528 quando
2465 1474 2632 1512 emere
2655 1471 2931 1527 possemus
2963 1455 3074 1526 (Ad
3088 1457 3276 1509 Donat.
3308 1460 3418 1524 post
3431 1455 3624 1519 Collat.,
3648 1471 3691 1508 η.
3709 1454 3800 1520 5'2)?

2218 1550 2404 1603 Multis
2429 1547 2648 1617 quidem
2691 1546 2870 1600 verbis
2917 1547 3224 1614 super/luis,
3265 1543 3414 1598 addit
3455 1542 3590 1597 idem
3625 1546 3801 1606 sanctus,

2217 1641 2368 1707 gesta
2392 1639 2746 1691 oneraverunt
2769 1651 2782 1701 ;
2807 1639 2856 1689 et
2877 1635 3009 1703 quia
3021 1648 3128 1688 non
3146 1633 3612 1702 potueruntefﬁcere
3635 1635 3800 1683 utcausa

2215 1740 2322 1778 non
2366 1729 2636 1792 ageretur,
2687 1725 2782 1777 hoc
2823 1725 3066 1790 fecerunt
3103 1724 3328 1776 multum
3365 1719 3614 1788 loquendo,
3640 1718 3802 1787 utquod

2216 1815 2394 1864 actum
2422 1817 2520 1877 est,
2553 1812 2777 1880 difﬁcile
2796 1813 3078 1878 legeretur.
3102 1811 3209 1866 Sed
3233 1811 3414 1864 debent
3429 1809 3562 1863 vobis
3587 1809 3714 1861 etiam
3732 1809 3800 1859 ista

2215 1914 2395 1953 eorum
2415 1916 2591 1967 pauca
2611 1900 2773 1954 verba
2795 1902 3056 1968 sufficere,
3087 1915 3152 1953 ne
3169 1903 3385 1968 propter
3396 1899 3554 1951 nescio
3571 1911 3668 1964 qua:
3682 1894 3802 1947 nescio

2215 2003 2441 2056 quorum
2471 1990 2741 2042 hominum
2769 1991 3020 2055 crimina,
3065 1988 3290 2042 oderitis
3318 1989 3559 2040 unitatem
3599 1984 3801 2037 catholica

2216 2079 2498 2142 Ecclesiae;
2533 2077 2665 2146 quia
2690 2080 2830 2131 sicut
2858 2078 2973 2146 ipsi
2997 2077 3276 2142 dixerunt,
3314 2077 3608 2144 relegerunt,
3642 2071 3804 2125 subscri-

2211 2171 2456 2233 pserunt,
2487 2181 2577 2219 nec
2613 2180 2779 2219 causa
2818 2181 2992 2219 causa:
3016 2164 3362 2234 praejudicat,
3394 2179 3480 2216 nec
3519 2175 3706 2232 persona
3729 2173 3805 2225 per-

2214 2268 2356 2308 some
2377 2255 2568 2324 (Epist.
2607 2256 2725 2320 141,
2768 2269 2824 2307 n.
2865 2253 2940 2323 7).
2999 2253 3187 2306 Latius
3242 2251 3476 2306 excurrit
3525 2245 3804 2317 Augustinus,

2217 2346 2280 2395 ut
2311 2358 2405 2396 eos
2431 2359 2567 2396 usus
2597 2343 2826 2409 indicet,
2860 2359 3004 2412 quos
3036 2343 3280 2397 Ecclesia
3309 2343 3485 2412 potest
3520 2355 3576 2392 ex
3617 2337 3695 2389 illa
3715 2332 3809 2386 veri-

2215 2433 2329 2484 tate
2385 2431 2612 2496 elicere,
2662 2447 2835 2502 quam
2879 2431 3181 2484 Donatistm
3231 2431 3381 2484 illius
3426 2428 3604 2498 lingua
3640 2420 3805 2477 confessi

2213 2525 2366 2588 sunt,
2399 2520 2500 2592 qui
2529 2521 2894 2575 defensorum
2944 2536 3128 2574 causae
3177 2536 3295 2572 sua:
3353 2521 3466 2572 erat
3516 2512 3807 2570 nobilissimus

2215 2609 2442 2680 (Brevic.
2477 2612 2678 2665 Collat.
2713 2613 2767 2679 3,
2799 2626 2856 2665 η.
2889 2611 3028 2678 2-3).
3056 2611 3174 2666 Νοη
3207 2611 3349 2663 enim
3377 2609 3526 2662 scivit
3551 2603 3663 2672 quid
3694 2601 3805 2654 duit.

2215 2699 2406 2770 inquit
2434 2700 2788 2770 Augustinus
2813 2717 2826 2764 ;
2861 2699 2954 2752 sed
2968 2699 3198 2768 Caiphae
3224 2699 3439 2764 similis,
3467 2710 3573 2750 cum
3599 2696 3703 2746 esset
3718 2691 3807 2743 Pon-

2212 2790 2370 2857 tifeat,
2402 2789 2742 2858 prophetavit
2770 2790 2970 2857 (Serm.
3011 2790 3132 2858 164,
3162 2804 3222 2841 n.
3273 2789 3374 2856 l3).
3405 2787 3530 2840 Post
3553 2784 3703 2852 ipsam
3723 2777 3809 2830 Col-

2211 2877 2484 2932 lationem
2497 2878 2667 2931 verba
2681 2895 2780 2931 sua
2810 2876 2869 2930 in
2899 2877 3112 2931 alienos
3135 2893 3334 2931 seusus
3366 2876 3660 2929 convertere
3685 2862 3808 2920 moliti

2211 2969 2345 3020 sunt
2369 2983 2382 3019 :
2425 2966 2519 3020 sed
2547 2967 2775 3020 frustra.
2813 2966 2953 3019 Hinc
2982 2967 3257 3020 exclamat
3283 2963 3649 3036 Augustinus:
3675 2957 3810 3012 0min

2208 3055 2448 3122 defensio
2471 3057 2490 3109 !
2521 3057 2651 3109 Tam
2680 3053 2969 3126 densumjet
2990 3060 3202 3108 arctum
3228 3059 3326 3121 est,
3345 3054 3437 3108 ubi
3462 3053 3530 3106 eis
3556 3043 3812 3103 adhaeserunt

2201 3143 2386 3212 pedes,
2415 3149 2475 3198 ut
2497 3159 2582 3198 eos
2608 3145 2824 3198 evellere
2853 3149 3122 3209 conantes,
3147 3147 3366 3210 frustra
3395 3147 3441 3196 ct
3468 3153 3638 3194 manus
3652 3140 3690 3189 et
3705 3136 3813 3199 caput

2204 3233 2394 3299 ﬁgant,
2428 3237 2477 3285 et
2507 3235 2566 3286 in
2594 3232 2771 3286 eodem
2813 3233 2924 3286 luto
2962 3233 3271 3286 haesitantes
3316 3232 3514 3285 arctius
3551 3225 3813 3281 involvantur

2207 3318 2321 3389 (Ad
2346 3323 2536 3374 Donat.
2567 3324 2687 3389 post
2719 3320 2944 3389 Collat.,
2970 3336 3026 3374 η.
3060 3319 3166 3388 25),
3207 3321 3276 3375 Et,
3315 3319 3447 3374 hinc
3491 3319 3620 3380 erat,
3653 3326 3731 3365 cur
3760 3303 3814 3356 vel

2203 3409 2641 3480 pertinacissimi
2722 3411 3145 3464 Donatistarum
3231 3409 3340 3464 sibi
3402 3409 3503 3463 hoc
3556 3419 3652 3457 uno
3697 3395 3814 3449 verbo

2203 3497 2428 3552 nullum
2477 3498 2735 3568 responsi
2781 3500 2972 3554 locum
3017 3499 3274 3571 relinqui
3322 3514 3440 3553 non
3481 3485 3816 3551 dissirnulal‘tnt

2205 3587 2406 3658 (Epist.
2437 3590 2557 3649 l73,
2584 3604 2641 3642 n.
2669 3588 2748 3657 7).
3789 3658 3796 3666 ν

2273 3677 2304 3729 8
2347 3676 2417 3730 Ut
2454 3675 2785 3730 Collationis
2827 3676 3128 3731 historiam
3165 3686 3611 3747 prosequamur;
3657 3663 3815 3733 rogavit

2199 3763 2502 3828 Tribunus,
2536 3780 2677 3818 num
2705 3765 2774 3819 ad
2805 3766 3243 3820 Constantinum
3271 3771 3404 3819 ante
3429 3759 3702 3816 concilium
3727 3753 3814 3806 Car-

2198 3851 2559 3923 thaginense,
2591 3869 2664 3906 an
2695 3858 2916 3907 tantum
2937 3859 3066 3924 post
3084 3855 3230 3909 illud
3261 3854 3599 3908 celebratum
3627 3843 3818 3918 ρρΐίαὲε·

2196 3939 2312 3994 rint
2343 3941 2651 3995 Donatistae
2666 3943 2888 4008 (Collat.
2917 3944 3186 4011 Carthag.
3207 3946 3259 4009 3,
3295 3959 3420 4012 cap.
3449 3937 3572 4009 377)
3594 3954 3605 3990 :
3629 3933 3704 3988 cui
3727 3925 3818 4000 (1³ίά

2194 4027 2277 4080 illi
2300 4028 2718 4098 responderint,
2751 4045 2864 4082 non
2897 4029 3156 4084 habetur.
3192 4029 3473 4084 Catholici
3501 4041 3640 4089 vero,
3667 4020 3713 4074 id
3742 4017 3816 4107 site

2195 4117 2324 4168 ante
2369 4115 2482 4168 sive
2509 4119 2640 4185 post
2681 4120 3063 4169 memoratum
3103 4116 3417 4170 concilium
3457 4115 3652 4168 factum
3683 4107 3816 4160 fuerit.

2192 4202 2624 4272 expendendum
2649 4219 2767 4257 esse
2799 4203 3154 4258 Constantini
3170 4204 3483 4274 judicium,
3508 4217 3568 4255 ac
3591 4195 3817 4252 lectionem

2190 4295 2422 4345 actuum
2481 4293 2940 4364 prosequendam
3002 4293 3429 4348 contenderunt
3483 4288 3646 4360 (Ibid,
3709 4295 3817 4349 σαργ-

2190 4382 2483 4448 379,382):
2534 4385 2704 4453 atque
2749 4380 2828 4435 ita
2876 4385 3004 4452 post
3050 4381 3231 4436 varias
3291 4379 3744 4436 schismaticorum
3775 4367 3819 4420 de

2188 4468 2428 4522 Cirtensi
2450 4469 2690 4524 concilio
2714 4469 3185 4541 vitilitigationes,
3207 4471 3487 4525 Romana:
3518 4463 3714 4540 synodi,
3735 4472 3822 4530 qniB

2190 4557 2556 4612 Caecilianum
2579 4559 2819 4614 crimine
2857 4560 3214 4629 liberaverat,
3246 4562 3577 4616 continuata
3604 4562 3677 4611 est
3699 4557 3820 4618 atque

2184 4645 2440 4700 absoluta
2481 4647 2643 4702 lectio
2695 4649 2875 4718 (Ibid.,
2920 4665 3040 4720 cap.
3093 4651 3236 4719 403).
3282 4651 3382 4706 His
3414 4647 3648 4722 peractis
3687 4642 3822 4696 Dous-

2181 4735 2351 4804 tistze,
2366 4752 2494 4790 cum
2510 4737 2578 4790 de
2593 4738 2808 4808 synodo
2835 4739 3109 4806 Romana,
3127 4739 3616 4811 quemadmodum
3635 4748 3715 4786 eos
3727 4728 3825 4782 Μετ’

2179 4824 2418 4878 cellinus
2449 4825 2895 4896 interrogaverat
2925 4827 3108 4899 (Ibid.,
3139 4844 3258 4898 cap.
3295 4829 3448 4899 405),
3475 4830 3617 4882 esset
3642 4827 3824 4888 respon'

2177 4912 2451 4982 dendum,
2485 4914 2555 4968 ad
2587 4914 2840 4969 Cirtense
2861 4916 3166 4971 concilium
3199 4917 3534 4983 redeuntes,
3557 4916 3654 4968 hoc
3671 4906 3826 4963 idcirco

2178 5002 2604 5072 supposititium
2617 5019 2735 5058 esse
2755 5004 3133 5072 afﬁrmarunt,
3149 5007 3303 5076 quod
3317 4998 3714 5078 persecutionis
3725 5000 3821 5048 tem-

2180 5105 2320 5160 pore
2345 5107 2709 5162 nequaquam
2728 5091 2974 5146 liberum
2995 5092 3166 5148 fuerit
3195 5094 3440 5148 concilia
3463 5093 3577 5148 tilla
3600 5084 3827 5142 celebrare

2179 5177 2404 5248 (Brevic.
2424 5180 2622 5235 Collat.
2652 5183 2702 5247 3,
2734 5196 2789 5234 η.
2825 5183 2892 5236 32
2917 5197 2930 5247 ;
2960 5183 3160 5236 Collat.
3185 5184 3463 5250 Carthag.
3485 5183 3534 5248 3,
3558 5191 3701 5246 capp.
3729 5171 3818 5229 407,

2170 5267 2314 5337 408).
2347 5268 2409 5320 In
2440 5284 2566 5322 eam
2612 5285 2733 5323 rem
2781 5268 2993 5340 inquiri
3023 5271 3202 5325 voluit
3247 5269 3612 5326 Marcellinus
3643 5259 3824 5335 (σοιιαι.

2171 5357 2441 5425 Cartltag.
2474 5360 2526 5423 3,
2549 5374 2668 5427 cap.
2689 5360 2842 5429 413).
2864 5359 3136 5414 Catholici
3161 5376 3297 5431 ergo
3323 5359 3659 5414 Christianus
3679 5347 3828 5423 plebes

2169 5444 2420 5500 fervente
2458 5464 2687 5519 quoque
2715 5449 3110 5519 persecutione
3131 5450 3325 5504 solitas
3357 5443 3692 5522 congregari
3716 5451 3830 5495 com-

2166 5539 2886 5608 monstraruntprmsertim
2903 5555 2967 5594 ex
2985 5539 3158 5611 gestis
3171 5543 3518 5611 martyrum,
3535 5535 3627 5609 qui
3641 5528 3825 5588 conﬁte-
