3912 6174
150 232 232 284 429
1558 227 1761 283 LIBER
1799 227 2070 285 SEXTUS.

149 373 308 425 bantur
328 367 379 420 in
404 364 748 436 passionibus
776 364 892 418 suis
924 381 982 419 se
1017 365 1309 419 collectam
1332 370 1387 420 et
1417 366 1771 423 dominicum

151 459 301 529 egisse.
329 456 668 524 Quapropter
694 454 929 523 petiere,
955 457 1019 507 ut
1047 470 1077 508 e
1107 453 1224 507 suis
1244 455 1485 526 aliquos,
1510 473 1543 509 a
1564 457 1771 526 quibus

153 552 243 601 acts
277 542 643 613 hujuscemodi
690 542 1075 597 confessiones
1125 543 1452 598 exhibentia
1498 545 1769 600 alierrcn-

153 641 233 697 tur,
269 631 503 701 mittendi
543 634 788 701 potestas
846 631 953 685 sibi
982 631 1144 685 ﬁeret
1174 631 1385 701 (Collat.
1420 631 1683 699 Carthag.
1716 635 1766 699 3,

150 739 235 792 cap.
257 722 387 791 419).
419 720 533 783 Qua
553 723 778 790 negata,
804 724 974 790 atque
1001 720 1131 774 inde
1154 721 1643 791 expostulantibus
1668 721 1769 774 Ca-

150 810 335 877 tbolicis,
359 808 651 863 Donatistae
668 808 776 879 ipsi
798 809 1060 879 quaedam
1074 814 1390 879 martyrum
1408 814 1565 879 gesta
1584 810 1642 862 in
1656 825 1770 863 me—

143 900 260 953 dium
283 898 548 968 protulere
570 897 855 951 recitanda
883 896 1068 967 (Ibid.,
1088 913 1208 966 cap.
1234 899 1376 967 432).
1402 899 1512 951 Pro
1542 914 1599 951 se
1626 915 1768 968 quo-

139 1004 222 1058 que
247 984 493 1040 Catholici
522 985 631 1038 alia
662 990 979 1056 martyrum
1008 990 1131 1039 acta
1159 986 1585 1057 deprompsere,
1619 987 1770 1041 unde

138 1075 334 1145 privatos
361 1073 630 1145 quosdam
661 1073 896 1127 domum
928 1074 1207 1129 habendis
1238 1074 1497 1129 fidelium
1532 1075 1770 1129 ccetibus

136 1163 269 1233 (quod
310 1161 383 1214 illi
422 1161 840 1215 contendebant
886 1162 1045 1216 nulla
1073 1162 1294 1217 ratione
1342 1163 1594 1233 potuisse
1624 1162 1767 1234 ﬁeri)

136 1267 258 1304 suam
284 1250 738 1316 accommodasse,
767 1250 884 1303 imo
916 1250 1089 1304 etiam
1121 1253 1429 1305 nonnullos
1460 1251 1521 1305 in
1548 1268 1769 1306 carcere

134 1341 225 1410 ipso
254 1339 582 1409 Baptismum
612 1340 846 1393 collecta
866 1339 1050 1409 plebis
1072 1340 1284 1394 ibidem
1310 1341 1459 1395 facta
1487 1341 1769 1411 accepisse

132 1428 367 1482 constabat
408 1427 589 1496 (Ibid.,
638 1444 796 1497 capp.
838 1430 962 1493 433,
1016 1431 1142 1495 449,
1192 1432 1317 1496 451,
1350 1429 1495 1499 453).
1554 1429 1769 1493 Quibus

132 1515 343 1584 recitatis,
372 1532 481 1569 non
513 1518 692 1571 semel
721 1517 1118 1588 pronuntiavit
1147 1518 1434 1573 Tribunus
1465 1519 1768 1573 duodecim

131 1607 465 1677 episcoporum
512 1604 842 1672 concilium,
889 1608 1057 1676 quale
1106 1607 1359 1661 Cirtense
1396 1607 1602 1674 fuerat,
1634 1611 1769 1661 tunc

132 1694 266 1759 facile,
308 1694 554 1765 quamvis
584 1695 992 1765 persecutionis
1032 1701 1309 1765 tempore,
1355 1696 1604 1766 potuisse
1634 1712 1767 1750 con-

130 1783 304 1851 gregari
343 1786 563 1851 (Brevia.
616 1785 805 1839 Collat.
840 1787 892 1849 3,
937 1798 996 1838 n.
1029 1786 1127 1850 33;
1180 1786 1371 1840 Collat.
1419 1786 1680 1853 Carthag.
1713 1788 1765 1852 3,

127 1886 218 1938 cap.
242 1872 367 1941 est).
389 1872 691 1927 Donatistae
715 1876 909 1926 autem
938 1875 1063 1926 acta
1086 1888 1205 1938 sua,
1230 1871 1527 1939 nimirum,
1558 1878 1621 1926 ut
1638 1890 1768 1927 vero

127 1960 268 2013 simile
308 1965 402 2025 est,
447 1966 780 2015 sanctorum
825 1960 1136 2028 Saturnini,
1185 1960 1367 2015 Dativi
1420 1966 1475 2015 et
1523 1961 1768 2015 aliorum

129 2046 223 2099 ideo
258 2048 656 2118 produxerunt,
688 2053 752 2103 ut
787 2048 878 2103 his
907 2048 1273 2103 ostenderent
1302 2048 1552 2103 Cirtense
1582 2048 1767 2102 conci-

126 2136 233 2189 lium
257 2143 494 2209 tempore
524 2138 943 2209 persecutionis
969 2137 1229 2192 habitum
1262 2137 1458 2205 fuisse,
1487 2154 1617 2191 cum
1647 2137 1770 2209 ipsa

128 2226 268 2292 pridie
300 2226 414 2281 idus
450 2226 771 2281 februarias
798 2226 935 2280 anni
965 2225 1355 2280 trecentesimi
1383 2227 1571 2297 quarti
1600 2231 1763 2281 nota-

127 2320 293 2369 rentur.
355 2315 630 2369 Catholici
674 2319 890 2381 contra,
928 2315 1079 2368 notis
1134 2318 1463 2384 temporum
1522 2314 1768 2368 necdum

129 2402 353 2469 discussis,
398 2403 741 2458 asserebant
790 2420 907 2458 non
950 2402 1124 2458 fuisse
1172 2403 1282 2457 nisi
1330 2402 1597 2457 undecim
1642 2408 1771 2474 post

128 2492 357 2546 mensibus
383 2494 760 2548 celebratum.
813 2494 877 2546 Et
907 2496 1055 2546 certe
1088 2492 1263 2563 elapsi
1302 2496 1464 2546 erant
1494 2509 1525 2545 a
1554 2497 1768 2563 marty-

128 2594 221 2631 rum
245 2581 482 2649 passione
514 2597 745 2634 menses
788 2580 1089 2647 tredecim;
1121 2580 1588 2651 quandoquidem
1620 2597 1768 2634 anno

128 2670 458 2724 trecentesimo
488 2670 698 2741 quinto
723 2670 984 2723 habitum
1005 2669 1113 2724 fuit
1141 2669 1310 2724 tertio
1342 2686 1522 2724 nonas
1552 2669 1766 2724 martii.

123 2754 198 2808 Sed
224 2758 457 2812 Ofﬁcium
488 2764 621 2813 tum
643 2759 867 2812 concilii
888 2760 1079 2829 hujus,
1103 2774 1233 2812 cum
1256 2762 1511 2813 actorum
1537 2758 1767 2813 illorum

123 2848 314 2915 tempus,
344 2847 718 2902 consideratis
748 2847 1074 2901 consulibus
1104 2863 1167 2900 ac
1208 2846 1404 2901 diebus
1435 2852 1767 2917 computare

118 2932 311 3004 iussum,
353 2953 535 2991 unum
582 2936 816 2990 omnino
846 2952 1103 2990 mensem
1139 2934 1520 2990 intercessisse
1550 2951 1764 2989 renun-

120 3021 256 3076 tiavit.
300 3026 367 3078 Ea
405 3042 463 3079 re
515 3025 790 3081 nonnihil
818 3025 1028 3079 turbati
1056 3029 1189 3078 sunt
1218 3023 1521 3091 Catholici;
1552 3023 1765 3095 quippe

117 3111 189 3178 qui
202 3114 574 3170 tantummodo
593 3118 722 3185 post
740 3114 962 3168 ﬁnitam
985 3114 1360 3168 Collationem
1381 3112 1766 3183 deprehende-

117 3205 220 3252 runt
238 3217 418 3272 reapse
464 3208 597 3258 acta
644 3208 959 3273 martyrum
991 3201 1326 3257 Diocletiani
1357 3205 1412 3255 et
1441 3199 1769 3255 Maximiani

116 3291 378 3358 consulatu,
409 3297 576 3363 gesta
602 3296 795 3346 autem
825 3291 1094 3346 Cirtensis
1124 3290 1347 3345 concilii
1373 3293 1505 3361 post
1536 3306 1765 3343 eorum-

120 3375 218 3431 dem
243 3382 593 3436 consulatum
619 3380 951 3450 consignata
998 3396 1147 3447 esse;
1181 3379 1314 3433 hinc
1340 3395 1510 3449 porro
1541 3379 1763 3449 lapsum

116 3467 480 3539 esseOl‘ﬁcium,
502 3470 666 3542 quod
696 3468 756 3523 in
786 3469 891 3535 his,
922 3468 1163 3539 perinde
1188 3471 1360 3539 atque
1380 3468 1442 3521 in
1467 3467 1580 3522 illis
1606 3467 1765 3534 actis,

116 3568 201 3607 non
224 3561 336 3625 post
373 3559 759 3624 consulatum,
801 3556 898 3611 sed
936 3555 1272 3626 simpliciter
1300 3555 1656 3609 consulatum
1688 3556 1767 3610 le-

113 3641 485 3717 gisset(Collat.
534 3648 797 3713 Carthag.
845 3648 898 3715 3,
945 3661 1104 3715 capp.
1150 3646 1273 3713 433,
1323 3646 1449 3713 435,
1479 3648 1529 3697 et
1556 3645 1764 3698 Brevic.

115 3734 274 3789 Cottat.
312 3738 360 3805 3,
405 3752 461 3790 η.
489 3737 606 3805 32).
642 3734 885 3806 Longior
920 3734 1018 3788 illa
1047 3733 1157 3788 fuit
1185 3731 1518 3803 disceptatio
1551 3732 1619 3786 de
1647 3731 1766 3786 Cir-

116 3821 251 3874 tensis
288 3824 501 3879 concilii
530 3824 695 3890 actis,
730 3840 916 3894 neque
948 3821 1256 3877 Donatista:
1287 3821 1461 3875 ﬁnem
1487 3820 1771 3875 faciebant

116 3912 313 3979 urgendi
331 3914 672 3979 Catholicos,
702 3917 763 3966 ut
789 3929 855 3966 ea
872 3910 1236 3982 s'upposititia
1256 3913 1424 3981 atque
1446 3908 1770 3964 adulterina

114 4010 207 4050 esse
242 4000 550 4058 faterentur
598 4018 611 4056 :
663 3999 890 4055 tametsi
932 4000 1196 4055 fraudem
1239 3998 1333 4053 hic
1374 3998 1580 4052 factam
1609 3997 1769 4051 nullo

112 4084 195 4153 ipsi
221 4093 651 4161 comprobarent
673 4094 1009 4161 argumento
1035 4088 1230 4161 (Epist.
1261 4089 1379 4156 141,
1402 4102 1458 4141 n.
1488 4086 1594 4157 ll).
1626 4090 1767 4141 Cum

112 4176 299 4233 tandem
340 4179 703 4236 Marcellinus
749 4178 1024 4245 evicisset,
1076 4182 1137 4233 ut
1168 4177 1237 4232 de
1268 4178 1528 4231 Romana
1555 4175 1769 4245 synodo

111 4268 493 4336 responderent,
551 4267 881 4334 Miltiadem,
913 4284 1027 4338 quo
1064 4265 1311 4337 praeside
1340 4263 1537 4318 habita
1564 4264 1767 4329 fuerat,

111 4351 337 4411 dixerunt
361 4356 683 4413 traditionis
713 4372 877 4411 reum
909 4375 925 4409 :
960 4372 1134 4426 quam
1166 4350 1584 4408 accusationem
1614 4350 1771 4403 vanis

108 4442 403 4510 quihusdam
424 4464 489 4501 ac
514 4447 780 4501 futilibus
800 4443 1144 4500 testimoniis
1166 4440 1521 4497 adornabant
1548 4440 1766 4509 (Collat.

111 4530 335 4601 Carthag.
369 4540 421 4602 3,
450 4552 578 4606 cap.
611 4536 762 4603 471)-

164 4622 208 4675 9.
244 4623 339 4679 Ubi
367 4625 487 4680 visa
519 4630 626 4691 est,
661 4623 901 4696 quaestio
929 4623 998 4679 de
1029 4624 1288 4678 Romano
1314 4620 1497 4692 deque
1527 4619 1770 4675 Cirtensi

108 4710 309 4766 concilio
322 4714 554 4768 abunde
573 4713 843 4783 discussa,
874 4709 1235 4767 Constantini
1259 4709 1330 4764 ad
1354 4708 1676 4764 Eumalium
1701 4708 1770 4762 de

107 4801 367 4870 sententia,
382 4820 499 4874 qua
521 4802 781 4874 partibus
805 4800 1013 4856 auditis
1027 4797 1771 4854 Caecilianuminnocentem

107 4884 201 4953 ipse
227 4892 641 4958 pronuntiaret,
686 4892 893 4945 litteras
922 4889 1189 4961 perlecta:
1231 4890 1364 4942 sunt
1394 4886 1575 4957 (Ibid.,
1610 4901 1768 4955 capp.

108 4976 205 5041 515,
249 4981 391 5051 530).
440 4981 543 5035 His
589 4982 742 5052 quod
785 4980 958 5051 objici
998 4982 1213 5050 posset,
1256 4976 1397 5031 nihil
1428 4975 1773 5030 invenerunt

105 5063 395 5138 Donatistae,
428 5070 545 5123 nisi
584 5070 739 5141 quod
781 5068 1024 5123 cavillati
1054 5071 1207 5136 sunt,
1245 5082 1340 5120 eas
1379 5063 1619 5118 nomina
1643 5076 1773 5115 con-

102 5154 261 5209 sulum
301 5174 418 5212 non
450 5159 761 5229 praeferre:
793 5157 889 5212 sed
919 5155 1195 5227 Cognitor
1223 5170 1289 5209 ea
1314 5170 1376 5208 re
1408 5165 1772 5224 nequaquam

98 5238 347 5300 inﬁrmari
376 5247 723 5318 rescriptum
755 5245 1058 5301 declaravit
1088 5243 1276 5314 (Ibid.,
1302 5258 1461 5311 capp.
1490 5244 1613 5309 523,
1646 5241 1770 5305 5'25,

98 5330 221 5401 5'28).
250 5338 320 5389 At
359 5335 637 5391 continuo
667 5339 815 5407 post,
847 5332 1181 5389 earumdem
1220 5331 1545 5386 litterarum
1574 5343 1771 5383 exem-

94 5417 251 5488 Plum,
280 5421 340 5477 in
369 5439 490 5495 quo
523 5424 778 5479 consules
796 5422 1465 5490 notabantur,repertum
1481 5420 1565 5471 est
1586 5416 1770 5486 (lbid.,

94 5520 195 5575 cap.
217 5512 360 5581 534),
381 5513 534 5568 Tum
555 5512 638 5569 illi
656 5512 728 5569 ad
738 5511 905 5569 aliam
919 5508 1350 5583 responsionem
1371 5506 1770 5575 confugerunt,

3473 241 3579 294 430

1885 356 1940 406 et
1978 352 2211 424 quidem
2260 353 2413 408 haud
2457 355 2628 424 paulo
2672 355 3020 422 solidiorem,
3066 356 3109 409 si
3157 357 3330 411 modo
3360 357 3583 414 veritati

1883 447 2028 496 esset
2054 442 2269 497 innixa.
2302 444 2573 498 Dixerunt
2600 443 2811 515 itaque,
2840 448 2971 513 post
3000 444 3196 499 datum
3220 446 3359 500 illud
3388 448 3583 502 rescri-

1882 536 2068 600 ptum.
2099 531 2170 585 ab
2199 532 2399 586 eodem
2432 532 2690 604 principe
2726 535 3169 587 condemnatum
3209 534 3380 588 fuisse
3412 536 3582 590 Caeci-

1882 620 2121 686 lianum,
2149 620 2383 691 ejusque
2429 621 2510 674 rei
2552 621 2819 691 Optatum
2858 626 3058 676 testem
3096 639 3215 675 esse
3242 624 3427 693 (lbid.,
3461 640 3580 693 cap.

1882 710 2025 777 532).
2052 710 2176 764 Jam
2198 715 2327 764 ante
2349 714 2708 779 rogaverant,
2738 715 2801 763 ut
2831 714 3165 765 recitaretur
3186 712 3343 765 locus
3372 712 3582 782 Optati,

1882 802 1939 852 et
1968 799 2077 851 hoc
2108 799 2463 853 Marcellinus
2505 803 2838 852 curaturum
2870 816 2990 853 sese
3021 799 3365 869 promiserat
3396 817 3408 854 :
3449 817 3585 871 qua-

1881 892 2136 956 propter,
2164 902 2295 940 cum
2316 886 2458 941 illud
2484 887 2730 941 secundo
2750 888 3064 957 petiissent,
3082 905 3331 942 annuere
3354 906 3583 960 quoque

1883 971 2173 1040 Catholici,
2239 976 2427 1045 palam
2481 978 2677 1028 tamen
2733 975 3036 1029 contestati
3088 977 3269 1045 prius,
3330 993 3583 1031 errorem

1882 1062 2139 1132 ejusdem
2187 1064 2453 1127 auctoris,
2488 1063 2535 1115 si
2580 1063 2726 1116 forte
2771 1079 2902 1117 eum
2936 1063 3049 1117 labi
3078 1064 3423 1135 contigisset,
3477 1065 3583 1118 sibi

1880 1150 2106 1203 ofﬁcere
2154 1150 2601 1221 haudquaquam
2649 1167 2848 1220 posse;
2910 1152 3374 1223 quandoquidem
3430 1152 3584 1205 illius

1881 1238 2089 1309 scripta
2117 1254 2230 1291 non
2270 1238 2535 1292 habenda
2574 1242 2763 1292 essent
2794 1240 2861 1292 ab
2894 1241 3121 1294 errandi
3154 1241 3479 1295 conditione
3512 1242 3583 1294 li-

1880 1327 2034 1394 bera,
2062 1327 2214 1397 quod
2240 1326 2407 1380 unius
2429 1332 2551 1381 erat
2571 1328 2876 1397 Scriptura:
2897 1328 3184 1382 canonicae
3210 1330 3391 1395 (Ibid.,
3420 1346 3579 1399 capp.

1878 1418 2005 1481 480,
2045 1418 2170 1483 482,
2205 1416 2354 1487 533).
2391 1418 2599 1469 Verum
2635 1416 2781 1470 illud
2814 1432 2995 1470 unum
3024 1416 3446 1487 deprehensum
3477 1423 3583 1485 est,

1880 1504 2140 1558 videlicet
2182 1505 2451 1574 Optatum
2479 1504 2745 1571 scribere,
2778 1522 2883 1575 per
2920 1505 3278 1575 aliquantum
3307 1506 3584 1576 temporis

1880 1594 2081 1647 Brixiae
2115 1593 2267 1663 pacis
2298 1610 2433 1663 ergo
2463 1593 2757 1647 detentum
2786 1593 3151 1648 Caecilianum
3191 1594 3365 1648 fuisse
3394 1594 3580 1664 (lbid.,

1880 1698 1998 1751 oap.
2046 1684 2186 1751 536).
2213 1684 2355 1736 Tum
2379 1682 2797 1735 contenderunt
2817 1682 3146 1751 Donatistae,
3171 1684 3436 1752 Optatum
3458 1700 3581 1737 ver-

1879 1771 1966 1826 bis
1999 1771 2353 1825 mollioribus
2394 1774 2694 1824 extenuare
2738 1770 2984 1823 voluisse
3036 1770 3321 1824 Caeciliani
3350 1772 3584 1825 damna-

1879 1859 2114 1913 tionem.
2163 1858 2271 1911 Sed
2302 1873 2643 1928 responsum
2675 1861 2778 1923 est,
2811 1857 3017 1910 debere
3048 1858 3240 1928 itaque
3275 1858 3400 1911 illos
3428 1859 3583 1913 aliud

1880 1945 2293 2009 testimonium,
2348 1960 2462 2014 quo
2491 1944 2548 1997 id
2576 1944 2905 2014 probarent,
2948 1943 3267 1997 evidentius
3298 1945 3578 2014 reperire;

1880 2034 1938 2087 in
1968 2050 2080 2104 quo
2110 2048 2309 2086 eorum
2338 2032 2631 2102 diligentia
2657 2032 2866 2086 frustra
2902 2031 3027 2086 fuit.
3069 2033 3244 2086 Jussit
3274 2049 3407 2086 vero
3438 2034 3581 2088 Mar-

1880 2122 2116 2177 cellinus
2140 2121 2410 2192 paginam
2437 2121 2666 2188 codicis,
2695 2125 2761 2175 ut
2783 2121 2915 2175 inde
2949 2121 3139 2191 Optati
3167 2138 3366 2175 sensus
3387 2138 3579 2176 nosce-

1881 2217 2054 2273 retur,
2086 2215 2267 2266 totam
2296 2211 2521 2266 recitari
2555 2227 2568 2265 :
2602 2210 2763 2281 cujus
2792 2210 3033 2264 lectione
3054 2211 3260 2280 patuit,
3288 2211 3581 2282 proditum

1878 2301 2084 2356 litteris
2114 2300 2183 2354 ab
2214 2301 2414 2371 Optato
2446 2300 2640 2367 fuisse,
2666 2299 2972 2354 concilium
3003 2301 3324 2355 Romanum
3348 2315 3581 2354 omnem

1879 2389 2133 2444 criminis
2156 2388 2543 2459 suspicionem
2573 2404 2606 2442 a
2637 2388 2940 2442 Caeciliano
2965 2388 3248 2443 sententia
3269 2405 3371 2443 sua
3392 2404 3581 2442 remo-

1879 2477 2049 2532 visse.
2089 2479 2166 2531 Ex
2194 2477 2291 2531 illo
2324 2478 2478 2531 enim
2503 2477 2572 2531 ab
2605 2476 2803 2531 Ofﬁcio
2831 2477 3138 2531 recitatum
3165 2482 3251 2531 est
3285 2494 3297 2531 :
3336 2478 3583 2531 Caecilia-

1879 2583 1981 2621 nus
2008 2569 2247 2621 omnium
2270 2582 2441 2636 supra
2469 2570 2883 2620 memoratarum
2923 2569 3200 2620 sententiis
3228 2568 3479 2620 innocens
3504 2569 3581 2619 est

1876 2658 2284 2726 pronuntiatus.
2333 2654 2492 2719 Quod
2525 2670 2656 2706 cum
2688 2652 3043 2719 recitaretur,
3080 2652 3385 2707 Donatistae
3424 2653 3582 2707 dixe-

1881 2748 2017 2798 runt
2047 2745 2154 2798 hoc
2186 2760 2244 2797 se
2271 2759 2389 2797 non
2417 2742 2646 2812 petiisse
2676 2741 2921 2807 recitari,
2943 2740 3229 2811 simulque
3260 2742 3579 2795 stomacha-

1877 2833 2088 2887 bantur
2117 2832 2385 2885 adversus
2414 2847 2526 2896 eos,
2562 2829 2663 2899 qui
2688 2829 2866 2883 risum
2890 2834 3085 2883 tenere
3115 2844 3229 2881 non
3252 2832 3578 2899 potuerant,

1820 2948 1821 2951 η
1878 2937 2007 2975 cum
2061 2919 2353 2973 audissent
2404 2933 2578 2989 quam
2633 2921 2886 2988 apertam
2941 2920 3137 2970 contra
3195 2932 3251 2969 se
3307 2916 3579 2987 paginam

1878 3006 2266 3077 protulissent.
2315 3006 2423 3061 Sed
2470 3006 2604 3076 quia
2654 3005 2799 3059 risus
2829 3021 2943 3059 non
2973 3008 3199 3075 poterat
3222 3005 3576 3060 notariorum

1878 3096 2087 3150 tabulis
2124 3095 2324 3165 excipi,
2370 3094 2557 3149 verbis
2607 3094 2915 3149 Donatistae
2944 3094 3061 3148 suis
3090 3094 3241 3163 apud
3269 3096 3404 3147 Acta
3435 3094 3581 3148 risos

1880 3201 1937 3239 se
1981 3201 2101 3238 esse
2143 3183 2334 3238 testati
2364 3187 2514 3247 sunt,
2550 3200 2682 3237 cum
2720 3183 2995 3250 dicerent,
3039 3183 3288 3238 Audiant
3322 3184 3417 3252 qui
3443 3185 3578 3237 rise-

1877 3279 2007 3328 runt
2040 3291 2052 3329 :
2087 3272 2242 3344 quod
2267 3272 2337 3326 ab
2366 3271 2760 3342 exceptoribus
2792 3272 3085 3342 scriptum,
3121 3276 3176 3325 et
3203 3287 3236 3325 a
3267 3271 3578 3325 Donatistis

1879 3362 2259 3433 subscriptum
2286 3364 2371 3415 est
2394 3361 2626 3431 (Breuis.
2662 3362 2861 3414 Collat.
2898 3364 2950 3430 3,
2982 3377 3036 3415 η.
3072 3362 3160 3427 38,
3192 3364 3242 3413 et
3270 3352 3363 3415 Ἀά
3382 3363 3575 3416 Donat.

1877 3456 1997 3521 post
2023 3452 2222 3505 Collat.
2236 3490 2251 3518 ,
2276 3467 2333 3503 n.
2368 3449 2474 3516 54).

1954 3543 2037 3595 to.
2075 3539 2175 3593 Hic
2201 3539 2319 3609 jam
2348 3540 2689 3608 apertissime
2736 3552 2832 3591 nos
2871 3536 3135 3605 adjuvare
3169 3541 3457 3605 eruperunt,
3490 3536 3579 3590 in-

1879 3629 2005 3701 quit
2030 3627 2403 3699 Augustinus,
2433 3632 2698 3696 tanquam
2730 3641 2763 3679 a
2806 3626 2961 3680 nobis
2990 3630 3169 3681 essent
3193 3627 3467 3692 instructi,
3500 3626 3583 3680 vel

1879 3724 2141 3787 tanquam
2180 3716 2456 3771 nobiscum
2486 3716 2559 3770 ad
2587 3716 2948 3769 innocentiam
2987 3715 3261 3770 Caciliani
3290 3713 3581 3781 defenden-

1879 3806 2007 3860 dam
2050 3805 2543 3873 declarandamque
2587 3803 2777 3858 delecti
2822 3792 2930 3872 (Λᾶ
2966 3805 3280 3857 Donatistas
3303 3807 3429 3872 post
3459 3803 3582 3858 Col—

1881 3898 2005 3960 lat,
2028 3912 2082 3951 n.
2119 3895 2224 3965 54).
2251 3894 2401 3958 Quin
2429 3894 2547 3947 imo
2577 3893 2682 3947 hac
2708 3892 2769 3946 in
2788 3896 2950 3963 parte
2967 3891 3346 3962 ipsorummet
3377 3891 3580 3946 Catho-

1881 3986 2120 4039 licorum
2152 3983 2514 4038 sedulitatem
2545 3981 2800 4035 vicerunt
2840 3997 2853 4035 :
2902 3980 3116 4035 etenim
3145 3997 3251 4051 pro
3283 3980 3584 4033 Caeciliano

1882 4076 2257 4129 monumenta
2304 4070 2581 4127 Catholici
2626 4070 2861 4141 quidem
2892 4069 3046 4132 bina,
3084 4069 3168 4123 illi
3198 4072 3391 4122 autem
3439 4083 3582 4138 qua-

1880 4168 2043 4217 terna
2078 4162 2136 4216 in
2184 4160 2441 4215 medium
2485 4160 2779 4230 protulere
2814 4159 3016 4227 (Epist.
3058 4159 3142 4223 14,
3174 4174 3230 4212 n.
3271 4156 3372 4221 12),
3405 4154 3580 4208 nimi-

1881 4268 2010 4305 rum
2046 4249 2235 4321 Optati
2264 4246 2657 4302 testimonium
2689 4263 2819 4300 cum
2850 4245 3034 4299 tribus
3063 4243 3188 4297 aliis
3217 4242 3579 4307 lectionibus,

1882 4355 2125 4412 quarum
2161 4338 2301 4392 duas
2341 4334 2629 4396 Catholici,
2652 4351 2780 4389 cum
2804 4334 2915 4388 illis
2936 4331 3195 4387 instructi
3228 4347 3339 4384 non
3372 4334 3580 4395 essent,

1881 4427 2114 4483 maximi
2143 4429 2366 4497 emptas
2394 4424 2703 4480 voluissent
2730 4424 2851 4494 (Ad
2876 4423 3185 4475 Donatistas
3214 4425 3333 4489 post
3363 4420 3580 4485 Collat.,

1878 4534 1935 4572 n.
1978 4517 2083 4585 54).
2140 4517 2273 4570 Erat
2323 4514 2432 4568 hoc
2488 4513 2558 4567 ab
2611 4512 2681 4566 iis
2739 4510 3076 4573 docendum,
3133 4507 3500 4563 Caecilianum
3548 4524 3580 4560 a

1883 4606 2274 4671 Constantino,
2326 4603 2425 4674 qui
2456 4618 2609 4667 eum,
2640 4604 2703 4654 ut
2728 4596 2999 4654 Catholici
3027 4597 3580 4664 demonstraverant,

1881 4696 2072 4768 priore
2116 4692 2332 4766 judicio
2390 4691 2726 4755 absolverat,
2782 4687 2840 4740 in
2895 4686 3197 4757 posteriori
3255 4685 3581 4756 cognitione

1882 4785 2053 4840 fuisse
2084 4784 2418 4838 damnatum
2444 4797 2456 4836 :
2478 4778 2628 4850 quod
2651 4782 2715 4832 ut
2743 4776 3054 4842 efﬁcerent,
3082 4774 3397 4845 supplicem
3419 4774 3586 4827 libel-

1881 4876 2003 4929 lum
2034 4873 2216 4927 eidem
2249 4869 2499 4942 principi
2528 4868 2599 4940 ab
2634 4882 2691 4919 se
2718 4865 2974 4919 oblatum
3003 4864 3399 4935 produxerunt
3428 4865 3580 4927 (Bre—

1880 4968 1985 5021 vic.
2019 4963 2209 5019 Collat.
2250 4963 2302 5026 3,
2344 4974 2437 5013 nn.
2490 4959 2577 5022 39,
2623 4954 2744 5026 40);
2797 4970 2910 5025 quo
2956 4969 3090 5007 sane
3132 4957 3188 5007 et
3235 4954 3360 5007 illos
3400 4951 3469 5004 ab
3515 4965 3582 5002 eo

1883 5052 2309 5115 condemnatos,
2364 5051 2420 5100 et
2464 5044 2805 5100 declaratam
2852 5041 3141 5098 Caeciliani
3166 5039 3579 5105 innocentiam,

1884 5142 2239 5213 exploratum
2287 5140 2427 5191 erat.
2470 5133 2611 5188 Dein
2651 5132 3015 5203 imperatoris
3045 5127 3349 5186 memorati
3374 5127 3442 5180 ad
3474 5127 3580 5179 Ve-

1883 5232 2075 5287 rinum
2127 5228 2343 5282 litteras
2378 5224 2644 5289 intulere,
2677 5222 2887 5293 quibus
2916 5238 3010 5275 eos
3052 5218 3300 5290 graviter
3335 5216 3581 5270 detesta-

1882 5326 1995 5390 tus,
2028 5316 2347 5390 nequitiam
2374 5330 2574 5369 eorum
2601 5311 2829 5367 Domini
2853 5310 3088 5382 judicio,
3117 5307 3217 5378 qui
3238 5304 3429 5377 jamin
3454 5303 3582 5357 illos

1881 5412 2129 5482 coeperat
2190 5405 2500 5472 vindicare,
2561 5401 2904 5458 dimittebat.
2949 5399 3015 5453 In
3056 5412 3156 5451 eos
3201 5393 3387 5449 afferri
3438 5392 3582 5482 nihil

1905 5481 2133 5571 poterat
2168 5494 2550 5562 luculentius;
2595 5508 2783 5563 neque
2832 5488 2887 5543 id
2938 5502 3035 5541 eos
3081 5484 3317 5539 forsitan
3365 5481 3555 5537 lateba
