3912 6174
404 285 498 336 431

402 423 602 462 verum
636 423 667 460 a
696 405 946 460 Tribuno
984 405 1391 476 impetraturos
1420 424 1477 461 se
1507 408 1811 478 sperabant
1835 407 2099 461 eamdem

401 496 748 562 libertatem,
764 511 935 565 quam
959 511 990 548 a
1013 495 1384 550 Constantino
1405 512 1510 566 per
1533 498 1700 550 hasce
1727 496 1947 550 litteras
1968 513 2097 567 per-

402 586 635 639 missam
673 584 812 656 ipsis
853 600 971 638 esse
997 584 1228 654 patebat
1260 601 1272 638 :
1316 585 1413 639 sed
1441 586 1537 639 ille
1570 585 1720 639 aliud
1750 584 1858 638 sibi
1887 586 1957 639 ab
1989 587 2097 639 Ho-

402 675 565 729 norio
609 677 958 744 praeceptum
1004 689 1123 726 esse
1153 673 1451 743 respondit
1491 675 1700 744 (Cotlat.
1750 675 2008 742 Carthag.
2044 680 2095 740 3,

403 780 560 834 capp.
618 766 736 822 155,
791 762 936 832 552).
984 763 1170 831 Atque
1216 763 1360 815 adeo
1408 761 1550 816 nihil
1604 762 1760 816 aliud
1808 763 2096 816 consecuti

403 859 535 908 sunt
563 851 796 922 prolatis
825 855 909 904 tot
937 849 1352 916 instrumentis,
1386 850 1496 904 nisi
1526 855 1590 904 ut
1613 851 1767 920 ipsos
1797 851 2098 906 damnatos

400 941 574 996 fuisse
623 940 812 1010 palam
859 938 1049 1003 ﬁeret;
1101 938 1386 1009 simulque
1425 940 1897 993 convincerentur
1924 956 2097 1011 quam

398 1029 595 1099 inique
627 1027 929 1082 Catholicis
956 1027 1150 1080 odium
1176 1033 1232 1081 et
1253 1027 1526 1081 invidiam
1558 1033 1794 1099 propter
1822 1029 1879 1081 id
1910 1028 2094 1082 conci-

397 1121 640 1184 tassent;
672 1115 826 1186 quod
857 1115 1006 1184 apud
1039 1116 1449 1185 Imperatorem
1475 1133 1703 1171 causam
1727 1116 1974 1187 egissent
1999 1118 2096 1171 Ec-

398 1205 610 1272 clesiaz;
645 1220 775 1258 cum
806 1206 861 1256 et
890 1203 998 1274 ipsi
1024 1203 1389 1258 Caecilianum
1413 1223 1443 1259 a
1473 1205 1786 1275 majoi‘ibus
1807 1205 1922 1259 suis
1944 1206 2094 1276 apud

399 1293 830 1351 Constantinum
862 1293 1177 1346 faterentur
1208 1297 1554 1361 accusatum,
1587 1293 1771 1365 iisque
1799 1295 2097 1363 agentibus

399 1385 469 1438 ab
495 1383 592 1437 illo
621 1382 974 1445 damnatum,
1009 1381 1116 1434 etsi
1139 1381 1510 1448 mendaciter,
1539 1382 1869 1453 jactitarent
1899 1385 2092 1452 (Epist.

403 1475 527 1542 141,
555 1488 613 1526 n.
659 1470 734 1541 8).
780 1471 904 1524 Jam
949 1469 1285 1524 videbantur
1314 1471 1517 1526 afferre
1545 1471 1691 1526 nihil
1723 1488 1905 1542 posse,
1941 1471 2096 1543 quod

399 1560 705 1616 Ecclesiam
733 1557 1078 1611 cumulatius
1107 1559 1403 1628 adjuvaret
1427 1577 1439 1614 :
1473 1561 1791 1615 attulerunt
1820 1564 2097 1627 tamen,et

398 1663 514 1701 non
540 1662 698 1701 secus
738 1662 802 1698 ac
842 1645 1070 1698 Balaam
1111 1644 1289 1700 invito
1330 1646 1523 1701 animo
1556 1648 1656 1701 Dei
1685 1649 1902 1719 populo
1950 1648 2095 1702 bene

395 1740 659 1804 precatus
703 1739 816 1802 est;
866 1734 945 1787 sic
969 1733 1063 1786 isti
1093 1739 1291 1788 contra
1329 1737 1679 1790 voluntatem
1708 1737 1967 1806 partibus
1997 1739 2095 1791 Ec-

395 1823 583 1876 clesia:
614 1823 928 1888 catholicae,
963 1823 1076 1875 Deo
1099 1823 1501 1892 compellente,
1527 1825 1738 1880 mirum
1771 1826 1829 1880 in
1858 1827 2092 1880 modum

395 1914 681 1967 faverunt.
722 1910 944 1980 Quippe
974 1910 1032 1963 in
1054 1926 1175 1964 rem
1209 1913 1466 1966 Ecclesiae
1497 1918 1636 1979 erat,
1673 1915 1915 1968 Felicem
1947 1930 2088 1984 quo-

395 2017 505 2072 que
525 2004 981 2071 Aptungensem,
1012 2016 1043 2052 a
1073 2015 1186 2069 quo
1207 2001 1395 2055 fuerat
1420 2002 1715 2057 ordinatus
1736 2003 2090 2063 Caecilianus,

392 2091 756 2144 innocentem
803 2089 1191 2142 demonstrare
1234 2105 1247 2142 :
1296 2091 1457 2160 cujus
1506 2091 1742 2162 quidem
1790 2091 1872 2145 rei
1917 2091 2090 2145 docu-

393 2183 589 2233 menta
617 2177 916 2232 Catholicis
963 2177 1034 2230 ad
1082 2193 1315 2232 manum
1354 2183 1532 2244 erant,
1570 2185 1630 2234 ut
1663 2197 1748 2246 ea,
1778 2179 1877 2233 ubi
1908 2196 2090 2233 causa:

395 2269 539 2322 ratio
578 2267 635 2320 id
681 2267 1013 2336 postularet,
1046 2265 1448 2335 depromerent
1482 2284 1496 2322 :
1538 2285 1724 2339 neque
1756 2273 1948 2322 tamen
1979 2268 2090 2321 illis

391 2355 629 2410 forsitan
664 2354 756 2408 usi
807 2358 1016 2419 essent,
1062 2355 1288 2424 quando
1337 2357 1473 2410 satis
1513 2357 1745 2411 aliunde
1785 2356 2089 2410 manifesta

391 2448 512 2499 erat
555 2442 841 2499 Caeciliani
889 2441 1230 2497 innocentia.
1272 2444 1377 2497 Sed
1410 2443 1565 2513 ipsos
1598 2444 1906 2498 Donatista:
1936 2461 2086 2515 pra:-

391 2538 705 2598 verterunt,
738 2535 793 2586 et
837 2533 1212 2597 Constantini,
1249 2533 1403 2604 quod
1429 2535 1674 2587 facturos
1707 2533 1834 2588 illos
1864 2550 2085 2603 speras-

390 2628 474 2678 set
500 2638 688 2683 nemo,
723 2622 936 2675 litteras
961 2621 1021 2673 in
1062 2621 1247 2674 medio
1279 2637 1539 2692 posuere,
1575 2622 1804 2692 quibus,
1838 2622 2088 2676 discussa

391 2729 579 2777 causa,
611 2710 853 2764 Felicem
885 2726 917 2762 a
946 2709 1268 2763 traditionis
1307 2710 1547 2764 crimine
1576 2711 1882 2765 liberatum
1912 2711 2085 2765 fuisse

389 2799 758 2871 agnoscebat;
805 2797 1073 2868 idemque
1122 2799 1483 2864 decernebat,
1534 2805 1596 2852 ut
1637 2799 1953 2870 lngentius,
1987 2799 2086 2871 qui

375 2891 654 2944 adversus
702 2888 964 2954 Felicem,
1015 2887 1220 2942 falsum
1261 2905 1319 2942 se
1366 2889 1564 2942 fecisse
1610 2890 1791 2942 fassus
1839 2893 1980 2955 erat,
2013 2890 2083 2944 ad

386 2980 755 3044 Comitatum,
779 2977 880 3031 ubi
908 2977 1193 3032 Caeciliani
1214 2981 1570 3031 accusatores
1592 2977 1817 3032 molesti
1839 2978 2084 3032 nimium

386 3085 450 3122 ac
477 3067 792 3138 pertinaces
822 3065 1152 3119 confutandi
1185 3071 1368 3133 erant,
1400 3067 1744 3121 mitteretur.
1776 3067 2083 3122 Donatistae

386 3158 601 3210 litteras
646 3156 791 3221 illas,
836 3154 974 3224 ipsis
1005 3155 1373 3208 vehementer
1401 3155 1680 3221 adversas,
1715 3173 1781 3210 eo
1826 3157 2080 3226 profere-

382 3246 543 3314 bant,
592 3244 747 3315 quod
775 3259 869 3296 eas
899 3243 1183 3296 sententia
1212 3242 1272 3296 in
1314 3243 1468 3312 ipsos
1499 3261 1532 3297 a
1561 3245 1938 3298 Constantino
1972 3247 2084 3301 lata

383 3334 726 3404 posteriores
769 3331 965 3384 haberi
991 3331 1202 3384 vellent
1239 3347 1251 3384 :
1285 3348 1398 3402 quo
1429 3331 1694 3386 videlicet
1722 3349 1948 3386 causam
1983 3350 2080 3390 eo-

385 3422 515 3476 dem
568 3420 664 3473 illo
715 3417 934 3490 judicio
987 3418 1398 3488 persuaderent
1435 3417 1658 3472 finitam
1707 3420 1864 3472 nullo
1910 3421 2081 3475 modo

381 3511 582 3576 fuisse;
617 3513 784 3580 atque
827 3507 966 3562 adeo
996 3507 1312 3560 examinari
1343 3512 1626 3576 oportere,
1676 3507 1812 3577 quid
1846 3509 2080 3578 hujusce

383 3599 627 3671 lngentii
672 3597 1002 3653 missionem
1052 3601 1200 3650 esset
1235 3600 1599 3650 consecutum
1633 3597 1741 3665 (Ad
1772 3599 2080 3652 Donatistas

376 3695 501 3759 post
543 3689 756 3753 Collat.,
804 3703 860 3740 η.
913 3687 1025 3754 55).
1060 3685 1168 3739 Sed
1213 3685 2075 3755 respondebaturaCatholicis,

382 3779 524 3831 nihil
559 3777 804 3844 amplius
837 3792 956 3828 esse
988 3774 1168 3839 dubii,
1190 3774 1329 3844 quin
1351 3773 1644 3827 absolutus
1664 3773 1864 3828 fuisset
1881 3793 1914 3828 a
1941 3776 2080 3829 Con-

381 3865 630 3921 stantino
670 3864 1028 3926 Caecilianus;
1067 3863 1306 3932 jamque
1343 3864 1451 3915 hoc
1482 3862 1591 3915 illis
1634 3862 1986 3932 incumbere,
2019 3870 2080 3919 ut

380 3956 706 4009 institutum
733 3953 976 4005 alterum
1001 3951 1283 4020 judicium
1305 3949 1658 4021 argumentis
1687 3950 1956 4020 legitimis
1982 3954 2079 4007 do-

380 4045 574 4096 cerent
603 4039 825 4111 (Brevia.
857 4039 1047 4094 Collat.
1078 4040 1130 4104 3,
1161 4054 1213 4090 η.
1255 4038 1366 4106 42).
1399 4037 1545 4100 Quin
1587 4041 1804 4107 postea,
1859 4039 2077 4094 collatis

377 4135 529 4188 inter
560 4149 618 4186 se
647 4136 971 4200 temporum
989 4129 1160 4195 notis,
1184 4128 1536 4182 intellectum
1569 4133 1653 4182 est
1682 4130 1934 4199 Ingentii
1951 4147 2078 4186 cau-

379 4240 500 4279 sam
546 4219 900 4277 absolutione
946 4217 1233 4273 Caeciliani
1283 4217 1535 4288 priorem
1586 4217 1883 4273 exstitisse.
1935 4221 2076 4274 Hinc

377 4313 609 4368 interim
653 4311 795 4365 illud
832 4306 1158 4378 compendii
1187 4307 1492 4361 accedebat
1537 4305 1857 4372 Catholicis,
1899 4307 2071 4377 quod,

376 4403 583 4473 quibus
627 4397 968 4455 testimoniis
1013 4397 1321 4450 utebantur
1368 4395 1693 4462 adversarii,
1728 4412 1794 4448 ea
1837 4395 2074 4450 mirifice

376 4491 574 4546 Felicis
617 4488 1004 4544 innocentiam
1054 4484 1441 4540 adstruebant.
1506 4486 1658 4538 Hanc
1713 4489 1905 4539 tamen
1959 4486 2071 4555 ipsi

377 4595 606 4652 quoque
634 4584 914 4648 praeterea
959 4575 1460 4638 confirmaverunt,
1491 4573 1677 4626 oblata
1706 4573 1909 4626 zEliani
1939 4591 2070 4644 pro-

375 4669 639 4733 consulis,
670 4667 769 4738 qui
798 4668 866 4721 de
891 4682 1058 4720 causa
1085 4665 1239 4718 illius
1268 4666 1630 4733 cognoverat,
1673 4661 1948 4716 relatione
1997 4664 2068 4717 ad

375 4755 841 4822 Constantinum;
868 4755 986 4808 imo
1009 4760 1064 4808 et
1084 4753 1220 4824 ipsis
1247 4752 1502 4823 ejusdem
1531 4751 1874 4822 cognitionis
1899 4753 2063 4819 actis;

373 4849 443 4902 ad
469 4861 597 4918 qua:
628 4848 999 4897 monumenta
1028 4841 1180 4912 quod
1211 4844 1589 4911 opponerent,
1624 4839 1768 4894 nihil
1793 4839 2066 4910 ponderis

369 4937 609 5008 alicujus
638 4933 937 4987 inventum
967 4949 1000 4985 a
1032 4930 1355 4984 Donatistis.

439 5031 524 5082 11.
561 5021 834 5080 Catholici
862 5019 1118 5088 tandem,
1158 5020 1254 5074 ubi
1299 5018 1492 5073 videre
1530 5019 1650 5089 jam
1691 5016 1826 5071 satis
1853 5034 1920 5071 ea
1949 5017 2061 5072 dis-

365 5134 528 5174 cussa
557 5129 697 5180 esse,
729 5127 858 5182 quas
889 5108 997 5163 sibi
1027 5109 1383 5162 defendenda
1414 5109 1656 5172 fuerant,
1684 5107 1973 5178 petierunt
2001 5111 2064 5161 ut

364 5210 523 5265 litem
545 5202 814 5275 Cognitor
835 5197 1116 5252 sententia
1147 5213 1245 5251 sua
1265 5197 1461 5251 ﬁniret
1483 5197 1698 5266 (Collat.
1724 5197 1979 5262 Carthag.
2007 5197 2058 5262 3,

360 5314 520 5370 capp.
552 5298 677 5364 57l,
710 5288 857 5361 5‘76).
900 5285 1205 5343 Donatistae
1235 5290 1432 5339 contra
1462 5287 1658 5340 eadem
1689 5285 1809 5339 sine
1836 5287 1948 5338 line
1972 5285 2059 5338 in-

363 5388 658 5458 gerebant,
693 5387 750 5439 et
773 5396 903 5453 quas
924 5376 1033 5448 ipsi
1059 5391 1160 5446 pro
1183 5392 1240 5428 se
1270 5375 1596 5445 attulerant,
1613 5391 1680 5428 ea
1699 5374 2062 5446 queritaban-

361 5481 456 5530 tur
483 5492 549 5530 ex
576 5475 867 5530 voluntate
889 5464 1350 5524 adversariorum
1382 5465 1697 5519 adulterata
1724 5463 1913 5534 (Ibid.,
1935 5479 2055 5532 cap.

362 5569 505 5632 583).
568 5565 752 5628 Quare
801 5560 1092 5629 comperto
1143 5555 1256 5626 jam
1307 5553 1437 5608 novi
1483 5553 1872 5619 instrumenti,
1903 5551 2059 5624 quod

1610 283 1778 338 VITA
1820 283 1870 337 s.
1927 284 2308 341 AlTGUS’I‘lNl
2365 288 2700 345 Episcopi.
3712 315 3778 368 ,χρ

2213 409 2518 502 legeretur.
2547 414 2689 466 nihil
2714 430 3030 484 superesse,
3052 416 3384 474 Marcellinus
3405 431 3566 493 partes
3580 435 3782 502 utrasque

2209 498 2396 553 locum
2445 503 2746 556 sententiaa
2799 503 3110 558 scribendm
3158 508 3446 565 secedendo
3496 513 3607 569 dare
3646 498 3783 587 jussit.

2209 587 2419 642 Oborta
2441 589 2674 645 demum
2696 597 2860 646 nocte
2886 593 2994 660 (Ad
3016 596 3318 651 Donatistas
3335 605 3443 666 post
3462 602 3642 670 Collat.,
3662 623 3706 660 η.
3731 613 3784 664 itii

2211 672 2362 740 (nam
2395 673 2492 728 illa
2513 681 2676 730 aetate
2706 694 2857 747 sarpe
2891 678 3265 749 contingebat,
3298 687 3355 736 ut
3377 685 3567 753 judices
3589 669 3787 746 audiendi

2209 763 2537 818 necessitate
2563 782 2741 836 usque
2773 767 2844 820 ad
2878 769 3115 822 multam
3143 775 3356 825 noctem
3384 774 3553 827 sedere
3578 792 3786 848 cogeren-

2207 854 2320 917 tur,
2349 867 2452 906 nec
2481 853 2591 907 nisi
2621 859 2791 908 noctu
2823 855 2951 909 lites
2983 857 3346 930 dirimerent),
3378 861 3619 934 episcopis
3642 882 3787 922 rursus

2207 937 2492 995 introduci
2545 943 2740 1012 jussis,
2801 944 3154 1000 Marcellinus
3209 949 3520 1004 sententiam
3554 953 3788 1010 recitavit:

2207 1044 2320 1098 qua
2345 1033 2526 1083 totum
2571 1031 2899 1086 summatim
2933 1033 3226 1104 negotium
3255 1037 3570 1106 complexus,
3593 1041 3789 1095 confuta-

2206 1122 2290 1170 tos
2335 1135 2365 1171 a
2407 1118 2710 1173 Catholicis
2758 1121 3081 1176 Donatistas
3128 1124 3375 1178 omnium
3415 1134 3788 1196 argumentorum

2207 1207 2669 1262 manifestatione
2698 1210 3108 1279 pronuntiavit.
3142 1212 3300 1275 Quod
3332 1218 3654 1285 posteaquam
3677 1220 3788 1272 evul-

2205 1299 2402 1364 gatum
2448 1300 2550 1363 est,
2604 1297 2814 1352 mirum
2853 1304 3062 1369 quanta
3110 1301 3316 1354 exstitit
3358 1303 3587 1358 omnium
3630 1305 3786 1369 laetitia,

2206 1385 2358 1455 quod
2402 1386 2550 1439 Deus
2579 1387 2832 1453 tandem,
2865 1405 2897 1442 a
2926 1389 3134 1459 quibus
3162 1394 3330 1444 staret
3368 1391 3570 1459 veritas,
3597 1410 3624 1446 a
3643 1395 3788 1464 quibus

2205 1480 2398 1530 autem
2446 1477 2806 1532 mendacium
2859 1483 3028 1549 atque
3067 1496 3244 1548 error,
3293 1481 3599 1552 prodidisset
3639 1484 3786 1551 (Collat.

2204 1565 2462 1634 Carthag.
2497 1568 2548 1634 3,
2578 1582 2736 1636 capp.
2772 1568 2894 1634 584,
2919 1568 3066 1638 585).

2852 1693 3076 1747 CAPUT
3115 1693 3255 1747 XIII.

2208 1799 2226 1850 1
2271 1797 2545 1862 Quantum
2566 1800 2848 1852 eminuerit
2868 1801 2926 1851 in
2948 1799 3238 1854 Cotlatione
3265 1798 3595 1866 Augustinus.
3624 1802 3650 1852 2
3669 1801 3789 1853 Dona-

2275 1889 2528 1940 tistarum
2561 1893 2686 1954 quot
2722 1889 2868 1940 tricze
2897 1903 2958 1940 ac
2986 1890 3458 1952 tergiversationes.
3489 1890 3514 1942 3
3544 1888 3681 1953 Quam
3701 1897 3790 1956 pru-

2272 1973 2458 2026 denter
2505 1988 2615 2026 sese
2643 1977 2865 2038 gesserit
2903 1975 3266 2027 Marcellinus.
3300 1976 3330 2027 4
3360 1976 3620 2028 Donatista
3641 1974 3698 2026 ad
3720 1977 3790 2027 lm-

2267 2068 2569 2130 peratorem
2613 2067 2926 2131 provocant.
2969 2065 2999 2114 5
3032 2064 3342 2116 Collationis
3379 2068 3493 2116 acta
3531 2064 3792 2116 Marcellinus

2269 2152 2472 2218 scripto
2510 2153 2567 2203 in
2613 2151 2976 2204 schismaticos
3007 2151 3179 2204 edicto
3205 2144 3520 2220 promulgat.
3551 2155 3578 2204 6
3611 2153 3661 2205 In
3695 2166 3792 2203 aim-

2267 2239 2526 2308 pendium
2570 2240 2666 2292 illa
2713 2239 2912 2306 redigit
2939 2241 3301 2307 Augustinus.
3331 2245 3360 2292 7
3392 2243 3506 2294 Post
3533 2241 3790 2295 Collationan

2267 2329 2572 2396 frequentes
2611 2329 2684 2381 ad
2710 2330 3004 2383 Ecclesium
3036 2344 3090 2381 sc
3119 2332 3384 2398 recipiunt
3413 2330 3725 2384 Donatistas
3756 2328 3792 2379 ιιι

2269 2416 2354 2468 his
2385 2418 2703 2469 nominatim
2733 2417 2973 2470 Gabinus
3006 2433 3066 2470 ac
3095 2420 3251 2483 virgo
3279 2419 3491 2471 Felicia.

2271 2525 2319 2574 1.
2356 2522 2406 2574 Is
2437 2522 2620 2575 exitus
2649 2521 2757 2575 fuit
2785 2522 3142 2578 celeberrimi
3174 2523 3324 2576 illius
3353 2527 3652 2586 conventus,
3677 2534 3792 2591 quem

2194 2609 2460 2664 Africana
2506 2611 2748 2665 Ecclesia
2794 2612 2916 2682 jam
2968 2617 3116 2667 totos
3175 2619 3301 2667 octo
3345 2629 3515 2666 annos
3558 2609 3791 2680 expetebat.

2197 2715 2483 2770 quemque
2511 2701 2570 2754 in
2593 2700 2896 2771 praecipuis
2917 2701 3276 2772 episcopatus
3298 2700 3582 2773 Augustini
3598 2697 3794 2753 fructibus

2188 2789 2320 2859 jure
2368 2806 2760 2846 numeramus.
2804 2791 2965 2845 Certe
2997 2791 3237 2862 quidem
3267 2795 3419 2845 extra
3445 2786 3795 2844 controversiam

2195 2881 2298 2942 est,
2328 2876 2516 2947 ipsum
2547 2894 2610 2931 ex
2641 2878 3056 2932 Catholicorum
3101 2885 3264 2950 parte
3297 2880 3416 2949 ejus
3441 2877 3589 2949 quasi
3615 2879 3794 2929 mentem

2195 2966 2497 3033 exstitisse;
2524 2983 2623 3020 nec
2642 2967 2773 3030 alia,
2806 2973 2869 3021 ut
2899 2984 3000 3021 nos
3030 2968 3269 3038 quidem
3297 2967 3633 3029 arbitramur,
3662 2964 3743 3016 ulla
3761 2976 3797 3012 re

2195 3055 2400 3110 melius
2443 3055 2801 3126 intelligitur,
2842 3061 3125 3127 quantum
3155 3057 3389 3128 ingenio
3419 3054 3635 3110 valuerit
3662 3053 3799 3106 doctor

2193 3147 2289 3200 ille
2316 3163 2379 3200 ac
2409 3147 2610 3201 vindex
2642 3147 2915 3200 Ecclesiae.
2941 3148 3162 3202 Etenim
3198 3148 3330 3202 licet
3359 3147 3558 3218 ubique
3585 3145 3682 3214 ipse
3705 3156 3800 3211 pra-

2193 3236 2372 3289 claras
2401 3235 2591 3306 Alypii
2619 3237 2778 3290 dotes
2808 3237 3058 3303 extollat,
3092 3237 3229 3292 licet
3269 3237 3437 3291 etiam
3464 3235 3644 3307 quibus
3665 3232 3798 3299 dispu-

2191 3324 2349 3378 tandi
2416 3325 2708 3395 provincia
2775 3325 3116 3380 demandata
3198 3331 3303 3396 est,
3370 3325 3412 3379 ii
3466 3323 3620 3380 dubio
3663 3318 3798 3391 procul

2192 3413 2452 3468 omnium
2481 3414 2875 3468 Africanorum
2898 3415 3221 3469 antistitum
3246 3416 3369 3486 ejus
3390 3413 3560 3468 aetatis
3579 3403 3798 3464 clarissimi

2182 3502 2346 3572 juxta
2392 3519 2454 3556 ac
2505 3502 2835 3574 peritissimi
2872 3503 3112 3571 fuerint;
3164 3504 3529 3558 nihilosecius
3569 3505 3726 3554 tamen
3765 3491 3801 3545 in

2191 3592 2459 3646 omnibus
2503 3593 2807 3662 Augustini
2847 3592 3030 3658 dictis,
3082 3610 3148 3647 ea
3181 3593 3395 3648 dilucet
3433 3589 3629 3661 ingenii
3654 3586 3732 3648 vis,
3761 3596 3802 3634 ea

2189 3680 2427 3735 facilitas
2456 3699 2519 3735 ac
2550 3681 2812 3747 suavitas,
2850 3685 3073 3736 tantum
3111 3682 3367 3754 denique
3398 3680 3584 3752 gratiae
3619 3673 3750 3730 simul
3769 3674 3801 3722 el

2189 3786 2520 3840 nervorum,
2548 3775 2612 3824 ut
2641 3771 2886 3825 aliorum
2905 3787 3025 3841 pra:
3047 3771 3144 3825 illo
3168 3773 3395 3826 lumina
3411 3771 3802 3826 evanescant,exs-

2189 3859 2659 3931 tinguanturque.
2706 3859 3062 3914 Juridiciales
3108 3860 3412 3928 formulas,
3464 3864 3517 3913 et
3555 3869 3717 3911 curam
3737 3849 3800 3903 ob-

2188 3949 2451 4003 servandi
2494 3949 2672 4003 sicubi
2715 3949 3008 4020 quidpiam
3047 3957 3290 4020 peccent
3324 3950 3637 4014 Donatistee,
3662 3938 3802 4010 Alypi0

2188 4043 2244 4091 et
2293 4038 2545 4092 Possidio
2589 4038 2861 4109 relinquit
2912 4055 2924 4092 :
2971 4044 3028 4093 at
3064 4041 3298 4111 quoties
3335 4040 3506 4094 ardua
3533 4032 3802 4108 quaedamet

2184 4127 2379 4197 magni
2419 4127 2693 4181 momenti
2740 4128 2978 4198 quaestio
3023 4129 3299 4199 agitatur,
3351 4133 3448 4184 aut
3491 4121 3732 4181 firmanda
3753 4121 3804 4168 ﬁt

2187 4216 2445 4270 Ecclesiae
2490 4216 2651 4286 ﬁdes,
2689 4221 2812 4270 tum
2866 4233 3000 4271 vero
3048 4218 3134 4271 illi
3191 4217 3542 4289 disceptandi
3580 4218 3801 4268 munusav

2182 4305 2364 4360 vicem
2393 4322 2591 4360 omnes
2633 4306 2918 4362 deferunt.
2960 4307 3103 4360 Hinc
3145 4313 3230 4362 est
3284 4325 3388 4362 cur
3437 4322 3561 4361 eum
3590 4304 3641 4357 in
3666 4293 3806 4371 primis

2184 4395 2404 4448 duabus
2434 4395 2842 4449 Collationibus
2865 4395 2954 4449 vix
2977 4395 3300 4467 quidquam
3320 4398 3568 4450 locutum
3587 4384 3802 4459 reperias:

2182 4483 2243 4538 in
2287 4483 2356 4536 iis
2385 4501 2517 4538 vero
2548 4501 2676 4555 quas
2708 4485 2873 4539 nobis
2918 4501 2948 4540 e
2979 4486 3146 4539 tertia
3175 4486 3377 4541 relicta
3408 4487 3556 4546 sunt,
3593 4486 3807 4548 nusquam

2181 4572 2296 4626 fere
2338 4573 2502 4626 illum
2533 4589 2647 4626 non
2678 4573 2996 4628 audiamus.
3032 4575 3090 4629 Si
3120 4575 3221 4645 qui
3253 4591 3428 4646 porro
3459 4568 3806 4628 animadverte-

2176 4665 2332 4728 runt,
2364 4661 2564 4715 eadem
2594 4661 2663 4715 ab
2689 4661 2784 4716 illo
2812 4661 2874 4716 in
2902 4661 3014 4716 suis
3044 4663 3205 4717 libris
3232 4666 3422 4719 multo
3452 4659 3646 4717 clarius
3666 4672 3717 4710 ac
3742 4665 3806 4702 ve-

2176 4750 2500 4805 hementius
2540 4755 2793 4817 tractata,
2829 4767 3000 4823 quam
3032 4751 3090 4804 in
3119 4753 3473 4818 Collatione;
3505 4750 3663 4805 iidem
3688 4738 3809 4797 simul

2175 4840 2538 4906 confitentur,
2570 4856 2686 4894 non
2717 4840 2940 4894 licuisse
2964 4841 3047 4894 illi
3067 4857 3172 4911 per
3200 4841 3536 4913 frequentes
3567 4831 3810 4893 Donatista-

2173 4944 2302 4997 rum
2341 4928 2827 4999 interpellationes
2873 4929 3072 4984 eadem
3121 4929 3294 4985 isthic
3341 4929 3563 5001 ingenii
3610 4923 3813 4980 libertate

2171 5034 2340 5088 agere
2383 5019 2556 5084 (Bald.
2604 5021 2661 5072 in
2699 5021 2943 5073 Historia
2973 5020 3186 5082 Collat.,
3225 5037 3367 5090 pag.
3411 5023 3528 5083 125,
3560 5019 3614 5084 C,
3643 5015 3710 5076 Dl-
3737 5009 3812 5062 Nec

2171 5106 2311 5161 forte
2341 5107 2628 5162 immerito
2665 5112 2762 5162 aut
2791 5107 3112 5162 istiusmodi
3141 5107 3586 5178 perturbationi,
3617 5107 3700 5158 aut
3720 5110 3814 5151 con-

2171 5196 2442 5250 tentionis
2480 5196 2686 5250 fervori
2715 5196 3003 5264 tribueris,
3055 5198 3209 5268 quod
3239 5199 3604 5253 observatum
3633 5188 3811 5262 quibus-

2171 5285 2324 5354 dam,
2355 5289 2628 5356 tanquam
2651 5285 2719 5340 ab
2742 5285 2964 5341 incuria
2985 5287 3328 5356 profectum,
3354 5287 3508 5341 inter
3528 5277 3815 5339 sacramenla

2167 5374 2332 5445 regni
2358 5375 2542 5444 Judte,
2574 5391 2702 5446 quae
2741 5375 2997 5445 legitima
3034 5381 3214 5443 erant,
3266 5381 3326 5431 et
3356 5376 3522 5447 regni
3551 5371 3719 5431 Israel,
3745 5361 3814 5416 ubi

2169 5468 2376 5534 praeter
2404 5464 2590 5535 legem
2619 5464 3074 5528 celebrabantur,
3103 5482 3222 5520 non
3244 5465 3391 5520 satis
3421 5461 3722 5520 distinxisse
3745 5453 3816 5508 Ca-

2171 5553 2433 5620 tholicos;
2469 5554 2563 5609 sed
2596 5553 2914 5624 generatim
2936 5555 3267 5622 affirmasse,
3300 5547 3814 5627 repudiatamal’N'
