3912 6174
130 265 211 317 433
1555 249 1675 305 ΜΒ⁴

1555 249 1766 306 LIBER
1827 251 2120 309 SEXTUS.

125 378 275 454 phetis
293 389 569 446 nunquam
595 371 767 427 fuisse
791 371 1158 427 Judaicorum
1183 386 1474 426 sacrorum
1500 387 1761 427 commu-

126 471 328 525 nionem.

184 563 226 612 2.
265 557 326 609 Ex
358 551 510 607 omni
541 566 673 605 sane
707 555 968 605 actorum
1005 553 1276 605 contextu
1313 551 1606 607 advertere
1653 555 1754 618 est,

131 651 236 720 quot
257 647 407 708 artes,
441 645 574 712 quot
604 639 991 695 cavillationes
1026 639 1395 695 adhibuerint
1428 640 1752 696 Donatistae.

132 733 379 791 Petilianus
410 731 506 802 qui
538 728 805 784 causidici
838 745 1050 782 munus
1072 729 1133 782 in
1166 727 1290 783 foro
1320 729 1557 796 obierat,
1587 734 1757 800 atque

127 827 170 879 in
189 825 266 877 hac
286 837 443 875 causa
474 823 661 890 partes
696 817 815 888 agit
843 817 1180 888 praecipuas,
1212 818 1392 872 multo
1427 817 1608 888 magis
1635 822 1755 873 arte

122 909 302 974 forensi,
329 924 493 980 quam
520 905 896 961 ecclesiastica
926 905 1185 960 doctrina
1212 907 1430 976 pollere
1460 921 1517 960 se
1543 906 1753 976 prodit.

116 998 342 1056 Emeritos
367 1013 516 1059 vero,
551 995 649 1067 qui
691 997 966 1049 secundas
997 995 1118 1065 ipse
1160 995 1421 1061 sustinet,
1463 995 1568 1049 etsi
1604 994 1756 1050 vide-

114 1097 184 1146 tur
205 1089 372 1157 aliqua
401 1085 671 1157 praeditus
702 1083 928 1138 dicendi
958 1083 1242 1150 facultate,
1263 1089 1424 1138 tanta
1449 1083 1754 1139 verborum

110 1175 304 1246 ambage
327 1178 573 1228 mentem
593 1173 879 1244 exprimit,
897 1177 963 1227 ut
983 1189 1108 1227 eam
1126 1173 1469 1243 plerumque
1491 1189 1640 1243 aegre
1662 1173 1754 1228 ad-

109 1265 299 1320 modum
319 1279 685 1334 assequamur
705 1264 886 1327 (Bald.
919 1264 977 1317 in
995 1265 1242 1317 Historia
1262 1263 1446 1318 Collat.
1454 1278 1588 1332 pag.
1607 1262 1752 1333 123.)

110 1351 373 1408 Moratoriie
399 1367 596 1406 eorum
621 1351 1074 1422 vitilitigationes
1097 1367 1161 1405 ac
1183 1352 1427 1423 strophae
1451 1368 1516 1405 eo
1536 1357 1752 1422 specta-

108 1442 213 1496 bant
235 1457 438 1509 omnes,
461 1444 525 1496 ut
545 1440 626 1494 rei
655 1440 1000 1495 decisionem
1026 1440 1339 1494 traherent.
1363 1441 1485 1505 Quo
1514 1441 1749 1507 factum,

109 1530 315 1583 utmulto
329 1530 450 1599 plus
467 1529 744 1600 temporis
766 1531 821 1582 et
843 1528 1221 1582 verborumin
1245 1528 1497 1582 leviculis
1508 1529 1676 1582 rebus
1697 1532 1753 1582 et

106 1618 397 1689 aproposito
414 1617 616 1672 alienis
639 1617 998 1686 insumptum
1020 1616 1112 1683 sit,
1137 1633 1309 1686 quam
1336 1616 1396 1670 in
1423 1617 1546 1687 ipso
1569 1633 1751 1671 causa:

106 1708 263 1778 capite.
294 1709 407 1761 Imo
427 1707 618 1761 verius
644 1706 875 1772 dixeris,
897 1705 1026 1760 illos
1045 1706 1150 1759 hoc
1171 1721 1352 1759 unum
1376 1710 1599 1759 secutos
1618 1705 1752 1760 fuis-

105 1811 164 1859 se,
184 1799 239 1856 ut
265 1795 474 1865 agendo
505 1796 709 1860 multa,
739 1810 970 1864 prorsus
995 1802 1263 1864 ageretur
1284 1793 1448 1848 nihil.
1476 1793 1617 1849 Hinc
1646 1796 1751 1849 Do-

105 1883 292 1936 natistas
318 1884 627 1954 alloquitur
655 1888 883 1937 sanctus
921 1884 1272 1955 Augustinus
1297 1883 1358 1938 in
1384 1885 1506 1938 haec
1530 1885 1702 1939 verba
1734 1902 1746 1939 :

103 1975 207 2026 Ecce
224 1975 442 2042 episcopi
463 1975 644 2042 partis
665 1978 873 2038 vestrae,
897 1988 1028 2041 quos
1059 1988 1235 2028 omnes
1261 1975 1550 2040 elegerunt,
1573 1979 1635 2029 ut
1649 1990 1752 2044 pro

104 2064 301 2118 omnibus
337 2065 700 2132 loquerentur,
740 2066 921 2117 conati
951 2067 1097 2129 sunt,
1134 2069 1396 2132 quantum
1439 2068 1748 2133 potuerunt,

105 2157 149 2204 ut
172 2154 355 2206 omnino
385 2155 508 2222 ipsa
542 2167 710 2206 causa
741 2167 846 2205 non
878 2157 1147 2218 ageretur,
1176 2157 1402 2221 propter
1435 2169 1598 2222 quam
1627 2159 1750 2207 tan-

107 2246 168 2294 tus
194 2257 416 2295 numerus
450 2245 827 2312 episcoporum
867 2243 1152 2310 utriusque
1184 2243 1362 2310 partis
1402 2242 1467 2296 de
1497 2245 1752 2296 universa

106 2329 277 2393 Africa,
312 2334 357 2383 et
396 2331 461 2384 de
485 2336 602 2386 tam
634 2331 945 2399 longinquis
991 2331 1139 2396 locis,
1169 2332 1551 2400 Carthaginem
1595 2348 1749 2386 vene-

106 2423 185 2471 rat.
212 2420 270 2472 Et
298 2435 408 2472 cum
437 2421 617 2473 omnis
648 2421 838 2475 anima
863 2434 1124 2488 suspensa
1145 2425 1476 2489 easpectaret
1505 2422 1563 2474 in
1594 2426 1753 2476 tanta

107 2505 348 2560 collectione
387 2509 524 2575 quid
575 2513 845 2576 ageretur,
885 2509 976 2561 illi
1012 2509 1342 2564 vehementer
1383 2511 1662 2565 instabant
1696 2515 1752 2564 ut

107 2594 217 2648 nihil
241 2602 490 2663 ageretur.
533 2597 717 2662 Quare
749 2598 866 2664 hoc,
897 2598 1008 2651 nisi
1038 2599 1171 2666 quia
1207 2613 1425 2652 causam
1457 2614 1610 2653 suam
1642 2615 1753 2653 ma-

107 2683 186 2735 lam
207 2684 438 2753 sciebant,
463 2690 515 2738 et
543 2686 810 2751 facillime
833 2701 887 2740 se
915 2700 1065 2754 posse
1087 2688 1253 2751 vinci,
1283 2689 1332 2741 si
1357 2692 1624 2754 ageretur,
1649 2688 1753 2742 du-

107 2771 237 2826 bitare
264 2788 357 2827 non
387 2776 689 2843 poterant?
707 2776 826 2843 Ipse
853 2790 978 2842 ergo
998 2777 1213 2830 animus
1237 2791 1433 2839 eorum,
1463 2792 1570 2845 quo
1601 2779 1750 2830 time-

107 2860 203 2913 bant
224 2878 278 2915 ne
299 2879 456 2917 causa
486 2868 762 2930 ageretur,
791 2864 909 2932 jam
938 2865 1104 2918 victos
1135 2880 1218 2918 eos
1253 2880 1362 2919 esse
1393 2866 1747 2920 monstrabat.

103 2947 150 3002 Si
169 2952 285 3004 enim
315 2957 693 3022 extorquerent
715 2952 861 3021 quod
877 2953 1146 3020 volebant,
1167 2958 1230 3007 ut
1249 2953 1370 3023 jam
1391 2955 1604 3008 collatio
1633 2957 1750 3022 ipsa

102 3051 181 3088 non
201 3038 352 3110 ﬁeret,
372 3057 463 3095 nec
483 3041 958 3109 disputationibus
982 3045 1185 3096 nostris
1203 3044 1404 3097 veritas
1424 3048 1712 3111 appareret
1734 3058 1748 3096 :

103 3124 329 3182 redeuntes
369 3145 401 3182 a
434 3129 794 3197 Carthagine,
830 3130 965 3198 quid
1005 3130 1157 3184 vobis
1200 3136 1356 3183 erant
1397 3133 1751 3200 responsuri?

103 3213 205 3278 Quid
223 3216 635 3273 demonstraturi
651 3221 678 3272 ?
703 3218 890 3286 Credo,
917 3220 1193 3288 prolaturi
1215 3224 1368 3274 erant
1390 3220 1568 3286 Gesta,
1591 3225 1640 3273 et
1665 3220 1750 3273 di-

103 3304 212 3355 cturi
233 3305 366 3360 vobis
391 3324 403 3361 :
431 3310 546 3365 Nos
576 3308 914 3362 instabamus
944 3313 1006 3362 ut
1033 3323 1199 3362 causa
1225 3323 1331 3361 non
1368 3313 1636 3375 ageretur,
1669 3309 1754 3362 illi

103 3392 330 3448 uastabant
355 3401 412 3450 ut
432 3401 710 3464 ageretur.
743 3398 848 3452 Vos
877 3397 1196 3465 exspectatis
1219 3395 1403 3450 videre
1426 3396 1562 3464 quid
1579 3398 1751 3463 egeri-

104 3494 190 3533 mus
231 3497 370 3538 :ecce
415 3486 580 3552 legite
621 3485 716 3538 ubi
747 3500 831 3539 eos
876 3487 1124 3548 vicimus,
1165 3489 1226 3538 ut
1262 3485 1403 3538 nihil
1453 3500 1750 3552 ageremus.

102 3569 220 3622 Forte
240 3577 284 3625 et
304 3589 389 3628 vos
416 3573 838 3643 responderetis,
870 3575 918 3627 si
960 3590 1050 3628 cor
1089 3574 1354 3628 haberetis
1396 3591 1411 3626 :
1444 3575 1598 3629 Nihil
1629 3589 1753 3642 ergo

103 3657 256 3723 acturi,
283 3663 470 3730 utquid
496 3661 666 3716 istis?
689 3663 772 3716 vel
799 3663 1000 3731 potius,
1033 3666 1128 3730 qui
1150 3663 1292 3716 nihil
1315 3664 1522 3728 egistis,
1556 3661 1755 3731 utquid

102 3743 311 3801 redistis?
352 3750 554 3819 (Epist.
612 3751 731 3814 141,
761 3765 819 3802 n.
868 3749 940 3817 3.)
992 3749 1196 3803 Scribit
1233 3748 1383 3803 idem
1417 3749 1529 3803 alio
1580 3750 1702 3803 loco
1737 3766 1750 3804 :

103 3832 450 3903 Congregantur
470 3854 544 3893 ea:
566 3841 820 3892 universa
841 3839 1040 3905 Africa
1061 3842 1137 3892 tot
1156 3840 1413 3908 episcopi,
1428 3838 1754 3906 ingrediun-

103 3924 172 3974 tur
197 3924 563 3994 Carthaginem
593 3943 710 3980 cum
743 3931 899 3981 tanta
927 3928 1154 3996 speciosi
1182 3929 1418 3994 agminis
1443 3942 1664 3996 pompa,
1695 3930 1755 3980 ut

103 4014 185 4064 tam
207 4029 394 4081 magna
421 4017 668 4071 civitatis
698 4017 873 4070 oculos
906 4018 963 4069 in
994 4030 1049 4070 se
1071 4017 1522 4084 intentionemque
1550 4030 1756 4069 conver-

102 4103 208 4154 tant.
233 4103 330 4169 Qui
353 4106 654 4174 loquantur
668 4121 768 4174 pro
798 4106 1062 4171 omnibus,
1095 4105 1370 4172 eliguntur
1394 4105 1462 4158 ab
1487 4105 1750 4159 omnibus.

100 4187 233 4245 Locus
257 4196 408 4249 etiam
432 4211 491 4249 re
531 4181 698 4248 tanta
715 4194 913 4261 dignus
947 4196 1004 4247 in
1028 4193 1158 4247 urbe
1185 4193 1368 4248 media
1391 4197 1744 4262 procuratur.

103 4276 284 4347 Utrique
319 4285 675 4349 conveniunt;
705 4283 882 4351 judem
923 4287 1125 4352 praesto
1158 4286 1258 4347 est,
1307 4282 1504 4335 tabula:
1538 4286 1750 4350 patent,

96 4380 312 4435 mspensa
338 4376 579 4427 omnium
611 4372 776 4426 corda
799 4374 1005 4427 exitum
1034 4375 1200 4426 tanta
1229 4371 1538 4426 Collationis
1564 4385 1752 4439 exspe-

99 4457 232 4511 ctant.
266 4461 400 4515 Tunc
431 4479 467 4516 a
499 4463 807 4516 lectissimis
852 4465 902 4515 et
937 4461 1314 4515 disertissimis
1334 4461 1500 4524 ,viris,
1534 4461 1754 4528 quantis

97 4541 360 4617 z‘iribuseagi
373 4551 564 4605 debuit
575 4549 809 4619 aliquid,
827 4551 993 4603 tantis
1006 4552 1194 4616 agitur
1210 4553 1268 4602 ut
1280 4552 1482 4616 agatur
1491 4548 1630 4601 nihil
1643 4547 1755 4618 (Ad

99 4631 364 4710 Donatistas
390 4643 519 4708 post
546 4640 761 4705 Collat.,
793 4655 840 4694 c.
871 4641 961 4704 25,
989 4655 1042 4692 n.
1073 4639 1184 4709 43).
1217 4638 1428 4691 Verum
1456 4652 1630 4708 quam
1660 4653 1753 4690 su-

98 4726 306 4787 spectam
341 4725 452 4797 ipsi
481 4726 764 4781 haberent
803 4741 1033 4780 causam
1067 4741 1251 4791 suam,
1285 4725 1444 4779 nullo
1486 4723 1598 4778 alio
1631 4740 1752 4778 cer-

97 4806 198 4862 tiori
222 4814 442 4882 probari
471 4819 668 4886 posset
695 4818 1056 4886 argumento,
1086 4829 1258 4885 quam
1285 4813 1437 4884 quod
1457 4816 1754 4882 tantopere

97 4908 149 4948 ne
169 4913 248 4952 res
273 4902 623 4957 enodaretur
641 4902 1155 4972 explicareturque,
1179 4899 1581 4955 formidabant.
1610 4901 1754 4970 Ergo

95 4989 197 5037 ante
218 4991 400 5044 omnia
421 4989 798 5045 schismaticis
821 4989 1128 5044 debilitatis
1149 4989 1474 5060 inopinaque
1490 5004 1606 5042 suae
1626 5004 1756 5041 con-

95 5070 214 5139 sciis,
244 5082 302 5130 ut
329 5094 400 5132 ne
431 5078 672 5133 omnino
712 5077 1097 5134 controversia
1121 5082 1479 5144 tractaretur,
1512 5077 1572 5130 in
1609 5076 1755 5131 votis

93 5157 246 5218 fuerat
276 5182 288 5218 :
321 5167 420 5221 sed
453 5167 686 5240 quando
715 5167 856 5222 illud
885 5183 1000 5221 non
1031 5167 1333 5222 valuerunt
1361 5165 1610 5237 assequi,
1644 5166 1754 5220 sal-

95 5250 186 5302 tem
232 5259 348 5309 acta
389 5256 576 5327 longis
609 5256 726 5310 suis
765 5273 827 5311 ac
856 5256 1158 5328 superﬂuis
1206 5255 1564 5310 sermonibus
1610 5255 1753 5309 adeo

95 5339 471 5411 produxerunt,
509 5350 572 5400 ut
611 5345 700 5400 vix
733 5361 800 5400 ea
831 5346 1136 5417 quisquam
1183 5347 1374 5416 legere
1418 5343 1746 5398 sustineret.

94 5426 218 5488 Οτιοά
243 5433 344 5498 illi,
371 5433 564 5505 inquit
590 5434 963 5504 Augustinus,
994 5441 1176 5489 utrum
1207 5437 1383 5501 magis
1410 5435 1598 5501 inepta
1625 5435 1756 5486 veri-

96 5521 221 5580 tatis,
248 5537 316 5575 an
344 5523 624 5578 industria
656 5525 976 5579 calliditatis
1015 5527 1240 5590 egerint,
1274 5524 1469 5577 nescio.
1502 5523 1637 5576 Hinc
1664 5526 1755 5575 tu-

3470 258 3574 313 434

1870 391 1990 428 men
2032 378 2202 430 solum
2241 391 2462 431 causam
2500 382 2610 430 tam
2651 378 2942 446 pessimam
2981 383 3263 448 utcumque
3305 380 3571 446 adjuvare

1864 468 2178 534 potuerunt,
2211 481 2374 535 quam
2409 468 2589 534 potius
2634 465 2872 536 deserere
2903 466 3218 520 debuerunt.
3251 469 3488 536 Denique
3520 471 3568 521 si

1870 555 1926 608 in
1968 555 2110 620 illos,
2155 557 2250 622 qui
2300 559 2542 622 egerunt,
2591 553 2877 608 intendant
2924 556 3102 609 caeteri
3152 557 3563 619 accusationem,

1869 658 2058 712 eosque
2081 645 2265 712 potius
2310 648 2556 697 asserunt
2587 659 2620 696 a
2667 645 2816 698 nobis
2859 646 3028 710 fuisse
3069 647 3370 712 corruptos,
3399 647 3460 696 ut
3491 649 3569 698 tot

1864 733 2346 802 prosecutionibus,
2376 733 2458 786 vel
2487 749 2520 785 a
2543 748 2597 786 se
2620 734 2852 801 prolatis
2879 733 3189 786 lectionibus
3218 735 3294 788 sic
3324 733 3566 802 adjuva—

1868 829 1988 878 rent
2053 840 2272 879 causam
2322 828 2583 889 nostram,
2635 826 2711 877 sic
2767 825 3089 893 perimerent
3154 839 3337 887 suam;
3390 827 3566 878 nescio

1868 914 2314 982 quemadmodum
2342 929 2397 969 se
2420 917 2630 984 possint
2651 913 3020 980 defendere,et
3041 913 3106 965 ab
3126 915 3235 966 ista
3264 915 3567 982 suspicione

1862 1017 2125 1070 purgare,
2152 1005 2264 1057 nisi
2288 1005 2431 1068 forte
2459 1003 2665 1071 dicunt,
2698 1003 2760 1057 Si
2789 1004 3032 1069 corrupti
3061 1015 3312 1070 essemus,
3344 1017 3565 1056 causam

1868 1095 1978 1144 tam
2004 1093 2224 1157 malam,
2257 1097 2307 1145 et
2327 1107 2426 1160 per
2449 1106 2544 1144 nos
2570 1096 2620 1144 et
2646 1106 2744 1158 per
2771 1091 2892 1143 illos
2923 1091 3239 1154 convictam,
3273 1092 3374 1143 cito
3399 1092 3563 1144 etiam

1863 1180 2142 1247 ﬁniremus
2185 1195 2197 1232 :
2238 1195 2381 1232 nunc
2410 1194 2534 1232 vero
2580 1178 2664 1231 vel
2709 1178 2835 1231 inde
2879 1176 3094 1243 credite,
3136 1193 3231 1230 nos
3278 1193 3345 1230 ea:
3383 1179 3562 1231 animo

1863 1267 2130 1332 adfuisse,
2159 1272 2211 1322 et
2236 1267 2451 1337 aliquid
2479 1266 2729 1336 prodesse
2757 1267 3003 1331 voluisse,
3045 1265 3188 1333 quod
3214 1267 3441 1320 multum
3486 1268 3562 1320 lo-

1866 1356 2075 1424 quendo
2105 1358 2328 1423 egimus,
2370 1371 2434 1408 ne
2477 1353 2621 1423 quod
2667 1359 2847 1408 actum
2890 1357 2968 1406 est
3004 1353 3168 1418 facile
3199 1355 3480 1419 legeretur,
3514 1360 3564 1408 et

1862 1458 1956 1499 nos
1990 1459 2101 1498 esse
2130 1447 2299 1498 victos
2328 1447 2432 1498 cito
2464 1447 2881 1510 cognosceretur.
2917 1442 2979 1495 Si
3015 1442 3108 1494 hoc
3147 1441 3213 1493 ab
3243 1444 3318 1495 eis
3347 1457 3450 1495 non
3477 1445 3566 1511 ﬁe-

1861 1537 1966 1600 ret,
1998 1548 2090 1587 nec
2120 1535 2279 1603 ipsis,
2310 1548 2402 1586 nec
2430 1533 2584 1585 nobis
2608 1530 2930 1599 jurantibus
2960 1531 3199 1595 forsitan
3233 1530 3561 1595 crederetur,

1861 1621 1961 1674 illa
1990 1636 2108 1690 quae
2133 1636 2234 1689 pro
2271 1621 2422 1673 nobis
2460 1625 2647 1673 contra
2675 1634 2749 1685 se,
2781 1622 2832 1672 et
2862 1623 2972 1672 tam
3003 1618 3175 1671 multa
3204 1617 3484 1684 dixerunt,
3517 1623 3566 1672 et

1865 1716 1975 1764 tam
2003 1711 2176 1764 multa
2203 1710 2463 1778 legerunt,
2487 1711 2666 1776 gratis
2697 1723 2780 1762 eos
2820 1707 2972 1761 nobis
3018 1709 3198 1761 omnia
3222 1710 3564 1777 praestitisse.

1863 1801 1970 1856 Nec
2000 1804 2177 1853 tamen
2197 1800 2356 1866 ipsis,
2392 1798 2486 1851 sed
2513 1801 2616 1852 Deo
2642 1799 2828 1866 potius
2853 1798 2977 1850 hinc
3006 1797 3217 1864 agimus
3239 1798 3470 1864 gratias.
3499 1799 3565 1851 Ut

1862 1889 2003 1941 enim
2038 1888 2136 1940 illa
2173 1888 2355 1940 omnia
2396 1887 2479 1940 vel
2521 1885 2805 1954 loquendo,
2850 1885 2932 1938 vel
2980 1884 3218 1951 legendo,
3253 1900 3355 1952 pro
3399 1900 3564 1938 causa

1862 1980 2048 2055 nostra
2074 1979 2380 2044 promerent
2411 1978 2574 2044 atque
2598 1974 2973 2042 propalarent,
3018 1973 3221 2026 veritas
3260 1987 3344 2025 eos
3384 1975 3560 2038 torsit,

1860 2081 1966 2119 non
1989 2066 2231 2120 charitas
2261 2065 2519 2118 invitavit
2538 2063 2726 2132 (Ibid.,
2750 2078 2805 2116 η.
2830 2061 2938 2130 57).
2962 2064 3234 2116 Enervare
3254 2063 3396 2115 vires
3420 2064 3562 2114 veri-

1863 2157 1990 2209 tatis
2019 2154 2200 2208 conati
2227 2157 2370 2213 sunt,
2407 2156 2456 2206 et
2483 2153 2730 2205 inanium
2753 2151 2960 2204 nebulis
2986 2151 3418 2219 prosecutionum
3446 2150 3563 2217 ejus

1861 2245 2199 2298 serenitatem
2220 2242 2492 2305 nebulare,
2518 2243 2782 2309 quantum
2797 2242 3113 2308 potuerunt,
3139 2239 3276 2290 enisi
3290 2241 3433 2290 sunt.
3452 2237 3566 2291 Ad-

1859 2334 1972 2398 fuit
2001 2333 2276 2396 Dominus,
2306 2331 2438 2383 vicit
2468 2331 2726 2383 serenitas
2755 2328 2871 2397 ejus
2902 2327 3122 2380 nebulas
3153 2341 3332 2380 eorum
3365 2325 3558 2395 (Serm.

1867 2423 1988 2489 164,
2031 2437 2088 2474 η.
2132 2419 2239 2490 12).
2281 2419 2365 2473 Ita
2405 2417 2552 2472 nihil
2593 2418 2774 2472 ferme
2814 2415 2876 2469 in
2927 2414 3182 2468 medium
3227 2414 3561 2480 efferebant,

1863 2510 2018 2582 quod
2049 2525 2164 2563 non
2189 2507 2384 2579 potius
2413 2523 2542 2561 cum
2565 2505 2891 2567 Catholicis,
2916 2519 3090 2575 quam
3117 2519 3309 2558 secum
3330 2503 3560 2557 faceret.

1935 2604 1984 2654 3.
2015 2597 2123 2662 Qui
2148 2601 2395 2668 praeerat
2425 2596 2559 2650 huic
2585 2595 2802 2666 judicio
2836 2593 3214 2659 Marcellinus,
3238 2593 3308 2647 ad
3335 2608 3562 2646 causam

1863 2686 2007 2740 tanti
2035 2685 2312 2740 momenti
2330 2685 2672 2739 industriam
2701 2683 2873 2753 plane
2896 2682 3246 2752 singularem
3277 2697 3406 2734 cum
3429 2680 3562 2734 civi-

1862 2775 1931 2829 lis
1957 2779 2129 2846 atque
2160 2773 2524 2828 ecclesiastici
2544 2773 2690 2842 juris
2713 2771 2926 2841 peritia
2950 2771 3311 2841 conjunctam
3334 2769 3560 2823 attulit:

1865 2879 1976 2918 non
2007 2862 2238 2933 quidem
2268 2867 2334 2916 ut
2370 2862 2440 2915 ab
2466 2865 2593 2915 utra
2623 2865 2786 2930 parte
2815 2861 2989 2912 staret
3019 2857 3227 2911 veritas
3261 2857 3560 2926 dignosce-

1861 2956 1978 3019 ret;
2008 2951 2222 3022 quippe
2244 2949 2468 3004 etiamsi
2488 2952 2792 3018 corruptus
2817 2964 2848 3000 a
2881 2944 3189 3000 Donatistis
3210 2943 3440 3009 fuisset;
3465 2959 3561 2996 eos

1861 3047 2056 3095 tamen
2088 3038 2336 3111 propriis
2366 3038 2624 3110 ipsorum
2658 3034 3088 3108 probationibus
3130 3032 3410 3087 convictos
3443 3048 3562 3085 non

1860 3129 2140 3200 potuisset
2169 3144 2284 3182 non
2309 3127 2580 3181 damnare
2613 3143 2627 3179 :
2665 3125 2763 3179 sed
2795 3130 2858 3179 ut
2901 3122 3180 3193 ejusmodi
3210 3120 3560 3192 litigatorum

1861 3219 2032 3273 tricas
2058 3221 2114 3271 et
2139 3215 2387 3270 fallacias
2419 3215 2746 3285 explicaret,
2784 3217 2955 3284 atque
2989 3210 3193 3266 amotis
3223 3209 3561 3280 tergiversa-

1862 3307 2139 3375 tionibus,
2160 3306 2233 3360 ad
2253 3305 2616 3360 tractandum
2638 3303 2692 3358 id
2716 3302 2869 3374 quod
2892 3301 3191 3370 agebatur,
3216 3299 3448 3354 eosdem
3470 3299 3564 3353 ad-

1863 3396 2118 3450 duceret.
2160 3396 2212 3449 Is
2255 3393 2574 3448 lenitudine
2621 3406 2852 3463 quoque
2902 3406 2966 3442 ac
3003 3387 3283 3459 patientia
3308 3403 3443 3440 usus
3479 3391 3564 3439 est

1864 3484 2220 3551 incredibili;
2263 3483 2406 3537 adeo
2439 3485 2502 3535 ut
2545 3481 2606 3534 in
2640 3479 3022 3549 suspicionem
3074 3476 3252 3530 animi
3295 3475 3562 3529 adversus

1865 3574 2182 3629 Donatistas
2235 3568 2624 3642 propensioris
2674 3566 2862 3620 vocari
2915 3563 3212 3636 potuisset,
3269 3564 3315 3617 si
3371 3564 3562 3616 minor

1864 3660 1987 3728 ejus
2026 3655 2326 3711 exstitisset
2372 3651 2716 3724 integritatis
2755 3667 2818 3704 ac
2854 3647 3155 3720 probitatis
3199 3647 3558 3701 existimatio.

1869 3750 2066 3804 Verum
2096 3746 2161 3800 de
2197 3744 2474 3799 industria
2525 3741 2598 3796 ad
2644 3757 2764 3794 eum
2791 3739 3008 3794 modum
3055 3754 3109 3792 se
3139 3736 3376 3807 gerebat.
3421 3738 3563 3792 Nam

1864 3853 1984 3893 cum
2009 3850 2093 3890 eos
2124 3835 2330 3889 videret
2353 3835 2533 3903 premi
2564 3832 2810 3897 veritate,
2843 3845 2936 3883 nec
2967 3831 3042 3882 eis
3071 3827 3250 3881 videri
3272 3827 3428 3880 vellet
3457 3825 3562 3878 ad-

1862 3940 2081 3990 versus;
2127 3926 2356 3978 nimium
2390 3924 2664 3992 patienter
2689 3918 2917 3991 pertulit
2946 3916 3184 3971 homines
3227 3930 3326 3984 per
3372 3915 3566 3968 inania

1863 4019 2143 4081 vagantes,
2176 4016 2226 4067 et
2258 4015 2369 4065 tam
2396 4011 2571 4065 multa
2598 4009 2873 4077 superﬂua
2910 4005 3161 4071 dicentes,
3189 4008 3238 4058 et
3265 4003 3339 4057 ad
3381 4002 3565 4058 eadem

1864 4106 2018 4158 toties
2049 4101 2292 4157 convicta
2329 4099 2608 4154 redeuntes
2651 4096 2768 4166 (Ad
2820 4096 3132 4149 Donatistas
3176 4096 3297 4162 post
3345 4092 3560 4158 Collat.,

1863 4209 1921 4247 n.
1949 4193 2058 4262 57).

1934 4283 1986 4335 4.
2020 4281 2358 4349 Quanquam
2390 4279 2584 4330 autem
2615 4274 2683 4328 ad
2727 4272 3031 4327 ferendum
3055 4267 3336 4340 judicium
3366 4267 3418 4319 ei
3450 4267 3560 4320 Do-

1865 4369 2087 4424 natistae
2127 4366 2238 4437 ipsi
2261 4364 2625 4437 praeiverant,
2658 4362 2775 4416 sive
2813 4361 3050 4432 prolatis
3078 4357 3346 4412 adversus
3384 4357 3565 4409 semet

1863 4454 2278 4520 instrumentis,
2305 4454 2420 4507 sive
2450 4451 2566 4517 illa,
2600 4466 2772 4522 quam
2813 4445 3171 4502 dissimulare
3209 4458 3325 4496 non
3354 4445 3562 4513 potue-

1863 4550 2019 4612 runt,
2049 4559 2232 4598 causae
2263 4539 2583 4596 difﬁdentia
2608 4543 2665 4593 et
2689 4534 3119 4607 desperatione:
3144 4537 3340 4587 tamen
3366 4531 3435 4586 ad
3458 4532 3563 4584 Im-

1864 4637 2187 4706 peratorem
2215 4630 2326 4703 ipsi
2347 4631 2725 4702 appellarunt,
2747 4626 2814 4680 iis
2834 4625 3202 4679 vehementer
3222 4621 3563 4676 mirantibus

1864 4722 1965 4795 qui
1992 4725 2151 4793 gesta
2176 4719 2466 4781 vidissent,
2496 4716 2840 4788 propriaque
2870 4727 3069 4768 eorum
3101 4711 3272 4765 verba
3309 4709 3389 4764 ibi
3424 4710 3561 4766 scri-

1863 4816 1963 4883 pta
1987 4815 2044 4866 et
2080 4808 2416 4878 subscripta,
2450 4805 2657 4877 quibus
2705 4818 2932 4857 causam
2977 4799 3088 4871 ipsi
3117 4816 3278 4854 suam
3306 4815 3565 4870 pereme-

1865 4905 2015 4969 rant,
2042 4897 2423 4969 inspexissent
2452 4892 2780 4963 (Possidius,
2801 4893 2860 4945 in
2886 4892 3013 4946 Vita
3031 4891 3353 4956 Augustini,
3380 4905 3436 4942 n.
3465 4891 3560 4952 l5;

1866 4990 2230 5057 Augustinus,
2260 4985 2354 5040 Ad
2381 4984 2692 5037 Donatistas
2721 4985 2841 5050 post
2879 4980 3094 5045 Collat.,
3127 4995 3188 5032 n.
3232 4980 3334 5046 16).
3368 4976 3565 5046 Atqui-

1868 5078 2005 5132 dum
2035 5075 2122 5130 illi
2150 5071 2537 5144 provocabunt
2565 5088 2598 5125 a
2623 5069 2832 5140 judice,
2879 5067 3248 5122 nihilosecius
3291 5081 3349 5119 se
3379 5080 3409 5118 e
3439 5079 3560 5117 cer-

1865 5165 2080 5220 tamine
2108 5163 2345 5217 victores
2385 5159 2588 5214 abiisse
2621 5157 2960 5229 jactitabant
3003 5158 3194 5215 (Serm.
3227 5157 3349 5213 359,
3381 5169 3436 5206 τι.
3484 5153 3558 5220 6).

1869 5255 2150 5309 Eademne
2197 5251 2268 5304 sit
2297 5250 2524 5303 illorum
2569 5246 2913 5317 provocatio,
2955 5251 3126 5316 atque
3178 5239 3406 5311 scriptio
3437 5239 3559 5306 illa,

1866 5357 2034 5411 quam
2066 5340 2219 5410 ipsos
2245 5338 2397 5392 fama
2425 5337 2644 5391 ferebat
2671 5334 2861 5390 statim
2891 5351 2924 5388 a
2955 5332 3267 5388 Collatione
3297 5327 3558 5390 edidisse,

1867 5435 1922 5483 et
1953 5444 2127 5499 quam
2165 5427 2373 5480 refellit
2409 5425 2761 5496 Augustinus
2801 5424 2945 5478 libro
2972 5423 3041 5475 ad
3077 5417 3395 5475 Donatistas
3435 5422 3565 5488 post

1868 5517 2241 5574 Collationem
2272 5515 2478 5587 scripto
2501 5515 2617 5586 (Ad
2638 5515 2946 5571 Donatistas
2976 5514 3095 5580 post
3125 5509 3337 5576 Collat.,
3360 5522 3416 5562 n.
3451 5509 3560 5575 32),
