3912 6174
271 235 377 290 435

274 372 391 411 non
423 355 556 409 satis
581 358 818 408 constat.
845 353 953 409 Sed
993 352 1054 406 in
1083 353 1188 405 hac
1228 368 1326 404 eos
1355 351 1508 421 ipsos
1548 348 1855 420 Scriptura:
1892 349 1975 403 lo-

275 460 392 504 cos,
425 442 524 513 qui
563 442 685 511 jam
731 440 789 494 in
837 439 1149 495 Collatione
1201 437 1436 492 discussi
1486 436 1732 503 fuerant,
1781 451 1976 489 rursus

273 531 532 603 proferre
561 547 677 584 non
708 529 1050 583 verebantur
1074 545 1086 582 :
1114 528 1285 580 istum
1319 525 1584 579 videlicet
1611 541 1678 578 ex
1702 524 1975 595 Apostolo

274 618 542 690 petitum,
570 619 747 674 Nolite
777 619 973 685 jugum
1015 616 1206 670 ducere
1235 631 1354 668 cum
1393 613 1703 684 inﬁdelibus
1745 614 1816 682 (ll
1854 614 1974 669 Cor.

274 725 350 768 v1,
398 707 503 778 14),
547 706 800 776 aliosque
842 703 1210 774 hujusmodi;
1257 702 1353 756 sed
1394 701 1685 772 praecipue
1727 705 1976 755 ostenta-

274 797 415 851 bant
443 797 605 849 illum
636 794 852 865 Aggaei,
900 795 1232 863 Quicumque
1261 792 1543 844 accesserit
1579 791 1691 856 illo,
1720 793 1980 859 inquina-

278 888 424 941 bitur
469 887 680 954 (Aggaai
727 901 784 950 ιι,
842 884 954 950 14).
1007 881 1221 935 Ibidem
1270 880 1624 934 conabantur
1671 880 1975 951 explicare,

276 975 426 1046 quod
457 974 515 1026 in
557 971 866 1027 Collatione
900 971 1185 1035 dixerant,
1229 970 1469 1023 Causam
1507 985 1713 1038 causa},
1754 975 1810 1023 et
1851 985 1971 1040 per-

275 1078 473 1118 sonam
503 1077 619 1114 non
644 1058 1030 1130 p’raajudicare
1062 1073 1323 1128 persona:
1363 1057 1473 1126 (Ad
1511 1060 1820 1111 Donatistas
1857 1064 1980 1126 post

277 1152 500 1212 Cotlut.,
547 1165 604 1202 η.
646 1149 754 1216 25).
810 1146 1208 1201 Causabantur
1249 1144 1589 1198 sententiam
1638 1150 1812 1199 noctu
1853 1162 1982 1215 pro-

276 1238 597 1293 nuntiatam
641 1253 761 1290 esse
795 1236 989 1307 (Ibid.,
1038 1251 1131 1288 nn.
1190 1237 1274 1294 16,
1324 1236 1414 1300 20,
1466 1233 1587 1301 58);
1623 1250 1680 1286 se
1723 1233 1875 1304 ipsos
1921 1233 1982 1287 in

278 1326 609 1382 Collationis
647 1326 771 1378 loco
806 1324 968 1395 quasi
1017 1323 1078 1376 in
1125 1338 1348 1376 carcere
1397 1323 1676 1388 inclusos;
1727 1326 1981 1392 ereptam

279 1415 388 1469 sibi
417 1414 744 1468 facultatem
776 1412 971 1474 libere,
1005 1427 1134 1481 quae
1163 1411 1398 1477 vellent,
1427 1410 1488 1464 in
1514 1410 1768 1464 medium
1792 1411 1980 1482 profe-

279 1503 472 1569 rendi;
509 1507 564 1556 et
593 1501 744 1572 quod
775 1517 904 1554 cum
927 1499 1102 1570 judex
1133 1499 1307 1553 ﬁdem
1325 1499 1663 1553 catholicam
1684 1501 1980 1569 proﬁtere-

279 1597 392 1658 tur,
443 1591 617 1645 etiam
667 1588 1037 1660 propensiore
1079 1588 1272 1642 animo
1312 1588 1511 1642 fuisset
1557 1588 1618 1641 in
1666 1588 1984 1642 Catliolicos

282 1683 385 1751 (De
435 1681 607 1737 Gestis
655 1695 774 1734 cum
821 1680 1082 1744 Emerita,
1129 1693 1191 1731 η.
1247 1677 1331 1747 2).
1389 1677 1669 1730 Emeritus
1720 1678 1985 1731 defensor

283 1785 484 1823 eorum
506 1767 564 1821 in
590 1765 906 1820 Collatione
930 1764 1259 1836 praecipuus
1284 1765 1602 1832 (Possidius,
1631 1767 1687 1818 in
1712 1768 1847 1820 Vita
1867 1767 1980 1819 Au-

281 1859 510 1926 gustini,
549 1872 594 1910 c.
634 1857 744 1923 14),
787 1854 1009 1925 aliquot
1051 1857 1180 1923 post
1219 1853 1405 1919 annis,
1446 1852 1692 1907 fueritne
1730 1854 1983 1907 auctori-

282 1947 398 1998 tate
432 1943 632 2009 victus,
675 1957 748 1996 an
787 1941 1048 2012 potentia
1095 1957 1420 2012 oppressus,
1469 1941 1702 1996 cuilibet
1749 1958 1814 1996 ex
1847 1943 1985 2014 ipsis

283 2033 420 2088 actis
459 2037 655 2103 patere
702 2031 929 2086 dicebat
975 2032 1067 2102 (De
1115 2031 1292 2087 Gestis
1321 2046 1442 2085 cum
1488 2029 1768 2096 Emerito.,
1799 2045 1862 2083 π.
1911 2029 1983 2098 3).

281 2125 424 2178 Tum
464 2138 598 2176 vero
637 2121 779 2192 ipse,
821 2136 953 2175 cum
992 2119 1091 2174 alii
1124 2119 1379 2190 judicem
1432 2135 1463 2172 a
1506 2119 1808 2173 Catholicis
1847 2134 1985 2172 auro

284 2215 622 2280 corruptum
672 2208 845 2262 fuisse
895 2209 954 2261 in
1002 2209 1204 2279 vulgus
1252 2211 1584 2277 sparserunt
1613 2207 1801 2276 (Ibid.,
1829 2223 1865 2260 τι
1917 2210 1982 2273 2;

285 2299 377 2354 Ad
405 2301 716 2353 Donatistas
739 2301 863 2366 post
903 2298 1121 2364 Count,
1166 2313 1266 2350 nn.
1311 2300 1357 2363 1,
1393 2299 1478 2364 39,
1511 2299 1598 2363 57,
1643 2296 1764 2362 etc.)
1794 2296 1983 2360 Quan-

287 2403 462 2459 quam
502 2402 633 2440 vero
688 2388 1099 2455 Imperatorem
1147 2384 1577 2455 appellaverint,
1615 2383 1988 2438 nihilominus

285 2481 480 2530 tamen
511 2474 693 2529 tertize
724 2473 1051 2529 Collationis
1078 2478 1200 2526 acta
1230 2473 1486 2544 perinde,
1522 2478 1695 2544 atque
1725 2473 1985 2544 superio-

289 2581 418 2618 rum
447 2564 710 2630 duarum,
743 2562 1198 2633 subscripserant
1232 2579 1243 2616 :
1279 2563 1374 2616 sed
1415 2578 1699 2634 nusquam
1726 2562 1843 2616 fere
1874 2579 1987 2616 non

288 2653 497 2717 addito,
541 2653 691 2706 salva
724 2651 1108 2722 appellatione
1150 2666 1209 2705 se
1253 2650 1631 2705 subscribere.
1683 2651 1989 2705 Marcellini

288 2741 644 2811 subscriptio,
677 2739 905 2794 tametsi
944 2739 1197 2809 primum
1247 2755 1306 2792 se
1356 2739 1809 2808 subscripturum
1863 2756 1990 2810 spo-

289 2831 602 2901 pondisset,
633 2833 823 2883 tamen
853 2829 1090 2882 omnino
1122 2828 1181 2881 in
1211 2827 1386 2882 trium
1419 2828 1641 2884 dierum
1672 2828 1808 2882 actis
1838 2828 1986 2882 desi-

291 2922 547 2975 deratur.
582 2923 654 2973 At
678 2919 803 2973 ﬁeri
825 2934 960 2972 sane
984 2917 1191 2989 potuit,
1225 2923 1288 2972 ut
1313 2918 1568 2989 partibus
1589 2917 1649 2972 in
1675 2918 1733 2972 id
1759 2934 1989 2972 consen-

288 3009 562 3064 tientibus
593 3009 697 3062 hoc
725 3024 900 3062 onere
929 3007 1200 3062 liberatus
1229 3007 1420 3060 fuerit.

362 3101 412 3152 5.
443 3097 591 3160 Quin
614 3100 735 3150 acta
758 3095 1110 3162 Collationis,
1136 3095 1232 3148 ubi
1255 3095 1508 3166 primum
1528 3096 1686 3149 fuere
1709 3097 1992 3167 descripta

291 3185 646 3250 concinnius,
679 3183 906 3254 publice
937 3183 1228 3254 proposita
1258 3183 1490 3251 fuerint,
1523 3184 1666 3238 nulli
1697 3201 1991 3238 censemus

293 3270 718 3342 ambigendum.
756 3272 820 3323 Et
849 3270 961 3323 huc
989 3269 1224 3323 indubie
1255 3271 1615 3324 referendum
1643 3276 1728 3324 est
1758 3271 1992 3342 subjun-

292 3364 446 3416 ctum
478 3364 745 3414 extrema:
777 3359 1078 3413 Collationi
1101 3359 1423 3428 Cognitoris
1453 3359 1721 3414 edictum.
1747 3361 1852 3415 Sed
1878 3377 1993 3416 non

292 3449 369 3503 ita
398 3447 763 3520 perspicuum
795 3452 896 3516 est,
939 3463 1011 3501 an
1041 3448 1146 3500 hoc
1171 3447 1368 3500 haberi
1400 3448 1603 3502 debeat
1633 3465 1735 3518 pro
1767 3453 1993 3504 sentcn-

293 3538 372 3592 tia
419 3538 728 3592 secundum
769 3537 1086 3592 Catholicos
1125 3536 1512 3607 pronuntiata,
1545 3553 1658 3608 qua
1687 3536 1802 3603 ille,
1853 3543 1993 3592 teste

293 3627 630 3697 Augustino,
676 3626 871 3680 omnia
936 3641 1064 3696 quae
1118 3626 1186 3679 de
1253 3626 1477 3696 prolixa
1532 3626 1705 3679 trium
1769 3627 1993 3681 dierum

295 3714 513 3769 actione
531 3713 719 3784 potuit
740 3714 1036 3775 recordari,
1059 3715 1390 3785 complexus
1415 3719 1498 3768 est
1531 3715 1764 3784 (Brevia.
1802 3717 1990 3771 Collat.

293 3809 345 3872 3,
378 3820 434 3857 η.
467 3805 576 3871 43).
610 3804 724 3856 Hoc
754 3807 944 3856 autem
972 3802 1032 3854 in
1051 3802 1240 3856 edicto
1272 3802 1570 3872 sequentia
1601 3803 1847 3857 declarat
1876 3808 1996 3857 tan-

296 3907 469 3962 quam
490 3889 912 3944 cvidentissime
935 3891 1173 3960 probata
1195 3890 1410 3960 (Labbe,
1429 3895 1552 3944 tom.
1570 3895 1618 3955 2,
1632 3907 1765 3959 pag.
1795 3895 1946 3960 1505)
1978 3909 1990 3947 :

294 3978 481 4033 Alieni
529 3977 753 4031 sceleris
793 3993 938 4030 noxa
987 3978 1163 4031 alium
1212 3977 1336 4031 ﬁeri
1385 3994 1546 4032 reum
1596 3979 1832 4033 omnino
1878 3997 1995 4035 non

296 4084 488 4138 posse;
522 4070 694 4137 atque
724 4065 867 4119 adeo
899 4081 1017 4119 non
1053 4065 1307 4136 potuisse
1348 4067 1652 4121 Ecclesiam
1691 4069 1906 4123 collatis
1935 4069 1994 4122 in

297 4154 661 4211 Caecilianum
709 4153 1046 4208 criminibus
1105 4155 1289 4221 inﬁci;
1338 4171 1526 4226 neque
1587 4161 1780 4210 tamen
1830 4158 1994 4212 illum

295 4244 526 4300 admissi
553 4242 870 4314 cujuspiam
901 4241 1222 4296 convictum
1252 4243 1368 4297 ullo
1391 4244 1561 4298 modo
1584 4244 1787 4312 fuisse;
1814 4261 1993 4316 quan-

297 4333 608 4405 doquidem
643 4333 696 4387 ei
717 4331 1053 4399 Concilium,
1079 4349 1111 4386 a
1131 4347 1244 4404 quo
1271 4332 1378 4387 fuit
1402 4333 1689 4387 inauditus
1718 4338 1773 4388 et
1793 4335 1996 4389 absens

294 4424 723 4490 condemnatus,
749 4422 975 4477 ofﬁcere
997 4421 1151 4476 haud
1171 4421 1352 4491 magis
1366 4422 1560 4485 valuit,
1583 4439 1753 4493 quam
1778 4424 1995 4478 absenti

297 4527 523 4582 quoque
563 4511 853 4566 Primiano
886 4509 1434 4566 Maximianistarum
1476 4512 1726 4581 synodus
1765 4528 1777 4566 :
1826 4513 1996 4566 fuisse

297 4605 489 4654 autem
511 4601 751 4655 crimine
772 4601 1078 4656 liberatum
1101 4601 1159 4654 in
1190 4599 1385 4655 multis
1408 4600 1820 4670 posterioribus
1840 4602 1994 4672 judi-

297 4688 425 4755 ciis;
457 4690 742 4743 Donatum
773 4707 905 4744 vero
938 4695 1226 4745 auctorem
1258 4689 1480 4743 discidii
1511 4690 1946 4759 pronuntiatum
1979 4708 1991 4745 :

298 4777 537 4831 Felicem
595 4778 1024 4848 Aptuugensem
1073 4780 1142 4834 de
1192 4778 1547 4833 calumniosa
1594 4779 1994 4834 criminatione

296 4863 559 4919 similiter
589 4863 647 4917 in
679 4866 922 4918 solemni
944 4865 1161 4936 judicio
1190 4870 1499 4936 purgatum
1534 4883 1676 4921 esse.
1711 4867 1995 4922 Perstrin—

295 4955 379 5026 git
408 4953 488 5008 ibi
511 4953 935 5008 Donatistarum
958 4955 1358 5025 pertinaciam,
1382 4955 1588 5026 quibus
1613 4955 1801 5025 perire
1826 4955 1884 5008 in
1914 4973 1996 5010 er-

296 5060 425 5098 rore
457 5059 580 5110 suo,
614 5059 789 5113 quam
831 5043 1008 5097 libere
1047 5044 1110 5098 in
1151 5044 1301 5100 viam
1334 5044 1532 5098 salutis
1575 5044 1784 5111 redire,
1817 5045 1995 5099 satius

295 5133 634 5189 videbatur:
675 5134 851 5202 utque
880 5131 1198 5202 periculum
1232 5133 1418 5199 faciat,
1460 5149 1600 5187 num
1637 5134 1801 5199 forte,
1843 5134 1995 5203 quod

296 5223 366 5278 ab
393 5223 474 5278 eis
502 5221 761 5277 obtinere
792 5219 875 5274 vis
903 5220 1154 5274 veritatis
1186 5238 1300 5276 non
1331 5222 1527 5288 valuit,
1561 5221 1632 5275 sit
1663 5236 1998 5292 expressura

296 5311 591 5381 severitas;
626 5315 724 5365 aut
762 5309 962 5363 saltem
991 5308 1311 5379 prohibeat,
1343 5326 1414 5363 ne
1464 5326 1638 5380 quam
1677 5310 1803 5377 sibi,
1835 5326 1992 5364 eam-

295 5399 425 5453 dem
456 5415 683 5472 quoque
706 5398 831 5453 aliis
859 5395 1169 5469 perniciem
1201 5397 1459 5464 afferant,
1483 5397 1816 5469 gravissima
1848 5398 1994 5451 mul-

296 5491 385 5541 cta
405 5489 697 5560 proposita
725 5487 912 5556 edicit,
941 5491 1006 5542 ut
1043 5501 1242 5541 omnes
1279 5486 1539 5541 omnium
1577 5487 1847 5542 ordinum
1889 5486 1991 5541 viri

1475 227 1645 281 Vl'l‘A
1703 226 1756 280 S.
1821 225 2202 282 AUGUSTINI
2263 226 2602 281 EPISCOPI.
3691 228 3788 280 436

2088 349 2423 420 provideant
2452 363 2557 420 pro
2587 363 2690 401 sua
2713 347 2882 413 virili,
2915 362 2987 401 ne
3017 351 3327 402 conventus
3357 349 3590 404 illorum
3611 351 3714 401 aut
3733 347 3786 402 in

2086 437 2344 500 urbibus,
2385 441 2484 491 aut
2522 435 2748 506 uspiam
2785 433 3021 489 omnino
3061 434 3256 490 sinant
3292 435 3484 502 coire;
3534 437 3788 508 itemque

2086 526 2223 580 dent
2250 541 2508 596 operam,
2540 530 2602 579 ut
2649 523 2900 578 ecclesias
2928 539 3030 577 suo
3061 522 3240 594 ipsius
3275 524 3441 595 jussu
3483 523 3791 579 Donatistis

2089 616 2217 667 ante
2253 613 2628 668 Collationem
2675 611 2935 678 redditae,
2968 628 3142 682 quam
3191 613 3445 682 primum
3492 614 3792 669 tradantur

2091 700 2414 756 Catholicis.
2455 703 2753 755 Persancte
2782 700 3049 760 afﬁrmat,
3074 716 3172 754 eos
3193 701 3295 772 qui
3319 703 3442 773 jam
3465 703 3714 757 istorum
3738 703 3792 756 in

2089 789 2393 844 factionem
2432 789 2831 860 transfugient,
2864 805 3093 859 pmnam
3127 789 3354 860 legibus
3401 807 3572 860 super
3614 807 3685 844 ea
3737 807 3794 845 re

2089 878 2491 949 promulgatis,
2541 878 2638 932 sed
2683 879 2929 932 necdum
2982 883 3176 933 tamen
3234 878 3403 948 plene
3455 880 3794 944 observatis,

2091 967 2460 1022 constitutam
2480 967 2655 1021 vitare
2685 966 2924 1021 ulterius
2955 983 3068 1021 non
3090 984 3278 1038 posse.
3305 969 3449 1022 Item
3472 967 3789 1035 universos,

2092 1056 2191 1128 qui
2223 1055 2714 1111 Circumcelliones
2743 1055 2802 1109 in
2832 1056 2947 1109 suis
2971 1056 3204 1127 praediis
3235 1057 3563 1124 habuerint,
3593 1074 3795 1112 eorum

2091 1149 2329 1198 conatus
2367 1144 2661 1198 seditiosos
2699 1161 2954 1199 coercere
2987 1144 3152 1216 jubet
3184 1161 3196 1198 :
3235 1145 3334 1216 qui
3369 1145 3429 1200 ni
3473 1146 3796 1216 paruerint,

2093 1233 2214 1287 loca
2243 1234 2340 1286 illa
2363 1250 2395 1286 a
2421 1233 2554 1288 ﬁsco
2584 1249 2719 1289 mox
2749 1233 3111 1304 occupanda;
3147 1234 3359 1304 quippe
3383 1234 3488 1287 hoc
3519 1250 3638 1288 non
3671 1234 3797 1288 ﬁdei

2092 1322 2380 1376 catholicae
2432 1327 2673 1388 tantum,
2709 1323 2808 1376 sed
2850 1322 3020 1376 etiam
3069 1323 3317 1393 publica:
3365 1323 3797 1394 tranquillitatis

2090 1411 2386 1466 interesse.
2429 1413 2696 1465 Attamen
2742 1427 3064 1466 concessam
3116 1411 3299 1466 edicto
3347 1428 3451 1466 suo
3501 1413 3796 1483 superiore

2095 1499 2402 1554 Donatistis
2432 1504 2783 1554 commeatus
2805 1500 3166 1554 securitatem
3195 1500 3563 1569 conﬁrmans,
3591 1517 3668 1555 ne
3691 1517 3795 1571 qua

2096 1587 2307 1642 reditus
2336 1587 2448 1642 illis
2485 1588 2917 1654 intercludatur,
2971 1593 3137 1655 vetat,
3172 1588 3351 1643 donec
3395 1588 3513 1643 suis
3557 1589 3794 1661 quisque

2095 1677 2325 1730 sedibus
2353 1676 2558 1732 redditi
2585 1677 2896 1742 declarent,
2929 1683 3124 1732 utrum
3151 1679 3222 1731 ad
3250 1677 3557 1732 Ecclesiam
3586 1678 3789 1742 redire,

2097 1771 2267 1836 atque
2300 1780 2394 1819 eas
2424 1765 2797 1832 conditiones,
2823 1782 2962 1836 quas
2988 1766 3101 1819 illis
3125 1767 3248 1836 jam
3268 1770 3398 1820 ante
3427 1767 3795 1821 Collationem

2096 1855 2439 1923 obtulerant,
2471 1870 2534 1907 ac
2579 1853 2750 1908 etiam
2795 1859 2931 1908 tunc
2967 1855 3285 1908 offerebant
3325 1855 3625 1920 Catholici,
3663 1856 3794 1909 acci-

2096 1959 2232 2014 pere
2276 1943 2512 1997 demum
2553 1941 2838 1997 sententia
2881 1947 3050 1996 esset.
3111 1944 3371 1997 Testatur
3423 1959 3658 2015 quoque
3681 1945 3791 2014 jam

2098 2033 2325 2100 peracta
2368 2030 2683 2086 Collatione
2727 2032 3106 2102 Augustinus,
3152 2031 3459 2103 episcopali
3517 2033 3790 2104 dignitate

2095 2119 2222 2173 illos
2251 2135 2364 2174 non
2393 2118 2663 2186 abdicari,
2687 2119 2786 2190 qui
2807 2135 2865 2173 se
2885 2119 2956 2173 ad
2977 2119 3313 2174 catholicam
3333 2120 3797 2176 communionem

2096 2207 2404 2276 referrent;
2427 2208 2675 2278 tametsi,
2699 2207 2796 2279 qui
2820 2209 3120 2278 praefracto
3143 2207 3336 2262 animo
3359 2211 3796 2278 perseverabant

2097 2296 2157 2350 in
2197 2313 2408 2365 errore,
2440 2297 2576 2350 hinc
2605 2296 2975 2368 superbiendi
3009 2313 3206 2351 ansam
3244 2302 3517 2368 caperent
3557 2298 3675 2368 (Ad
3711 2302 3801 2353 Dos

2097 2390 2330 2440 natistas
2366 2391 2488 2456 post
2526 2388 2741 2457 σοαπ,
2776 2404 2833 2441 n.
2868 2390 2974 2457 58).
3017 2387 3371 2443 Marcellinus
3401 2388 3799 2458 appellationis

2100 2475 2523 2529 Donatistarum
2554 2491 2656 2530 suo
2685 2475 2745 2529 in
2776 2475 2956 2530 edicto
2989 2476 3214 2530 disertis
3233 2476 3418 2530 verbis
3450 2493 3569 2530 non
3600 2477 3799 2530 memi-

2099 2565 2185 2619 nit
2216 2581 2229 2619 :
2261 2565 2368 2618 hoc
2393 2564 2670 2619 nimirum
2701 2564 2842 2619 nihil
2872 2566 3049 2632 aliud,
3081 2582 3253 2636 quam
3276 2565 3601 2636 superiores
3633 2566 3798 2636 leges,

2101 2653 2226 2724 ipso
2259 2652 2626 2724 Imperatoris
2656 2653 2725 2708 de
2766 2654 3025 2708 habenda
3067 2654 3378 2708 Collatione
3409 2655 3683 2708 mandato
3713 2671 3796 2708 re-

2099 2747 2353 2809 novatas,
2385 2741 2673 2796 observari
2697 2742 2889 2812 jubet.
2938 2742 3258 2797 Marcellino
3290 2743 3412 2812 jam
3452 2742 3572 2796 vita
3615 2743 3802 2796 functo

2104 2830 2382 2884 Lonorius
2399 2835 2559 2901 gesta
2581 2829 2911 2885 Collationis
2934 2831 3060 2901 lege
3081 2830 3248 2884 tertio
3269 2831 3548 2884 kalendas
3569 2837 3801 2902 septem-

2102 2919 2219 2972 bris
2240 2918 2375 2972 anni
2388 2935 2557 2990 supra
2579 2919 3208 2990 quadringentesimum
3231 2919 3438 2973 decimi
3457 2921 3650 2990 quarti
3680 2921 3803 2974 data

2100 3007 2474 3074 conﬁrmavit,
2508 3011 2564 3061 et
2591 3011 2715 3061 rata
2743 3011 2916 3079 atque
2947 3007 3206 3078 legitima
3233 3007 3434 3062 haberi
3473 3009 3657 3063 voluit
3689 3010 3803 3080 (Co-

2103 3095 2220 3150 dice
2254 3095 2471 3162 Theod.,
2505 3095 2570 3149 de
2592 3097 2892 3162 Hzereticis,
2929 3098 3041 3165 lege
3066 3096 3172 3165 55).

2173 3187 2224 3238 6.
2262 3184 2467 3238 Eadem
2492 3186 2655 3239 Gesta
2683 3183 3104 3256 vigilantissimi
3135 3184 3347 3256 quique
3379 3184 3801 3256 episcoporum,

2104 3287 2167 3325 ac
2222 3271 2583 3343 potissimum
2637 3272 3118 3344 Carthaginensis,
3171 3272 3574 3344 Hipponensis,
3630 3275 3802 3343 Taga-

2103 3361 2328 3428 stensis,
2362 3367 2414 3416 et
2455 3361 2962 3432 Constantinensis,
2993 3377 3096 3433 per
3135 3363 3632 3433 quadragesimale
3654 3363 3803 3433 jeju-

2103 3449 2283 3513 nium,
2327 3465 2438 3520 quo
2487 3455 2744 3520 tempore
2788 3451 2936 3505 hanc
2980 3451 3180 3505 audire
3223 3451 3528 3505 lectionem
3588 3455 3801 3522 populo

2104 3537 2286 3609 magis
2317 3538 2564 3605 vacabat,
2598 3555 2631 3592 a
2661 3538 2843 3607 capite
2871 3539 2943 3593 ad
2982 3540 3192 3593 calcem
3222 3539 3499 3594 curabant
3529 3539 3758 3596 recitari
3790 3555 3801 3592 :

2104 3626 2341 3698 ipseque
2389 3627 2531 3682 adeo
2577 3628 2949 3698 Augustinus,
2981 3644 3109 3682 cum
3161 3644 3312 3681 anno
3356 3628 3803 3699 quadringente-

2106 3716 2248 3769 simo
2281 3716 2500 3771 decimo
2532 3721 2726 3770 octavo
2765 3723 2914 3771 esset
2945 3717 3235 3780 Caesarem,
3269 3717 3539 3770 Deuterio
3569 3717 3804 3787 hujusce

2106 3803 2343 3858 civitatis
2367 3804 2628 3870 antistiti,
2666 3805 2735 3859 ad
2760 3804 3104 3860 imitandum
3135 3805 3404 3860 eumdem
3435 3821 3682 3873 morem,
3713 3823 3802 3860 au-

2106 3897 2321 3946 ctorem
2352 3909 2411 3947 se
2446 3897 2616 3964 atque
2656 3894 3009 3948 hortatorem
3046 3893 3296 3964 praebuit
3344 3896 3436 3963 (De
3475 3895 3651 3950 Gestis
3688 3911 3799 3949 cum

2107 3984 2360 4049 Emerita,
2396 3999 2450 4036 η.
2483 3985 2553 4051 4).
2607 3982 2805 4053 Signat
2850 3983 3005 4036 haud
3054 3983 3224 4038 dubie
3273 3988 3431 4054 gesta
3481 3983 3581 4037 illa
3619 3999 3723 4036 suo
3753 3983 3804 4035 in

2106 4071 2383 4125 Chronico
2412 4071 2649 4137 ldacius,
2682 4070 2781 4126 ubi
2810 4071 2878 4125 ad
2918 4087 3134 4125 annum
3177 4071 3803 4142 quadringentesimum

2107 4159 2508 4213 duodecimum
2531 4160 2636 4213 ait:
2653 4160 2994 4229 Augustinus
3011 4160 3238 4214 habetur
3253 4162 3488 4228 insignis
3513 4177 3525 4214 :
3553 4163 3700 4215 inter
3726 4177 3806 4214 cu-

2099 4249 2194 4318 jus
2229 4248 2416 4302 studia
2465 4251 2772 4318 magniﬁca,
2817 4251 3135 4304 Donatistas
3176 4250 3244 4303 ab
3283 4264 3340 4302 eo
3382 4251 3482 4303 Dei
3529 4249 3804 4318 adjuton‘o

2106 4341 2386 4406 superatos
2429 4337 2664 4406 probata
2700 4337 2833 4406 ﬁdes
2879 4337 3210 4392 demonstrat
3256 4339 3535 4392 Actorum.
3587 4339 3700 4392 Nec
3747 4353 3806 4389 ea

2108 4442 2242 4480 sane
2268 4426 2501 4480 fuerunt
2528 4425 2821 4497 incognita
2847 4425 3050 4480 Graecis
3082 4443 3094 4480 :
3130 4426 3360 4497 quando
3405 4425 3610 4497 quinta
3638 4442 3802 4496 syno-

2109 4514 2213 4570 dus
2245 4529 2310 4565 ex
2342 4512 2650 4566 centesimo
2681 4513 3031 4583 octogesimo
3063 4513 3305 4584 septimo
3334 4513 3519 4567 tertia:
3547 4513 3806 4568 Collatio-

2107 4600 2196 4654 nis
2221 4601 2459 4656 articulo
2499 4601 2672 4655 verba
2701 4601 2966 4672 quaedam
2997 4601 3303 4670 Augustini
3328 4601 3568 4671 profert,
3603 4601 3807 4672 quibus

2107 4690 2275 4744 licere
2320 4690 2622 4743 anathema
2668 4689 2726 4743 in
2775 4690 3145 4745 demortuum
3186 4690 3394 4756 dicere,
3427 4690 3804 4745 demonstret.

2107 4780 2244 4830 Acta
2273 4777 2526 4847 priorum
2557 4778 2802 4832 duarum
2842 4779 3236 4845 Collationum,
3270 4795 3401 4833 cum
3429 4784 3596 4850 parte
3629 4779 3808 4834 tertiae

2107 4865 2178 4918 ad
2208 4870 2458 4920 nostram
2504 4872 2728 4922 {etatem
2773 4869 2971 4938 usque
3004 4873 3406 4939 pervenerunt,
3457 4868 3557 4922 sed
3589 4867 3810 4922 mendis

2106 4955 2313 5009 fosdata
2337 4957 2726 5025 compluribus
2781 4957 2923 5011 Cum
2970 4973 3036 5010 ea
3073 4973 3245 5028 porro
3291 4956 3627 5027 longissima
3673 4957 3807 5023 sint,

2107 5049 2163 5098 et
2207 5043 2661 5114 impeditissimis
2707 5061 2900 5100 rerum
2931 5045 3268 5116 ambagibus
3311 5045 3607 5116 implicata
3637 5051 3806 5116 atque

2109 5133 2177 5187 ad
2208 5133 2515 5204 legendum
2547 5134 2816 5200 molesta;
2852 5135 3146 5189 Marcellus
3172 5133 3430 5205 quidam,
3457 5150 3637 5205 quem
3665 5149 3807 5188 non-

2108 5222 2251 5276 nihil
2273 5222 2623 5277 auctoritatis
2645 5222 2705 5277 in
2735 5223 2843 5277 hoc
2867 5222 3083 5294 judicio
3106 5220 3461 5277 Marcellinus
3482 5221 3692 5276 habere
3714 5236 3808 5272 vo-

2107 5311 2311 5378 luerat,
2345 5311 2403 5366 in
2443 5312 2846 5383 compendium
2878 5311 3004 5382 ipsa
3031 5311 3313 5382 redigere,
3343 5327 3378 5365 a
3415 5309 3719 5365 Severiano
3751 5313 3806 5361 et

2105 5399 2345 5464 Juliano,
2383 5399 2701 5455 Catholicus
2739 5399 2999 5454 videlicet
3045 5417 3073 5454 a
3107 5399 3408 5456 Catholicis
3439 5403 3669 5468 rogatus
3695 5402 3800 5450 est.

2109 5489 2294 5542 Exstat
2326 5488 2511 5544 adhuc
2537 5489 2793 5559 epistola,
2822 5505 2936 5560 qua
2965 5488 3234 5543 certiores
3273 5504 3370 5542 eos
3397 5488 3686 5542 Marcellus
3717 5485 3801 5539 fa-
