  <div class='ocr_page' id='page_1' title='image "/cluster/home/n/w/nwhite01/storage/ocr_20150623/32/hvd.32044096580550/228.png"; bbox 0 0 3912 6174; ppageno 0'>
   <div class='ocr_carea' id='block_1_1' title="bbox 149 237 2082 307">
    <p class='ocr_par' dir='ltr' id='par_1_1' title="bbox 149 237 2082 307">
     <span class='ocr_line' id='line_1_1' title="bbox 149 237 2082 307; baseline 0.013 -34"><span class='ocrx_word' id='word_1_1' title='bbox 149 255 232 307; x_wconf 58' lang='lat'>,3,</span> <span class='ocrx_word' id='word_1_2' title='bbox 791 298 798 302; x_wconf 95' lang='lat'>_</span> <span class='ocrx_word' id='word_1_3' title='bbox 1525 238 1740 294; x_wconf 79' lang='lat' dir='ltr'><strong>LIBER</strong></span> <span class='ocrx_word' id='word_1_4' title='bbox 1782 237 2082 298; x_wconf 80' lang='lat' dir='ltr'>SEXTUS.</span> 
     </span>
    </p>
   </div>
   <div class='ocr_carea' id='block_1_2' title="bbox 146 360 1794 438">
    <p class='ocr_par' dir='ltr' id='par_1_2' title="bbox 146 360 1794 438">
     <span class='ocr_line' id='line_1_2' title="bbox 146 360 1794 438; baseline -0.008 -12"><span class='ocrx_word' id='word_1_5' title='bbox 146 372 223 436; x_wconf 92' lang='lat' dir='ltr'>cit,</span> <span class='ocrx_word' id='word_1_6' title='bbox 237 384 356 435; x_wconf 86' lang='lat' dir='ltr'>sese,</span> <span class='ocrx_word' id='word_1_7' title='bbox 369 364 514 438; x_wconf 88' lang='lat' dir='ltr'>quod</span> <span class='ocrx_word' id='word_1_8' title='bbox 531 365 881 434; x_wconf 87' lang='lat' dir='ltr'>optaverant,</span> <span class='ocrx_word' id='word_1_9' title='bbox 903 360 1250 433; x_wconf 68' lang='lat' dir='ltr'>praestitisse,</span> <span class='ocrx_word' id='word_1_10' title='bbox 1277 375 1502 416; x_wconf 89' lang='lat' dir='ltr'>necnon</span> <span class='ocrx_word' id='word_1_11' title='bbox 1522 360 1794 414; x_wconf 89' lang='lat' dir='ltr'>arithme-</span> 
     </span>
    </p>
   </div>
   <div class='ocr_carea' id='block_1_3' title="bbox 149 448 1792 522">
    <p class='ocr_par' dir='ltr' id='par_1_3' title="bbox 149 448 1792 522">
     <span class='ocr_line' id='line_1_3' title="bbox 149 448 1792 522; baseline -0.007 -8"><span class='ocrx_word' id='word_1_12' title='bbox 149 461 260 515; x_wconf 87' lang='lat' dir='ltr'>ticas</span> <span class='ocrx_word' id='word_1_13' title='bbox 282 460 424 512; x_wconf 89' lang='lat' dir='ltr'>notas</span> <span class='ocrx_word' id='word_1_14' title='bbox 453 451 703 508; x_wconf 82' lang='lat' dir='ltr'>articulis</span> <span class='ocrx_word' id='word_1_15' title='bbox 731 450 948 522; x_wconf 91' lang='lat' dir='ltr'>ubique</span> <span class='ocrx_word' id='word_1_16' title='bbox 995 449 1300 518; x_wconf 80' lang='lat' dir='ltr'>addidisse,</span> <span class='ocrx_word' id='word_1_17' title='bbox 1351 466 1466 522; x_wconf 90' lang='lat' dir='ltr'>quo</span> <span class='ocrx_word' id='word_1_18' title='bbox 1511 448 1792 522; x_wconf 87' lang='lat' dir='ltr'>quidquid</span> 
     </span>
    </p>
   </div>
   <div class='ocr_carea' id='block_1_4' title="bbox 152 538 1790 609">
    <p class='ocr_par' dir='ltr' id='par_1_4' title="bbox 152 538 1790 609">
     <span class='ocr_line' id='line_1_4' title="bbox 152 538 1790 609; baseline -0.009 -5"><span class='ocrx_word' id='word_1_19' title='bbox 152 547 286 605; x_wconf 83' lang='lat' dir='ltr'>fuerit</span> <span class='ocrx_word' id='word_1_20' title='bbox 319 542 536 599; x_wconf 87' lang='lat' dir='ltr'>libitum</span> <span class='ocrx_word' id='word_1_21' title='bbox 567 539 887 595; x_wconf 83' lang='lat' dir='ltr'>inveniatur</span> <span class='ocrx_word' id='word_1_22' title='bbox 928 538 1286 593; x_wconf 85' lang='lat' dir='ltr'>commodius</span> <span class='ocrx_word' id='word_1_23' title='bbox 1331 538 1544 609; x_wconf 88' lang='lat' dir='ltr'>(Labbe,</span> <span class='ocrx_word' id='word_1_24' title='bbox 1578 543 1704 592; x_wconf 92' lang='lat' dir='ltr'>tom.</span> <span class='ocrx_word' id='word_1_25' title='bbox 1737 542 1790 604; x_wconf 86' lang='grc'>2,</span> 
     </span>
    </p>
   </div>
   <div class='ocr_carea' id='block_1_5' title="bbox 154 625 1792 707">
    <p class='ocr_par' dir='ltr' id='par_1_5' title="bbox 154 625 1792 707">
     <span class='ocr_line' id='line_1_5' title="bbox 154 625 1792 707; baseline -0.006 -19"><span class='ocrx_word' id='word_1_26' title='bbox 154 652 251 707; x_wconf 82' lang='lat' dir='ltr'>pag.</span> <span class='ocrx_word' id='word_1_27' title='bbox 283 632 435 702; x_wconf 80' lang='lat' dir='ltr'>I337).</span> <span class='ocrx_word' id='word_1_28' title='bbox 471 632 670 686; x_wconf 85' lang='lat' dir='ltr'>Utrum</span> <span class='ocrx_word' id='word_1_29' title='bbox 701 633 894 682; x_wconf 89' lang='lat' dir='ltr'>autem</span> <span class='ocrx_word' id='word_1_30' title='bbox 926 627 1115 699; x_wconf 84' lang='lat' dir='ltr'>opella</span> <span class='ocrx_word' id='word_1_31' title='bbox 1151 627 1272 681; x_wconf 69' lang='lat' dir='ltr'>hinc</span> <span class='ocrx_word' id='word_1_32' title='bbox 1309 625 1553 682; x_wconf 83' lang='lat' dir='ltr'>Marcelli</span> <span class='ocrx_word' id='word_1_33' title='bbox 1592 627 1792 680; x_wconf 88' lang='lat' dir='ltr'>eadem</span> 
     </span>
    </p>
   </div>
   <div class='ocr_carea' id='block_1_6' title="bbox 155 715 1790 797">
    <p class='ocr_par' dir='ltr' id='par_1_6' title="bbox 155 715 1790 797">
     <span class='ocr_line' id='line_1_6' title="bbox 155 715 1790 797; baseline -0.006 -20"><span class='ocrx_word' id='word_1_34' title='bbox 155 721 350 797; x_wconf 83' lang='lat' dir='ltr'>putanda</span> <span class='ocrx_word' id='word_1_35' title='bbox 373 720 461 788; x_wconf 92' lang='lat' dir='ltr'>sit,</span> <span class='ocrx_word' id='word_1_36' title='bbox 489 723 657 790; x_wconf 88' lang='lat' dir='ltr'>atque</span> <span class='ocrx_word' id='word_1_37' title='bbox 688 717 1061 771; x_wconf 77' lang='lat' dir='ltr'>articulorum</span> <span class='ocrx_word' id='word_1_38' title='bbox 1077 715 1407 770; x_wconf 89' lang='lat' dir='ltr'>Collationis</span> <span class='ocrx_word' id='word_1_39' title='bbox 1432 715 1607 783; x_wconf 83' lang='lat' dir='ltr'>tituli,</span> <span class='ocrx_word' id='word_1_40' title='bbox 1648 730 1790 785; x_wconf 91' lang='lat' dir='ltr'>quos</span> 
     </span>
    </p>
   </div>
   <div class='ocr_carea' id='block_1_7' title="bbox 152 802 1790 880">
    <p class='ocr_par' dir='ltr' id='par_1_7' title="bbox 152 802 1790 880">
     <span class='ocr_line' id='line_1_7' title="bbox 152 802 1790 880; baseline -0.007 -13"><span class='ocrx_word' id='word_1_41' title='bbox 152 815 262 868; x_wconf 86' lang='lat' dir='ltr'>illius</span> <span class='ocrx_word' id='word_1_42' title='bbox 277 809 511 880; x_wconf 63' lang='lat' dir='ltr'>epistolae</span> <span class='ocrx_word' id='word_1_43' title='bbox 543 807 824 878; x_wconf 81' lang='lat' dir='ltr'>subjectos</span> <span class='ocrx_word' id='word_1_44' title='bbox 855 810 912 860; x_wconf 92' lang='lat' dir='ltr'>et</span> <span class='ocrx_word' id='word_1_45' title='bbox 941 804 1152 876; x_wconf 87' lang='lat' dir='ltr'>cuique</span> <span class='ocrx_word' id='word_1_46' title='bbox 1189 803 1492 859; x_wconf 89' lang='lat' dir='ltr'>Collationi</span> <span class='ocrx_word' id='word_1_47' title='bbox 1523 802 1790 874; x_wconf 81' lang='lat' dir='ltr'>praeﬁxos</span> 
     </span>
    </p>
   </div>
   <div class='ocr_carea' id='block_1_8' title="bbox 148 894 1789 965">
    <p class='ocr_par' dir='ltr' id='par_1_8' title="bbox 148 894 1789 965">
     <span class='ocr_line' id='line_1_8' title="bbox 148 894 1789 965; baseline -0.006 -10"><span class='ocrx_word' id='word_1_48' title='bbox 148 901 309 965; x_wconf 83' lang='lat' dir='ltr'>videas,</span> <span class='ocrx_word' id='word_1_49' title='bbox 338 913 448 951; x_wconf 94' lang='lat' dir='ltr'>non</span> <span class='ocrx_word' id='word_1_50' title='bbox 479 895 820 962; x_wconf 77' lang='lat' dir='ltr'>definimus;</span> <span class='ocrx_word' id='word_1_51' title='bbox 883 894 971 948; x_wconf 90' lang='lat' dir='ltr'>his</span> <span class='ocrx_word' id='word_1_52' title='bbox 1010 897 1162 948; x_wconf 91' lang='lat' dir='ltr'>certe</span> <span class='ocrx_word' id='word_1_53' title='bbox 1208 897 1462 947; x_wconf 89' lang='lat' dir='ltr'>actorum</span> <span class='ocrx_word' id='word_1_54' title='bbox 1519 908 1789 963; x_wconf 89' lang='lat' dir='ltr'>compen-</span> 
     </span>
    </p>
   </div>
   <div class='ocr_carea' id='block_1_9' title="bbox 142 981 1793 1059">
    <p class='ocr_par' dir='ltr' id='par_1_9' title="bbox 142 981 1793 1059">
     <span class='ocr_line' id='line_1_9' title="bbox 142 981 1793 1059; baseline -0.007 -14"><span class='ocrx_word' id='word_1_55' title='bbox 142 991 268 1046; x_wconf 87' lang='lat' dir='ltr'>dium</span> <span class='ocrx_word' id='word_1_56' title='bbox 291 985 564 1059; x_wconf 85' lang='lat' dir='ltr'>quoddam</span> <span class='ocrx_word' id='word_1_57' title='bbox 595 983 908 1038; x_wconf 82' lang='lat' dir='ltr'>exhibetur.</span> <span class='ocrx_word' id='word_1_58' title='bbox 959 984 1170 1036; x_wconf 82' lang='lat' dir='ltr'>Verum</span> <span class='ocrx_word' id='word_1_59' title='bbox 1217 998 1345 1035; x_wconf 92' lang='lat' dir='ltr'>cum</span> <span class='ocrx_word' id='word_1_60' title='bbox 1389 981 1542 1035; x_wconf 91' lang='lat' dir='ltr'>idem</span> <span class='ocrx_word' id='word_1_61' title='bbox 1589 981 1793 1051; x_wconf 89' lang='lat' dir='ltr'>perob-</span> 
     </span>
    </p>
   </div>
   <div class='ocr_carea' id='block_1_10' title="bbox 140 1068 1790 1145">
    <p class='ocr_par' dir='ltr' id='par_1_10' title="bbox 140 1068 1790 1145">
     <span class='ocr_line' id='line_1_10' title="bbox 140 1068 1790 1145; baseline -0.007 -12"><span class='ocrx_word' id='word_1_62' title='bbox 140 1093 327 1133; x_wconf 82' lang='lat' dir='ltr'>scurum</span> <span class='ocrx_word' id='word_1_63' title='bbox 353 1076 420 1130; x_wconf 87' lang='lat' dir='ltr'>sit</span> <span class='ocrx_word' id='word_1_64' title='bbox 443 1079 613 1145; x_wconf 88' lang='lat' dir='ltr'>atque</span> <span class='ocrx_word' id='word_1_65' title='bbox 639 1071 1059 1144; x_wconf 87' lang='lat' dir='ltr'>imperfectum,</span> <span class='ocrx_word' id='word_1_66' title='bbox 1080 1085 1446 1141; x_wconf 84' lang='lat' dir='ltr'>nequaquam</span> <span class='ocrx_word' id='word_1_67' title='bbox 1475 1068 1790 1140; x_wconf 88' lang='lat' dir='ltr'>prohibuit,</span> 
     </span>
    </p>
   </div>
   <div class='ocr_carea' id='block_1_11' title="bbox 139 1157 1787 1240">
    <p class='ocr_par' dir='ltr' id='par_1_11' title="bbox 139 1157 1787 1240">
     <span class='ocr_line' id='line_1_11' title="bbox 139 1157 1787 1240; baseline -0.007 -19"><span class='ocrx_word' id='word_1_68' title='bbox 139 1167 248 1240; x_wconf 84' lang='lat' dir='ltr'>quin</span> <span class='ocrx_word' id='word_1_69' title='bbox 272 1162 611 1234; x_wconf 78' lang='lat' dir='ltr'>Augustinus</span> <span class='ocrx_word' id='word_1_70' title='bbox 639 1161 817 1226; x_wconf 90' lang='lat' dir='ltr'>aliud,</span> <span class='ocrx_word' id='word_1_71' title='bbox 849 1159 1002 1231; x_wconf 89' lang='lat' dir='ltr'>quod</span> <span class='ocrx_word' id='word_1_72' title='bbox 1035 1157 1208 1213; x_wconf 90' lang='lat' dir='ltr'>etiam</span> <span class='ocrx_word' id='word_1_73' title='bbox 1239 1173 1390 1212; x_wconf 92' lang='lat' dir='ltr'>nunc</span> <span class='ocrx_word' id='word_1_74' title='bbox 1411 1173 1514 1228; x_wconf 87' lang='lat' dir='ltr'>pro</span> <span class='ocrx_word' id='word_1_75' title='bbox 1545 1172 1787 1211; x_wconf 90' lang='lat' dir='ltr'>numero</span> 
     </span>
    </p>
   </div>
   <div class='ocr_carea' id='block_1_12' title="bbox 138 1245 1786 1320">
    <p class='ocr_par' dir='ltr' id='par_1_12' title="bbox 138 1245 1786 1320">
     <span class='ocr_line' id='line_1_12' title="bbox 138 1245 1786 1320; baseline -0.007 -11"><span class='ocrx_word' id='word_1_76' title='bbox 138 1255 408 1309; x_wconf 85' lang='lat' dir='ltr'>sessionum</span> <span class='ocrx_word' id='word_1_77' title='bbox 437 1249 766 1306; x_wconf 84' lang='lat' dir='ltr'>Collationis</span> <span class='ocrx_word' id='word_1_78' title='bbox 794 1248 1144 1320; x_wconf 88' lang='lat' dir='ltr'>tripartitum</span> <span class='ocrx_word' id='word_1_79' title='bbox 1163 1251 1363 1313; x_wconf 83' lang='lat' dir='ltr'>exstat,</span> <span class='ocrx_word' id='word_1_80' title='bbox 1398 1245 1786 1313; x_wconf 88' lang='lat' dir='ltr'>concinnaret,</span> 
     </span>
    </p>
   </div>
   <div class='ocr_carea' id='block_1_13' title="bbox 139 1336 1790 1401">
    <p class='ocr_par' dir='ltr' id='par_1_13' title="bbox 139 1336 1790 1401">
     <span class='ocr_line' id='line_1_13' title="bbox 139 1336 1790 1401; baseline -0.007 -2"><span class='ocrx_word' id='word_1_81' title='bbox 139 1344 371 1401; x_wconf 85' lang='lat' dir='ltr'>Laborem</span> <span class='ocrx_word' id='word_1_82' title='bbox 398 1341 549 1395; x_wconf 91' lang='lat' dir='ltr'>hunc</span> <span class='ocrx_word' id='word_1_83' title='bbox 589 1355 758 1393; x_wconf 90' lang='lat' dir='ltr'>suum</span> <span class='ocrx_word' id='word_1_84' title='bbox 805 1354 872 1392; x_wconf 89' lang='lat' dir='ltr'>ea</span> <span class='ocrx_word' id='word_1_85' title='bbox 899 1353 962 1392; x_wconf 88' lang='lat' dir='ltr'>re</span> <span class='ocrx_word' id='word_1_86' title='bbox 991 1337 1303 1392; x_wconf 88' lang='lat' dir='ltr'>utilitatem</span> <span class='ocrx_word' id='word_1_87' title='bbox 1332 1336 1638 1390; x_wconf 88' lang='lat' dir='ltr'>allaturum</span> <span class='ocrx_word' id='word_1_88' title='bbox 1669 1350 1790 1388; x_wconf 90' lang='lat' dir='ltr'>esse</span> 
     </span>
    </p>
   </div>
   <div class='ocr_carea' id='block_1_14' title="bbox 137 1425 1784 1502">
    <p class='ocr_par' dir='ltr' id='par_1_14' title="bbox 137 1425 1784 1502">
     <span class='ocr_line' id='line_1_14' title="bbox 137 1425 1784 1502; baseline -0.006 -15"><span class='ocrx_word' id='word_1_89' title='bbox 137 1431 448 1496; x_wconf 78' lang='lat' dir='ltr'>existimavit,</span> <span class='ocrx_word' id='word_1_90' title='bbox 471 1429 610 1502; x_wconf 91' lang='lat' dir='ltr'>quia</span> <span class='ocrx_word' id='word_1_91' title='bbox 636 1428 698 1482; x_wconf 91' lang='lat' dir='ltr'>in</span> <span class='ocrx_word' id='word_1_92' title='bbox 727 1445 794 1482; x_wconf 91' lang='lat' dir='ltr'>eo</span> <span class='ocrx_word' id='word_1_93' title='bbox 817 1427 1031 1490; x_wconf 92' lang='lat' dir='ltr'>liceret,</span> <span class='ocrx_word' id='word_1_94' title='bbox 1064 1425 1348 1498; x_wconf 89' lang='lat' dir='ltr'>quidquid</span> <span class='ocrx_word' id='word_1_95' title='bbox 1376 1425 1438 1479; x_wconf 91' lang='lat' dir='ltr'>in</span> <span class='ocrx_word' id='word_1_96' title='bbox 1469 1425 1784 1479; x_wconf 87' lang='lat' dir='ltr'>Collatione</span> 
     </span>
    </p>
   </div>
   <div class='ocr_carea' id='block_1_15' title="bbox 135 1513 1787 1593">
    <p class='ocr_par' dir='ltr' id='par_1_15' title="bbox 135 1513 1787 1593">
     <span class='ocr_line' id='line_1_15' title="bbox 135 1513 1787 1593; baseline -0.007 -17"><span class='ocrx_word' id='word_1_97' title='bbox 135 1526 315 1593; x_wconf 79' lang='lat' dir='ltr'>gestum</span> <span class='ocrx_word' id='word_1_98' title='bbox 338 1525 502 1587; x_wconf 83' lang='lat' dir='ltr'>esset,</span> <span class='ocrx_word' id='word_1_99' title='bbox 543 1532 919 1589; x_wconf 79' lang='lat' dir='ltr'>cognoscere;</span> <span class='ocrx_word' id='word_1_100' title='bbox 954 1530 1179 1570; x_wconf 82' lang='lat' dir='ltr'>necnon</span> <span class='ocrx_word' id='word_1_101' title='bbox 1206 1513 1404 1569; x_wconf 90' lang='lat' dir='ltr'>eadem</span> <span class='ocrx_word' id='word_1_102' title='bbox 1435 1529 1608 1584; x_wconf 86' lang='lat' dir='ltr'>opera</span> <span class='ocrx_word' id='word_1_103' title='bbox 1638 1529 1787 1584; x_wconf 90' lang='lat' dir='ltr'>quo-</span> 
     </span>
    </p>
   </div>
   <div class='ocr_carea' id='block_1_16' title="bbox 134 1603 1792 1678">
    <p class='ocr_par' dir='ltr' id='par_1_16' title="bbox 134 1603 1792 1678">
     <span class='ocr_line' id='line_1_16' title="bbox 134 1603 1792 1678; baseline -0.005 -13"><span class='ocrx_word' id='word_1_104' title='bbox 134 1613 212 1666; x_wconf 90' lang='lat' dir='ltr'>ties</span> <span class='ocrx_word' id='word_1_105' title='bbox 243 1610 445 1671; x_wconf 88' lang='lat' dir='ltr'>liberet,</span> <span class='ocrx_word' id='word_1_106' title='bbox 477 1612 604 1662; x_wconf 91' lang='lat' dir='ltr'>acta</span> <span class='ocrx_word' id='word_1_107' title='bbox 641 1608 762 1678; x_wconf 89' lang='lat' dir='ltr'>ipsa</span> <span class='ocrx_word' id='word_1_108' title='bbox 793 1606 1108 1671; x_wconf 88' lang='lat' dir='ltr'>consulere,</span> <span class='ocrx_word' id='word_1_109' title='bbox 1159 1620 1534 1658; x_wconf 86' lang='lat' dir='ltr'>numerorum</span> <span class='ocrx_word' id='word_1_110' title='bbox 1581 1603 1792 1657; x_wconf 86' lang='lat' dir='ltr'>scilicet</span> 
     </span>
    </p>
   </div>
   <div class='ocr_carea' id='block_1_17' title="bbox 133 1692 1791 1768">
    <p class='ocr_par' dir='ltr' id='par_1_17' title="bbox 133 1692 1791 1768">
     <span class='ocr_line' id='line_1_17' title="bbox 133 1692 1791 1768; baseline -0.005 -15"><span class='ocrx_word' id='word_1_111' title='bbox 133 1698 380 1764; x_wconf 84' lang='lat' dir='ltr'>beneﬁcio,</span> <span class='ocrx_word' id='word_1_112' title='bbox 412 1696 510 1768; x_wconf 90' lang='lat' dir='ltr'>qui</span> <span class='ocrx_word' id='word_1_113' title='bbox 538 1697 608 1751; x_wconf 89' lang='lat' dir='ltr'>ad</span> <span class='ocrx_word' id='word_1_114' title='bbox 625 1695 813 1767; x_wconf 92' lang='lat' dir='ltr'>operis</span> <span class='ocrx_word' id='word_1_115' title='bbox 845 1695 1079 1766; x_wconf 87' lang='lat' dir='ltr'>hujusce</span> <span class='ocrx_word' id='word_1_116' title='bbox 1105 1693 1427 1765; x_wconf 81' lang='lat' dir='ltr'>marginem</span> <span class='ocrx_word' id='word_1_117' title='bbox 1445 1692 1618 1760; x_wconf 91' lang='lat' dir='ltr'>(unde</span> <span class='ocrx_word' id='word_1_118' title='bbox 1639 1708 1791 1747; x_wconf 92' lang='lat' dir='ltr'>nunc</span> 
     </span>
    </p>
   </div>
   <div class='ocr_carea' id='block_1_18' title="bbox 135 1781 1789 1861">
    <p class='ocr_par' dir='ltr' id='par_1_18' title="bbox 135 1781 1789 1861">
     <span class='ocr_line' id='line_1_18' title="bbox 135 1781 1789 1861; baseline -0.004 -19"><span class='ocrx_word' id='word_1_119' title='bbox 135 1789 318 1861; x_wconf 82' lang='lat' dir='ltr'>quidem</span> <span class='ocrx_word' id='word_1_120' title='bbox 346 1785 569 1855; x_wconf 90' lang='lat' dir='ltr'>absunt)</span> <span class='ocrx_word' id='word_1_121' title='bbox 603 1784 896 1855; x_wconf 89' lang='lat' dir='ltr'>adscripti,</span> <span class='ocrx_word' id='word_1_122' title='bbox 937 1782 1268 1838; x_wconf 89' lang='lat' dir='ltr'>Collationis</span> <span class='ocrx_word' id='word_1_123' title='bbox 1297 1781 1567 1836; x_wconf 87' lang='lat' dir='ltr'>articulos</span> <span class='ocrx_word' id='word_1_124' title='bbox 1611 1781 1789 1836; x_wconf 89' lang='lat' dir='ltr'>deno-</span> 
     </span>
    </p>
   </div>
   <div class='ocr_carea' id='block_1_19' title="bbox 132 1870 1786 1938">
    <p class='ocr_par' dir='ltr' id='par_1_19' title="bbox 132 1870 1786 1938">
     <span class='ocr_line' id='line_1_19' title="bbox 132 1870 1786 1938; baseline -0.002 -11"><span class='ocrx_word' id='word_1_125' title='bbox 132 1875 304 1928; x_wconf 79' lang='lat' dir='ltr'>tabant.</span> <span class='ocrx_word' id='word_1_126' title='bbox 331 1876 591 1929; x_wconf 88' lang='lat' dir='ltr'>Testatur</span> <span class='ocrx_word' id='word_1_127' title='bbox 620 1877 847 1928; x_wconf 88' lang='lat' dir='ltr'>sanctus</span> <span class='ocrx_word' id='word_1_128' title='bbox 883 1873 1090 1927; x_wconf 87' lang='lat' dir='ltr'>Doctor</span> <span class='ocrx_word' id='word_1_129' title='bbox 1118 1871 1577 1927; x_wconf 87' lang='lat' dir='ltr'>lucubrationem</span> <span class='ocrx_word' id='word_1_130' title='bbox 1606 1870 1786 1938; x_wconf 88' lang='lat' dir='ltr'>illam,</span> 
     </span>
    </p>
   </div>
   <div class='ocr_carea' id='block_1_20' title="bbox 134 1960 1785 2044">
    <p class='ocr_par' dir='ltr' id='par_1_20' title="bbox 134 1960 1785 2044">
     <span class='ocr_line' id='line_1_20' title="bbox 134 1960 1785 2044; baseline -0.002 -27"><span class='ocrx_word' id='word_1_131' title='bbox 134 1978 268 2032; x_wconf 84' lang='lat' dir='ltr'>quem</span> <span class='ocrx_word' id='word_1_132' title='bbox 281 1962 635 2017; x_wconf 89' lang='lat' dir='ltr'>Breviculum</span> <span class='ocrx_word' id='word_1_133' title='bbox 650 1960 984 2016; x_wconf 88' lang='lat' dir='ltr'>Collationis</span> <span class='ocrx_word' id='word_1_134' title='bbox 1020 1961 1266 2044; x_wconf 61' lang='lat' dir='ltr'>appgllat</span> <span class='ocrx_word' id='word_1_135' title='bbox 1297 1960 1785 2031; x_wconf 88' lang='lat' dir='ltr'>(Retractationum</span> 
     </span>
    </p>
   </div>
   <div class='ocr_carea' id='block_1_21' title="bbox 135 2048 1787 2121">
    <p class='ocr_par' dir='ltr' id='par_1_21' title="bbox 135 2048 1787 2121">
     <span class='ocr_line' id='line_1_21' title="bbox 135 2048 1787 2121; baseline -0.002 -17"><span class='ocrx_word' id='word_1_136' title='bbox 135 2052 206 2105; x_wconf 77' lang='lat' dir='ltr'>lib.</span> <span class='ocrx_word' id='word_1_137' title='bbox 228 2055 274 2116; x_wconf 90' lang='grc'>2,</span> <span class='ocrx_word' id='word_1_138' title='bbox 300 2067 407 2120; x_wconf 84' lang='lat' dir='ltr'>cap.</span> <span class='ocrx_word' id='word_1_139' title='bbox 450 2051 562 2120; x_wconf 87' lang='lat'>39),</span> <span class='ocrx_word' id='word_1_140' title='bbox 602 2066 747 2121; x_wconf 91' lang='lat' dir='ltr'>opus</span> <span class='ocrx_word' id='word_1_141' title='bbox 777 2049 943 2104; x_wconf 90' lang='lat' dir='ltr'>multi</span> <span class='ocrx_word' id='word_1_142' title='bbox 970 2048 1197 2104; x_wconf 91' lang='lat' dir='ltr'>sudoris</span> <span class='ocrx_word' id='word_1_143' title='bbox 1235 2049 1445 2116; x_wconf 88' lang='lat' dir='ltr'>fuisse;</span> <span class='ocrx_word' id='word_1_144' title='bbox 1488 2065 1674 2120; x_wconf 90' lang='lat' dir='ltr'>neque</span> <span class='ocrx_word' id='word_1_145' title='bbox 1703 2051 1787 2102; x_wconf 88' lang='lat' dir='ltr'>ta-</span> 
     </span>
    </p>
   </div>
   <div class='ocr_carea' id='block_1_22' title="bbox 136 2136 1783 2208">
    <p class='ocr_par' dir='ltr' id='par_1_22' title="bbox 136 2136 1783 2208">
     <span class='ocr_line' id='line_1_22' title="bbox 136 2136 1783 2208; baseline -0.002 -16"><span class='ocrx_word' id='word_1_146' title='bbox 136 2154 236 2193; x_wconf 89' lang='lat' dir='ltr'>men</span> <span class='ocrx_word' id='word_1_147' title='bbox 263 2138 356 2193; x_wconf 90' lang='lat' dir='ltr'>sibi</span> <span class='ocrx_word' id='word_1_148' title='bbox 380 2139 631 2194; x_wconf 90' lang='lat' dir='ltr'>liberum</span> <span class='ocrx_word' id='word_1_149' title='bbox 661 2139 720 2193; x_wconf 93' lang='lat' dir='ltr'>id</span> <span class='ocrx_word' id='word_1_150' title='bbox 764 2155 885 2193; x_wconf 90' lang='lat' dir='ltr'>non</span> <span class='ocrx_word' id='word_1_151' title='bbox 927 2137 1234 2208; x_wconf 88' lang='lat' dir='ltr'>suscipere,</span> <span class='ocrx_word' id='word_1_152' title='bbox 1274 2141 1578 2208; x_wconf 90' lang='lat' dir='ltr'>propterea</span> <span class='ocrx_word' id='word_1_153' title='bbox 1615 2136 1783 2207; x_wconf 86' lang='lat' dir='ltr'>quod,</span> 
     </span>
    </p>
   </div>
   <div class='ocr_carea' id='block_1_23' title="bbox 136 2227 1788 2299">
    <p class='ocr_par' dir='ltr' id='par_1_23' title="bbox 136 2227 1788 2299">
     <span class='ocr_line' id='line_1_23' title="bbox 136 2227 1788 2299; baseline -0.001 -19"><span class='ocrx_word' id='word_1_154' title='bbox 136 2229 208 2298; x_wconf 85' lang='lat' dir='ltr'>qui</span> <span class='ocrx_word' id='word_1_155' title='bbox 246 2228 444 2299; x_wconf 82' lang='lat' dir='ltr'>prolixa</span> <span class='ocrx_word' id='word_1_156' title='bbox 473 2229 624 2282; x_wconf 87' lang='lat' dir='ltr'>adeo</span> <span class='ocrx_word' id='word_1_157' title='bbox 653 2229 816 2282; x_wconf 87' lang='lat' dir='ltr'>Gesta</span> <span class='ocrx_word' id='word_1_158' title='bbox 847 2227 1157 2298; x_wconf 77' lang='lat' dir='ltr'>perlegere,</span> <span class='ocrx_word' id='word_1_159' title='bbox 1203 2232 1348 2280; x_wconf 88' lang='lat' dir='ltr'>esset</span> <span class='ocrx_word' id='word_1_160' title='bbox 1384 2241 1554 2280; x_wconf 90' lang='lat' dir='ltr'>nemo</span> <span class='ocrx_word' id='word_1_161' title='bbox 1596 2227 1788 2294; x_wconf 90' lang='lat' dir='ltr'>(Epist.</span> 
     </span>
    </p>
   </div>
   <div class='ocr_carea' id='block_1_24' title="bbox 141 2313 1792 2387">
    <p class='ocr_par' dir='ltr' id='par_1_24' title="bbox 141 2313 1792 2387">
     <span class='ocr_line' id='line_1_24' title="bbox 141 2313 1792 2387; baseline -0.002 -17"><span class='ocrx_word' id='word_1_162' title='bbox 141 2319 230 2382; x_wconf 78' lang='lat'>139,</span> <span class='ocrx_word' id='word_1_163' title='bbox 263 2333 312 2371; x_wconf 83' lang='grc' dir='ltr'>η.</span> <span class='ocrx_word' id='word_1_164' title='bbox 342 2317 410 2387; x_wconf 82' lang='grc'>3).</span> <span class='ocrx_word' id='word_1_165' title='bbox 469 2316 831 2371; x_wconf 88' lang='lat' dir='ltr'>Bonifacium</span> <span class='ocrx_word' id='word_1_166' title='bbox 864 2315 1132 2369; x_wconf 89' lang='lat' dir='ltr'>comitem</span> <span class='ocrx_word' id='word_1_167' title='bbox 1161 2315 1230 2368; x_wconf 88' lang='lat' dir='ltr'>ad</span> <span class='ocrx_word' id='word_1_168' title='bbox 1275 2314 1427 2368; x_wconf 92' lang='lat' dir='ltr'>idem</span> <span class='ocrx_word' id='word_1_169' title='bbox 1475 2313 1615 2367; x_wconf 92' lang='lat' dir='ltr'>illud</span> <span class='ocrx_word' id='word_1_170' title='bbox 1663 2315 1792 2367; x_wconf 87' lang='lat' dir='ltr'>Bre-</span> 
     </span>
    </p>
   </div>
   <div class='ocr_carea' id='block_1_25' title="bbox 138 2401 1785 2475">
    <p class='ocr_par' dir='ltr' id='par_1_25' title="bbox 138 2401 1785 2475">
     <span class='ocr_line' id='line_1_25' title="bbox 138 2401 1785 2475; baseline 0.001 -21"><span class='ocrx_word' id='word_1_171' title='bbox 138 2403 331 2458; x_wconf 75' lang='lat' dir='ltr'>viarium</span> <span class='ocrx_word' id='word_1_172' title='bbox 355 2404 600 2459; x_wconf 84' lang='lat' dir='ltr'>remittit</span> <span class='ocrx_word' id='word_1_173' title='bbox 630 2407 824 2474; x_wconf 80' lang='lat' dir='ltr'>(Epist.</span> <span class='ocrx_word' id='word_1_174' title='bbox 861 2408 980 2471; x_wconf 78' lang='lat'>185,</span> <span class='ocrx_word' id='word_1_175' title='bbox 1013 2420 1070 2458; x_wconf 87' lang='grc' dir='ltr'>η.</span> <span class='ocrx_word' id='word_1_176' title='bbox 1103 2403 1183 2475; x_wconf 89' lang='grc'>6).</span> <span class='ocrx_word' id='word_1_177' title='bbox 1222 2403 1390 2474; x_wconf 84' lang='lat' dir='ltr'>Atqui</span> <span class='ocrx_word' id='word_1_178' title='bbox 1434 2419 1549 2456; x_wconf 91' lang='lat' dir='ltr'>non</span> <span class='ocrx_word' id='word_1_179' title='bbox 1595 2401 1648 2455; x_wconf 94' lang='lat' dir='ltr'>ei</span> <span class='ocrx_word' id='word_1_180' title='bbox 1694 2402 1785 2456; x_wconf 85' lang='lat' dir='ltr'>de-</span> 
     </span>
    </p>
   </div>
   <div class='ocr_carea' id='block_1_26' title="bbox 143 2489 1785 2564">
    <p class='ocr_par' dir='ltr' id='par_1_26' title="bbox 143 2489 1785 2564">
     <span class='ocr_line' id='line_1_26' title="bbox 143 2489 1785 2564; baseline 0 -21"><span class='ocrx_word' id='word_1_181' title='bbox 143 2489 203 2544; x_wconf 89' lang='lat' dir='ltr'>dit</span> <span class='ocrx_word' id='word_1_182' title='bbox 223 2508 448 2563; x_wconf 88' lang='lat' dir='ltr'>operam,</span> <span class='ocrx_word' id='word_1_183' title='bbox 491 2492 612 2547; x_wconf 87' lang='lat' dir='ltr'>nisi</span> <span class='ocrx_word' id='word_1_184' title='bbox 639 2498 772 2564; x_wconf 90' lang='lat' dir='ltr'>post</span> <span class='ocrx_word' id='word_1_185' title='bbox 795 2492 970 2547; x_wconf 88' lang='lat' dir='ltr'>libros</span> <span class='ocrx_word' id='word_1_186' title='bbox 992 2492 1061 2545; x_wconf 89' lang='lat' dir='ltr'>de</span> <span class='ocrx_word' id='word_1_187' title='bbox 1093 2491 1381 2562; x_wconf 89' lang='lat' dir='ltr'>Baptismo</span> <span class='ocrx_word' id='word_1_188' title='bbox 1411 2492 1785 2562; x_wconf 85' lang='lat' dir='ltr'>parvulorum</span> 
     </span>
    </p>
   </div>
   <div class='ocr_carea' id='block_1_27' title="bbox 137 2578 1788 2651">
    <p class='ocr_par' dir='ltr' id='par_1_27' title="bbox 137 2578 1788 2651">
     <span class='ocr_line' id='line_1_27' title="bbox 137 2578 1788 2651; baseline 0 -19"><span class='ocrx_word' id='word_1_189' title='bbox 137 2579 389 2646; x_wconf 86' lang='lat' dir='ltr'>absolutos,</span> <span class='ocrx_word' id='word_1_190' title='bbox 421 2581 704 2636; x_wconf 90' lang='lat' dir='ltr'>nimirum</span> <span class='ocrx_word' id='word_1_191' title='bbox 735 2598 890 2635; x_wconf 90' lang='lat' dir='ltr'>anno</span> <span class='ocrx_word' id='word_1_192' title='bbox 919 2580 1259 2635; x_wconf 89' lang='lat' dir='ltr'>duodecimo</span> <span class='ocrx_word' id='word_1_193' title='bbox 1303 2596 1473 2651; x_wconf 89' lang='lat' dir='ltr'>supra</span> <span class='ocrx_word' id='word_1_194' title='bbox 1517 2578 1788 2650; x_wconf 88' lang='lat' dir='ltr'>quadrin-</span> 
     </span>
    </p>
   </div>
   <div class='ocr_carea' id='block_1_28' title="bbox 138 2669 1786 2740">
    <p class='ocr_par' dir='ltr' id='par_1_28' title="bbox 138 2669 1786 2740">
     <span class='ocr_line' id='line_1_28' title="bbox 138 2669 1786 2740; baseline 0.002 -20"><span class='ocrx_word' id='word_1_195' title='bbox 138 2669 460 2736; x_wconf 86' lang='lat' dir='ltr'>gentesimum</span> <span class='ocrx_word' id='word_1_196' title='bbox 495 2685 510 2725; x_wconf 92' lang='lat'>:</span> <span class='ocrx_word' id='word_1_197' title='bbox 562 2669 649 2725; x_wconf 87' lang='lat' dir='ltr'>uti</span> <span class='ocrx_word' id='word_1_198' title='bbox 691 2671 806 2724; x_wconf 88' lang='lat' dir='ltr'>Deo</span> <span class='ocrx_word' id='word_1_199' title='bbox 861 2669 1032 2726; x_wconf 89' lang='lat' dir='ltr'>dante</span> <span class='ocrx_word' id='word_1_200' title='bbox 1089 2672 1288 2740; x_wconf 87' lang='lat' dir='ltr'>postea</span> <span class='ocrx_word' id='word_1_201' title='bbox 1317 2684 1516 2722; x_wconf 90' lang='lat' dir='ltr'>sumus</span> <span class='ocrx_word' id='word_1_202' title='bbox 1543 2669 1786 2722; x_wconf 86' lang='lat' dir='ltr'>demon-</span> 
     </span>
    </p>
   </div>
   <div class='ocr_carea' id='block_1_29' title="bbox 137 2757 340 2813">
    <p class='ocr_par' dir='ltr' id='par_1_29' title="bbox 137 2757 340 2813">
     <span class='ocr_line' id='line_1_29' title="bbox 137 2757 340 2813; baseline 0.02 -5"><span class='ocrx_word' id='word_1_203' title='bbox 137 2757 340 2813; x_wconf 82' lang='lat' dir='ltr'>straturi.</span> 
     </span>
    </p>
   </div>
   <div class='ocr_carea' id='block_1_30' title="bbox 185 2845 1787 2917">
    <p class='ocr_par' dir='ltr' id='par_1_30' title="bbox 185 2845 1787 2917">
     <span class='ocr_line' id='line_1_30' title="bbox 185 2845 1787 2917; baseline 0.002 -21"><span class='ocrx_word' id='word_1_204' title='bbox 185 2849 226 2898; x_wconf 79' lang='lat'>7.</span> <span class='ocrx_word' id='word_1_205' title='bbox 253 2847 438 2901; x_wconf 79' lang='lat' dir='ltr'>Verum</span> <span class='ocrx_word' id='word_1_206' title='bbox 469 2863 631 2902; x_wconf 87' lang='lat' dir='ltr'>anno</span> <span class='ocrx_word' id='word_1_207' title='bbox 679 2845 814 2900; x_wconf 90' lang='lat' dir='ltr'>huic</span> <span class='ocrx_word' id='word_1_208' title='bbox 873 2845 1444 2917; x_wconf 86' lang='lat' dir='ltr'>quadringentesimo</span> <span class='ocrx_word' id='word_1_209' title='bbox 1487 2845 1787 2899; x_wconf 89' lang='lat' dir='ltr'>undecimo</span> 
     </span>
    </p>
   </div>
   <div class='ocr_carea' id='block_1_31' title="bbox 134 2934 1786 3006">
    <p class='ocr_par' dir='ltr' id='par_1_31' title="bbox 134 2934 1786 3006">
     <span class='ocr_line' id='line_1_31' title="bbox 134 2934 1786 3006; baseline 0.001 -22"><span class='ocrx_word' id='word_1_210' title='bbox 134 2934 485 2990; x_wconf 84' lang='lat' dir='ltr'>adscribendus</span> <span class='ocrx_word' id='word_1_211' title='bbox 513 2935 751 2989; x_wconf 86' lang='lat' dir='ltr'>videtur</span> <span class='ocrx_word' id='word_1_212' title='bbox 775 2935 974 2989; x_wconf 91' lang='lat' dir='ltr'>Sermo</span> <span class='ocrx_word' id='word_1_213' title='bbox 1003 2935 1064 2988; x_wconf 92' lang='lat' dir='ltr'>in</span> <span class='ocrx_word' id='word_1_214' title='bbox 1094 2935 1429 3006; x_wconf 89' lang='lat' dir='ltr'>Apostolum</span> <span class='ocrx_word' id='word_1_215' title='bbox 1459 2935 1526 2988; x_wconf 92' lang='lat' dir='ltr'>ad</span> <span class='ocrx_word' id='word_1_216' title='bbox 1546 2935 1786 2999; x_wconf 87' lang='lat' dir='ltr'>Galatas,</span> 
     </span>
    </p>
   </div>
   <div class='ocr_carea' id='block_1_32' title="bbox 133 3023 1789 3096">
    <p class='ocr_par' dir='ltr' id='par_1_32' title="bbox 133 3023 1789 3096">
     <span class='ocr_line' id='line_1_32' title="bbox 133 3023 1789 3096; baseline 0 -21"><span class='ocrx_word' id='word_1_217' title='bbox 133 3036 266 3090; x_wconf 85' lang='lat' dir='ltr'>quem</span> <span class='ocrx_word' id='word_1_218' title='bbox 298 3024 506 3079; x_wconf 87' lang='lat' dir='ltr'>fortean</span> <span class='ocrx_word' id='word_1_219' title='bbox 574 3023 914 3094; x_wconf 83' lang='lat' dir='ltr'>Carthagine</span> <span class='ocrx_word' id='word_1_220' title='bbox 967 3023 1339 3096; x_wconf 81' lang='lat' dir='ltr'>Augustinus,</span> <span class='ocrx_word' id='word_1_221' title='bbox 1375 3039 1503 3077; x_wconf 91' lang='lat' dir='ltr'>cum</span> <span class='ocrx_word' id='word_1_222' title='bbox 1539 3023 1789 3093; x_wconf 70' lang='lat' dir='ltr'>&#39;jamjam</span> 
     </span>
    </p>
   </div>
   <div class='ocr_carea' id='block_1_33' title="bbox 135 3110 1792 3186">
    <p class='ocr_par' dir='ltr' id='par_1_33' title="bbox 135 3110 1792 3186">
     <span class='ocr_line' id='line_1_33' title="bbox 135 3110 1792 3186; baseline 0.001 -22"><span class='ocrx_word' id='word_1_223' title='bbox 135 3110 313 3180; x_wconf 83' lang='lat' dir='ltr'>publice</span> <span class='ocrx_word' id='word_1_224' title='bbox 339 3113 629 3186; x_wconf 77' lang='lat' dir='ltr'>aﬂigenda</span> <span class='ocrx_word' id='word_1_225' title='bbox 654 3117 818 3167; x_wconf 91' lang='lat' dir='ltr'>erant</span> <span class='ocrx_word' id='word_1_226' title='bbox 845 3113 1176 3168; x_wconf 85' lang='lat' dir='ltr'>Collationis</span> <span class='ocrx_word' id='word_1_227' title='bbox 1214 3118 1357 3178; x_wconf 87' lang='lat' dir='ltr'>acta,</span> <span class='ocrx_word' id='word_1_228' title='bbox 1398 3112 1792 3184; x_wconf 84' lang='lat' dir='ltr'>pronuntiavit</span> 
     </span>
    </p>
   </div>
   <div class='ocr_carea' id='block_1_34' title="bbox 134 3199 1790 3272">
    <p class='ocr_par' dir='ltr' id='par_1_34' title="bbox 134 3199 1790 3272">
     <span class='ocr_line' id='line_1_34' title="bbox 134 3199 1790 3272; baseline 0 -18"><span class='ocrx_word' id='word_1_229' title='bbox 134 3199 282 3267; x_wconf 87' lang='lat' dir='ltr'>(Serm.</span> <span class='ocrx_word' id='word_1_230' title='bbox 325 3204 435 3270; x_wconf 79' lang='grc'><strong>164,</strong></span> <span class='ocrx_word' id='word_1_231' title='bbox 464 3219 522 3258; x_wconf 89' lang='lat' dir='ltr'>n.</span> <span class='ocrx_word' id='word_1_232' title='bbox 566 3202 671 3272; x_wconf 84' lang='lat' dir='ltr'>t3).</span> <span class='ocrx_word' id='word_1_233' title='bbox 722 3203 786 3256; x_wconf 93' lang='lat' dir='ltr'>In</span> <span class='ocrx_word' id='word_1_234' title='bbox 833 3218 900 3256; x_wconf 92' lang='lat' dir='ltr'>eo</span> <span class='ocrx_word' id='word_1_235' title='bbox 955 3219 1184 3257; x_wconf 87' lang='lat' dir='ltr'>causam</span> <span class='ocrx_word' id='word_1_236' title='bbox 1242 3203 1388 3256; x_wconf 89' lang='lat' dir='ltr'>hanc</span> <span class='ocrx_word' id='word_1_237' title='bbox 1446 3201 1595 3256; x_wconf 88' lang='lat' dir='ltr'>inter</span> <span class='ocrx_word' id='word_1_238' title='bbox 1653 3201 1790 3254; x_wconf 89' lang='lat' dir='ltr'>alias</span> 
     </span>
    </p>
   </div>
   <div class='ocr_carea' id='block_1_35' title="bbox 136 3289 1789 3361">
    <p class='ocr_par' dir='ltr' id='par_1_35' title="bbox 136 3289 1789 3361">
     <span class='ocr_line' id='line_1_35' title="bbox 136 3289 1789 3361; baseline 0.001 -21"><span class='ocrx_word' id='word_1_239' title='bbox 136 3303 270 3343; x_wconf 85' lang='lat' dir='ltr'>unam</span> <span class='ocrx_word' id='word_1_240' title='bbox 297 3307 405 3346; x_wconf 88' lang='lat' dir='ltr'>esse</span> <span class='ocrx_word' id='word_1_241' title='bbox 437 3291 680 3360; x_wconf 88' lang='lat' dir='ltr'>indicat,</span> <span class='ocrx_word' id='word_1_242' title='bbox 728 3307 830 3345; x_wconf 92' lang='lat' dir='ltr'>cur</span> <span class='ocrx_word' id='word_1_243' title='bbox 873 3291 1296 3346; x_wconf 79' lang='lat' dir='ltr'>Donatistarum</span> <span class='ocrx_word' id='word_1_244' title='bbox 1341 3291 1615 3361; x_wconf 74' lang='lat' dir='ltr'>praesules</span> <span class='ocrx_word' id='word_1_245' title='bbox 1667 3289 1789 3342; x_wconf 85' lang='lat' dir='ltr'>ani-</span> 
     </span>
    </p>
   </div>
   <div class='ocr_carea' id='block_1_36' title="bbox 134 3379 1790 3451">
    <p class='ocr_par' dir='ltr' id='par_1_36' title="bbox 134 3379 1790 3451">
     <span class='ocr_line' id='line_1_36' title="bbox 134 3379 1790 3451; baseline 0.002 -22"><span class='ocrx_word' id='word_1_246' title='bbox 134 3392 260 3432; x_wconf 88' lang='lat' dir='ltr'>mum</span> <span class='ocrx_word' id='word_1_247' title='bbox 284 3379 334 3434; x_wconf 90' lang='lat' dir='ltr'>in</span> <span class='ocrx_word' id='word_1_248' title='bbox 359 3381 678 3436; x_wconf 88' lang='lat' dir='ltr'>secessione</span> <span class='ocrx_word' id='word_1_249' title='bbox 691 3379 1084 3448; x_wconf 83' lang='lat' dir='ltr'>obﬁrmarent,</span> <span class='ocrx_word' id='word_1_250' title='bbox 1107 3379 1381 3434; x_wconf 89' lang='lat' dir='ltr'>nimirum</span> <span class='ocrx_word' id='word_1_251' title='bbox 1406 3380 1560 3451; x_wconf 88' lang='lat' dir='ltr'>quod</span> <span class='ocrx_word' id='word_1_252' title='bbox 1589 3395 1790 3433; x_wconf 88' lang='lat' dir='ltr'>eorum</span> 
     </span>
    </p>
   </div>
   <div class='ocr_carea' id='block_1_37' title="bbox 136 3464 1790 3540">
    <p class='ocr_par' dir='ltr' id='par_1_37' title="bbox 136 3464 1790 3540">
     <span class='ocr_line' id='line_1_37' title="bbox 136 3464 1790 3540; baseline 0.001 -21"><span class='ocrx_word' id='word_1_253' title='bbox 136 3464 356 3523; x_wconf 82' lang='lat' dir='ltr'>timerent</span> <span class='ocrx_word' id='word_1_254' title='bbox 395 3469 799 3537; x_wconf 81' lang='lat' dir='ltr'>offensionem,</span> <span class='ocrx_word' id='word_1_255' title='bbox 853 3469 1060 3540; x_wconf 91' lang='lat' dir='ltr'>quibus</span> <span class='ocrx_word' id='word_1_256' title='bbox 1110 3469 1412 3523; x_wconf 87' lang='lat' dir='ltr'>falsitatem</span> <span class='ocrx_word' id='word_1_257' title='bbox 1473 3467 1790 3522; x_wconf 90' lang='lat' dir='ltr'>diutissime</span> 
     </span>
    </p>
   </div>
   <div class='ocr_carea' id='block_1_38' title="bbox 136 3555 1788 3626">
    <p class='ocr_par' dir='ltr' id='par_1_38' title="bbox 136 3555 1788 3626">
     <span class='ocr_line' id='line_1_38' title="bbox 136 3555 1788 3626; baseline 0.004 -24"><span class='ocrx_word' id='word_1_258' title='bbox 136 3555 469 3612; x_wconf 83' lang='lat' dir='ltr'>vendiderant.</span> <span class='ocrx_word' id='word_1_259' title='bbox 502 3556 695 3611; x_wconf 83' lang='lat' dir='ltr'>Simul</span> <span class='ocrx_word' id='word_1_260' title='bbox 737 3556 908 3610; x_wconf 89' lang='lat' dir='ltr'>etiam</span> <span class='ocrx_word' id='word_1_261' title='bbox 959 3557 1215 3626; x_wconf 83' lang='lat' dir='ltr'>explicat,</span> <span class='ocrx_word' id='word_1_262' title='bbox 1263 3571 1436 3626; x_wconf 88' lang='lat' dir='ltr'>quam</span> <span class='ocrx_word' id='word_1_263' title='bbox 1476 3556 1590 3610; x_wconf 92' lang='lat' dir='ltr'>illis</span> <span class='ocrx_word' id='word_1_264' title='bbox 1630 3572 1788 3610; x_wconf 90' lang='lat' dir='ltr'>men-</span> 
     </span>
    </p>
   </div>
   <div class='ocr_carea' id='block_1_39' title="bbox 136 3644 1792 3716">
    <p class='ocr_par' dir='ltr' id='par_1_39' title="bbox 136 3644 1792 3716">
     <span class='ocr_line' id='line_1_39' title="bbox 136 3644 1792 3716; baseline 0.002 -22"><span class='ocrx_word' id='word_1_265' title='bbox 136 3644 370 3714; x_wconf 51' lang='lat' dir='ltr'>temque:</span> <span class='ocrx_word' id='word_1_266' title='bbox 393 3645 571 3700; x_wconf 85' lang='lat' dir='ltr'>verba</span> <span class='ocrx_word' id='word_1_267' title='bbox 601 3645 671 3699; x_wconf 90' lang='lat' dir='ltr'>ad</span> <span class='ocrx_word' id='word_1_268' title='bbox 699 3645 918 3716; x_wconf 87' lang='lat' dir='ltr'>plebes,</span> <span class='ocrx_word' id='word_1_269' title='bbox 961 3661 1101 3716; x_wconf 89' lang='lat' dir='ltr'>quas</span> <span class='ocrx_word' id='word_1_270' title='bbox 1131 3644 1492 3712; x_wconf 84' lang='lat' dir='ltr'>seduxerant,</span> <span class='ocrx_word' id='word_1_271' title='bbox 1539 3645 1792 3699; x_wconf 82' lang='lat' dir='ltr'>veritatis</span> 
     </span>
    </p>
   </div>
   <div class='ocr_carea' id='block_1_40' title="bbox 140 3732 1790 3805">
    <p class='ocr_par' dir='ltr' id='par_1_40' title="bbox 140 3732 1790 3805">
     <span class='ocr_line' id='line_1_40' title="bbox 140 3732 1790 3805; baseline 0.004 -24"><span class='ocrx_word' id='word_1_272' title='bbox 140 3745 283 3795; x_wconf 84' lang='lat' dir='ltr'>amor,</span> <span class='ocrx_word' id='word_1_273' title='bbox 310 3732 353 3787; x_wconf 90' lang='lat' dir='ltr'>si</span> <span class='ocrx_word' id='word_1_274' title='bbox 392 3734 546 3789; x_wconf 89' lang='lat' dir='ltr'>hanc</span> <span class='ocrx_word' id='word_1_275' title='bbox 579 3734 640 3788; x_wconf 90' lang='lat' dir='ltr'>in</span> <span class='ocrx_word' id='word_1_276' title='bbox 684 3738 913 3804; x_wconf 91' lang='lat' dir='ltr'>pectore</span> <span class='ocrx_word' id='word_1_277' title='bbox 953 3733 1310 3802; x_wconf 85' lang='lat' dir='ltr'>habuissent,</span> <span class='ocrx_word' id='word_1_278' title='bbox 1357 3749 1663 3805; x_wconf 86' lang='lat' dir='ltr'>suggerere</span> <span class='ocrx_word' id='word_1_279' title='bbox 1694 3734 1790 3788; x_wconf 88' lang='lat' dir='ltr'>de-</span> 
     </span>
    </p>
   </div>
   <div class='ocr_carea' id='block_1_41' title="bbox 136 3814 1792 3894">
    <p class='ocr_par' dir='ltr' id='par_1_41' title="bbox 136 3814 1792 3894">
     <span class='ocr_line' id='line_1_41' title="bbox 136 3814 1792 3894; baseline 0.005 -27"><span class='ocrx_word' id='word_1_280' title='bbox 136 3814 310 3875; x_wconf 85' lang='lat' dir='ltr'>buerat.</span> <span class='ocrx_word' id='word_1_281' title='bbox 334 3824 548 3890; x_wconf 84' lang='lat' dir='ltr'>Dicant,</span> <span class='ocrx_word' id='word_1_282' title='bbox 591 3821 800 3894; x_wconf 85' lang='lat' dir='ltr'>inquit,</span> <span class='ocrx_word' id='word_1_283' title='bbox 840 3825 987 3877; x_wconf 91' lang='lat' dir='ltr'>suis:</span> <span class='ocrx_word' id='word_1_284' title='bbox 1029 3823 1204 3878; x_wconf 82' lang='lat' dir='ltr'>Simul</span> <span class='ocrx_word' id='word_1_285' title='bbox 1253 3826 1577 3891; x_wconf 85' lang='lat' dir='ltr'>erravimus,</span> <span class='ocrx_word' id='word_1_286' title='bbox 1629 3823 1792 3878; x_wconf 86' lang='lat' dir='ltr'>simul</span> 
     </span>
    </p>
   </div>
   <div class='ocr_carea' id='block_1_42' title="bbox 139 3903 1791 3979">
    <p class='ocr_par' dir='ltr' id='par_1_42' title="bbox 139 3903 1791 3979">
     <span class='ocr_line' id='line_1_42' title="bbox 139 3903 1791 3979; baseline 0.002 -18"><span class='ocrx_word' id='word_1_287' title='bbox 139 3903 191 3956; x_wconf 78' lang='lat' dir='ltr'>ab</span> <span class='ocrx_word' id='word_1_288' title='bbox 214 3921 366 3964; x_wconf 83' lang='lat' dir='ltr'>errore</span> <span class='ocrx_word' id='word_1_289' title='bbox 390 3912 726 3967; x_wconf 81' lang='lat' dir='ltr'>recedamus.</span> <span class='ocrx_word' id='word_1_290' title='bbox 761 3915 928 3967; x_wconf 85' lang='lat' dir='ltr'>Duces</span> <span class='ocrx_word' id='word_1_291' title='bbox 948 3913 1097 3967; x_wconf 82' lang='lat' dir='ltr'>vobis</span> <span class='ocrx_word' id='word_1_292' title='bbox 1136 3913 1347 3978; x_wconf 84' lang='lat' dir='ltr'>fuimus</span> <span class='ocrx_word' id='word_1_293' title='bbox 1389 3912 1462 3966; x_wconf 91' lang='lat' dir='ltr'>ad</span> <span class='ocrx_word' id='word_1_294' title='bbox 1480 3914 1712 3979; x_wconf 84' lang='lat' dir='ltr'>foveam,</span> <span class='ocrx_word' id='word_1_295' title='bbox 1742 3915 1791 3965; x_wconf 89' lang='lat' dir='ltr'>et</span> 
     </span>
    </p>
   </div>
   <div class='ocr_carea' id='block_1_43' title="bbox 136 3999 1792 4069">
    <p class='ocr_par' dir='ltr' id='par_1_43' title="bbox 136 3999 1792 4069">
     <span class='ocr_line' id='line_1_43' title="bbox 136 3999 1792 4069; baseline 0.005 -24"><span class='ocrx_word' id='word_1_296' title='bbox 136 3999 271 4049; x_wconf 80' lang='lat' dir='ltr'>secuti</span> <span class='ocrx_word' id='word_1_297' title='bbox 293 4001 409 4054; x_wconf 85' lang='lat' dir='ltr'>estis</span> <span class='ocrx_word' id='word_1_298' title='bbox 439 4017 569 4055; x_wconf 88' lang='lat' dir='ltr'>cum</span> <span class='ocrx_word' id='word_1_299' title='bbox 618 4001 928 4055; x_wconf 82' lang='lat' dir='ltr'>duceremus</span> <span class='ocrx_word' id='word_1_300' title='bbox 958 4001 1034 4054; x_wconf 89' lang='lat' dir='ltr'>ad</span> <span class='ocrx_word' id='word_1_301' title='bbox 1045 4002 1296 4067; x_wconf 86' lang='lat' dir='ltr'>foveam;</span> <span class='ocrx_word' id='word_1_302' title='bbox 1337 4004 1387 4055; x_wconf 89' lang='lat' dir='ltr'>et</span> <span class='ocrx_word' id='word_1_303' title='bbox 1424 4016 1564 4054; x_wconf 90' lang='lat' dir='ltr'>nunc</span> <span class='ocrx_word' id='word_1_304' title='bbox 1605 4002 1792 4069; x_wconf 89' lang='lat' dir='ltr'>sequi-</span> 
     </span>
    </p>
   </div>
   <div class='ocr_carea' id='block_1_44' title="bbox 137 4084 1794 4158">
    <p class='ocr_par' dir='ltr' id='par_1_44' title="bbox 137 4084 1794 4158">
     <span class='ocr_line' id='line_1_44' title="bbox 137 4084 1794 4158; baseline 0.005 -24"><span class='ocrx_word' id='word_1_305' title='bbox 137 4084 244 4136; x_wconf 83' lang='lat' dir='ltr'>mini</span> <span class='ocrx_word' id='word_1_306' title='bbox 272 4100 378 4142; x_wconf 88' lang='lat' dir='ltr'>cum</span> <span class='ocrx_word' id='word_1_307' title='bbox 405 4090 660 4143; x_wconf 81' lang='lat' dir='ltr'>ducimus</span> <span class='ocrx_word' id='word_1_308' title='bbox 691 4088 765 4143; x_wconf 89' lang='lat' dir='ltr'>ad</span> <span class='ocrx_word' id='word_1_309' title='bbox 801 4090 1112 4144; x_wconf 77' lang='lat' dir='ltr'>Ecclesium.</span> <span class='ocrx_word' id='word_1_310' title='bbox 1140 4090 1333 4144; x_wconf 71' lang='lat' dir='ltr'>Melius</span> <span class='ocrx_word' id='word_1_311' title='bbox 1349 4089 1564 4158; x_wconf 84' lang='lat' dir='ltr'>quidem</span> <span class='ocrx_word' id='word_1_312' title='bbox 1585 4094 1721 4150; x_wconf 86' lang='lat' dir='ltr'>erat,</span> <span class='ocrx_word' id='word_1_313' title='bbox 1744 4092 1794 4143; x_wconf 85' lang='lat' dir='ltr'>si</span> 
     </span>
    </p>
   </div>
   <div class='ocr_carea' id='block_1_45' title="bbox 136 4176 1791 4245">
    <p class='ocr_par' dir='ltr' id='par_1_45' title="bbox 136 4176 1791 4245">
     <span class='ocr_line' id='line_1_45' title="bbox 136 4176 1791 4245; baseline 0.006 -27"><span class='ocrx_word' id='word_1_314' title='bbox 136 4184 364 4240; x_wconf 84' lang='lat' dir='ltr'>nunquam</span> <span class='ocrx_word' id='word_1_315' title='bbox 391 4192 729 4232; x_wconf 83' lang='lat' dir='ltr'>erraremus:</span> <span class='ocrx_word' id='word_1_316' title='bbox 761 4177 856 4231; x_wconf 89' lang='lat' dir='ltr'>sed</span> <span class='ocrx_word' id='word_1_317' title='bbox 882 4179 966 4231; x_wconf 88' lang='lat' dir='ltr'>vel</span> <span class='ocrx_word' id='word_1_318' title='bbox 995 4176 1140 4245; x_wconf 90' lang='lat' dir='ltr'>quod</span> <span class='ocrx_word' id='word_1_319' title='bbox 1176 4176 1463 4231; x_wconf 89' lang='lat' dir='ltr'>secundum</span> <span class='ocrx_word' id='word_1_320' title='bbox 1510 4181 1586 4230; x_wconf 89' lang='lat' dir='ltr'>est</span> <span class='ocrx_word' id='word_1_321' title='bbox 1613 4177 1791 4242; x_wconf 83' lang='lat' dir='ltr'>facia-</span> 
     </span>
    </p>
   </div>
   <div class='ocr_carea' id='block_1_46' title="bbox 137 4263 1789 4335">
    <p class='ocr_par' dir='ltr' id='par_1_46' title="bbox 137 4263 1789 4335">
     <span class='ocr_line' id='line_1_46' title="bbox 137 4263 1789 4335; baseline -0.002 -17"><span class='ocrx_word' id='word_1_322' title='bbox 137 4272 244 4327; x_wconf 72' lang='lat' dir='ltr'>muS,</span> <span class='ocrx_word' id='word_1_323' title='bbox 270 4270 325 4318; x_wconf 88' lang='lat' dir='ltr'>ut</span> <span class='ocrx_word' id='word_1_324' title='bbox 349 4282 583 4320; x_wconf 87' lang='lat' dir='ltr'>errorem</span> <span class='ocrx_word' id='word_1_325' title='bbox 627 4266 926 4335; x_wconf 85' lang='lat' dir='ltr'>aliquando</span> <span class='ocrx_word' id='word_1_326' title='bbox 956 4265 1288 4319; x_wconf 86' lang='lat' dir='ltr'>emendemus</span> <span class='ocrx_word' id='word_1_327' title='bbox 1343 4264 1520 4333; x_wconf 70' lang='lat' dir='ltr'>(Ibid,</span> <span class='ocrx_word' id='word_1_328' title='bbox 1569 4280 1624 4318; x_wconf 90' lang='lat' dir='ltr'>n.</span> <span class='ocrx_word' id='word_1_329' title='bbox 1684 4263 1789 4333; x_wconf 78' lang='grc'>14).</span> 
     </span>
    </p>
   </div>
   <div class='ocr_carea' id='block_1_47' title="bbox 138 4347 1792 4426">
    <p class='ocr_par' dir='ltr' id='par_1_47' title="bbox 138 4347 1792 4426">
     <span class='ocr_line' id='line_1_47' title="bbox 138 4347 1792 4426; baseline 0.001 -23"><span class='ocrx_word' id='word_1_330' title='bbox 138 4347 250 4403; x_wconf 87' lang='lat' dir='ltr'>Tum</span> <span class='ocrx_word' id='word_1_331' title='bbox 317 4354 659 4426; x_wconf 87' lang='lat' dir='ltr'>subjungit:</span> <span class='ocrx_word' id='word_1_332' title='bbox 738 4357 956 4409; x_wconf 89' lang='lat' dir='ltr'>Possent</span> <span class='ocrx_word' id='word_1_333' title='bbox 1005 4356 1114 4408; x_wconf 87' lang='lat' dir='ltr'>ista</span> <span class='ocrx_word' id='word_1_334' title='bbox 1167 4353 1340 4406; x_wconf 81' lang='lat' dir='ltr'>dicere</span> <span class='ocrx_word' id='word_1_335' title='bbox 1386 4368 1398 4406; x_wconf 94' lang='lat'>:</span> <span class='ocrx_word' id='word_1_336' title='bbox 1450 4352 1792 4419; x_wconf 81' lang='lat' dir='ltr'>indignanti-</span> 
     </span>
    </p>
   </div>
   <div class='ocr_carea' id='block_1_48' title="bbox 141 4433 1794 4511">
    <p class='ocr_par' dir='ltr' id='par_1_48' title="bbox 141 4433 1794 4511">
     <span class='ocr_line' id='line_1_48' title="bbox 141 4433 1794 4511; baseline 0.002 -21"><span class='ocrx_word' id='word_1_337' title='bbox 141 4433 215 4490; x_wconf 78' lang='lat' dir='ltr'>bus</span> <span class='ocrx_word' id='word_1_338' title='bbox 239 4439 473 4510; x_wconf 78' lang='lat' dir='ltr'>dicerent,</span> <span class='ocrx_word' id='word_1_339' title='bbox 502 4445 671 4498; x_wconf 79' lang='lat' dir='ltr'>iratis</span> <span class='ocrx_word' id='word_1_340' title='bbox 701 4443 957 4510; x_wconf 77' lang='lat' dir='ltr'>dicerent,</span> <span class='ocrx_word' id='word_1_341' title='bbox 1009 4441 1312 4511; x_wconf 82' lang='lat' dir='ltr'>aliquando</span> <span class='ocrx_word' id='word_1_342' title='bbox 1341 4446 1390 4496; x_wconf 91' lang='lat' dir='ltr'>et</span> <span class='ocrx_word' id='word_1_343' title='bbox 1428 4442 1515 4496; x_wconf 89' lang='lat' dir='ltr'>illi</span> <span class='ocrx_word' id='word_1_344' title='bbox 1536 4445 1794 4510; x_wconf 81' lang='lat' dir='ltr'>ponerent</span> 
     </span>
    </p>
   </div>
   <div class='ocr_carea' id='block_1_49' title="bbox 139 4524 1794 4599">
    <p class='ocr_par' dir='ltr' id='par_1_49' title="bbox 139 4524 1794 4599">
     <span class='ocr_line' id='line_1_49' title="bbox 139 4524 1794 4599; baseline -0.001 -16"><span class='ocrx_word' id='word_1_345' title='bbox 139 4524 542 4599; x_wconf 65' lang='lat' dir='ltr'>indignationem,</span> <span class='ocrx_word' id='word_1_346' title='bbox 576 4537 824 4586; x_wconf 88' lang='lat' dir='ltr'>amarent</span> <span class='ocrx_word' id='word_1_347' title='bbox 851 4532 934 4585; x_wconf 81' lang='lat' dir='ltr'>vel</span> <span class='ocrx_word' id='word_1_348' title='bbox 971 4546 1087 4585; x_wconf 90' lang='lat' dir='ltr'>sero</span> <span class='ocrx_word' id='word_1_349' title='bbox 1116 4532 1405 4584; x_wconf 87' lang='lat' dir='ltr'>unitatem.</span> <span class='ocrx_word' id='word_1_350' title='bbox 1450 4533 1529 4583; x_wconf 90' lang='lat' dir='ltr'>Ac</span> <span class='ocrx_word' id='word_1_351' title='bbox 1561 4528 1794 4582; x_wconf 88' lang='lat' dir='ltr'>demum</span> 
     </span>
    </p>
   </div>
   <div class='ocr_carea' id='block_1_50' title="bbox 137 4612 1789 4688">
    <p class='ocr_par' dir='ltr' id='par_1_50' title="bbox 137 4612 1789 4688">
     <span class='ocr_line' id='line_1_50' title="bbox 137 4612 1789 4688; baseline 0.002 -22"><span class='ocrx_word' id='word_1_352' title='bbox 137 4612 192 4666; x_wconf 79' lang='lat' dir='ltr'>ad</span> <span class='ocrx_word' id='word_1_353' title='bbox 224 4615 521 4674; x_wconf 83' lang='lat' dir='ltr'>Catholicos</span> <span class='ocrx_word' id='word_1_354' title='bbox 571 4635 844 4673; x_wconf 91' lang='lat' dir='ltr'>conversa</span> <span class='ocrx_word' id='word_1_355' title='bbox 887 4619 1146 4673; x_wconf 88' lang='lat' dir='ltr'>oratione</span> <span class='ocrx_word' id='word_1_356' title='bbox 1177 4618 1257 4672; x_wconf 92' lang='lat' dir='ltr'>sic</span> <span class='ocrx_word' id='word_1_357' title='bbox 1309 4635 1407 4672; x_wconf 90' lang='lat' dir='ltr'>eos</span> <span class='ocrx_word' id='word_1_358' title='bbox 1437 4617 1789 4688; x_wconf 84' lang='lat' dir='ltr'>alloquitur;</span> 
     </span>
    </p>
   </div>
   <div class='ocr_carea' id='block_1_51' title="bbox 137 4702 1793 4778">
    <p class='ocr_par' dir='ltr' id='par_1_51' title="bbox 137 4702 1793 4778">
     <span class='ocr_line' id='line_1_51' title="bbox 137 4702 1793 4778; baseline 0.004 -24"><span class='ocrx_word' id='word_1_359' title='bbox 137 4702 221 4757; x_wconf 77' lang='lat' dir='ltr'>Nos</span> <span class='ocrx_word' id='word_1_360' title='bbox 245 4710 427 4775; x_wconf 87' lang='lat' dir='ltr'>tamen,</span> <span class='ocrx_word' id='word_1_361' title='bbox 465 4711 692 4775; x_wconf 84' lang='lat' dir='ltr'>fratres,</span> <span class='ocrx_word' id='word_1_362' title='bbox 722 4711 990 4778; x_wconf 84' lang='lat' dir='ltr'>patientes</span> <span class='ocrx_word' id='word_1_363' title='bbox 1035 4709 1180 4763; x_wconf 86' lang='lat' dir='ltr'>circa</span> <span class='ocrx_word' id='word_1_364' title='bbox 1204 4709 1324 4762; x_wconf 91' lang='lat' dir='ltr'>illos</span> <span class='ocrx_word' id='word_1_365' title='bbox 1359 4709 1565 4774; x_wconf 86' lang='lat' dir='ltr'>simus;</span> <span class='ocrx_word' id='word_1_366' title='bbox 1595 4709 1652 4760; x_wconf 89' lang='lat' dir='ltr'>in</span> <span class='ocrx_word' id='word_1_367' title='bbox 1679 4709 1793 4773; x_wconf 86' lang='lat' dir='ltr'>fer-</span> 
     </span>
    </p>
   </div>
   <div class='ocr_carea' id='block_1_52' title="bbox 136 4795 1798 4865">
    <p class='ocr_par' dir='ltr' id='par_1_52' title="bbox 136 4795 1798 4865">
     <span class='ocr_line' id='line_1_52' title="bbox 136 4795 1798 4865; baseline 0.002 -21"><span class='ocrx_word' id='word_1_368' title='bbox 136 4804 233 4844; x_wconf 68' lang='lat' dir='ltr'>vore</span> <span class='ocrx_word' id='word_1_369' title='bbox 254 4801 370 4849; x_wconf 85' lang='lat' dir='ltr'>sunt</span> <span class='ocrx_word' id='word_1_370' title='bbox 396 4801 445 4849; x_wconf 87' lang='lat' dir='ltr'>et</span> <span class='ocrx_word' id='word_1_371' title='bbox 476 4801 682 4850; x_wconf 88' lang='lat' dir='ltr'>tumore</span> <span class='ocrx_word' id='word_1_372' title='bbox 709 4797 850 4851; x_wconf 75' lang='lat' dir='ltr'>oculi</span> <span class='ocrx_word' id='word_1_373' title='bbox 878 4811 1008 4865; x_wconf 89' lang='lat' dir='ltr'>quos</span> <span class='ocrx_word' id='word_1_374' title='bbox 1028 4811 1297 4850; x_wconf 81' lang='lat' dir='ltr'>curamus.</span> <span class='ocrx_word' id='word_1_375' title='bbox 1325 4797 1445 4852; x_wconf 87' lang='lat' dir='ltr'>Non</span> <span class='ocrx_word' id='word_1_376' title='bbox 1483 4795 1601 4849; x_wconf 89' lang='lat' dir='ltr'>dico</span> <span class='ocrx_word' id='word_1_377' title='bbox 1625 4799 1687 4849; x_wconf 91' lang='lat' dir='ltr'>ut</span> <span class='ocrx_word' id='word_1_378' title='bbox 1715 4811 1798 4848; x_wconf 88' lang='lat' dir='ltr'>cu-</span> 
     </span>
    </p>
   </div>
   <div class='ocr_carea' id='block_1_53' title="bbox 136 4885 1796 4952">
    <p class='ocr_par' dir='ltr' id='par_1_53' title="bbox 136 4885 1796 4952">
     <span class='ocr_line' id='line_1_53' title="bbox 136 4885 1796 4952; baseline 0.002 -18"><span class='ocrx_word' id='word_1_379' title='bbox 136 4895 233 4934; x_wconf 75' lang='lat' dir='ltr'>rare</span> <span class='ocrx_word' id='word_1_380' title='bbox 265 4898 550 4952; x_wconf 86' lang='lat' dir='ltr'>cessemus;</span> <span class='ocrx_word' id='word_1_381' title='bbox 580 4886 674 4941; x_wconf 87' lang='lat' dir='ltr'>sed</span> <span class='ocrx_word' id='word_1_382' title='bbox 702 4890 760 4940; x_wconf 88' lang='lat' dir='ltr'>ut</span> <span class='ocrx_word' id='word_1_383' title='bbox 797 4901 905 4940; x_wconf 89' lang='lat' dir='ltr'>non</span> <span class='ocrx_word' id='word_1_384' title='bbox 948 4885 1391 4940; x_wconf 81' lang='lat' dir='ltr'>insultationibus</span> <span class='ocrx_word' id='word_1_385' title='bbox 1442 4885 1517 4938; x_wconf 90' lang='lat' dir='ltr'>ad</span> <span class='ocrx_word' id='word_1_386' title='bbox 1564 4885 1796 4952; x_wconf 61' lang='lat' dir='ltr'>majores</span> 
     </span>
    </p>
   </div>
   <div class='ocr_carea' id='block_1_54' title="bbox 136 4973 1792 5044">
    <p class='ocr_par' dir='ltr' id='par_1_54' title="bbox 136 4973 1792 5044">
     <span class='ocr_line' id='line_1_54' title="bbox 136 4973 1792 5044; baseline 0.005 -26"><span class='ocrx_word' id='word_1_387' title='bbox 136 4973 487 5029; x_wconf 80' lang='lat' dir='ltr'>omaritudines</span> <span class='ocrx_word' id='word_1_388' title='bbox 512 4991 893 5044; x_wconf 81' lang='lat' dir='ltr'>provocemus:</span> <span class='ocrx_word' id='word_1_389' title='bbox 939 4977 1201 5028; x_wconf 86' lang='lat' dir='ltr'>rationem</span> <span class='ocrx_word' id='word_1_390' title='bbox 1248 4975 1436 5027; x_wconf 87' lang='lat' dir='ltr'>leniter</span> <span class='ocrx_word' id='word_1_391' title='bbox 1480 4974 1792 5039; x_wconf 85' lang='lat' dir='ltr'>reddamus,</span> 
     </span>
    </p>
   </div>
   <div class='ocr_carea' id='block_1_55' title="bbox 132 5059 1793 5134">
    <p class='ocr_par' dir='ltr' id='par_1_55' title="bbox 132 5059 1793 5134">
     <span class='ocr_line' id='line_1_55' title="bbox 132 5059 1793 5134; baseline 0.005 -26"><span class='ocrx_word' id='word_1_392' title='bbox 132 5070 217 5110; x_wconf 82' lang='lat' dir='ltr'>non</span> <span class='ocrx_word' id='word_1_393' title='bbox 239 5059 297 5113; x_wconf 87' lang='lat' dir='ltr'>de</span> <span class='ocrx_word' id='word_1_394' title='bbox 319 5064 545 5118; x_wconf 82' lang='lat' dir='ltr'>victoria</span> <span class='ocrx_word' id='word_1_395' title='bbox 569 5064 794 5134; x_wconf 84' lang='lat' dir='ltr'>superbe</span> <span class='ocrx_word' id='word_1_396' title='bbox 823 5064 1150 5118; x_wconf 74' lang='lat' dir='ltr'>emsultemus</span> <span class='ocrx_word' id='word_1_397' title='bbox 1182 5062 1368 5133; x_wconf 75' lang='lat' dir='ltr'>(Ibid,</span> <span class='ocrx_word' id='word_1_398' title='bbox 1402 5078 1458 5116; x_wconf 84' lang='grc' dir='ltr'>η.</span> <span class='ocrx_word' id='word_1_399' title='bbox 1492 5061 1600 5133; x_wconf 83' lang='grc'>15).</span> <span class='ocrx_word' id='word_1_400' title='bbox 1633 5065 1793 5116; x_wconf 88' lang='lat' dir='ltr'>Atta-</span> 
     </span>
    </p>
   </div>
   <div class='ocr_carea' id='block_1_56' title="bbox 138 5149 1794 5223">
    <p class='ocr_par' dir='ltr' id='par_1_56' title="bbox 138 5149 1794 5223">
     <span class='ocr_line' id='line_1_56' title="bbox 138 5149 1794 5223; baseline 0.004 -26"><span class='ocrx_word' id='word_1_401' title='bbox 138 5157 246 5199; x_wconf 90' lang='lat' dir='ltr'>men</span> <span class='ocrx_word' id='word_1_402' title='bbox 271 5155 486 5219; x_wconf 87' lang='lat' dir='ltr'>sperato</span> <span class='ocrx_word' id='word_1_403' title='bbox 517 5168 773 5206; x_wconf 89' lang='lat' dir='ltr'>successu</span> <span class='ocrx_word' id='word_1_404' title='bbox 804 5168 923 5206; x_wconf 92' lang='lat' dir='ltr'>non</span> <span class='ocrx_word' id='word_1_405' title='bbox 954 5151 1123 5223; x_wconf 87' lang='lat' dir='ltr'>plane</span> <span class='ocrx_word' id='word_1_406' title='bbox 1154 5150 1334 5206; x_wconf 88' lang='lat' dir='ltr'>caruit</span> <span class='ocrx_word' id='word_1_407' title='bbox 1380 5150 1634 5222; x_wconf 89' lang='lat' dir='ltr'>prudens</span> <span class='ocrx_word' id='word_1_408' title='bbox 1676 5149 1794 5218; x_wconf 90' lang='lat' dir='ltr'>illa,</span> 
     </span>
    </p>
   </div>
   <div class='ocr_carea' id='block_1_57' title="bbox 135 5238 1792 5312">
    <p class='ocr_par' dir='ltr' id='par_1_57' title="bbox 135 5238 1792 5312">
     <span class='ocr_line' id='line_1_57' title="bbox 135 5238 1792 5312; baseline 0.004 -27"><span class='ocrx_word' id='word_1_409' title='bbox 135 5245 279 5300; x_wconf 78' lang='lat' dir='ltr'>quam</span> <span class='ocrx_word' id='word_1_410' title='bbox 307 5239 654 5310; x_wconf 80' lang='lat' dir='ltr'>Augustinus</span> <span class='ocrx_word' id='word_1_411' title='bbox 679 5241 884 5310; x_wconf 89' lang='lat' dir='ltr'>tenuit,</span> <span class='ocrx_word' id='word_1_412' title='bbox 908 5240 1115 5312; x_wconf 84' lang='lat' dir='ltr'>agendi</span> <span class='ocrx_word' id='word_1_413' title='bbox 1141 5239 1286 5294; x_wconf 89' lang='lat' dir='ltr'>ratio</span> <span class='ocrx_word' id='word_1_414' title='bbox 1312 5256 1325 5294; x_wconf 92' lang='lat'>:</span> <span class='ocrx_word' id='word_1_415' title='bbox 1351 5238 1636 5311; x_wconf 90' lang='lat' dir='ltr'>siquidem</span> <span class='ocrx_word' id='word_1_416' title='bbox 1667 5239 1792 5295; x_wconf 90' lang='lat' dir='ltr'>Col-</span> 
     </span>
    </p>
   </div>
   <div class='ocr_carea' id='block_1_58' title="bbox 136 5319 1795 5397">
    <p class='ocr_par' dir='ltr' id='par_1_58' title="bbox 136 5319 1795 5397">
     <span class='ocr_line' id='line_1_58' title="bbox 136 5319 1795 5397; baseline 0.007 -27"><span class='ocrx_word' id='word_1_417' title='bbox 136 5319 374 5379; x_wconf 83' lang='lat' dir='ltr'>lationem</span> <span class='ocrx_word' id='word_1_418' title='bbox 410 5328 694 5382; x_wconf 88' lang='lat' dir='ltr'>consecuti</span> <span class='ocrx_word' id='word_1_419' title='bbox 723 5333 856 5383; x_wconf 86' lang='lat' dir='ltr'>sunt</span> <span class='ocrx_word' id='word_1_420' title='bbox 882 5329 1220 5397; x_wconf 89' lang='lat' dir='ltr'>multorum,</span> <span class='ocrx_word' id='word_1_421' title='bbox 1253 5328 1424 5382; x_wconf 88' lang='lat' dir='ltr'>etiam</span> <span class='ocrx_word' id='word_1_422' title='bbox 1455 5327 1795 5383; x_wconf 88' lang='lat' dir='ltr'>Circumcel-</span> 
     </span>
    </p>
   </div>
   <div class='ocr_carea' id='block_1_59' title="bbox 137 5405 1794 5480">
    <p class='ocr_par' dir='ltr' id='par_1_59' title="bbox 137 5405 1794 5480">
     <span class='ocr_line' id='line_1_59' title="bbox 137 5405 1794 5480; baseline 0.008 -24"><span class='ocrx_word' id='word_1_423' title='bbox 137 5405 346 5480; x_wconf 88' lang='lat' dir='ltr'>lionum,</span> <span class='ocrx_word' id='word_1_424' title='bbox 385 5415 454 5470; x_wconf 81' lang='lat' dir='ltr'>ad</span> <span class='ocrx_word' id='word_1_425' title='bbox 482 5416 737 5471; x_wconf 63' lang='lat' dir='ltr'>Ecclesiae</span> <span class='ocrx_word' id='word_1_426' title='bbox 767 5418 937 5471; x_wconf 82' lang='lat' dir='ltr'>ﬁdem</span> <span class='ocrx_word' id='word_1_427' title='bbox 972 5416 1203 5471; x_wconf 90' lang='lat' dir='ltr'>reditus.</span> <span class='ocrx_word' id='word_1_428' title='bbox 1238 5417 1316 5470; x_wconf 88' lang='lat' dir='ltr'>De</span> <span class='ocrx_word' id='word_1_429' title='bbox 1355 5416 1443 5469; x_wconf 89' lang='lat' dir='ltr'>his</span> <span class='ocrx_word' id='word_1_430' title='bbox 1473 5431 1794 5470; x_wconf 88' lang='lat' dir='ltr'>sermonem</span> 
     </span>
    </p>
   </div>
   <div class='ocr_carea' id='block_1_60' title="bbox 135 5493 1796 5575">
    <p class='ocr_par' dir='ltr' id='par_1_60' title="bbox 135 5493 1796 5575">
     <span class='ocr_line' id='line_1_60' title="bbox 135 5493 1796 5575; baseline 0.007 -27"><span class='ocrx_word' id='word_1_431' title='bbox 135 5493 323 5554; x_wconf 84' lang='lat' dir='ltr'>habens</span> <span class='ocrx_word' id='word_1_432' title='bbox 389 5506 741 5575; x_wconf 87' lang='lat' dir='ltr'>Augustinus</span> <span class='ocrx_word' id='word_1_433' title='bbox 795 5507 1111 5562; x_wconf 69' lang='lat' dir='ltr'>Exercenda</span> <span class='ocrx_word' id='word_1_434' title='bbox 1189 5510 1286 5572; x_wconf 87' lang='lat' dir='ltr'>est,</span> <span class='ocrx_word' id='word_1_435' title='bbox 1349 5505 1446 5568; x_wconf 90' lang='lat' dir='ltr'>ait,</span> <span class='ocrx_word' id='word_1_436' title='bbox 1532 5506 1796 5570; x_wconf 76' lang='lat' dir='ltr'>Charitas,</span> 
     </span>
    </p>
   </div>
   <div class='ocr_carea' id='block_1_61' title="bbox 3498 249 3602 302">
    <p class='ocr_par' dir='ltr' id='par_1_61' title="bbox 3498 249 3602 302">
     <span class='ocr_line' id='line_1_61' title="bbox 3498 249 3602 302; baseline -0.019 0"><span class='ocrx_word' id='word_1_437' title='bbox 3498 249 3602 302; x_wconf 73' lang='grc'>438</span> 
     </span>
    </p>
   </div>
   <div class='ocr_carea' id='block_1_62' title="bbox 1906 367 3598 438">
    <p class='ocr_par' dir='ltr' id='par_1_62' title="bbox 1906 367 3598 438">
     <span class='ocr_line' id='line_1_62' title="bbox 1906 367 3598 438; baseline 0.005 -20"><span class='ocrx_word' id='word_1_438' title='bbox 1906 367 2133 420; x_wconf 83' lang='lat' dir='ltr'>amandi</span> <span class='ocrx_word' id='word_1_439' title='bbox 2160 371 2208 420; x_wconf 87' lang='lat' dir='ltr'>et</span> <span class='ocrx_word' id='word_1_440' title='bbox 2240 368 2364 436; x_wconf 85' lang='lat' dir='ltr'>ipsi.</span> <span class='ocrx_word' id='word_1_441' title='bbox 2401 367 2566 421; x_wconf 85' lang='lat' dir='ltr'>Multi</span> <span class='ocrx_word' id='word_1_442' title='bbox 2590 371 2812 422; x_wconf 87' lang='lat' dir='ltr'>correcti</span> <span class='ocrx_word' id='word_1_443' title='bbox 2846 372 3124 438; x_wconf 79' lang='lat' dir='ltr'>fle-verunt,</span> <span class='ocrx_word' id='word_1_444' title='bbox 3151 370 3309 424; x_wconf 87' lang='lat' dir='ltr'>multi</span> <span class='ocrx_word' id='word_1_445' title='bbox 3348 375 3598 426; x_wconf 85' lang='lat' dir='ltr'>correcti:</span> 
     </span>
    </p>
   </div>
   <div class='ocr_carea' id='block_1_63' title="bbox 1903 455 3601 528">
    <p class='ocr_par' dir='ltr' id='par_1_63' title="bbox 1903 455 3601 528">
     <span class='ocr_line' id='line_1_63' title="bbox 1903 455 3601 528; baseline 0.003 -20"><span class='ocrx_word' id='word_1_446' title='bbox 1903 469 1998 508; x_wconf 90' lang='lat' dir='ltr'>nos</span> <span class='ocrx_word' id='word_1_447' title='bbox 2027 457 2292 521; x_wconf 83' lang='lat' dir='ltr'>novimus,</span> <span class='ocrx_word' id='word_1_448' title='bbox 2319 455 2394 509; x_wconf 90' lang='lat' dir='ltr'>ad</span> <span class='ocrx_word' id='word_1_449' title='bbox 2415 471 2510 510; x_wconf 90' lang='lat' dir='ltr'>nos</span> <span class='ocrx_word' id='word_1_450' title='bbox 2554 460 2812 511; x_wconf 87' lang='lat' dir='ltr'>venerunt</span> <span class='ocrx_word' id='word_1_451' title='bbox 2851 457 2914 510; x_wconf 83' lang='lat' dir='ltr'>de</span> <span class='ocrx_word' id='word_1_452' title='bbox 2955 473 3171 512; x_wconf 88' lang='lat' dir='ltr'>numero</span> <span class='ocrx_word' id='word_1_453' title='bbox 3225 461 3464 528; x_wconf 86' lang='lat' dir='ltr'>ipsorum</span> <span class='ocrx_word' id='word_1_454' title='bbox 3509 463 3601 526; x_wconf 89' lang='lat' dir='ltr'>fu-</span> 
     </span>
    </p>
   </div>
   <div class='ocr_carea' id='block_1_64' title="bbox 1903 545 3602 614">
    <p class='ocr_par' dir='ltr' id='par_1_64' title="bbox 1903 545 3602 614">
     <span class='ocr_line' id='line_1_64' title="bbox 1903 545 3602 614; baseline 0.003 -17"><span class='ocrx_word' id='word_1_455' title='bbox 1903 545 2185 598; x_wconf 85' lang='lat' dir='ltr'>riosorum.</span> <span class='ocrx_word' id='word_1_456' title='bbox 2218 545 2369 599; x_wconf 75' lang='lat' dir='ltr'>Fient</span> <span class='ocrx_word' id='word_1_457' title='bbox 2399 545 2641 614; x_wconf 85' lang='lat' dir='ltr'>quotidie</span> <span class='ocrx_word' id='word_1_458' title='bbox 2665 549 2943 614; x_wconf 67' lang='lat' dir='ltr'>praeterita</span> <span class='ocrx_word' id='word_1_459' title='bbox 2973 561 3093 610; x_wconf 79' lang='lat' dir='ltr'>sua,</span> <span class='ocrx_word' id='word_1_460' title='bbox 3115 562 3207 601; x_wconf 86' lang='lat' dir='ltr'>nec</span> <span class='ocrx_word' id='word_1_461' title='bbox 3227 550 3504 602; x_wconf 85' lang='lat' dir='ltr'>satiantur</span> <span class='ocrx_word' id='word_1_462' title='bbox 3523 551 3602 602; x_wconf 91' lang='lat' dir='ltr'>la-</span> 
     </span>
    </p>
   </div>
   <div class='ocr_carea' id='block_1_65' title="bbox 1903 635 3606 706">
    <p class='ocr_par' dir='ltr' id='par_1_65' title="bbox 1903 635 3606 706">
     <span class='ocr_line' id='line_1_65' title="bbox 1903 635 3606 706; baseline 0.002 -21"><span class='ocrx_word' id='word_1_463' title='bbox 1903 636 2120 700; x_wconf 82' lang='lat' dir='ltr'>crymis,</span> <span class='ocrx_word' id='word_1_464' title='bbox 2173 635 2504 690; x_wconf 85' lang='lat' dir='ltr'>attendentes</span> <span class='ocrx_word' id='word_1_465' title='bbox 2561 651 2739 690; x_wconf 88' lang='lat' dir='ltr'>eorum</span> <span class='ocrx_word' id='word_1_466' title='bbox 2786 639 3045 704; x_wconf 89' lang='lat' dir='ltr'>furorem,</span> <span class='ocrx_word' id='word_1_467' title='bbox 3091 639 3188 706; x_wconf 85' lang='lat' dir='ltr'>qui</span> <span class='ocrx_word' id='word_1_468' title='bbox 3245 653 3349 690; x_wconf 89' lang='lat' dir='ltr'>non</span> <span class='ocrx_word' id='word_1_469' title='bbox 3395 637 3606 703; x_wconf 80' lang='lat' dir='ltr'>digesta</span> 
     </span>
    </p>
   </div>
   <div class='ocr_carea' id='block_1_66' title="bbox 1902 720 3604 795">
    <p class='ocr_par' dir='ltr' id='par_1_66' title="bbox 1902 720 3604 795">
     <span class='ocr_line' id='line_1_66' title="bbox 1902 720 3604 795; baseline 0.004 -22"><span class='ocrx_word' id='word_1_470' title='bbox 1902 720 2155 775; x_wconf 83' lang='lat' dir='ltr'>ebrietate</span> <span class='ocrx_word' id='word_1_471' title='bbox 2182 724 2445 776; x_wconf 84' lang='lat' dir='ltr'>vanitatis</span> <span class='ocrx_word' id='word_1_472' title='bbox 2475 724 2652 777; x_wconf 84' lang='lat' dir='ltr'>adhuc</span> <span class='ocrx_word' id='word_1_473' title='bbox 2694 726 2920 778; x_wconf 65' lang='lat' dir='ltr'>smviunt</span> <span class='ocrx_word' id='word_1_474' title='bbox 2954 726 3141 795; x_wconf 84' lang='lat' dir='ltr'>(Serm.</span> <span class='ocrx_word' id='word_1_475' title='bbox 3175 727 3298 791; x_wconf 80' lang='lat'>359,</span> <span class='ocrx_word' id='word_1_476' title='bbox 3331 742 3385 779; x_wconf 91' lang='lat' dir='ltr'>n.</span> <span class='ocrx_word' id='word_1_477' title='bbox 3421 729 3488 787; x_wconf 89' lang='grc'>8).</span> <span class='ocrx_word' id='word_1_478' title='bbox 3526 728 3604 780; x_wconf 93' lang='lat' dir='ltr'>De</span> 
     </span>
    </p>
   </div>
   <div class='ocr_carea' id='block_1_67' title="bbox 1901 807 3603 884">
    <p class='ocr_par' dir='ltr' id='par_1_67' title="bbox 1901 807 3603 884">
     <span class='ocr_line' id='line_1_67' title="bbox 1901 807 3603 884; baseline 0.005 -23"><span class='ocrx_word' id='word_1_479' title='bbox 1901 807 2108 864; x_wconf 88' lang='lat' dir='ltr'>iisdem</span> <span class='ocrx_word' id='word_1_480' title='bbox 2132 810 2306 864; x_wconf 88' lang='lat' dir='ltr'>habet</span> <span class='ocrx_word' id='word_1_481' title='bbox 2336 811 2471 865; x_wconf 91' lang='lat' dir='ltr'>alibi</span> <span class='ocrx_word' id='word_1_482' title='bbox 2493 812 2793 882; x_wconf 87' lang='lat' dir='ltr'>sequentia</span> <span class='ocrx_word' id='word_1_483' title='bbox 2817 829 2829 866; x_wconf 88' lang='lat'>:</span> <span class='ocrx_word' id='word_1_484' title='bbox 2853 816 2940 866; x_wconf 79' lang='lat' dir='ltr'>Ea:</span> <span class='ocrx_word' id='word_1_485' title='bbox 2971 815 3064 866; x_wconf 88' lang='lat' dir='ltr'>hoc</span> <span class='ocrx_word' id='word_1_486' title='bbox 3095 829 3283 882; x_wconf 85' lang='lat' dir='ltr'>genere</span> <span class='ocrx_word' id='word_1_487' title='bbox 3311 817 3433 884; x_wconf 83' lang='lat' dir='ltr'>quis</span> <span class='ocrx_word' id='word_1_488' title='bbox 3454 816 3603 881; x_wconf 87' lang='lat' dir='ltr'>igno-</span> 
     </span>
    </p>
   </div>
   <div class='ocr_carea' id='block_1_68' title="bbox 1899 900 3601 973">
    <p class='ocr_par' dir='ltr' id='par_1_68' title="bbox 1899 900 3601 973">
     <span class='ocr_line' id='line_1_68' title="bbox 1899 900 3601 973; baseline 0.002 -22"><span class='ocrx_word' id='word_1_489' title='bbox 1899 903 1989 951; x_wconf 85' lang='lat' dir='ltr'>rat</span> <span class='ocrx_word' id='word_1_490' title='bbox 2017 915 2179 967; x_wconf 87' lang='lat' dir='ltr'>quam</span> <span class='ocrx_word' id='word_1_491' title='bbox 2217 901 2378 953; x_wconf 88' lang='lat' dir='ltr'>multi</span> <span class='ocrx_word' id='word_1_492' title='bbox 2397 903 2557 953; x_wconf 85' lang='lat' dir='ltr'>antea</span> <span class='ocrx_word' id='word_1_493' title='bbox 2585 917 2682 969; x_wconf 85' lang='lat' dir='ltr'>per</span> <span class='ocrx_word' id='word_1_494' title='bbox 2707 900 2948 953; x_wconf 84' lang='lat' dir='ltr'>diversas</span> <span class='ocrx_word' id='word_1_495' title='bbox 2975 906 3168 956; x_wconf 87' lang='lat' dir='ltr'>mortes</span> <span class='ocrx_word' id='word_1_496' title='bbox 3195 903 3369 970; x_wconf 85' lang='lat' dir='ltr'>ibunt,</span> <span class='ocrx_word' id='word_1_497' title='bbox 3392 907 3442 955; x_wconf 89' lang='lat' dir='ltr'>et</span> <span class='ocrx_word' id='word_1_498' title='bbox 3459 905 3601 973; x_wconf 77' lang='lat' dir='ltr'>peri—</span> 
     </span>
    </p>
   </div>
   <div class='ocr_carea' id='block_1_69' title="bbox 1902 987 3603 1058">
    <p class='ocr_par' dir='ltr' id='par_1_69' title="bbox 1902 987 3603 1058">
     <span class='ocr_line' id='line_1_69' title="bbox 1902 987 3603 1058; baseline 0.002 -18"><span class='ocrx_word' id='word_1_499' title='bbox 1902 987 2067 1053; x_wconf 88' lang='lat' dir='ltr'>bant;</span> <span class='ocrx_word' id='word_1_500' title='bbox 2105 992 2154 1042; x_wconf 86' lang='lat' dir='ltr'>et</span> <span class='ocrx_word' id='word_1_501' title='bbox 2182 1004 2320 1041; x_wconf 87' lang='lat' dir='ltr'>nunc</span> <span class='ocrx_word' id='word_1_502' title='bbox 2338 991 2394 1041; x_wconf 90' lang='lat' dir='ltr'>in</span> <span class='ocrx_word' id='word_1_503' title='bbox 2425 990 2639 1042; x_wconf 87' lang='lat' dir='ltr'>illorum</span> <span class='ocrx_word' id='word_1_504' title='bbox 2674 991 3089 1057; x_wconf 75' lang='lat' dir='ltr'>comparatione,</span> <span class='ocrx_word' id='word_1_505' title='bbox 3113 1005 3276 1058; x_wconf 85' lang='lat' dir='ltr'>quam</span> <span class='ocrx_word' id='word_1_506' title='bbox 3305 993 3469 1058; x_wconf 82' lang='lat' dir='ltr'>pauci</span> <span class='ocrx_word' id='word_1_507' title='bbox 3489 993 3603 1044; x_wconf 86' lang='lat' dir='ltr'>suis</span> 
     </span>
    </p>
   </div>
   <div class='ocr_carea' id='block_1_70' title="bbox 1900 1076 3604 1146">
    <p class='ocr_par' dir='ltr' id='par_1_70' title="bbox 1900 1076 3604 1146">
     <span class='ocr_line' id='line_1_70' title="bbox 1900 1076 3604 1146; baseline 0.002 -18"><span class='ocrx_word' id='word_1_508' title='bbox 1900 1076 2119 1144; x_wconf 86' lang='lat' dir='ltr'>ignibus</span> <span class='ocrx_word' id='word_1_509' title='bbox 2139 1077 2416 1143; x_wconf 80' lang='lat' dir='ltr'>ardeant?</span> <span class='ocrx_word' id='word_1_510' title='bbox 2447 1077 2552 1131; x_wconf 81' lang='lat' dir='ltr'>Sed</span> <span class='ocrx_word' id='word_1_511' title='bbox 2579 1079 2629 1130; x_wconf 90' lang='lat' dir='ltr'>si</span> <span class='ocrx_word' id='word_1_512' title='bbox 2652 1081 2818 1145; x_wconf 88' lang='lat' dir='ltr'>putas</span> <span class='ocrx_word' id='word_1_513' title='bbox 2848 1080 3049 1130; x_wconf 79' lang='lat' dir='ltr'>moveri</span> <span class='ocrx_word' id='word_1_514' title='bbox 3069 1094 3163 1131; x_wconf 91' lang='lat' dir='ltr'>nos</span> <span class='ocrx_word' id='word_1_515' title='bbox 3189 1082 3446 1146; x_wconf 79' lang='lat' dir='ltr'>oportere,</span> <span class='ocrx_word' id='word_1_516' title='bbox 3473 1082 3604 1146; x_wconf 83' lang='lat' dir='ltr'>quia</span> 
     </span>
    </p>
   </div>
   <div class='ocr_carea' id='block_1_71' title="bbox 1900 1167 3602 1234">
    <p class='ocr_par' dir='ltr' id='par_1_71' title="bbox 1900 1167 3602 1234">
     <span class='ocr_line' id='line_1_71' title="bbox 1900 1167 3602 1234; baseline 0.002 -16"><span class='ocrx_word' id='word_1_517' title='bbox 1900 1167 2003 1219; x_wconf 87' lang='lat' dir='ltr'>isto</span> <span class='ocrx_word' id='word_1_518' title='bbox 2034 1167 2186 1220; x_wconf 91' lang='lat' dir='ltr'>modo</span> <span class='ocrx_word' id='word_1_519' title='bbox 2217 1170 2292 1219; x_wconf 90' lang='lat' dir='ltr'>tot</span> <span class='ocrx_word' id='word_1_520' title='bbox 2323 1167 2498 1219; x_wconf 82' lang='lat' dir='ltr'>millia</span> <span class='ocrx_word' id='word_1_521' title='bbox 2523 1168 2831 1219; x_wconf 86' lang='lat' dir='ltr'>moriuntur</span> <span class='ocrx_word' id='word_1_522' title='bbox 2857 1186 2870 1233; x_wconf 85' lang='lat'><strong>;</strong></span> <span class='ocrx_word' id='word_1_523' title='bbox 2903 1171 3165 1234; x_wconf 89' lang='lat' dir='ltr'>quantum</span> <span class='ocrx_word' id='word_1_524' title='bbox 3196 1170 3479 1222; x_wconf 73' lang='lat' dir='ltr'>emistimas</span> <span class='ocrx_word' id='word_1_525' title='bbox 3509 1183 3602 1222; x_wconf 90' lang='lat' dir='ltr'>nos</span> 
     </span>
    </p>
   </div>
   <div class='ocr_carea' id='block_1_72' title="bbox 1902 1252 3601 1324">
    <p class='ocr_par' dir='ltr' id='par_1_72' title="bbox 1902 1252 3601 1324">
     <span class='ocr_line' id='line_1_72' title="bbox 1902 1252 3601 1324; baseline 0.002 -17"><span class='ocrx_word' id='word_1_526' title='bbox 1902 1255 2097 1309; x_wconf 88' lang='lat' dir='ltr'>habere</span> <span class='ocrx_word' id='word_1_527' title='bbox 2124 1252 2522 1321; x_wconf 84' lang='lat' dir='ltr'>consolationis,</span> <span class='ocrx_word' id='word_1_528' title='bbox 2556 1253 2701 1321; x_wconf 89' lang='lat' dir='ltr'>quod</span> <span class='ocrx_word' id='word_1_529' title='bbox 2732 1270 2765 1307; x_wconf 89' lang='lat' dir='ltr'>a</span> <span class='ocrx_word' id='word_1_530' title='bbox 2798 1259 2952 1307; x_wconf 87' lang='lat' dir='ltr'>tanta</span> <span class='ocrx_word' id='word_1_531' title='bbox 2981 1255 3249 1308; x_wconf 87' lang='lat' dir='ltr'>dementia</span> <span class='ocrx_word' id='word_1_532' title='bbox 3280 1258 3463 1324; x_wconf 85' lang='lat' dir='ltr'>partis</span> <span class='ocrx_word' id='word_1_533' title='bbox 3500 1259 3601 1310; x_wconf 91' lang='lat' dir='ltr'>Do-</span> 
     </span>
    </p>
   </div>
   <div class='ocr_carea' id='block_1_73' title="bbox 1901 1342 3604 1410">
    <p class='ocr_par' dir='ltr' id='par_1_73' title="bbox 1901 1342 3604 1410">
     <span class='ocr_line' id='line_1_73' title="bbox 1901 1342 3604 1410; baseline 0 -13"><span class='ocrx_word' id='word_1_534' title='bbox 1901 1346 2041 1410; x_wconf 85' lang='lat' dir='ltr'>nati,</span> <span class='ocrx_word' id='word_1_535' title='bbox 2075 1344 2168 1397; x_wconf 86' lang='lat' dir='ltr'>ubi</span> <span class='ocrx_word' id='word_1_536' title='bbox 2187 1358 2293 1396; x_wconf 91' lang='lat' dir='ltr'>non</span> <span class='ocrx_word' id='word_1_537' title='bbox 2309 1343 2477 1396; x_wconf 90' lang='lat' dir='ltr'>solum</span> <span class='ocrx_word' id='word_1_538' title='bbox 2491 1345 2718 1409; x_wconf 60' lang='lat' dir='ltr'>nefaria</span> <span class='ocrx_word' id='word_1_539' title='bbox 2740 1342 3025 1396; x_wconf 87' lang='lat' dir='ltr'>divisionis</span> <span class='ocrx_word' id='word_1_540' title='bbox 3052 1359 3220 1402; x_wconf 87' lang='lat' dir='ltr'>error,</span> <span class='ocrx_word' id='word_1_541' title='bbox 3235 1359 3419 1398; x_wconf 80' lang='lat' dir='ltr'>verum</span> <span class='ocrx_word' id='word_1_542' title='bbox 3440 1346 3604 1398; x_wconf 82' lang='lat' dir='ltr'>etiam</span> 
     </span>
    </p>
   </div>
   <div class='ocr_carea' id='block_1_74' title="bbox 1898 1431 3605 1500">
    <p class='ocr_par' dir='ltr' id='par_1_74' title="bbox 1898 1431 3605 1500">
     <span class='ocr_line' id='line_1_74' title="bbox 1898 1431 3605 1500; baseline 0.001 -16"><span class='ocrx_word' id='word_1_543' title='bbox 1898 1431 2059 1497; x_wconf 86' lang='lat' dir='ltr'>furor</span> <span class='ocrx_word' id='word_1_544' title='bbox 2075 1432 2174 1485; x_wconf 90' lang='lat' dir='ltr'>iste</span> <span class='ocrx_word' id='word_1_545' title='bbox 2187 1431 2272 1484; x_wconf 78' lang='lat' dir='ltr'>tea:</span> <span class='ocrx_word' id='word_1_546' title='bbox 2286 1432 2438 1496; x_wconf 88' lang='lat' dir='ltr'>facta</span> <span class='ocrx_word' id='word_1_547' title='bbox 2456 1436 2552 1496; x_wconf 88' lang='lat' dir='ltr'>est,</span> <span class='ocrx_word' id='word_1_548' title='bbox 2572 1431 2722 1498; x_wconf 88' lang='lat' dir='ltr'>longe</span> <span class='ocrx_word' id='word_1_549' title='bbox 2738 1434 2900 1498; x_wconf 87' lang='lat' dir='ltr'>atque</span> <span class='ocrx_word' id='word_1_550' title='bbox 2916 1432 3429 1500; x_wconf 84' lang='lat' dir='ltr'>imco-mparabiliter</span> <span class='ocrx_word' id='word_1_551' title='bbox 3442 1433 3605 1500; x_wconf 85' lang='lat' dir='ltr'>plu-ra</span> 
     </span>
    </p>
   </div>
   <div class='ocr_carea' id='block_1_75' title="bbox 1901 1519 3604 1590">
    <p class='ocr_par' dir='ltr' id='par_1_75' title="bbox 1901 1519 3604 1590">
     <span class='ocr_line' id='line_1_75' title="bbox 1901 1519 3604 1590; baseline 0.001 -18"><span class='ocrx_word' id='word_1_552' title='bbox 1901 1519 2077 1572; x_wconf 83' lang='lat' dir='ltr'>millia</span> <span class='ocrx_word' id='word_1_553' title='bbox 2101 1519 2402 1573; x_wconf 84' lang='lat' dir='ltr'>liberantur</span> <span class='ocrx_word' id='word_1_554' title='bbox 2421 1521 2448 1572; x_wconf 87' lang='lat'>?</span> <span class='ocrx_word' id='word_1_555' title='bbox 2476 1519 2812 1590; x_wconf 49' lang='lat' dir='ltr'>NequeIenim</span> <span class='ocrx_word' id='word_1_556' title='bbox 2842 1521 2957 1586; x_wconf 84' lang='lat' dir='ltr'>isti,</span> <span class='ocrx_word' id='word_1_557' title='bbox 2991 1522 3088 1588; x_wconf 85' lang='lat' dir='ltr'>qui</span> <span class='ocrx_word' id='word_1_558' title='bbox 3102 1525 3350 1589; x_wconf 87' lang='lat' dir='ltr'>pereunt,</span> <span class='ocrx_word' id='word_1_559' title='bbox 3385 1522 3604 1574; x_wconf 86' lang='lat' dir='ltr'>illorum</span> 
     </span>
    </p>
   </div>
   <div class='ocr_carea' id='block_1_76' title="bbox 1899 1610 3605 1679">
    <p class='ocr_par' dir='ltr' id='par_1_76' title="bbox 1899 1610 3605 1679">
     <span class='ocr_line' id='line_1_76' title="bbox 1899 1610 3605 1679; baseline 0.001 -17"><span class='ocrx_word' id='word_1_560' title='bbox 1899 1610 2089 1662; x_wconf 87' lang='lat' dir='ltr'>saltem</span> <span class='ocrx_word' id='word_1_561' title='bbox 2119 1624 2335 1662; x_wconf 88' lang='lat' dir='ltr'>numero</span> <span class='ocrx_word' id='word_1_562' title='bbox 2372 1613 2679 1678; x_wconf 72' lang='lat' dir='ltr'>aequantur,</span> <span class='ocrx_word' id='word_1_563' title='bbox 2710 1611 2806 1677; x_wconf 89' lang='lat' dir='ltr'>qui</span> <span class='ocrx_word' id='word_1_564' title='bbox 2834 1625 2900 1663; x_wconf 78' lang='lat' dir='ltr'>ea:</span> <span class='ocrx_word' id='word_1_565' title='bbox 2925 1611 3043 1678; x_wconf 85' lang='lat' dir='ltr'>ipso</span> <span class='ocrx_word' id='word_1_566' title='bbox 3088 1625 3276 1676; x_wconf 81' lang='lat' dir='ltr'>genere</span> <span class='ocrx_word' id='word_1_567' title='bbox 3319 1626 3462 1663; x_wconf 88' lang='lat' dir='ltr'>nunc</span> <span class='ocrx_word' id='word_1_568' title='bbox 3483 1611 3605 1679; x_wconf 82' lang='lat' dir='ltr'>jam</span> 
     </span>
    </p>
   </div>
   <div class='ocr_carea' id='block_1_77' title="bbox 1903 1698 3604 1768">
    <p class='ocr_par' dir='ltr' id='par_1_77' title="bbox 1903 1698 3604 1768">
     <span class='ocr_line' id='line_1_77' title="bbox 1903 1698 3604 1768; baseline 0.001 -17"><span class='ocrx_word' id='word_1_569' title='bbox 1903 1701 2148 1751; x_wconf 88' lang='lat' dir='ltr'>tenentur</span> <span class='ocrx_word' id='word_1_570' title='bbox 2197 1698 2385 1751; x_wconf 88' lang='lat' dir='ltr'>ordine</span> <span class='ocrx_word' id='word_1_571' title='bbox 2426 1698 2751 1765; x_wconf 57' lang='lat' dir='ltr'>disciplina,</span> <span class='ocrx_word' id='word_1_572' title='bbox 2807 1698 3146 1766; x_wconf 84' lang='lat' dir='ltr'>colendisque</span> <span class='ocrx_word' id='word_1_573' title='bbox 3183 1701 3354 1768; x_wconf 84' lang='lat' dir='ltr'>agris,</span> <span class='ocrx_word' id='word_1_574' title='bbox 3406 1701 3604 1752; x_wconf 88' lang='lat' dir='ltr'>amisso</span> 
     </span>
    </p>
   </div>
   <div class='ocr_carea' id='block_1_78' title="bbox 1903 1787 3605 1854">
    <p class='ocr_par' dir='ltr' id='par_1_78' title="bbox 1903 1787 3605 1854">
     <span class='ocr_line' id='line_1_78' title="bbox 1903 1787 3605 1854; baseline -0.001 -12"><span class='ocrx_word' id='word_1_575' title='bbox 1903 1787 2398 1842; x_wconf 86' lang='lat' dir='ltr'>Circumcellionum</span> <span class='ocrx_word' id='word_1_576' title='bbox 2429 1790 2478 1839; x_wconf 91' lang='lat' dir='ltr'>et</span> <span class='ocrx_word' id='word_1_577' title='bbox 2498 1802 2652 1854; x_wconf 86' lang='lat' dir='ltr'>opere</span> <span class='ocrx_word' id='word_1_578' title='bbox 2677 1790 2726 1840; x_wconf 88' lang='lat' dir='ltr'>et</span> <span class='ocrx_word' id='word_1_579' title='bbox 2748 1788 2980 1853; x_wconf 84' lang='lat' dir='ltr'>nomine,</span> <span class='ocrx_word' id='word_1_580' title='bbox 3015 1789 3338 1852; x_wconf 86' lang='lat' dir='ltr'>inserviunt,</span> <span class='ocrx_word' id='word_1_581' title='bbox 3387 1792 3605 1840; x_wconf 83' lang='lat' dir='ltr'>servant</span> 
     </span>
    </p>
   </div>
   <div class='ocr_carea' id='block_1_79' title="bbox 1902 1877 3604 1944">
    <p class='ocr_par' dir='ltr' id='par_1_79' title="bbox 1902 1877 3604 1944">
     <span class='ocr_line' id='line_1_79' title="bbox 1902 1877 3604 1944; baseline 0 -16"><span class='ocrx_word' id='word_1_582' title='bbox 1902 1877 2225 1942; x_wconf 88' lang='lat' dir='ltr'>castitatem,</span> <span class='ocrx_word' id='word_1_583' title='bbox 2262 1879 2439 1929; x_wconf 86' lang='lat' dir='ltr'>tenent</span> <span class='ocrx_word' id='word_1_584' title='bbox 2467 1877 2767 1928; x_wconf 88' lang='lat' dir='ltr'>unitatem:</span> <span class='ocrx_word' id='word_1_585' title='bbox 2801 1879 3002 1944; x_wconf 84' lang='lat' dir='ltr'>quanto</span> <span class='ocrx_word' id='word_1_586' title='bbox 3048 1877 3227 1928; x_wconf 88' lang='lat' dir='ltr'>minus</span> <span class='ocrx_word' id='word_1_587' title='bbox 3257 1879 3604 1944; x_wconf 72' lang='lat' dir='ltr'>coeequantu-r</span> 
     </span>
    </p>
   </div>
   <div class='ocr_carea' id='block_1_80' title="bbox 1900 1963 3602 2033">
    <p class='ocr_par' dir='ltr' id='par_1_80' title="bbox 1900 1963 3602 2033">
     <span class='ocr_line' id='line_1_80' title="bbox 1900 1963 3602 2033; baseline -0.001 -16"><span class='ocrx_word' id='word_1_588' title='bbox 1900 1965 1998 2017; x_wconf 88' lang='lat' dir='ltr'>isti</span> <span class='ocrx_word' id='word_1_589' title='bbox 2019 1963 2231 2033; x_wconf 89' lang='lat' dir='ltr'>perditi</span> <span class='ocrx_word' id='word_1_590' title='bbox 2257 1979 2476 2016; x_wconf 88' lang='lat' dir='ltr'>numero</span> <span class='ocrx_word' id='word_1_591' title='bbox 2505 1965 2790 2031; x_wconf 86' lang='lat' dir='ltr'>utriusque</span> <span class='ocrx_word' id='word_1_592' title='bbox 2818 1977 2998 2029; x_wconf 73' lang='lat' dir='ltr'>scmus,</span> <span class='ocrx_word' id='word_1_593' title='bbox 3051 1978 3157 2016; x_wconf 89' lang='lat' dir='ltr'>non</span> <span class='ocrx_word' id='word_1_594' title='bbox 3195 1965 3365 2017; x_wconf 88' lang='lat' dir='ltr'>solum</span> <span class='ocrx_word' id='word_1_595' title='bbox 3404 1979 3602 2033; x_wconf 81' lang='lat' dir='ltr'>puero-</span> 
     </span>
    </p>
   </div>
   <div class='ocr_carea' id='block_1_81' title="bbox 1899 2052 3603 2120">
    <p class='ocr_par' dir='ltr' id='par_1_81' title="bbox 1899 2052 3603 2120">
     <span class='ocr_line' id='line_1_81' title="bbox 1899 2052 3603 2120; baseline 0 -15"><span class='ocrx_word' id='word_1_596' title='bbox 1899 2067 2020 2105; x_wconf 87' lang='lat' dir='ltr'>rum</span> <span class='ocrx_word' id='word_1_597' title='bbox 2052 2056 2102 2105; x_wconf 87' lang='lat' dir='ltr'>et</span> <span class='ocrx_word' id='word_1_598' title='bbox 2125 2052 2454 2120; x_wconf 86' lang='lat' dir='ltr'>puellarum,</span> <span class='ocrx_word' id='word_1_599' title='bbox 2491 2052 2756 2120; x_wconf 85' lang='lat' dir='ltr'>juvenum</span> <span class='ocrx_word' id='word_1_600' title='bbox 2776 2055 2825 2104; x_wconf 89' lang='lat' dir='ltr'>et</span> <span class='ocrx_word' id='word_1_601' title='bbox 2871 2053 3165 2118; x_wconf 84' lang='lat' dir='ltr'>virginum,</span> <span class='ocrx_word' id='word_1_602' title='bbox 3206 2067 3390 2105; x_wconf 80' lang='lat' dir='ltr'>rerum</span> <span class='ocrx_word' id='word_1_603' title='bbox 3439 2053 3603 2106; x_wconf 86' lang='lat' dir='ltr'>etiam</span> 
     </span>
    </p>
   </div>
   <div class='ocr_carea' id='block_1_82' title="bbox 1900 2140 3600 2209">
    <p class='ocr_par' dir='ltr' id='par_1_82' title="bbox 1900 2140 3600 2209">
     <span class='ocr_line' id='line_1_82' title="bbox 1900 2140 3600 2209; baseline -0.001 -14"><span class='ocrx_word' id='word_1_604' title='bbox 1900 2142 2314 2209; x_wconf 83' lang='lat' dir='ltr'>conjugatorum</span> <span class='ocrx_word' id='word_1_605' title='bbox 2342 2144 2394 2193; x_wconf 89' lang='lat' dir='ltr'>et</span> <span class='ocrx_word' id='word_1_606' title='bbox 2424 2154 2609 2194; x_wconf 89' lang='lat' dir='ltr'>senum</span> <span class='ocrx_word' id='word_1_607' title='bbox 2637 2159 2650 2206; x_wconf 90' lang='lat'><strong>;</strong></span> <span class='ocrx_word' id='word_1_608' title='bbox 2682 2154 2930 2208; x_wconf 87' lang='lat' dir='ltr'>quorum,</span> <span class='ocrx_word' id='word_1_609' title='bbox 2955 2140 3374 2195; x_wconf 86' lang='lat' dir='ltr'>innumerabiles</span> <span class='ocrx_word' id='word_1_610' title='bbox 3396 2156 3463 2193; x_wconf 74' lang='lat' dir='ltr'>ea:</span> <span class='ocrx_word' id='word_1_611' title='bbox 3497 2144 3600 2194; x_wconf 85' lang='lat' dir='ltr'>Do-</span> 
     </span>
    </p>
   </div>
   <div class='ocr_carea' id='block_1_83' title="bbox 1900 2228 3604 2298">
    <p class='ocr_par' dir='ltr' id='par_1_83' title="bbox 1900 2228 3604 2298">
     <span class='ocr_line' id='line_1_83' title="bbox 1900 2228 3604 2298; baseline 0 -15"><span class='ocrx_word' id='word_1_612' title='bbox 1900 2231 2231 2283; x_wconf 86' lang='lat' dir='ltr'>natistarum</span> <span class='ocrx_word' id='word_1_613' title='bbox 2258 2230 2475 2295; x_wconf 89' lang='lat' dir='ltr'>nefaria</span> <span class='ocrx_word' id='word_1_614' title='bbox 2505 2228 2836 2282; x_wconf 88' lang='lat' dir='ltr'>dissensione</span> <span class='ocrx_word' id='word_1_615' title='bbox 2861 2230 2917 2281; x_wconf 89' lang='lat' dir='ltr'>in</span> <span class='ocrx_word' id='word_1_616' title='bbox 2953 2244 3143 2298; x_wconf 84' lang='lat' dir='ltr'>pacem</span> <span class='ocrx_word' id='word_1_617' title='bbox 3173 2229 3377 2285; x_wconf 81' lang='lat' dir='ltr'>Christi</span> <span class='ocrx_word' id='word_1_618' title='bbox 3420 2245 3604 2283; x_wconf 83' lang='lat' dir='ltr'>veram</span> 
     </span>
    </p>
   </div>
   <div class='ocr_carea' id='block_1_84' title="bbox 1900 2317 3600 2387">
    <p class='ocr_par' dir='ltr' id='par_1_84' title="bbox 1900 2317 3600 2387">
     <span class='ocr_line' id='line_1_84' title="bbox 1900 2317 3600 2387; baseline 0.001 -18"><span class='ocrx_word' id='word_1_619' title='bbox 1900 2320 1951 2369; x_wconf 88' lang='lat' dir='ltr'>et</span> <span class='ocrx_word' id='word_1_620' title='bbox 1979 2317 2294 2370; x_wconf 90' lang='lat' dir='ltr'>catholicam</span> <span class='ocrx_word' id='word_1_621' title='bbox 2327 2321 2607 2371; x_wconf 86' lang='lat' dir='ltr'>transeunt</span> <span class='ocrx_word' id='word_1_622' title='bbox 2632 2318 2659 2371; x_wconf 87' lang='lat'>‘?</span> <span class='ocrx_word' id='word_1_623' title='bbox 2688 2318 2787 2372; x_wconf 89' lang='lat' dir='ltr'>Isti</span> <span class='ocrx_word' id='word_1_624' title='bbox 2831 2319 3050 2387; x_wconf 85' lang='lat' dir='ltr'>quippe,</span> <span class='ocrx_word' id='word_1_625' title='bbox 3085 2320 3180 2386; x_wconf 86' lang='lat' dir='ltr'>qui</span> <span class='ocrx_word' id='word_1_626' title='bbox 3208 2333 3261 2371; x_wconf 90' lang='lat' dir='ltr'>sc</span> <span class='ocrx_word' id='word_1_627' title='bbox 3290 2318 3600 2384; x_wconf 84' lang='lat' dir='ltr'>incendunt,</span> 
     </span>
    </p>
   </div>
   <div class='ocr_carea' id='block_1_85' title="bbox 1899 2407 3601 2476">
    <p class='ocr_par' dir='ltr' id='par_1_85' title="bbox 1899 2407 3601 2476">
     <span class='ocr_line' id='line_1_85' title="bbox 1899 2407 3601 2476; baseline 0.001 -18"><span class='ocrx_word' id='word_1_628' title='bbox 1899 2421 1992 2459; x_wconf 90' lang='lat' dir='ltr'>nec</span> <span class='ocrx_word' id='word_1_629' title='bbox 2023 2410 2098 2460; x_wconf 86' lang='lat' dir='ltr'>tot</span> <span class='ocrx_word' id='word_1_630' title='bbox 2143 2407 2381 2460; x_wconf 87' lang='lat' dir='ltr'>homines</span> <span class='ocrx_word' id='word_1_631' title='bbox 2431 2411 2578 2475; x_wconf 89' lang='lat' dir='ltr'>sunt,</span> <span class='ocrx_word' id='word_1_632' title='bbox 2613 2411 2740 2475; x_wconf 89' lang='lat' dir='ltr'>quot</span> <span class='ocrx_word' id='word_1_633' title='bbox 2797 2407 2911 2460; x_wconf 91' lang='lat' dir='ltr'>loca</span> <span class='ocrx_word' id='word_1_634' title='bbox 2962 2411 3089 2461; x_wconf 86' lang='lat' dir='ltr'>sunt</span> <span class='ocrx_word' id='word_1_635' title='bbox 3147 2407 3368 2476; x_wconf 86' lang='lat' dir='ltr'>populis</span> <span class='ocrx_word' id='word_1_636' title='bbox 3421 2408 3601 2476; x_wconf 85' lang='lat' dir='ltr'>plena,</span> 
     </span>
    </p>
   </div>
   <div class='ocr_carea' id='block_1_86' title="bbox 1901 2495 3603 2565">
    <p class='ocr_par' dir='ltr' id='par_1_86' title="bbox 1901 2495 3603 2565">
     <span class='ocr_line' id='line_1_86' title="bbox 1901 2495 3603 2565; baseline -0.001 -16"><span class='ocrx_word' id='word_1_637' title='bbox 1901 2510 2019 2563; x_wconf 74' lang='lat' dir='ltr'>quae</span> <span class='ocrx_word' id='word_1_638' title='bbox 2047 2495 2116 2547; x_wconf 89' lang='lat' dir='ltr'>ab</span> <span class='ocrx_word' id='word_1_639' title='bbox 2143 2495 2363 2548; x_wconf 69' lang='lat' dir='ltr'>emitiali</span> <span class='ocrx_word' id='word_1_640' title='bbox 2402 2499 2550 2565; x_wconf 85' lang='lat' dir='ltr'>peste</span> <span class='ocrx_word' id='word_1_641' title='bbox 2588 2496 2786 2549; x_wconf 73' lang='lat' dir='ltr'>erroris</span> <span class='ocrx_word' id='word_1_642' title='bbox 2819 2496 2970 2550; x_wconf 87' lang='lat' dir='ltr'>illius</span> <span class='ocrx_word' id='word_1_643' title='bbox 3001 2499 3050 2548; x_wconf 89' lang='lat' dir='ltr'>et</span> <span class='ocrx_word' id='word_1_644' title='bbox 3076 2496 3285 2561; x_wconf 84' lang='lat' dir='ltr'>furoris</span> <span class='ocrx_word' id='word_1_645' title='bbox 3327 2511 3428 2564; x_wconf 85' lang='lat' dir='ltr'>per</span> <span class='ocrx_word' id='word_1_646' title='bbox 3467 2496 3603 2548; x_wconf 87' lang='lat' dir='ltr'>hanc</span> 
     </span>
    </p>
   </div>
   <div class='ocr_carea' id='block_1_87' title="bbox 1900 2583 3602 2654">
    <p class='ocr_par' dir='ltr' id='par_1_87' title="bbox 1900 2583 3602 2654">
     <span class='ocr_line' id='line_1_87' title="bbox 1900 2583 3602 2654; baseline -0.001 -16"><span class='ocrx_word' id='word_1_647' title='bbox 1900 2586 2222 2638; x_wconf 85' lang='lat' dir='ltr'>instantiam</span> <span class='ocrx_word' id='word_1_648' title='bbox 2247 2584 2586 2654; x_wconf 59' lang='lat' dir='ltr'>perﬁcienda</span> <span class='ocrx_word' id='word_1_649' title='bbox 2632 2586 2863 2639; x_wconf 84' lang='lat' dir='ltr'>unitatis</span> <span class='ocrx_word' id='word_1_650' title='bbox 2898 2589 3162 2638; x_wconf 88' lang='lat' dir='ltr'>eruuntur</span> <span class='ocrx_word' id='word_1_651' title='bbox 3194 2585 3408 2653; x_wconf 87' lang='lat' dir='ltr'>(Contra</span> <span class='ocrx_word' id='word_1_652' title='bbox 3457 2583 3602 2640; x_wconf 89' lang='lat' dir='ltr'>Gau-</span> 
     </span>
    </p>
   </div>
   <div class='ocr_carea' id='block_1_88' title="bbox 1900 2673 2606 2743">
    <p class='ocr_par' dir='ltr' id='par_1_88' title="bbox 1900 2673 2606 2743">
     <span class='ocr_line' id='line_1_88' title="bbox 1900 2673 2606 2743; baseline -0.003 -15"><span class='ocrx_word' id='word_1_653' title='bbox 1900 2674 2160 2735; x_wconf 86' lang='lat' dir='ltr'>dentium,</span> <span class='ocrx_word' id='word_1_654' title='bbox 2195 2673 2292 2727; x_wconf 88' lang='lat' dir='ltr'>lib.</span> <span class='ocrx_word' id='word_1_655' title='bbox 2322 2676 2370 2736; x_wconf 80' lang='lat' dir='ltr'>l,</span> <span class='ocrx_word' id='word_1_656' title='bbox 2398 2689 2454 2726; x_wconf 90' lang='lat' dir='ltr'>n.</span> <span class='ocrx_word' id='word_1_657' title='bbox 2499 2673 2606 2743; x_wconf 88' lang='lat'>33).</span> 
     </span>
    </p>
   </div>
   <div class='ocr_carea' id='block_1_89' title="bbox 1971 2759 3602 2832">
    <p class='ocr_par' dir='ltr' id='par_1_89' title="bbox 1971 2759 3602 2832">
     <span class='ocr_line' id='line_1_89' title="bbox 1971 2759 3602 2832; baseline -0.003 -15"><span class='ocrx_word' id='word_1_658' title='bbox 1971 2765 2021 2817; x_wconf 93' lang='lat'>8.</span> <span class='ocrx_word' id='word_1_659' title='bbox 2066 2761 2406 2816; x_wconf 86' lang='lat' dir='ltr'>Nominatur</span> <span class='ocrx_word' id='word_1_660' title='bbox 2434 2761 2585 2815; x_wconf 90' lang='lat' dir='ltr'>inter</span> <span class='ocrx_word' id='word_1_661' title='bbox 2631 2776 2747 2828; x_wconf 89' lang='lat' dir='ltr'>eos,</span> <span class='ocrx_word' id='word_1_662' title='bbox 2808 2760 2910 2832; x_wconf 91' lang='lat' dir='ltr'>qui</span> <span class='ocrx_word' id='word_1_663' title='bbox 2950 2775 3008 2814; x_wconf 93' lang='lat' dir='ltr'>se</span> <span class='ocrx_word' id='word_1_664' title='bbox 3041 2776 3071 2813; x_wconf 87' lang='lat' dir='ltr'>a</span> <span class='ocrx_word' id='word_1_665' title='bbox 3099 2759 3305 2814; x_wconf 90' lang='lat' dir='ltr'>Donati</span> <span class='ocrx_word' id='word_1_666' title='bbox 3355 2759 3602 2814; x_wconf 86' lang='lat' dir='ltr'>factione</span> 
     </span>
    </p>
   </div>
   <div class='ocr_carea' id='block_1_90' title="bbox 1900 2847 3602 2921">
    <p class='ocr_par' dir='ltr' id='par_1_90' title="bbox 1900 2847 3602 2921">
     <span class='ocr_line' id='line_1_90' title="bbox 1900 2847 3602 2921; baseline -0.004 -16"><span class='ocrx_word' id='word_1_667' title='bbox 1900 2855 2204 2917; x_wconf 83' lang='lat' dir='ltr'>retraxere,</span> <span class='ocrx_word' id='word_1_668' title='bbox 2235 2849 2294 2903; x_wconf 93' lang='lat' dir='ltr'>in</span> <span class='ocrx_word' id='word_1_669' title='bbox 2335 2849 2537 2921; x_wconf 90' lang='lat' dir='ltr'>primis</span> <span class='ocrx_word' id='word_1_670' title='bbox 2565 2848 2815 2904; x_wconf 88' lang='lat' dir='ltr'>Gabinus</span> <span class='ocrx_word' id='word_1_671' title='bbox 2845 2847 3098 2919; x_wconf 90' lang='lat' dir='ltr'>quidam,</span> <span class='ocrx_word' id='word_1_672' title='bbox 3139 2851 3203 2901; x_wconf 91' lang='lat' dir='ltr'>ut</span> <span class='ocrx_word' id='word_1_673' title='bbox 3224 2847 3310 2900; x_wconf 92' lang='lat' dir='ltr'>vir</span> <span class='ocrx_word' id='word_1_674' title='bbox 3347 2863 3465 2917; x_wconf 72' lang='lat' dir='ltr'>pra:</span> <span class='ocrx_word' id='word_1_675' title='bbox 3495 2864 3602 2900; x_wconf 81' lang='lat' dir='ltr'>cae-</span> 
     </span>
    </p>
   </div>
   <div class='ocr_carea' id='block_1_91' title="bbox 1899 2936 3601 3004">
    <p class='ocr_par' dir='ltr' id='par_1_91' title="bbox 1899 2936 3601 3004">
     <span class='ocr_line' id='line_1_91' title="bbox 1899 2936 3601 3004; baseline -0.003 -11"><span class='ocrx_word' id='word_1_676' title='bbox 1899 2939 2037 2994; x_wconf 90' lang='lat' dir='ltr'>teris</span> <span class='ocrx_word' id='word_1_677' title='bbox 2075 2938 2293 2992; x_wconf 87' lang='lat' dir='ltr'>honore</span> <span class='ocrx_word' id='word_1_678' title='bbox 2332 2937 2570 2991; x_wconf 90' lang='lat' dir='ltr'>illustris</span> <span class='ocrx_word' id='word_1_679' title='bbox 2619 2937 2800 3003; x_wconf 86' lang='lat' dir='ltr'>(Ibid.,</span> <span class='ocrx_word' id='word_1_680' title='bbox 2850 2953 2944 2990; x_wconf 89' lang='lat' dir='ltr'>nn.</span> <span class='ocrx_word' id='word_1_681' title='bbox 3003 2941 3084 3004; x_wconf 77' lang='lat'>1&#39;2,</span> <span class='ocrx_word' id='word_1_682' title='bbox 3134 2939 3220 3002; x_wconf 78' lang='lat'>13,</span> <span class='ocrx_word' id='word_1_683' title='bbox 3268 2936 3390 3004; x_wconf 86' lang='grc'>43).</span> <span class='ocrx_word' id='word_1_684' title='bbox 3436 2937 3601 2988; x_wconf 84' lang='lat' dir='ltr'>Anno</span> 
     </span>
    </p>
   </div>
   <div class='ocr_carea' id='block_1_92' title="bbox 1901 3025 3601 3100">
    <p class='ocr_par' dir='ltr' id='par_1_92' title="bbox 1901 3025 3601 3100">
     <span class='ocr_line' id='line_1_92' title="bbox 1901 3025 3601 3100; baseline -0.003 -19"><span class='ocrx_word' id='word_1_685' title='bbox 1901 3025 2469 3100; x_wconf 87' lang='lat' dir='ltr'>quadringentesimo</span> <span class='ocrx_word' id='word_1_686' title='bbox 2503 3025 2723 3080; x_wconf 89' lang='lat' dir='ltr'>decimo</span> <span class='ocrx_word' id='word_1_687' title='bbox 2746 3029 2941 3080; x_wconf 86' lang='lat' dir='ltr'>octavo</span> <span class='ocrx_word' id='word_1_688' title='bbox 2964 3025 3388 3080; x_wconf 89' lang='lat' dir='ltr'>Donatistarum</span> <span class='ocrx_word' id='word_1_689' title='bbox 3415 3025 3601 3078; x_wconf 64' lang='lat' dir='ltr'>Cassa-</span> 
     </span>
    </p>
   </div>
   <div class='ocr_carea' id='block_1_93' title="bbox 1901 3107 3600 3186">
    <p class='ocr_par' dir='ltr' id='par_1_93' title="bbox 1901 3107 3600 3186">
     <span class='ocr_line' id='line_1_93' title="bbox 1901 3107 3600 3186; baseline -0.003 -16"><span class='ocrx_word' id='word_1_690' title='bbox 1901 3116 2187 3171; x_wconf 90' lang='lat' dir='ltr'>reensium</span> <span class='ocrx_word' id='word_1_691' title='bbox 2216 3115 2309 3169; x_wconf 79' lang='lat' dir='ltr'>vix</span> <span class='ocrx_word' id='word_1_692' title='bbox 2328 3114 2632 3186; x_wconf 89' lang='lat' dir='ltr'>quisquam</span> <span class='ocrx_word' id='word_1_693' title='bbox 2665 3118 2802 3181; x_wconf 89' lang='lat' dir='ltr'>erat,</span> <span class='ocrx_word' id='word_1_694' title='bbox 2855 3114 2956 3186; x_wconf 92' lang='lat' dir='ltr'>qui</span> <span class='ocrx_word' id='word_1_695' title='bbox 3005 3130 3063 3168; x_wconf 89' lang='lat' dir='ltr'>se</span> <span class='ocrx_word' id='word_1_696' title='bbox 3102 3113 3162 3167; x_wconf 93' lang='lat' dir='ltr'>in</span> <span class='ocrx_word' id='word_1_697' title='bbox 3193 3107 3478 3184; x_wconf 87' lang='lat' dir='ltr'>gremium</span> <span class='ocrx_word' id='word_1_698' title='bbox 3507 3113 3600 3165; x_wconf 89' lang='lat' dir='ltr'>Ec-</span> 
     </span>
    </p>
   </div>
   <div class='ocr_carea' id='block_1_94' title="bbox 1900 3203 3601 3273">
    <p class='ocr_par' dir='ltr' id='par_1_94' title="bbox 1900 3203 3601 3273">
     <span class='ocr_line' id='line_1_94' title="bbox 1900 3203 3601 3273; baseline -0.004 -14"><span class='ocrx_word' id='word_1_699' title='bbox 1900 3205 2082 3260; x_wconf 68' lang='lat' dir='ltr'>clesiae</span> <span class='ocrx_word' id='word_1_700' title='bbox 2103 3203 2393 3259; x_wconf 65' lang='lat' dir='ltr'>catholicae</span> <span class='ocrx_word' id='word_1_701' title='bbox 2414 3219 2529 3258; x_wconf 91' lang='lat' dir='ltr'>non</span> <span class='ocrx_word' id='word_1_702' title='bbox 2556 3203 2876 3270; x_wconf 88' lang='lat' dir='ltr'>retulisset;</span> <span class='ocrx_word' id='word_1_703' title='bbox 2904 3203 3163 3273; x_wconf 84' lang='lat' dir='ltr'>quamvis</span> <span class='ocrx_word' id='word_1_704' title='bbox 3183 3206 3376 3256; x_wconf 89' lang='lat' dir='ltr'>tamen</span> <span class='ocrx_word' id='word_1_705' title='bbox 3402 3216 3601 3255; x_wconf 88' lang='lat' dir='ltr'>eorum</span> 
     </span>
    </p>
   </div>
   <div class='ocr_carea' id='block_1_95' title="bbox 1899 3292 3602 3367">
    <p class='ocr_par' dir='ltr' id='par_1_95' title="bbox 1899 3292 3602 3367">
     <span class='ocr_line' id='line_1_95' title="bbox 1899 3292 3602 3367; baseline -0.004 -18"><span class='ocrx_word' id='word_1_706' title='bbox 1899 3294 2162 3367; x_wconf 89' lang='lat' dir='ltr'>plurimis</span> <span class='ocrx_word' id='word_1_707' title='bbox 2191 3293 2434 3349; x_wconf 90' lang='lat' dir='ltr'>necdum</span> <span class='ocrx_word' id='word_1_708' title='bbox 2459 3293 2629 3365; x_wconf 85' lang='lat' dir='ltr'>plane</span> <span class='ocrx_word' id='word_1_709' title='bbox 2661 3292 2890 3364; x_wconf 90' lang='lat' dir='ltr'>cognita</span> <span class='ocrx_word' id='word_1_710' title='bbox 2929 3297 3078 3346; x_wconf 90' lang='lat' dir='ltr'>esset</span> <span class='ocrx_word' id='word_1_711' title='bbox 3108 3296 3278 3363; x_wconf 87' lang='lat' dir='ltr'>atque</span> <span class='ocrx_word' id='word_1_712' title='bbox 3308 3294 3602 3362; x_wconf 88' lang='lat' dir='ltr'>perspecta</span> 
     </span>
    </p>
   </div>
   <div class='ocr_carea' id='block_1_96' title="bbox 1898 3381 3601 3454">
    <p class='ocr_par' dir='ltr' id='par_1_96' title="bbox 1898 3381 3601 3454">
     <span class='ocr_line' id='line_1_96' title="bbox 1898 3381 3601 3454; baseline -0.004 -16"><span class='ocrx_word' id='word_1_713' title='bbox 1898 3382 2107 3438; x_wconf 88' lang='lat' dir='ltr'>veritas</span> <span class='ocrx_word' id='word_1_714' title='bbox 2139 3382 2232 3454; x_wconf 88' lang='lat' dir='ltr'>(De</span> <span class='ocrx_word' id='word_1_715' title='bbox 2262 3383 2436 3440; x_wconf 86' lang='lat' dir='ltr'>Gestis</span> <span class='ocrx_word' id='word_1_716' title='bbox 2487 3397 2607 3436; x_wconf 90' lang='lat' dir='ltr'>cum</span> <span class='ocrx_word' id='word_1_717' title='bbox 2654 3384 2912 3448; x_wconf 79' lang='lat' dir='ltr'>Emerita,</span> <span class='ocrx_word' id='word_1_718' title='bbox 2965 3397 3020 3435; x_wconf 92' lang='lat' dir='ltr'>n.</span> <span class='ocrx_word' id='word_1_719' title='bbox 3091 3381 3164 3450; x_wconf 88' lang='grc'>2).</span> <span class='ocrx_word' id='word_1_720' title='bbox 3225 3383 3419 3451; x_wconf 89' lang='lat' dir='ltr'>Neque</span> <span class='ocrx_word' id='word_1_721' title='bbox 3467 3395 3601 3433; x_wconf 88' lang='lat' dir='ltr'>sane</span> 
     </span>
    </p>
   </div>
   <div class='ocr_carea' id='block_1_97' title="bbox 1899 3469 3600 3542">
    <p class='ocr_par' dir='ltr' id='par_1_97' title="bbox 1899 3469 3600 3542">
     <span class='ocr_line' id='line_1_97' title="bbox 1899 3469 3600 3542; baseline -0.004 -16"><span class='ocrx_word' id='word_1_722' title='bbox 1899 3472 2026 3526; x_wconf 89' lang='lat' dir='ltr'>ﬁeri</span> <span class='ocrx_word' id='word_1_723' title='bbox 2037 3475 2278 3542; x_wconf 92' lang='lat' dir='ltr'>poterat,</span> <span class='ocrx_word' id='word_1_724' title='bbox 2305 3470 2442 3541; x_wconf 90' lang='lat' dir='ltr'>quin</span> <span class='ocrx_word' id='word_1_725' title='bbox 2457 3469 2516 3524; x_wconf 92' lang='lat' dir='ltr'>in</span> <span class='ocrx_word' id='word_1_726' title='bbox 2528 3474 2614 3524; x_wconf 89' lang='lat' dir='ltr'>tot</span> <span class='ocrx_word' id='word_1_727' title='bbox 2628 3474 3035 3540; x_wconf 87' lang='lat' dir='ltr'>tantorumque</span> <span class='ocrx_word' id='word_1_728' title='bbox 3061 3469 3403 3540; x_wconf 88' lang='lat' dir='ltr'>populorum</span> <span class='ocrx_word' id='word_1_729' title='bbox 3427 3469 3600 3538; x_wconf 87' lang='lat' dir='ltr'>agmi-</span> 
     </span>
    </p>
   </div>
   <div class='ocr_carea' id='block_1_98' title="bbox 1898 3555 3601 3628">
    <p class='ocr_par' dir='ltr' id='par_1_98' title="bbox 1898 3555 3601 3628">
     <span class='ocr_line' id='line_1_98' title="bbox 1898 3555 3601 3628; baseline -0.004 -13"><span class='ocrx_word' id='word_1_730' title='bbox 1898 3561 2068 3615; x_wconf 91' lang='lat' dir='ltr'>nibus</span> <span class='ocrx_word' id='word_1_731' title='bbox 2095 3563 2283 3614; x_wconf 91' lang='lat' dir='ltr'>essent</span> <span class='ocrx_word' id='word_1_732' title='bbox 2308 3559 2492 3612; x_wconf 90' lang='lat' dir='ltr'>adhuc</span> <span class='ocrx_word' id='word_1_733' title='bbox 2520 3557 2785 3612; x_wconf 91' lang='lat' dir='ltr'>nonnulli</span> <span class='ocrx_word' id='word_1_734' title='bbox 2805 3557 2930 3628; x_wconf 87' lang='lat' dir='ltr'>ipsa</span> <span class='ocrx_word' id='word_1_735' title='bbox 2957 3557 3204 3611; x_wconf 89' lang='lat' dir='ltr'>novitate</span> <span class='ocrx_word' id='word_1_736' title='bbox 3238 3555 3477 3621; x_wconf 90' lang='lat' dir='ltr'>turbati;</span> <span class='ocrx_word' id='word_1_737' title='bbox 3503 3555 3601 3609; x_wconf 91' lang='lat' dir='ltr'>sed</span> 
     </span>
    </p>
   </div>
   <div class='ocr_carea' id='block_1_99' title="bbox 1901 3641 3601 3718">
    <p class='ocr_par' dir='ltr' id='par_1_99' title="bbox 1901 3641 3601 3718">
     <span class='ocr_line' id='line_1_99' title="bbox 1901 3641 3601 3718; baseline -0.004 -16"><span class='ocrx_word' id='word_1_738' title='bbox 1901 3653 1957 3703; x_wconf 91' lang='lat' dir='ltr'>et</span> <span class='ocrx_word' id='word_1_739' title='bbox 1981 3648 2089 3718; x_wconf 92' lang='lat' dir='ltr'>ipsi</span> <span class='ocrx_word' id='word_1_740' title='bbox 2118 3647 2395 3718; x_wconf 88' lang='lat' dir='ltr'>paulatim</span> <span class='ocrx_word' id='word_1_741' title='bbox 2423 3647 2494 3701; x_wconf 91' lang='lat' dir='ltr'>ab</span> <span class='ocrx_word' id='word_1_742' title='bbox 2524 3647 2632 3700; x_wconf 89' lang='lat' dir='ltr'>hac</span> <span class='ocrx_word' id='word_1_743' title='bbox 2661 3645 2997 3700; x_wconf 84' lang='lat' dir='ltr'>infirmitate</span> <span class='ocrx_word' id='word_1_744' title='bbox 3029 3645 3395 3699; x_wconf 86' lang='lat' dir='ltr'>sanabantur.</span> <span class='ocrx_word' id='word_1_745' title='bbox 3443 3643 3508 3697; x_wconf 81' lang='lat' dir='ltr'>Et</span> <span class='ocrx_word' id='word_1_746' title='bbox 3554 3641 3601 3695; x_wconf 90' lang='lat' dir='ltr'>si</span> 
     </span>
    </p>
   </div>
   <div class='ocr_carea' id='block_1_100' title="bbox 1899 3731 3601 3807">
    <p class='ocr_par' dir='ltr' id='par_1_100' title="bbox 1899 3731 3601 3807">
     <span class='ocr_line' id='line_1_100' title="bbox 1899 3731 3601 3807; baseline -0.005 -15"><span class='ocrx_word' id='word_1_747' title='bbox 1899 3736 2016 3792; x_wconf 83' lang='lat' dir='ltr'>ﬁcti</span> <span class='ocrx_word' id='word_1_748' title='bbox 2045 3734 2223 3807; x_wconf 88' lang='lat' dir='ltr'>aliqui</span> <span class='ocrx_word' id='word_1_749' title='bbox 2270 3738 2716 3806; x_wconf 83' lang='lat' dir='ltr'>perseverarent,</span> <span class='ocrx_word' id='word_1_750' title='bbox 2749 3750 2868 3788; x_wconf 94' lang='lat' dir='ltr'>non</span> <span class='ocrx_word' id='word_1_751' title='bbox 2916 3734 3114 3805; x_wconf 90' lang='lat' dir='ltr'>utique</span> <span class='ocrx_word' id='word_1_752' title='bbox 3161 3736 3395 3804; x_wconf 88' lang='lat' dir='ltr'>propter</span> <span class='ocrx_word' id='word_1_753' title='bbox 3448 3731 3601 3802; x_wconf 90' lang='lat' dir='ltr'>ipsos</span> 
     </span>
    </p>
   </div>
   <div class='ocr_carea' id='block_1_101' title="bbox 1898 3821 3600 3896">
    <p class='ocr_par' dir='ltr' id='par_1_101' title="bbox 1898 3821 3600 3896">
     <span class='ocr_line' id='line_1_101' title="bbox 1898 3821 3600 3896; baseline -0.005 -15"><span class='ocrx_word' id='word_1_754' title='bbox 1898 3842 2017 3881; x_wconf 92' lang='lat' dir='ltr'>non</span> <span class='ocrx_word' id='word_1_755' title='bbox 2048 3825 2278 3880; x_wconf 85' lang='lat' dir='ltr'>fuerant</span> <span class='ocrx_word' id='word_1_756' title='bbox 2323 3824 2633 3896; x_wconf 91' lang='lat' dir='ltr'>colligendi</span> <span class='ocrx_word' id='word_1_757' title='bbox 2671 3839 2900 3878; x_wconf 88' lang='lat' dir='ltr'>veraces</span> <span class='ocrx_word' id='word_1_758' title='bbox 2955 3823 3179 3892; x_wconf 88' lang='lat' dir='ltr'>(Contra</span> <span class='ocrx_word' id='word_1_759' title='bbox 3217 3821 3600 3884; x_wconf 83' lang='lat' dir='ltr'>Gaudentium,</span> 
     </span>
    </p>
   </div>
   <div class='ocr_carea' id='block_1_102' title="bbox 1901 3909 3602 3984">
    <p class='ocr_par' dir='ltr' id='par_1_102' title="bbox 1901 3909 3602 3984">
     <span class='ocr_line' id='line_1_102' title="bbox 1901 3909 3602 3984; baseline -0.004 -15"><span class='ocrx_word' id='word_1_760' title='bbox 1901 3915 1995 3970; x_wconf 88' lang='lat' dir='ltr'>lib.</span> <span class='ocrx_word' id='word_1_761' title='bbox 2024 3918 2074 3977; x_wconf 82' lang='lat' dir='ltr'>l,</span> <span class='ocrx_word' id='word_1_762' title='bbox 2105 3931 2166 3968; x_wconf 83' lang='grc' dir='ltr'>η.</span> <span class='ocrx_word' id='word_1_763' title='bbox 2201 3912 2313 3984; x_wconf 80' lang='grc'>27).</span> <span class='ocrx_word' id='word_1_764' title='bbox 2349 3915 2539 3968; x_wconf 81' lang='lat' dir='ltr'>Exstat</span> <span class='ocrx_word' id='word_1_765' title='bbox 2563 3916 2840 3983; x_wconf 61' lang='lat' dir='ltr'>praeterea</span> <span class='ocrx_word' id='word_1_766' title='bbox 2869 3912 3020 3966; x_wconf 92' lang='lat' dir='ltr'>inter</span> <span class='ocrx_word' id='word_1_767' title='bbox 3048 3909 3353 3982; x_wconf 88' lang='lat' dir='ltr'>Augustini</span> <span class='ocrx_word' id='word_1_768' title='bbox 3383 3909 3602 3964; x_wconf 92' lang='lat' dir='ltr'>Sermo-</span> 
     </span>
    </p>
   </div>
   <div class='ocr_carea' id='block_1_103' title="bbox 1900 3995 3603 4072">
    <p class='ocr_par' dir='ltr' id='par_1_103' title="bbox 1900 3995 3603 4072">
     <span class='ocr_line' id='line_1_103' title="bbox 1900 3995 3603 4072; baseline -0.004 -16"><span class='ocrx_word' id='word_1_769' title='bbox 1900 4019 2000 4056; x_wconf 89' lang='lat' dir='ltr'>nes</span> <span class='ocrx_word' id='word_1_770' title='bbox 2024 4001 2212 4056; x_wconf 89' lang='lat' dir='ltr'>brevis</span> <span class='ocrx_word' id='word_1_771' title='bbox 2242 4001 2506 4072; x_wconf 75' lang='lat' dir='ltr'>quaedam</span> <span class='ocrx_word' id='word_1_772' title='bbox 2525 4001 2596 4055; x_wconf 91' lang='lat' dir='ltr'>ad</span> <span class='ocrx_word' id='word_1_773' title='bbox 2622 4000 2905 4072; x_wconf 86' lang='lat' dir='ltr'>populum</span> <span class='ocrx_word' id='word_1_774' title='bbox 2940 3997 3145 4066; x_wconf 89' lang='lat' dir='ltr'>oratio,</span> <span class='ocrx_word' id='word_1_775' title='bbox 3177 3998 3340 4068; x_wconf 86' lang='lat' dir='ltr'>cujus</span> <span class='ocrx_word' id='word_1_776' title='bbox 3371 3995 3603 4050; x_wconf 89' lang='lat' dir='ltr'>initium</span> 
     </span>
    </p>
   </div>
   <div class='ocr_carea' id='block_1_104' title="bbox 1902 4088 3603 4158">
    <p class='ocr_par' dir='ltr' id='par_1_104' title="bbox 1902 4088 3603 4158">
     <span class='ocr_line' id='line_1_104' title="bbox 1902 4088 3603 4158; baseline -0.004 -14"><span class='ocrx_word' id='word_1_777' title='bbox 1902 4093 2022 4144; x_wconf 92' lang='lat' dir='ltr'>est:</span> <span class='ocrx_word' id='word_1_778' title='bbox 2053 4094 2158 4144; x_wconf 87' lang='lat' dir='ltr'>Deo</span> <span class='ocrx_word' id='word_1_779' title='bbox 2196 4091 2429 4158; x_wconf 89' lang='lat' dir='ltr'>gratias,</span> <span class='ocrx_word' id='word_1_780' title='bbox 2460 4091 2684 4156; x_wconf 84' lang='lat' dir='ltr'>fratres,</span> <span class='ocrx_word' id='word_1_781' title='bbox 2725 4088 3184 4158; x_wconf 85' lang='lat' dir='ltr'>congratulamini</span> <span class='ocrx_word' id='word_1_782' title='bbox 3221 4088 3396 4153; x_wconf 77' lang='lat' dir='ltr'>fratri</span> <span class='ocrx_word' id='word_1_783' title='bbox 3428 4090 3603 4139; x_wconf 86' lang='lat' dir='ltr'>vestro</span> 
     </span>
    </p>
   </div>
   <div class='ocr_carea' id='block_1_105' title="bbox 1903 4172 3604 4247">
    <p class='ocr_par' dir='ltr' id='par_1_105' title="bbox 1903 4172 3604 4247">
     <span class='ocr_line' id='line_1_105' title="bbox 1903 4172 3604 4247; baseline -0.006 -13"><span class='ocrx_word' id='word_1_784' title='bbox 1903 4179 2090 4247; x_wconf 89' lang='lat' dir='ltr'>(Serm.</span> <span class='ocrx_word' id='word_1_785' title='bbox 2151 4180 2293 4242; x_wconf 87' lang='lat'>360).</span> <span class='ocrx_word' id='word_1_786' title='bbox 2357 4177 2430 4232; x_wconf 88' lang='lat' dir='ltr'>Ex</span> <span class='ocrx_word' id='word_1_787' title='bbox 2488 4177 2610 4247; x_wconf 86' lang='lat' dir='ltr'>ejus</span> <span class='ocrx_word' id='word_1_788' title='bbox 2682 4181 2874 4231; x_wconf 89' lang='lat' dir='ltr'>autem</span> <span class='ocrx_word' id='word_1_789' title='bbox 2931 4174 3303 4246; x_wconf 90' lang='lat' dir='ltr'>inscriptione</span> <span class='ocrx_word' id='word_1_790' title='bbox 3355 4189 3418 4227; x_wconf 90' lang='lat' dir='ltr'>ac</span> <span class='ocrx_word' id='word_1_791' title='bbox 3474 4172 3604 4226; x_wconf 90' lang='lat' dir='ltr'>stilo</span> 
     </span>
    </p>
   </div>
   <div class='ocr_carea' id='block_1_106' title="bbox 1902 4259 3602 4335">
    <p class='ocr_par' dir='ltr' id='par_1_106' title="bbox 1902 4259 3602 4335">
     <span class='ocr_line' id='line_1_106' title="bbox 1902 4259 3602 4335; baseline -0.005 -15"><span class='ocrx_word' id='word_1_792' title='bbox 1902 4265 2052 4320; x_wconf 87' lang='lat' dir='ltr'>haud</span> <span class='ocrx_word' id='word_1_793' title='bbox 2074 4264 2282 4334; x_wconf 88' lang='lat' dir='ltr'>injuria</span> <span class='ocrx_word' id='word_1_794' title='bbox 2303 4264 2428 4334; x_wconf 89' lang='lat' dir='ltr'>quis</span> <span class='ocrx_word' id='word_1_795' title='bbox 2445 4265 2773 4335; x_wconf 87' lang='lat' dir='ltr'>conjecerit,</span> <span class='ocrx_word' id='word_1_796' title='bbox 2805 4264 2960 4319; x_wconf 89' lang='lat' dir='ltr'>illam</span> <span class='ocrx_word' id='word_1_797' title='bbox 2982 4265 3154 4318; x_wconf 86' lang='lat' dir='ltr'>fuisse</span> <span class='ocrx_word' id='word_1_798' title='bbox 3188 4263 3255 4316; x_wconf 82' lang='lat' dir='ltr'>ab</span> <span class='ocrx_word' id='word_1_799' title='bbox 3286 4259 3602 4331; x_wconf 82' lang='lat' dir='ltr'>Augustino</span> 
     </span>
    </p>
   </div>
   <div class='ocr_carea' id='block_1_107' title="bbox 1903 4347 3601 4425">
    <p class='ocr_par' dir='ltr' id='par_1_107' title="bbox 1903 4347 3601 4425">
     <span class='ocr_line' id='line_1_107' title="bbox 1903 4347 3601 4425; baseline -0.005 -17"><span class='ocrx_word' id='word_1_800' title='bbox 1903 4353 2276 4425; x_wconf 88' lang='lat' dir='ltr'>compositam</span> <span class='ocrx_word' id='word_1_801' title='bbox 2302 4373 2317 4419; x_wconf 86' lang='lat'><strong>;</strong></span> <span class='ocrx_word' id='word_1_802' title='bbox 2348 4353 2442 4407; x_wconf 91' lang='lat' dir='ltr'>sed</span> <span class='ocrx_word' id='word_1_803' title='bbox 2471 4353 2705 4407; x_wconf 89' lang='lat' dir='ltr'>nomine</span> <span class='ocrx_word' id='word_1_804' title='bbox 2737 4353 3042 4408; x_wconf 81' lang='lat' dir='ltr'>Donatistae</span> <span class='ocrx_word' id='word_1_805' title='bbox 3073 4350 3248 4415; x_wconf 91' lang='lat' dir='ltr'>illius,</span> <span class='ocrx_word' id='word_1_806' title='bbox 3281 4348 3382 4420; x_wconf 91' lang='lat' dir='ltr'>qui</span> <span class='ocrx_word' id='word_1_807' title='bbox 3411 4347 3601 4419; x_wconf 90' lang='lat' dir='ltr'>publi-</span> 
     </span>
    </p>
   </div>
   <div class='ocr_carea' id='block_1_108' title="bbox 1903 4436 3600 4513">
    <p class='ocr_par' dir='ltr' id='par_1_108' title="bbox 1903 4436 3600 4513">
     <span class='ocr_line' id='line_1_108' title="bbox 1903 4436 3600 4513; baseline -0.004 -17"><span class='ocrx_word' id='word_1_808' title='bbox 1903 4459 1994 4497; x_wconf 90' lang='lat' dir='ltr'>cas</span> <span class='ocrx_word' id='word_1_809' title='bbox 2027 4444 2138 4497; x_wconf 93' lang='lat' dir='ltr'>Deo</span> <span class='ocrx_word' id='word_1_810' title='bbox 2168 4441 2403 4513; x_wconf 90' lang='lat' dir='ltr'>gratias,</span> <span class='ocrx_word' id='word_1_811' title='bbox 2434 4442 2590 4513; x_wconf 89' lang='lat' dir='ltr'>quod</span> <span class='ocrx_word' id='word_1_812' title='bbox 2637 4459 2695 4496; x_wconf 90' lang='lat' dir='ltr'>se</span> <span class='ocrx_word' id='word_1_813' title='bbox 2751 4442 2820 4496; x_wconf 90' lang='lat' dir='ltr'>ab</span> <span class='ocrx_word' id='word_1_814' title='bbox 2863 4457 3053 4495; x_wconf 91' lang='lat' dir='ltr'>errore</span> <span class='ocrx_word' id='word_1_815' title='bbox 3102 4439 3418 4504; x_wconf 86' lang='lat' dir='ltr'>liberasset,</span> <span class='ocrx_word' id='word_1_816' title='bbox 3463 4436 3600 4507; x_wconf 89' lang='lat' dir='ltr'>agit.</span> 
     </span>
    </p>
   </div>
   <div class='ocr_carea' id='block_1_109' title="bbox 1905 4526 3606 4601">
    <p class='ocr_par' dir='ltr' id='par_1_109' title="bbox 1905 4526 3606 4601">
     <span class='ocr_line' id='line_1_109' title="bbox 1905 4526 3606 4601; baseline -0.004 -16"><span class='ocrx_word' id='word_1_817' title='bbox 1905 4532 2060 4586; x_wconf 89' lang='lat' dir='ltr'>Idem</span> <span class='ocrx_word' id='word_1_818' title='bbox 2089 4530 2180 4584; x_wconf 93' lang='lat' dir='ltr'>hic</span> <span class='ocrx_word' id='word_1_819' title='bbox 2210 4546 2397 4585; x_wconf 88' lang='lat' dir='ltr'>sermo</span> <span class='ocrx_word' id='word_1_820' title='bbox 2424 4535 2782 4601; x_wconf 59' lang='lat' dir='ltr'>praenotatur</span> <span class='ocrx_word' id='word_1_821' title='bbox 2808 4531 2874 4584; x_wconf 90' lang='lat' dir='ltr'>ad</span> <span class='ocrx_word' id='word_1_822' title='bbox 2905 4527 3128 4600; x_wconf 89' lang='lat' dir='ltr'>vigilias</span> <span class='ocrx_word' id='word_1_823' title='bbox 3155 4526 3480 4583; x_wconf 76' lang='lat' dir='ltr'>Maximiani</span> <span class='ocrx_word' id='word_1_824' title='bbox 3503 4541 3606 4578; x_wconf 90' lang='lat' dir='ltr'>seu</span> 
     </span>
    </p>
   </div>
   <div class='ocr_carea' id='block_1_110' title="bbox 1906 4616 3605 4687">
    <p class='ocr_par' dir='ltr' id='par_1_110' title="bbox 1906 4616 3605 4687">
     <span class='ocr_line' id='line_1_110' title="bbox 1906 4616 3605 4687; baseline -0.004 -13"><span class='ocrx_word' id='word_1_825' title='bbox 1906 4619 2193 4676; x_wconf 82' lang='lat' dir='ltr'>Maximini</span> <span class='ocrx_word' id='word_1_826' title='bbox 2216 4619 2464 4687; x_wconf 90' lang='lat' dir='ltr'>habitus,</span> <span class='ocrx_word' id='word_1_827' title='bbox 2496 4619 2556 4674; x_wconf 91' lang='lat' dir='ltr'>id</span> <span class='ocrx_word' id='word_1_828' title='bbox 2577 4619 3050 4686; x_wconf 86' lang='lat' dir='ltr'>est,nifa]limur,</span> <span class='ocrx_word' id='word_1_829' title='bbox 3083 4616 3236 4670; x_wconf 91' lang='lat' dir='ltr'>inter</span> <span class='ocrx_word' id='word_1_830' title='bbox 3264 4619 3605 4669; x_wconf 90' lang='lat' dir='ltr'>nocturnum</span> 
     </span>
    </p>
   </div>
   <div class='ocr_carea' id='block_1_111' title="bbox 1906 4704 3605 4777">
    <p class='ocr_par' dir='ltr' id='par_1_111' title="bbox 1906 4704 3605 4777">
     <span class='ocr_line' id='line_1_111' title="bbox 1906 4704 3605 4777; baseline -0.004 -14"><span class='ocrx_word' id='word_1_831' title='bbox 1906 4708 2168 4763; x_wconf 83' lang='lat' dir='ltr'>Ofﬁcium</span> <span class='ocrx_word' id='word_1_832' title='bbox 2198 4707 2448 4762; x_wconf 82' lang='lat' dir='ltr'>Africani</span> <span class='ocrx_word' id='word_1_833' title='bbox 2478 4706 2769 4776; x_wconf 87' lang='lat' dir='ltr'>cujusdam</span> <span class='ocrx_word' id='word_1_834' title='bbox 2787 4705 3052 4777; x_wconf 83' lang='lat' dir='ltr'>martyris</span> <span class='ocrx_word' id='word_1_835' title='bbox 3065 4721 3131 4759; x_wconf 91' lang='lat' dir='ltr'>eo</span> <span class='ocrx_word' id='word_1_836' title='bbox 3160 4704 3435 4759; x_wconf 85' lang='lat' dir='ltr'>vocabulo</span> <span class='ocrx_word' id='word_1_837' title='bbox 3457 4719 3605 4757; x_wconf 91' lang='lat' dir='ltr'>nun-</span> 
     </span>
    </p>
   </div>
   <div class='ocr_carea' id='block_1_112' title="bbox 1904 4793 3605 4868">
    <p class='ocr_par' dir='ltr' id='par_1_112' title="bbox 1904 4793 3605 4868">
     <span class='ocr_line' id='line_1_112' title="bbox 1904 4793 3605 4868; baseline -0.004 -17"><span class='ocrx_word' id='word_1_838' title='bbox 1904 4797 2116 4868; x_wconf 90' lang='lat' dir='ltr'>cupati,</span> <span class='ocrx_word' id='word_1_839' title='bbox 2150 4797 2249 4852; x_wconf 84' lang='lat' dir='ltr'>sed</span> <span class='ocrx_word' id='word_1_840' title='bbox 2262 4798 2422 4868; x_wconf 90' lang='lat' dir='ltr'>cujus</span> <span class='ocrx_word' id='word_1_841' title='bbox 2434 4795 2684 4866; x_wconf 88' lang='lat' dir='ltr'>cognitio</span> <span class='ocrx_word' id='word_1_842' title='bbox 2699 4795 2770 4849; x_wconf 90' lang='lat' dir='ltr'>ad</span> <span class='ocrx_word' id='word_1_843' title='bbox 2785 4798 3039 4849; x_wconf 91' lang='lat' dir='ltr'>nostram</span> <span class='ocrx_word' id='word_1_844' title='bbox 3049 4793 3399 4865; x_wconf 61' lang='lat' dir='ltr'>:memoriam</span> <span class='ocrx_word' id='word_1_845' title='bbox 3425 4808 3605 4863; x_wconf 85' lang='lat' dir='ltr'>usque</span> 
     </span>
    </p>
   </div>
   <div class='ocr_carea' id='block_1_113' title="bbox 1906 4881 3605 4955">
    <p class='ocr_par' dir='ltr' id='par_1_113' title="bbox 1906 4881 3605 4955">
     <span class='ocr_line' id='line_1_113' title="bbox 1906 4881 3605 4955; baseline -0.004 -16"><span class='ocrx_word' id='word_1_846' title='bbox 1906 4900 2023 4939; x_wconf 92' lang='lat' dir='ltr'>non</span> <span class='ocrx_word' id='word_1_847' title='bbox 2052 4885 2328 4955; x_wconf 90' lang='lat' dir='ltr'>pervenit.</span> <span class='ocrx_word' id='word_1_848' title='bbox 2353 4884 2441 4938; x_wconf 91' lang='lat' dir='ltr'>Sic</span> <span class='ocrx_word' id='word_1_849' title='bbox 2462 4884 2744 4953; x_wconf 88' lang='lat' dir='ltr'>psalmum</span> <span class='ocrx_word' id='word_1_850' title='bbox 2775 4882 3262 4953; x_wconf 87' lang='lat' dir='ltr'>septuagesimum</span> <span class='ocrx_word' id='word_1_851' title='bbox 3295 4881 3605 4935; x_wconf 87' lang='lat' dir='ltr'>secundum</span> 
     </span>
    </p>
   </div>
   <div class='ocr_carea' id='block_1_114' title="bbox 1908 4970 3607 5043">
    <p class='ocr_par' dir='ltr' id='par_1_114' title="bbox 1908 4970 3607 5043">
     <span class='ocr_line' id='line_1_114' title="bbox 1908 4970 3607 5043; baseline -0.004 -17"><span class='ocrx_word' id='word_1_852' title='bbox 1908 4971 2168 5043; x_wconf 86' lang='lat' dir='ltr'>exposuit</span> <span class='ocrx_word' id='word_1_853' title='bbox 2198 4971 2256 5026; x_wconf 90' lang='lat' dir='ltr'>in</span> <span class='ocrx_word' id='word_1_854' title='bbox 2286 4970 2588 5042; x_wconf 86' lang='lat' dir='ltr'>pervigilio</span> <span class='ocrx_word' id='word_1_855' title='bbox 2615 4971 2793 5026; x_wconf 89' lang='lat' dir='ltr'>sancti</span> <span class='ocrx_word' id='word_1_856' title='bbox 2835 4972 3124 5042; x_wconf 83' lang='lat' dir='ltr'>Cypriani,</span> <span class='ocrx_word' id='word_1_857' title='bbox 3160 4987 3230 5024; x_wconf 87' lang='lat' dir='ltr'>an</span> <span class='ocrx_word' id='word_1_858' title='bbox 3257 4975 3448 5025; x_wconf 88' lang='lat' dir='ltr'>autem</span> <span class='ocrx_word' id='word_1_859' title='bbox 3481 4970 3607 5024; x_wconf 87' lang='lat' dir='ltr'>Car-</span> 
     </span>
    </p>
   </div>
   <div class='ocr_carea' id='block_1_115' title="bbox 1904 5057 3606 5132">
    <p class='ocr_par' dir='ltr' id='par_1_115' title="bbox 1904 5057 3606 5132">
     <span class='ocr_line' id='line_1_115' title="bbox 1904 5057 3606 5132; baseline -0.005 -17"><span class='ocrx_word' id='word_1_860' title='bbox 1904 5061 2154 5132; x_wconf 89' lang='lat' dir='ltr'>thagine,</span> <span class='ocrx_word' id='word_1_861' title='bbox 2189 5076 2306 5114; x_wconf 93' lang='lat' dir='ltr'>non</span> <span class='ocrx_word' id='word_1_862' title='bbox 2335 5059 2610 5130; x_wconf 84' lang='lat' dir='ltr'>explicat:</span> <span class='ocrx_word' id='word_1_863' title='bbox 2652 5059 2793 5114; x_wconf 93' lang='lat' dir='ltr'>illud</span> <span class='ocrx_word' id='word_1_864' title='bbox 2825 5061 3010 5114; x_wconf 90' lang='lat' dir='ltr'>solum</span> <span class='ocrx_word' id='word_1_865' title='bbox 3041 5064 3198 5113; x_wconf 81' lang='lat' dir='ltr'>extra</span> <span class='ocrx_word' id='word_1_866' title='bbox 3227 5057 3463 5112; x_wconf 90' lang='lat' dir='ltr'>dubium</span> <span class='ocrx_word' id='word_1_867' title='bbox 3501 5058 3606 5122; x_wconf 90' lang='lat' dir='ltr'>est,</span> 
     </span>
    </p>
   </div>
   <div class='ocr_carea' id='block_1_116' title="bbox 1903 5148 3606 5220">
    <p class='ocr_par' dir='ltr' id='par_1_116' title="bbox 1903 5148 3606 5220">
     <span class='ocr_line' id='line_1_116' title="bbox 1903 5148 3606 5220; baseline -0.006 -16"><span class='ocrx_word' id='word_1_868' title='bbox 1903 5149 2350 5219; x_wconf 89' lang='lat' dir='ltr'>haudquaquam</span> <span class='ocrx_word' id='word_1_869' title='bbox 2382 5148 2562 5202; x_wconf 89' lang='lat' dir='ltr'>multo</span> <span class='ocrx_word' id='word_1_870' title='bbox 2579 5149 2973 5220; x_wconf 88' lang='lat' dir='ltr'>postelapsum</span> <span class='ocrx_word' id='word_1_871' title='bbox 2998 5152 3342 5220; x_wconf 82' lang='lat' dir='ltr'>praesentem</span> <span class='ocrx_word' id='word_1_872' title='bbox 3389 5157 3606 5196; x_wconf 86' lang='lat' dir='ltr'>annum</span> 
     </span>
    </p>
   </div>
   <div class='ocr_carea' id='block_1_117' title="bbox 1904 5232 3607 5309">
    <p class='ocr_par' dir='ltr' id='par_1_117' title="bbox 1904 5232 3607 5309">
     <span class='ocr_line' id='line_1_117' title="bbox 1904 5232 3607 5309; baseline -0.005 -18"><span class='ocrx_word' id='word_1_873' title='bbox 1904 5237 1960 5291; x_wconf 91' lang='lat' dir='ltr'>id</span> <span class='ocrx_word' id='word_1_874' title='bbox 1993 5238 2246 5304; x_wconf 86' lang='lat' dir='ltr'>factum;</span> <span class='ocrx_word' id='word_1_875' title='bbox 2290 5237 2756 5309; x_wconf 88' lang='lat' dir='ltr'>quandoquidem</span> <span class='ocrx_word' id='word_1_876' title='bbox 2819 5239 3170 5292; x_wconf 83' lang='lat' dir='ltr'>Honoratum</span> <span class='ocrx_word' id='word_1_877' title='bbox 3215 5232 3456 5304; x_wconf 89' lang='lat' dir='ltr'>epistola</span> <span class='ocrx_word' id='word_1_878' title='bbox 3507 5246 3607 5283; x_wconf 89' lang='lat' dir='ltr'>sua</span> 
     </span>
    </p>
   </div>
   <div class='ocr_carea' id='block_1_118' title="bbox 1907 5318 3607 5398">
    <p class='ocr_par' dir='ltr' id='par_1_118' title="bbox 1907 5318 3607 5398">
     <span class='ocr_line' id='line_1_118' title="bbox 1907 5318 3607 5398; baseline -0.006 -16"><span class='ocrx_word' id='word_1_879' title='bbox 1907 5327 2096 5382; x_wconf 91' lang='lat' dir='ltr'>medio</span> <span class='ocrx_word' id='word_1_880' title='bbox 2153 5325 2375 5381; x_wconf 89' lang='lat' dir='ltr'>circiter</span> <span class='ocrx_word' id='word_1_881' title='bbox 2419 5343 2568 5383; x_wconf 90' lang='lat' dir='ltr'>anno</span> <span class='ocrx_word' id='word_1_882' title='bbox 2638 5325 3198 5398; x_wconf 87' lang='lat' dir='ltr'>quadringentesimo</span> <span class='ocrx_word' id='word_1_883' title='bbox 3269 5318 3607 5376; x_wconf 90' lang='lat' dir='ltr'>duodecimo</span> 
     </span>
    </p>
   </div>
   <div class='ocr_carea' id='block_1_119' title="bbox 1909 5403 3604 5487">
    <p class='ocr_par' dir='ltr' id='par_1_119' title="bbox 1909 5403 3604 5487">
     <span class='ocr_line' id='line_1_119' title="bbox 1909 5403 3604 5487; baseline -0.005 -17"><span class='ocrx_word' id='word_1_884' title='bbox 1909 5416 2042 5470; x_wconf 90' lang='lat' dir='ltr'>data</span> <span class='ocrx_word' id='word_1_885' title='bbox 2093 5415 2164 5470; x_wconf 86' lang='lat' dir='ltr'>ad</span> <span class='ocrx_word' id='word_1_886' title='bbox 2223 5416 2479 5470; x_wconf 87' lang='lat' dir='ltr'>eamdem</span> <span class='ocrx_word' id='word_1_887' title='bbox 2517 5416 2928 5487; x_wconf 89' lang='lat' dir='ltr'>expositionem</span> <span class='ocrx_word' id='word_1_888' title='bbox 2975 5411 3215 5466; x_wconf 89' lang='lat' dir='ltr'>remittit</span> <span class='ocrx_word' id='word_1_889' title='bbox 3249 5403 3449 5479; x_wconf 81' lang='lat' dir='ltr'>(Epist.</span> <span class='ocrx_word' id='word_1_890' title='bbox 3485 5408 3604 5473; x_wconf 76' lang='grc'>140,</span> 
     </span>
    </p>
   </div>
   <div class='ocr_carea' id='block_1_120' title="bbox 1911 5494 3606 5576">
    <p class='ocr_par' dir='ltr' id='par_1_120' title="bbox 1911 5494 3606 5576">
     <span class='ocr_line' id='line_1_120' title="bbox 1911 5494 3606 5576; baseline -0.006 -18"><span class='ocrx_word' id='word_1_891' title='bbox 1911 5519 1968 5559; x_wconf 83' lang='lat' dir='ltr'>n.</span> <span class='ocrx_word' id='word_1_892' title='bbox 1998 5503 2246 5574; x_wconf 83' lang='lat' dir='ltr'>t3).Quo</span> <span class='ocrx_word' id='word_1_893' title='bbox 2279 5503 2468 5559; x_wconf 90' lang='lat' dir='ltr'>studio</span> <span class='ocrx_word' id='word_1_894' title='bbox 2508 5503 2614 5558; x_wconf 91' lang='lat' dir='ltr'>sibi</span> <span class='ocrx_word' id='word_1_895' title='bbox 2654 5504 2902 5576; x_wconf 87' lang='lat' dir='ltr'>populus</span> <span class='ocrx_word' id='word_1_896' title='bbox 2959 5515 3120 5553; x_wconf 86' lang='lat' dir='ltr'>aures</span> <span class='ocrx_word' id='word_1_897' title='bbox 3164 5498 3467 5569; x_wconf 69' lang='lat' dir='ltr'>praeberet,</span> <span class='ocrx_word' id='word_1_898' title='bbox 3527 5494 3606 5549; x_wconf 90' lang='lat' dir='ltr'>ibi</span> 
     </span>
    </p>
   </div>
  </div>
