3912 6174
309 164 411 217 439

307 282 611 355 signiﬁcat,
662 295 835 351 seque
873 283 1044 351 negat
1077 281 1199 352 ejus
1240 280 1429 336 ardori
1469 294 1670 350 parem
1722 293 1843 332 esse
1894 276 2015 347 jam

309 386 476 444 posse
501 387 513 424 :
546 386 611 423 ac
641 369 873 423 demum
898 369 968 422 ab
999 385 1066 423 eo
1097 369 1205 424 sibi
1227 370 1340 424 vim
1373 369 1631 424 adhiberi
1657 366 1860 423 blande
1883 381 2016 436 que-

311 460 459 514 ritur
490 461 705 528 (Enarr.
740 459 797 510 in
820 459 966 511 Psal.
996 474 1167 522 LXXII,
1201 475 1257 513 η.
1309 459 1417 530 34).
1452 460 1518 512 In
1566 473 1762 511 eorum
1808 469 2014 509 nume—

311 566 463 617 rum,
496 564 638 619 quos
670 548 817 601 Deus
842 547 1024 602 voluit
1049 565 1083 601 a
1113 537 1288 602 servis
1318 549 1435 603 suis
1465 547 1785 618 compulsos
1824 545 1884 598 in
1923 559 2018 597 au-

313 639 428 692 lam
459 635 775 706 nuptialem
807 635 1050 706 ingredi,
1077 635 1236 707 virgo
1270 636 1532 706 quaedam
1561 634 1789 688 nomine
1814 631 2021 688 Felicia

313 726 574 791 refertur,
609 740 781 796 quam
814 723 1070 778 Christus
1117 724 1462 795 virginitatis
1513 724 1621 778 sibi
1673 725 2018 792 nuncupatae

310 815 498 868 fructu
523 817 872 883 perstantem
904 812 964 866 in
996 813 1300 867 schismate
1332 813 1566 867 destitui
1623 828 1732 864 non
1773 816 1856 864 est
1887 827 2019 881 pas-

315 920 430 957 sus.
465 903 596 956 Eam
627 902 687 955 in
717 905 1010 972 posterum
1041 901 1393 972 Augustinus
1441 901 1502 955 in
1543 917 1644 955 sua
1673 899 1919 965 dioecesi,
1960 906 2022 953 ut

311 992 618 1048 verisimile
648 990 882 1062 quidem
925 994 1026 1057 est,
1083 995 1552 1055 commorantem,
1603 1006 1705 1060 pro
1751 988 1869 1042 filia
1914 987 2022 1042 sibi

316 1080 545 1154 egregie
567 1081 756 1146 chara,
790 1083 846 1133 et
865 1079 1189 1133 honorabili
1216 1080 1473 1150 corporis
1503 1079 1709 1134 Christi
1739 1077 2018 1144 membro;

316 1186 538 1225 necnon
567 1167 812 1241 Spiritus
840 1168 1019 1222 sancti
1057 1169 1363 1240 praesentia
1392 1168 1517 1223 vivo
1555 1166 1773 1222 habuit.
1804 1167 1892 1220 Ad
1921 1181 2023 1220 nos

318 1274 500 1330 usque
530 1257 790 1330 pervenit
838 1256 1104 1328 cpistola,
1155 1275 1270 1329 qua
1316 1258 1476 1312 illam
1527 1257 1728 1310 oborto
1777 1255 2024 1327 quodam

323 1347 589 1402 scandalo
630 1346 1028 1417 perturbatam
1076 1347 1312 1413 solatur,
1366 1347 1746 1416 hortaturque
1794 1349 1858 1398 ut
1910 1359 2025 1398 uno

326 1439 462 1504 Deo,
504 1451 622 1489 non
648 1434 999 1498 hominibus,
1021 1435 1258 1502 nitatur,
1282 1452 1345 1488 ac
1378 1435 1547 1489 simul
1579 1450 1649 1488 ne
1679 1433 1868 1488 minus
1893 1432 2024 1488 inde

1510 1648 2024 1770 LIBER

1490 155 1666 210 VITA
1718 155 1770 208 S.
1832 151 2219 209 AUGUSTINI
2283 155 2619 210 EPISCOPI.

2125 276 2448 346 Ecclesiam,
2479 276 2539 331 in
2567 278 2730 348 cujus
2760 275 2950 332 sinum
3001 292 3059 330 se
3103 280 3401 348 receperat,
3431 294 3603 336 amare
3653 299 3752 354 per.

2126 370 2240 436 gat.
2276 366 2460 437 Rogat
2487 382 2632 432 eam,
2655 370 2735 434 ut,
2759 381 2877 437 quo
2909 364 3102 420 animo
3133 364 3346 420 litteras
3374 366 3486 422 illas
3505 373 3753 441 acceperit,

2127 453 2429 509 certiorem
2465 455 2655 526 ipsum
2702 454 2874 509 faciat
2929 455 3217 526 rescriptis
3267 456 3397 524 suis,
3452 475 3578 524 sese,
3605 467 3662 516 ut
3706 465 3758 516 ad

2128 543 2312 615 ipsam
2342 543 2632 614 scriberet,
2672 545 2870 598 salutis
2923 544 3075 598 illius
3123 544 3308 599 studio
3353 550 3406 600 et
3440 549 3758 604 sollicitudine

2130 632 2441 686 adductum
2473 648 2799 687 asseverans
2830 632 3028 703 (Epist.
3068 633 3215 703 208).
3264 634 3389 688 Post
3431 635 3753 692 Collationem

2131 737 2388 776 reversus
2419 722 2741 793 Hipponem
2760 721 3112 792 Augustinus
3141 721 3377 790 curavit,
3407 728 3466 776 ut
3489 730 3596 778 acta
3616 726 3759 780 Colla-

2131 809 2304 864 tionis
2333 811 2544 882 populo
2577 810 2972 876 recitarentur,
3008 811 3070 864 Et
3096 810 3206 865 hoc
3230 810 3413 882 ipsum
3448 812 3661 867 fortassis
3687 814 3758 868 in-

2133 899 2302 965 dicat,
2335 915 2466 954 cum
2495 899 2556 953 in
2596 915 2859 954 sermone
2892 899 3264 970 nonagesimo
3301 916 3444 954 nono
3479 917 3567 972 per
3588 903 3765 956 aestivos

2134 990 2346 1040 calores
2379 1004 2493 1042 non
2519 988 2688 1059 longe
2719 993 2850 1059 post
2878 987 3101 1043 finitam
3151 989 3514 1045 Collationem
3555 1007 3762 1060 pronun-

2135 1074 2296 1142 tiato,
2321 1077 2585 1146 quaedam
2611 1076 2864 1130 referens
2889 1093 3016 1148 quae
3048 1077 3110 1131 in
3135 1077 3336 1132 eadem
3354 1078 3472 1133 ﬁeri
3487 1079 3765 1150 contigerat,

2137 1164 2327 1218 addit:
2395 1165 2547 1231 Quod
2599 1167 2764 1220 etiam
2823 1169 2884 1220 in
2950 1168 3122 1222 Gestis
3188 1169 3323 1236 ipsis
3385 1169 3539 1236 legere
3591 1174 3765 1237 potestis

2139 1253 2326 1322 (Serm.
2361 1258 2446 1321 99,
2480 1272 2536 1308 η.
2570 1255 2641 1323 8).
2678 1257 2741 1308 1n
2783 1255 3102 1310 Donatistas
3131 1256 3442 1327 plurimum
3477 1272 3537 1313 ea
3574 1255 3628 1310 in
3665 1274 3766 1312 con-

2136 1341 2302 1397 cione
2323 1343 2639 1399 invehitur.

2123 1644 2986 1770 SEPTIMUS.

392 1830 569 1879 Annos
599 1831 962 1896 complectitur
995 1836 1113 1883 octo
1147 1847 1178 1882 a
1207 1830 1721 1896 quadringentesimo
1756 1829 2049 1887 undecimo,
2075 1817 2150 1876 (ex
2179 1842 2281 1891 quo
2310 1843 2445 1877 anno
2475 1843 2587 1876 rem
2625 1827 2818 1877 habere
2851 1826 3012 1891 coepit
3042 1826 3369 1891 Augustinus
3398 1840 3507 1875 cum
3535 1823 3723 1875 inimicis

1913 1914 2099 1977 gratiae
2130 1912 2249 1962 Dei.

895 2149 1120 2203 CAPUT
1163 2149 1456 2204 PRIMUM.

334 2241 351 2291 1
390 2237 639 2305 Pelagius
671 2237 912 2292 hxresim
940 2253 1096 2292 suam
1125 2241 1373 2308 proferre
1402 2240 1620 2310 incipit.
1664 2242 1698 2292 2
1726 2238 2034 2307 Discipulus

400 2326 517 2393 ejus
558 2326 829 2381 Caelestius
870 2341 906 2379 a
931 2327 1349 2392 Carthaginensi
1377 2327 1598 2382 concilio
1629 2327 2036 2382 condemnatur.

405 2415 435 2466 3
461 2414 780 2480 Pelagianos
814 2418 1091 2482 oppugnat
1121 2416 1487 2482 Augustinus,
1514 2431 1576 2469 ac
1601 2416 1764 2469 libros
1786 2415 1860 2468 ad
1883 2416 2038 2469 Mar-

403 2501 651 2555 cellinum
677 2503 809 2556 duos
842 2502 906 2556 de
930 2505 1210 2572 Baptismo
1235 2505 1591 2572 parvulorum
1611 2504 1822 2558 scribit.
1852 2507 1880 2556 4
1904 2505 2038 2572 Epi-

404 2590 598 2643 stolam
643 2590 718 2644 ad
745 2591 985 2645 eumdem
1028 2607 1121 2646 seu
1167 2593 1367 2646 librum
1409 2593 1780 2662 superioribus
1825 2594 2042 2647 tertium

409 2683 595 2732 contra
617 2681 935 2747 Pelagianos
966 2681 1245 2750 adjungit.
1279 2685 1308 2735 5
1340 2680 1501 2735 Liber
1523 2683 1693 2744 eidem
1729 2681 2040 2738 Marcellino

408 2773 750 2837 nuncupatus
781 2769 845 2822 de
872 2771 1088 2839 Spiritu
1112 2775 1163 2824 et
1182 2771 1410 2824 Littera.
1446 2773 1476 2824 6
1500 2772 1828 2837 Carthagine
1852 2774 2044 2823 contra

408 2857 823 2922 Pelagianorum
851 2873 1084 2912 errorem
1113 2874 1405 2913 sermonem
1449 2860 1608 2914 habet
1651 2860 1724 2913 ad
1757 2860 2040 2929 populum.

407 2949 436 2996 7
470 2946 684 3011 Pelagio
712 2947 976 3001 rescribit.
1008 2949 1039 3001 8
1068 2949 1133 3002 In
1156 2949 1385 3017 epistola
1423 2949 1498 3002 ad
1533 2949 1888 3003 Anastasium
1918 2963 2045 3014 gra-

409 3033 497 3086 tiae
524 3035 889 3088 necessitatem
917 3035 992 3088 ad
1020 3036 1185 3104 legem
1231 3037 1570 3105 implendam
1595 3037 1819 3106 probat.
1859 3041 1889 3093 9
1916 3038 2042 3092 Ηο-

410 3126 600 3175 norato
625 3122 948 3191 respondens
969 3122 1189 3178 disserit
1220 3125 1285 3178 de
1321 3127 1506 3191 gratia
1535 3128 1661 3179 novi
1691 3127 2036 3180 Testamenti.

417 3212 464 3262 1.
502 3210 652 3263 Bello
688 3210 1108 3265 Donatistarum
1138 3217 1270 3282 post
1297 3217 1530 3267 centum
1569 3219 1626 3268 et
1652 3213 1908 3285 quinque
1939 3215 2044 3268 cir-

342 3296 482 3351 citer
518 3313 718 3366 annos,
749 3314 852 3368 per
883 3315 1028 3370 quos
1076 3299 1147 3354 ab
1187 3300 1258 3354 iis
1312 3301 1678 3356 vehementer
1726 3304 2042 3358 admodum

343 3385 553 3455 agitata
599 3391 682 3439 est
721 3386 983 3441 Africana
1040 3388 1302 3456 Ecclesia,
1345 3389 1468 3459 jam
1516 3391 1748 3445 tandem
1798 3391 2042 3446 feliciter

345 3474 620 3541 confecto,
648 3474 803 3530 aliud
829 3475 1098 3530 continuo
1123 3493 1254 3531 cum
1276 3478 1593 3548 Pelagianis
1622 3479 2044 3551 suscipiendum

344 3562 471 3629 fuit,
505 3564 659 3634 quod
690 3563 968 3620 universa:
1000 3565 1259 3620 Ecclesim
1286 3567 1456 3638 longe
1489 3566 1587 3621 illo
1626 3567 1884 3622 futurum
1924 3573 2046 3622 erat

345 3650 720 3722 periculosius
750 3653 1177 3723 magnitudine,
1212 3671 1276 3709 ac
1299 3655 1673 3712 diuturnitate
1722 3657 2039 3712 molestius.

349 3741 558 3793 Verum
589 3744 650 3793 ut
673 3741 742 3794 de
770 3745 855 3794 tot
882 3742 1119 3810 praeliis,
1151 3759 1279 3813 quae
1309 3759 1440 3798 cum
1472 3745 1781 3800 Donatistis
1810 3763 1914 3816 pro
1953 3748 2044 3800 Ec-

345 3827 532 3881 clesiae
552 3843 688 3898 pace
720 3830 1020 3883 commissa
1051 3837 1201 3897 sunt,
1233 3833 1486 3901 palmam
1510 3833 1640 3887 tulit
1667 3836 2042 3906 Augustinus,

347 3930 451 3986 per
480 3930 651 3984 quem
668 3915 926 3970 videlicet
949 3921 1135 3971 totum
1165 3918 1304 3973 illud
1334 3919 1665 3975 instauratm
1693 3923 1927 3976 unitatis
1949 3924 2047 3978 bo-

346 4014 486 4053 num
517 4003 571 4052 et
599 4003 849 4069 cceptum
879 4004 934 4053 et
961 4001 1275 4071 perfectum
1319 4008 1404 4057 est
1441 4005 1754 4073 (Possidius,
1804 4009 1862 4061 in
1919 4011 2047 4063 Vita

347 4089 669 4157 Augustini,
702 4103 748 4142 c.
781 4088 903 4157 13);
935 4088 1014 4142 sic
1040 4087 1103 4143 in
1149 4091 1350 4160 quovis
1381 4109 1511 4146 cum
1559 4093 1807 4149 inimicis
1845 4097 2046 4166 gratiae

351 4177 450 4232 Dei
480 4177 811 4246 certamine,
839 4177 961 4249 jam
997 4178 1129 4234 inde
1157 4197 1189 4233 a
1217 4185 1475 4252 tempore
1521 4199 1634 4254 quo
1666 4183 1724 4238 in
1754 4201 1848 4238 eos
1878 4185 2045 4240 dimi-

348 4267 463 4322 cari
492 4267 678 4338 coepit,
715 4266 988 4321 catholica
1017 4267 1163 4322 acies
1210 4268 1467 4339 ejusdem
1511 4273 1689 4326 sancti
1718 4273 1826 4326 viri
1873 4275 2046 4329 ductu

350 4361 406 4411 et
432 4361 653 4427 pugnat
679 4361 734 4410 et
762 4356 936 4411 vincit
976 4356 1244 4428 (Prosper,
1287 4360 1483 4415 Contra
1519 4362 1853 4431 Collatorem,
1883 4380 1938 4417 n.
1967 4367 2043 4433 2).

350 4442 540 4512 Copiis
561 4442 672 4495 illis
701 4441 946 4497 inimicis
977 4444 1175 4515 gratia:
1207 4444 1327 4511 Dei,
1361 4461 1492 4517 quae
1525 4447 1697 4501 totius
1728 4449 1863 4503 lidei
1903 4450 2046 4504 chri-

349 4530 546 4584 stianze
575 4531 946 4586 fundamenta
959 4518 1211 4587 evertere
1242 4533 1573 4598 moliuntur,
1607 4536 1926 4605 Pelagianis
1956 4554 2047 4592 no-

350 4634 486 4672 men
523 4635 643 4673 esse
669 4637 701 4672 a
740 4621 969 4691 Pelagio
1000 4638 1198 4676 earum
1219 4627 1446 4676 auctore
1479 4639 1541 4676 ac
1571 4623 1732 4690 duce,
1755 4640 1923 4679 nemo
1954 4642 2047 4680 ne-

350 4706 454 4761 scit
479 4707 680 4775 (Epist.
716 4710 835 4774 176,
875 4725 968 4764 nn.
1005 4714 1058 4778 3,
1112 4713 1188 4781 4).
1249 4711 1349 4765 Hic
1395 4711 1454 4766 in
1501 4710 1686 4765 insula
1735 4712 2043 4777 Britannia,

350 4795 504 4850 unde
532 4793 619 4848 illi
667 4794 884 4849 Britoni
929 4813 1267 4870 cognomen,
1296 4800 1520 4871 (humili
1563 4801 1687 4856 loco
1726 4807 1892 4857 natus
1941 4808 2040 4858 est.

348 4882 668 4940 Monasticae
698 4882 826 4936 vitae
855 4883 1181 4941 institutum
1211 4894 1459 4959 secutus,
1478 4889 1892 4945 existimatione
1923 4908 2046 4946 san-

312 5035 318 5041 ,
346 4973 554 5029 ctitatis
584 4972 918 5044 aliquandiu
938 4975 1132 5030 ﬂoruit
1159 4977 1312 5033 haud
1343 4979 1582 5051 vulgari.
1643 4980 1862 5034 Erroris
1929 4980 2045 5035 suis

349 5062 570 5118 semina
606 5062 676 5116 ab
716 5060 1000 5115 veteribus
1028 5063 1402 5136 philosOphis,
1437 5086 1662 5124 necnon
1701 5070 1769 5124 ab
1803 5070 2045 5141 Origene

343 5152 576 5225 collegit
601 5153 809 5222 (Epist.
853 5153 971 5219 178,
1021 5168 1077 5206 n.
1113 5157 1167 5219 2,
1215 5157 1389 5223 Epist.
1433 5161 1555 5227 157,
1608 5175 1662 5214 n.
1712 5163 1820 5226 21;
1862 5163 2042 5231 Epist.

353 5245 473 5310 175,
501 5259 556 5299 n.
592 5242 665 5314 6).
701 5243 774 5296 Ea
806 5242 1024 5308 Romen,
1047 5241 1160 5310 ,ubi
1191 5242 1507 5302 diutissime
1535 5248 1692 5315 vixit,
1747 5250 2049 5322 spargebat

349 5345 480 5384 cum
509 5330 568 5384 in
599 5329 839 5402 scriptis,
882 5334 1004 5384 tum
1030 5329 1089 5384 in
1121 5333 1478 5388 sermonibus
1509 5340 1564 5389 et
1585 5338 2048 5393 contentionibus

347 5416 584 5489 privatis
608 5437 622 5488 ;
653 5419 879 5476 tametsi
909 5418 971 5475 in
999 5419 1089 5475 his
1127 5418 1349 5484 timide,
1381 5427 1435 5476 et
1465 5424 1634 5480 vitato
1664 5433 1945 5498 quantum
1977 5428 2046 5485 li-

2135 2146 2298 2201 cebat
2335 2145 2576 2216 strepitu
2607 2150 2925 2200 versaretur
2943 2146 3033 2216 (De
3067 2148 3283 2200 Peccato
3311 2145 3574 2213 originali,
3610 2160 3657 2196 n.
3681 2143 3762 2210 2t).

2141 2235 2303 2290 Prius
2342 2234 2588 2289 absentis
2609 2239 2665 2288 et
2692 2236 2887 2289 Romae
2916 2233 3215 2289 constituti
3243 2233 3454 2305 Pelagii
3481 2247 3664 2287 nomen
3677 2245 3769 2284 cum

2141 2340 2351 2396 magna
2380 2325 2502 2394 ejus
2532 2324 2697 2378 laude
2722 2323 2992 2394 cognovit
3027 2323 3382 2393 Augustinus
3409 2340 3421 2391 ;
3467 2329 3642 2394 postea
3677 2336 3770 2373 vero

2145 2414 2311 2484 coepit
2332 2413 2404 2467 ad
2433 2429 2567 2466 eum
2589 2412 2741 2466 fama
2771 2412 3042 2483 perferre.
3079 2413 3240 2482 quod
3270 2412 3531 2466 adversus
3571 2409 3652 2463 Dei
3674 2424 3768 2479 gra-

2143 2501 2284 2556 tiam
2314 2501 2635 2573 disputaret
2662 2501 2756 2571 (De
2782 2502 2956 2557 Gestis
2987 2502 3217 2570 Pelagii,
3264 2516 3317 2554 n.
3371 2502 3476 2568 46).
3525 2498 3612 2553 Illa
3643 2495 3769 2550 sancti

2145 2590 2394 2645 Doctoris
2422 2591 2608 2657 verba,
2638 2593 2719 2645 Da
2747 2590 2891 2660 quod
2912 2590 3093 2660 jubes,
3118 2594 3169 2644 et
3191 2590 3324 2659 jube
3355 2588 3493 2658 quod
3528 2589 3618 2655 vis,
3652 2585 3766 2638 Pela-

2144 2679 2271 2750 gius
2303 2681 2498 2734 Romae
2537 2696 2668 2734 cum
2705 2696 2738 2733 a
2769 2679 3017 2751 quodam
3056 2679 3324 2750 episcopo
3367 2677 3532 2732 fuisse
3574 2692 3630 2729 eo
3667 2689 3770 2743 pra:-

2146 2773 2303 2822 sente
2333 2773 2796 2836 commemorata,
2829 2768 2976 2822 ferre
2995 2784 3112 2822 non
3140 2767 3350 2839 potuit,
3375 2771 3429 2821 et
3456 2763 3770 2820 contradicens

2147 2857 2437 2928 aliquanto
2469 2856 2827 2923 commotius,
2851 2872 2995 2927 pene
3015 2872 3149 2910 cum
3170 2873 3236 2911 eo
3268 2855 3368 2928 qui
3393 2855 3486 2909 illa
3501 2865 3771 2908 commemo-

2148 2949 2367 2999 raverat
2385 2945 2632 3017 litigavit
2661 2946 2756 3012 (De
2775 2947 2919 3000 Dono
2944 2947 3383 3014 perseverantia,
3411 2960 3463 2998 η.
3506 2946 3601 3010 53).
3629 2941 3776 2994 Postea

2147 3048 2278 3086 vero
2308 3048 2481 3104 quam
2510 3032 2571 3085 in
2590 3032 2848 3086 Africam
2880 3031 3055 3098 venit,
3092 3031 3448 3104 Hipponensi
3471 3030 3653 3094 littore,
3679 3041 3772 3082 cum

2145 3121 2495 3191 Augustinus
2523 3120 2681 3174 illinc
2708 3122 2949 3189 abesset,
2976 3126 3249 3192 exceptus
3280 3125 3382 3188 est,
3401 3136 3561 3185 anno,
3583 3121 3635 3171 ut
3655 3115 3765 3170 vide-

2146 3214 2260 3277 tur,
2281 3209 2845 3280 quadringentesimo
2869 3209 3090 3265 decimo
3109 3227 3122 3264 :
3143 3211 3245 3265 sed
3259 3209 3410 3282 quod
3422 3209 3535 3280 ejus
3566 3202 3768 3262 haeresim

2148 3303 2388 3369 saperet,
2421 3299 2499 3353 ibi
2530 3299 2767 3354 omnino
2791 3299 2936 3354 nihil
2974 3300 3046 3355 ab
3074 3301 3176 3356 illo
3203 3301 3461 3356 auditum
3486 3303 3563 3353 est
3585 3293 3720 3368 ;qnia
3735 3297 3775 3344 εδ.

2147 3387 2312 3442 citius
2346 3403 2519 3457 quam
2547 3388 2877 3458 putabatur,
2919 3388 3053 3442 inde
3106 3390 3394 3459 profectus
3440 3391 3535 3441 est.
3579 3385 3772 3439 Postmo-

2148 3476 2284 3531 dum
2317 3477 2438 3546 ejus
2459 3476 2662 3531 faciem
2693 3477 3035 3549 Carthagine
3066 3480 3246 3534 semel
3267 3483 3325 3534 et
3351 3477 3549 3533 iterum
3572 3471 3773 3528 viditAu-

2147 3565 2428 3636 gustinus,
2461 3582 2612 3620 anno
2654 3565 2868 3621 scilicet
2909 3565 3476 3638 quadringentesimo
3513 3558 3770 3617 undecimo,

2149 3655 2378 3724 quando
2399 3660 2633 3729 propter
2658 3655 3044 3722 collationem,
3077 3671 3257 3726 quam
3289 3651 3550 3712 Catholici

2149 3743 2371 3798 natistis
2399 3745 2652 3799 habituri
2688 3749 2868 3812 erant,
2893 3745 3164 3799 maximis
3193 3740 3635 3816 occupationibus
3657 3733 3769 3789 disti-

2149 3834 2412 3889 nebatur.
2445 3834 2708 3905 Pelagius
2735 3850 2869 3888 vero
2899 3839 3038 3888 tunc
3068 3834 3382 3890 abscedens
3410 3826 3702 3898 Carthagine
3723 3819 3768 3873 ad

2150 3924 2532 3980 transmarina
2558 3924 2683 3977 loca
2711 3923 3042 3994 properavit
3072 3925 3163 3994 (De
3191 3925 3364 3980 Gestis
3389 3921 3598 3989 Pelagii,
3624 3931 3669 3969 n.
3692 3909 3768 3976 46)·

2220 4017 2273 4067 2.
2307 4015 2528 4066 Interea
2551 4029 2655 4083 per
2685 4029 2786 4066 ora
2811 4028 3015 4066 eorum
3045 4011 3146 4083 qui
3183 4011 3401 4084 Pelagii
3427 4001 3657 4077 discipuli
3677 4000 3772 4054 fere-

2152 4103 2378 4167 bantur,
2411 4101 2679 4172 dogmata
2707 4101 2950 4155 recentis
2987 4101 3222 4156 hteresis
3258 4100 3540 4156 fervebant
3561 4095 3614 4149 in
3635 4087 3772 4146 Afn'ea

2153 4191 2335 4260 (Ibid)
2377 4191 2546 4243 Erant
2583 4189 2666 4244 ibi
2712 4189 2967 4260 quidam.
3016 4189 3116 4261 qui
3168 4189 3506 4260 ubicumque
3551 4178 3768 4254 poterant,

2151 4279 2271 4332 haec
2301 4278 2389 4332 sui
2415 4277 2622 4331 erroris
2661 4293 2808 4332 nova
2837 4277 3058 4332 semina
3079 4282 3433 4350 spargerent.
3457 4276 3586 4330 Nam
3611 4273 3771 4357 eiunuf

2151 4384 2351 4422 eorum
2380 4366 2613 4422 nomine
2641 4367 2953 4434 Coelestius,
2994 4368 3154 4438 isque
3181 4367 3578 4438 discipulorum
3611 4355 3769 4420 Ρθιθευ

2149 4455 2312 4509 facile
2341 4455 2623 4525 princeps,
2656 4454 2758 4525 qui
2790 4454 2852 4508 in
2881 4455 3122 4509 civitatis
3166 4447 3608 4524 Carthaginensis
3633 4441 3770 4498 Eccle-

2151 4541 2234 4596 sia
2257 4541 2375 4612 jam
2403 4541 2473 4595 ad
2494 4541 2833 4612 presbyterii
2860 4541 3139 4596 honorem
3185 4541 3490 4612 subrepere
3532 4530 3731 4604 (δωρειαὶ
3750 4539 3772 4574 a

2151 4630 2439 4684 catholicis
2466 4629 2602 4684 viris
2639 4629 2964 4684 Christianae
3009 4630 3144 4686 ﬁdei
3172 4646 3368 4685 amore
3395 4623 3651 4686 animatis,
3675 4629 3770 4688 pro-

2149 4725 2278 4791 pter
2303 4720 2406 4774 has
2443 4719 2596 4789 ipsas
2628 4724 2823 4774 contra
2873 4720 3077 4775 Christi
3129 4720 3370 4792 gratiam
3416 4709 3771 4804 disputationff.

2150 4810 2226 4864 ad
2267 4807 2543 4879 judicium
2593 4808 2916 4879 episcopale
2969 4810 3279 4880 perductus
3336 4810 3419 4863 est
3471 4803 3641 4875 (Epist.
3687 4795 3771 4849 157.

2149 4914 2204 4951 η.
2231 4899 2339 4965 22).
2386 4896 2702 4952 Concilium
2742 4914 2809 4952 ea
2846 4898 2916 4952 de
2969 4914 3030 4952 re
3078 4899 3228 4969 apud
3284 4891 3650 4964 Carthaginem
3683 4891 3774 4934 cum

2149 4986 2382 5056 collegis
2422 4986 2539 5040 suis
2586 4986 2782 5041 babuit
2835 4986 3102 5041 Aurelius
3147 4986 3272 5057 ipso
3319 4981 3556 5040 fortassis
3591 4970 3771 5030 ineunte

2151 5091 2301 5128 anno
2334 5074 2898 5146 quadringentesimo
2928 5075 3286 5144 duodecimo,
3317 5077 3460 5128 certe
3479 5064 3624 5124 annis
3643 5061 3774 5146 fertile

2156 5144 2410 5234 quinque
2440 5167 2570 5218 ante
2593 5144 2771 5218 aliam
2804 5162 3313 5234 Carthagiuensem
3351 5156 3606 5232 synodum
3627 5148 3674 5201 in
3698 5144 3772 5197 Pe'

2153 5251 2289 5323 lagii
2319 5256 2376 5306 et
2405 5252 2652 5307 leestii
2700 5251 2957 5323 ejusdem
3002 5267 3171 5306 causa
3212 5267 3360 5306 anno
3409 5234 3773 5323 quadriug‘ime'

2156 5320 2298 5394 simo
2326 5341 2545 5395 decimo
2574 5320 2743 5394 sexto
2760 5339 3100 5394 celebratam
3129 5341 3328 5410 (Epist.
3366 5339 3482 5404 175,
3509 5349 3557 5385 πε
3591 5320 3768 5394 ¹)ιῧ⁰¹¹’

2155 5429 2284 5484 cilio
2322 5428 2522 5496 libelli,
2569 5428 2777 5501 quibus
2824 5429 3210 5484 accusationes
3253 5424 3500 5484 Caelestio
3542 5410 3768 5474 intentata?
