3912 6174
128 209 199 261 141
1453 196 1667 251 LIBER
1723 197 2092 253 SEPTIMUS.

122 325 491 387 continerentur,
522 319 691 374 oblati
730 322 862 372 sunt
904 318 1038 385 duo,
1084 318 1349 390 stetitque
1392 319 1454 373 in
1493 335 1624 373 eum
1665 335 1733 374 ex

123 418 297 472 adversa
317 416 459 484 parte
487 408 751 464 Paulinus
781 407 1070 462 diaconus.
1106 408 1511 478 Fragmentum
1545 425 1608 461 ex
1641 424 1733 478 ge-

127 506 202 561 stis
230 504 423 572 hujusce
464 497 680 553 concilii
727 497 940 568 profert
980 496 1353 568 Augustinus,
1385 497 1539 551 unde
1578 514 1730 551 com-

128 587 655 649 monsﬂatleestium
675 586 735 640 in
755 587 861 640 hoc
889 586 1195 657 episcopali
1215 585 1435 656 judicio
1460 587 1732 640 damnare

129 680 305 736 noluisse
330 693 416 730 eos
454 675 547 746 qui
594 674 807 741 dicunt,
853 675 1009 740 Quod
1045 678 1328 743 peccatum
1370 674 1508 728 Adae
1552 676 1732 742 ipsum

124 772 241 825 solm
263 767 451 831 Inserit,
480 769 528 817 et
563 780 666 817 non
696 779 862 831 genus
890 765 1213 829 humanum;
1247 768 1315 829 et,
1351 763 1507 828 Quod
1536 765 1731 829 infan—

123 859 269 925 tesqui
289 858 578 919 nascuntur,
616 856 673 906 in
713 869 768 906 eo
814 858 962 906 statu
991 854 1121 918 sint,
1156 854 1213 905 in
1257 868 1361 921 quo
1400 852 1583 906 Adam
1619 854 1735 917 fuit

114 953 203 1001 ante
219 941 681 1014 praevaricationem
718 941 819 1012 (De
854 944 1073 997 Peccato
1117 942 1396 1009 originali,
1438 956 1530 995 nn.
1565 943 1617 1005 2,
1654 941 1727 1007 3).

114 1037 229 1090 [dem
259 1041 427 1087 tamen
465 1031 751 1086 Caelestius
796 1048 894 1085 ora
936 1031 1244 1085 christiana
1278 1046 1397 1085 non
1446 1029 1732 1084 sustinens

110 1126 275 1193 (Contra
301 1123 580 1185 Iulianum,
613 1122 707 1175 lib.
743 1123 795 1187 3,
824 1136 880 1175 η.
917 1124 988 1188 9),
1020 1120 1079 1174 in
1108 1120 1303 1174 libello
1335 1136 1436 1173 suo
1466 1118 1730 1173 brevissi-

110 1228 179 1265 mo
204 1211 429 1265 conﬁteri
454 1215 678 1264 coactus
711 1216 816 1275 est,
848 1213 1085 1279 propter
1122 1208 1493 1279 baptizandos
1521 1223 1731 1278 parvu-

111 1303 182 1363 los,
207 1300 333 1371 quod
362 1304 414 1353 et
441 1299 575 1370 ipsis
606 1298 923 1369 redemptio
964 1298 1036 1353 sit
1067 1298 1383 1352 necessaria
1411 1299 1510 1368 (De
1538 1300 1732 1351 Pecca-

111 1397 238 1443 torum
270 1391 481 1455 meritis,
523 1388 620 1441 lib.
672 1392 719 1452 1,
761 1404 817 1442 η.
863 1390 961 1456 62;
1007 1390 1186 1457 Epist.
1224 1391 1345 1448 157,
1383 1404 1437 1440 η.
1472 1389 1560 1452 22,
1593 1386 1735 1440 etde

109 1479 269 1531 Peccato
304 1478 565 1545 originali,
606 1492 661 1530 η.
707 1475 821 1546 21),
866 1476 1001 1530 licet
1039 1476 1287 1531 noluerit
1332 1475 1614 1537 confiteri,
1667 1491 1733 1528 ex

108 1566 240 1619 Adam
264 1566 316 1619 in
342 1582 430 1620 eos
471 1565 761 1619 transiisse
796 1569 1091 1635 peceatum
1122 1566 1213 1635 (De
1252 1568 1595 1619 Peccatorum
1624 1580 1732 1617 me-

108 1656 209 1719 ritis,
236 1654 320 1707 lib.
354 1658 403 1720 2,
435 1670 487 1707 n.
525 1656 616 1720 58,
647 1658 697 1707 et
721 1656 792 1707 De
818 1656 1039 1708 Peccato
1068 1656 1347 1721 originali,
1382 1670 1441 1706 η.
1481 1656 1590 1723 21).
1624 1651 1735 1705 Sed

107 1758 351 1812 quanquam
377 1745 607 1798 noluerit
640 1743 705 1797 de
733 1744 996 1811 originali
1018 1749 1236 1812 peccato
1262 1743 1477 1811 aliquid
1515 1757 1733 1811 expres-

106 1833 188 1884 sius
210 1831 373 1901 dicere,
391 1838 567 1887 tamen
592 1835 708 1902 ipso
737 1832 1123 1901 redemptionis
1153 1834 1384 1900 nomine,
1405 1831 1482 1885 ait
1504 1836 1735 1885 sanctus

106 1919 271 1985 Doctor,
298 1936 392 1975 non
431 1937 637 1991 parum
677 1921 785 1975 sibi
812 1921 1179 1991 praescripsit.
1226 1922 1373 1975 Unde
1414 1922 1556 1974 enim
1594 1919 1734 1973 redi-

106 2007 239 2058 mendi
263 2012 431 2067 essent,
462 2010 579 2062 nisi
616 2024 650 2061 a
687 2008 895 2061 diaboli
922 2012 1204 2077 potestate,
1235 2010 1295 2061 in
1342 2023 1453 2077 qua
1481 2022 1590 2061 esse
1630 2022 1737 2060 non

104 2100 264 2161 possent
280 2098 375 2149 nisi
392 2097 679 2163 originalis
703 2096 1029 2162 obligatione
1054 2098 1304 2165 peccati?
1322 2101 1417 2150 aut
1438 2112 1542 2163 quo
1557 2098 1736 2165 pretio

106 2182 396 2252 redimuntur,
434 2186 545 2240 nisi
597 2184 804 2239 Christi
843 2186 1127 2251 sanguine,
1161 2185 1227 2239 de
1265 2200 1369 2253 quo
1398 2187 1738 2253 apertissime

104 2272 304 2339 scriptum
324 2278 413 2342 est,
444 2273 596 2343 quod
624 2275 683 2327 in
718 2276 1086 2328 remissionem
1127 2274 1327 2343 effusus
1375 2277 1448 2328 sit
1489 2279 1735 2343 peccato-

106 2376 193 2412 rum
221 2362 391 2431 (Epist.
424 2366 543 2431 157,
581 2379 638 2416 η.
678 2362 809 2433 22)?
844 2363 974 2417 Fuit
1010 2362 1069 2416 in
1111 2362 1495 2433 Diospolitana
1524 2363 1737 2433 synodo

110 2448 307 2515 relatum,
349 2456 558 2520 praeter
603 2456 925 2505 memorata
973 2451 1087 2505 duo
1146 2452 1353 2522 capita,
1413 2456 1738 2506 accusatum

110 2552 279 2607 quoque
328 2539 657 2594 Coslestium
703 2540 854 2610 apud
908 2540 1354 2611 Carthaginense
1408 2539 1734 2606 concilium,

110 2625 219 2693 quod
244 2626 463 2694 doceret,
494 2629 692 2684 Adam
728 2630 1007 2685 mortalem
1034 2631 1243 2696 factum
1272 2631 1470 2695 fuisse,
1504 2631 1600 2699 qui
1627 2631 1738 2683 sive

102 2719 299 2777 peccaret,
340 2717 446 2768 sive
487 2732 607 2769 non
640 2721 904 2785 peccaret.
936 2719 1229 2770 moriturus
1270 2721 1434 2782 esset;
1484 2722 1554 2782 et,
1604 2716 1737 2781 Quo-

106 2802 210 2853 niam
229 2803 323 2856 Lea:
345 2807 416 2859 sic
442 2807 637 2859 mittat
657 2805 730 2858 ad
748 2821 992 2872 regnum,
1016 2805 1465 2874 quemadmodum
1484 2809 1534 2858 et
1561 2807 1738 2858 Evan~

103 2888 271 2958 getiam;
294 2897 356 2956 et,
388 2896 662 2964 Quoniam
690 2899 813 2947 ante
855 2893 1146 2947 adventum
1177 2895 1381 2950 Christi
1405 2895 1615 2961 fuerint
1642 2894 1735 2947 ho-

102 2979 223 3032 mines
243 2983 343 3034 sine
377 2987 628 3051 peccato;
661 2986 729 3048 et,
764 2983 1029 3048 Quoniam
1056 2998 1224 3051 neque
1261 2998 1362 3052 per
1398 2986 1617 3036 mortem
1658 2983 1739 3035 vel

100 3070 530 3131 pmoricationem
578 3071 715 3125 Adae
753 3087 903 3125 omne
934 3086 1099 3139 genus
1138 3072 1413 3126 hominum
1446 3073 1735 3137 moriatur,

99 3168 223 3221 Mene
242 3174 328 3226 per
352 3161 801 3214 resurrectionem
832 3161 1040 3215 Christi
1078 3175 1227 3215 omne
1268 3175 1433 3229 genus
1465 3162 1738 3214 hominum

101 3252 291 3311 murgot
327 3250 410 3317 (De
446 3252 678 3304 PeCCato
717 3250 995 3317 originali,
1041 3265 1096 3303 η.
1144 3252 1249 3317 12).
1293 3250 1423 3303 Haec
1461 3247 1737 3319 Augusti-

100 3344 176 3383 nus
198 3334 389 3391 duobus
414 3337 471 3391 in
503 3336 672 3403 locis,
706 3354 954 3408 quorum
980 3336 1217 3408 quidem
1249 3338 1427 3392 altero
1457 3338 1737 3391 nonnulla

102 3436 149 3471 ex
168 3421 236 3475 his
257 3426 516 3495 capitibus
551 3443 675 3481 esse
706 3431 964 3493 testatur,
995 3444 1123 3498 quae
1148 3443 1265 3481 non
1300 3426 1568 3481 meminit
1596 3443 1738 3481 con-

98 3511 213 3565 tenta
237 3516 388 3583 gestis
417 3515 820 3572 ecclesiasticis
854 3515 1080 3571 concilii
1118 3517 1289 3587 hujus
1325 3516 1736 3588 Carthaginen-

101 3596 179 3663 sis;
202 3602 279 3655 cui
302 3604 412 3674 ipse
441 3606 688 3678 quidem
720 3622 835 3661 non
873 3606 1234 3673 interfuerat,
1262 3605 1362 3660 sed
1391 3621 1522 3659 cum
1551 3604 1737 3659 venis-

98 3692 156 3741 set
179 3689 581 3765 Carthaginem,
616 3695 813 3749 eadem
852 3699 1008 3765 gesta
1046 3698 1409 3749 recensuerat
1438 3696 1527 3764 (De
1567 3695 1737 3750 Gestis

98 3776 274 3845 Ρειαθίὶ,
311 3798 362 3836 η.
404 3784 515 3854 23).
574 3783 745 3855 Atqui
793 3784 1124 3839 Ceslestium
1169 3783 1231 3837 in
1281 3800 1348 3838 eo
1407 3783 1737 3837 convincere

97 3877 183 3920 non
203 3867 403 3926 difﬁcile
433 3874 568 3938 fuit,
600 3872 887 3944 corrigere
915 3890 1049 3928 vero
1078 3890 1461 3944 nequaquam.
1487 3873 1745 3943 Quapro—.

96 3958 190 4019 pter
204 3972 314 4013 cum
332 3962 587 4031 auditus,
605 3962 1033 4034 convictusque,
1050 3966 1221 4033 atque
1243 3962 1417 4017 etiam
1438 3963 1739 4032 opiniones

96 4056 192 4095 suas
213 4050 478 4105 confessus
512 4055 687 4113 esset,
724 4051 994 4106 damnata
1031 4060 1183 4118 sunt,
1217 4068 1465 4122 quorum
1494 4051 1739 4105 insimu-

94 4127 204 4185 latus
229 4135 414 4209 fuerat,
442 4142 722 4211 dogmata
760 4143 961 4212 (Epist.
999 4145 1123 4209 157,
1154 4158 1210 4195 n.
1242 4140 1364 4212 22);
1395 4140 1517 4210 ipse
1549 4145 1738 4194 autem

94 4226 347 4288 rttportavit
388 4229 633 4300 dignam
678 4245 781 4283 sua
828 4230 1201 4299 perversitate
1249 4229 1594 4284 sententiam
1649 4230 1740 4299 (De

92 4305 225 4364 Gestis
269 4316 488 4384 Pelagii,
536 4333 597 4373 π.
651 4317 762 4388 46),
823 4318 1423 4373 excommunicationis
1478 4318 1743 4373 videlicet

92 4408 221 4460 Ροεηλ
253 4404 555 4460 mulctatus
583 4407 1071 4476 (ltelractationum
1100 4408 1195 4461 lib.
1230 4411 1285 4473 2,
1318 4423 1438 4477 cap.
1471 4410 1582 4479 33).
1618 4408 1740 4472 Quo

91 4482 202 4537 facto
218 4487 419 4557 judicio
448 4493 726 4549 abscessit
766 4493 1018 4560 infamis,
1051 4498 1109 4549 et
1149 4495 1405 4567 profugit
1450 4512 1517 4549 ex
1554 4496 1742 4549 Africa

91 4567 308 4643 (Orosius,
334 4583 389 4635 in
412 4582 735 4653 Apologia).

144 4664 183 4714 3.
212 4665 309 4721 Etsi
342 4670 440 4741 qui
473 4671 783 4741 Pelagiano
815 4670 995 4726 errori
1028 4687 1150 4726 sese
1181 4672 1520 4727 imbuendos
1558 4672 1737 4727 tradi-

89 4745 277 4839 dissent,
305 4759 606 4827 pauciores
635 4760 787 4815 haud
818 4759 990 4815 dubie
1020 4760 1409 4831 reperirentur
1439 4761 1501 4815 in
1528 4762 1737 4826 Africa,

86 4835 209 4909 iique
234 4842 472 4902 Ccelestii
489 4849 974 4905 condemnatione
998 4849 1274 4918 deterriti,
1291 4850 1413 4921 jam
1437 4866 1554 4905 non
1573 4851 1742 4905 aude-

86 4934 185 4981 rent
199 4938 384 4989 contra
414 4937 680 4992 Ecclesiae
712 4938 1169 4993 fundatissimam
1189 4938 1363 4993 ﬁdem
1385 4938 1494 4993 nisi
1524 4941 1741 4995 occulte

86 5018 340 5077 mussitare
367 5024 573 5095 (Epist.
611 5030 731 5094 157,
762 5043 818 5081 η.
856 5028 942 5097 22)
975 5044 987 5081 :
1035 5031 1289 5083 attamen
1331 5028 1582 5083 decrevit
1611 5046 1739 5083 san-

83 5108 177 5157 ctus
205 5111 447 5166 Antistes
488 5130 695 5169 novam
722 5115 1009 5183 haeresim,
1050 5116 1233 5187 ipsius
1271 5117 1503 5188 quidem
1527 5117 1741 5187 judicio

79 5194 365 5257 Pestiferam
395 5218 566 5274 atque
587 5208 758 5275 atque
779 5204 1038 5275 impiam,
1070 5204 1351 5259 instanter
1376 5221 1737 5276 oppugnare;

80 5288 301 5347 quamvis
330 5289 438 5345 hoc
464 5292 626 5362 prius
649 5309 765 5347 non
792 5299 987 5365 ageret
1016 5294 1126 5347 nisi
1153 5294 1513 5348 sermonibus
1546 5299 1601 5348 et
1628 5297 1739 5350 col-
1776 5298 1783 5303 ’

80 5367 444 5446 locutionibus,
493 5381 593 5435 ubi
640 5384 1006 5437 commodum
1053 5387 1223 5455 atque
1275 5384 1413 5438 utile
1459 5383 1742 5439 videretur

95 5462 531 5524 Retractationum
561 5472 655 5528 lib.
695 5476 749 5544 2,
776 5488 896 5554 cap.
931 5472 1041 5545 33).
1071 5473 1177 5528 Sed
1205 5472 1403 5528 oborta
1432 5488 1560 5527 mox
1587 5489 1739 5545 quee-

3442 204 3544 256 442

1842 321 1975 375 dam
2016 321 2317 375 necessitas
2356 337 2488 375 eum
2526 322 2598 375 ad
2642 321 2798 394 illam
2840 321 3048 391 scripto
3094 337 3321 392 quoque
3372 322 3544 376 refel-

1844 409 2071 463 lendam
2121 409 2365 463 induxit.
2417 408 2774 465 Marcellinus
2822 408 3059 480 quippe,
3108 408 3259 462 idem
3305 408 3401 461 ille
3446 407 3547 479 qui

1842 498 2162 552 collationis
2197 498 2659 569 Carthaginensis
2697 496 2957 568 cognitor
2982 496 3187 561 fuerat,
3221 512 3350 549 cum
3392 497 3542 567 ejus-

1843 586 1974 640 dem
2004 586 2239 641 haeresis
2270 586 2661 652 sectatoribus,
2692 602 2835 655 quos
2864 585 2983 656 ipse
3011 585 3264 656 quotidie
3298 584 3547 654 disputa-

1842 679 1994 729 tores
2016 675 2447 730 molestissimos
2466 676 2816 745 patiebatur,
2832 675 3148 728 refutandis
3170 673 3356 745 impar
3377 679 3542 741 esset,

1843 764 2188 834 quaestiones
2210 764 2440 818 illorum
2462 764 2530 817 ab
2551 764 2691 817 urbe
2715 763 3053 835 Carthagine
3073 764 3143 817 ad
3160 763 3544 833 Augustinum

1842 871 1945 926 per
1996 854 2211 908 litteras
2267 855 2483 924 retulit,
2538 871 2771 926 rogans_
2793 855 3137 908 solutionem
3188 870 3387 907 earum
3437 854 3547 908 sibi

1844 918 2089 997 scribere
2129 960 2200 997 ne
2239 918 2572 1013 gravare-tur
2603 918 2697 1013 (De
2726 918 2899 999 (festis
2938 945 3169 1011 Pelagii,
3203 959 3255 996 η.
3299 944 3409 1011 25).
3442 944 3547 996 Ex-

1842 1030 2040 1103 plicari
2062 1031 2293 1101 petebat
2312 1030 2374 1084 in
2398 1029 2599 1100 primis
2617 1030 2993 1099 quaestionem
3017 1030 3084 1083 de
3111 1029 3397 1098 Baptismo
3418 1046 3547 1099 par-

1843 1120 2109 1173 vulorum
2126 1136 2138 1173 :
2157 1119 2291 1190 quia
2311 1119 2731 1173 contendebant
2747 1118 2853 1186 illi,
2873 1120 3054 1172 Adam
3072 1118 3286 1173 etiamsi
3307 1134 3411 1171 non
3426 1134 3549 1187 pec-

1843 1214 2032 1276 casset,
2064 1211 2238 1276 fuisse
2268 1212 2609 1275 moriturum,
2642 1226 2734 1263 nec
2761 1225 2828 1262 ea;
2854 1210 2968 1278 ejus
2995 1214 3213 1278 peccato
3244 1209 3545 1277 quidquam

1844 1298 1917 1351 ad
1946 1299 2061 1367 ejus
2086 1303 2327 1367 posteros
2357 1298 2715 1368 propagando
2748 1301 3028 1353 transiisse
3072 1300 3163 1367 (De
3209 1301 3547 1352 Peccatorum

1843 1390 2069 1453 meritis,
2107 1388 2202 1441 lib.
2237 1390 2291 1455 3,
2316 1403 2372 1441 n.
2410 1390 2477 1456 1).
2510 1388 2654 1441 Nam
2676 1387 2781 1441 etsi
2806 1388 3119 1440 faterentur
3138 1386 3281 1456 jam,
3308 1385 3386 1438 uti
3413 1386 3548 1439 Mar-

1844 1476 2081 1530 cellinus
2113 1476 2317 1530 litteris
2356 1476 2472 1529 suis
2501 1476 2824 1541 intimabat,
2864 1475 3040 1529 etiam
3068 1474 3131 1528 in
3174 1473 3420 1543 parvulis
3447 1489 3549 1543 per

1849 1565 2201 1634 Baptismum
2245 1565 2641 1619 remissionem
2682 1564 2807 1618 fieri
2856 1567 3252 1634 peccatorum;
3295 1564 3413 1618 Non
3465 1566 3546 1615 ta-

1844 1652 2360 1723 menIm'iginaliter,
2394 1653 2752 1723 inquiehant,
2781 1653 2874 1707 sed
2920 1655 2978 1706 in
3018 1654 3129 1706 vita
3147 1654 3269 1721 jam
3292 1653 3544 1721 propria,

1839 1747 2195 1812 posteaquam
2220 1745 2340 1795 nati
2368 1747 2513 1809 sunt,
2542 1748 2820 1811 peccatum
2847 1742 3039 1795 habere
3068 1745 3337 1809 coeperunt
3358 1739 3501 1809 (Ibid
3532 1780 3547 1807 ,

1847 1831 1942 1885 lib.
1980 1836 2027 1897 1,
2050 1847 2103 1884 n.
2132 1831 2240 1901 62).
2265 1831 2574 1885 Nuntiabat
2600 1834 2881 1901 praeterea
2908 1829 3288 1895 Marcellinus,
3319 1831 3546 1898 aposto-

1847 1918 2022 1973 licum
2042 1919 2185 1973 illud
2215 1919 2633 1985 testimonium,
2658 1922 2759 1974 Per
2782 1935 2949 1973 unum
2981 1921 3244 1973 hominem
3263 1922 3545 1987 peccatum

1846 2010 2081 2063 intravit
2109 2010 2169 2062 in
2198 2008 2479 2076 mundum,
2501 2013 2550 2062 et
2566 2024 2667 2077 per
2686 2014 2961 2078 peccatum
2984 2022 3126 2062 mors
3151 2008 3320 2077 (Rom.
3350 2023 3405 2071 ν,
3432 2004 3543 2075 12),

1848 2096 1908 2149 in
1936 2096 2107 2150 aliam
2138 2097 2447 2167 quamdam
2477 2112 2684 2150 novam
2705 2096 3037 2167 opinionem
3058 2112 3163 2166 per
3187 2097 3339 2167 ipsos
3363 2095 3549 2149 detor-

1849 2186 2037 2257 queri.
2076 2187 2186 2241 Nec
2220 2185 2445 2239 silentio
2476 2186 2737 2241 mittebat
2756 2185 3154 2257 quaestionem,
3176 2201 3287 2257 qua
3310 2184 3549 2238 suadere

1849 2280 2211 2341 conarentur,
2245 2276 2396 2347 quod
2438 2279 2495 2329 in
2525 2276 2625 2329 hac
2664 2278 2780 2330 vita
2822 2278 2950 2341 sint,
3003 2276 3232 2342 fuerint,
3261 2275 3550 2341 futurique

1848 2366 1959 2418 sint
1984 2364 2095 2434 ﬁlii
2120 2365 2394 2418 hominum
2423 2378 2528 2417 non
2558 2364 2809 2418 habentes
2836 2365 3007 2418 ullum
3031 2365 3249 2418 omnino
3270 2367 3550 2432 peccatum

1852 2456 1942 2518 (De
1966 2455 2311 2507 Peccatorum
2340 2454 2566 2519 meritis,
2600 2453 2675 2507 lib
2708 2456 2759 2519 3,
2791 2469 2847 2506 η.
2891 2454 2964 2522 1).
2999 2452 3063 2506 Id
3106 2451 3376 2521 temporis
3419 2467 3546 2503 san-

1849 2546 1971 2596 ctus
2012 2543 2215 2596 Doctor
2254 2541 2526 2595 molestiis
2569 2542 2854 2612 curisque,
2902 2541 2972 2596 ob
3016 2541 3248 2611 negotia
3278 2556 3407 2611 quae
3439 2538 3549 2609 ipsi

1848 2637 2192 2701 peccatores,
2235 2635 2291 2685 et
2319 2630 2360 2684 ii
2397 2630 2636 2685 forsitan
2668 2630 2991 2695 Donatistae,
3026 2629 3394 2693 facessebant,
3434 2645 3549 2681 ma-

1849 2721 2141 2791 ximopere
2190 2720 2683 2790 praepediebatur;
2733 2719 2885 2789 quod
2935 2718 3075 2788 ipse,
3126 2733 3255 2787 quae
3296 2732 3397 2769 sua
3431 2720 3550 2768 erat

1850 2809 2029 2864 animi
2060 2809 2347 2875 demissio,
2379 2812 2744 2879 peccatorum
2774 2822 3011 2859 suorum
3046 2804 3265 2859 meritis
3302 2804 3552 2875 imputat

1850 2898 2032 2969 (Ibid,
2057 2898 2149 2951 lib.
2188 2902 2235 2963 1,
2258 2914 2313 2950 η.
2340 2898 2383 2966 1)
2409 2914 2420 2950 :
2451 2912 2566 2950 non
2595 2894 2776 2967 potuit
2796 2898 2988 2947 tamen
3009 2891 3387 2956 committere,
3408 2889 3550 2960 quin

1852 2984 1977 3052 viri,
2010 3000 2255 3055 quocum
2286 2988 2407 3038 erat
2434 2998 2646 3053 magna
2674 2987 2730 3036 et
2759 2986 2952 3035 sancta
2974 2976 3390 3034 necessitudine
3419 2991 3550 3029 con-

1843 3073 2095 3144 junctus,
2128 3078 2245 3127 tam
2288 3071 2560 3127 laudabili
2603 3070 2883 3126 desiderio
2923 3084 3147 3123 morem
3185 3068 3426 3137 gereret.
3474 3065 3550 3118 Ea

1850 3162 2105 3232 insuper,
2150 3178 2322 3233 quam
2367 3177 2502 3232 erga
2551 3160 2855 3215 Ecclesiam
2904 3157 3111 3213 Christi
3152 3156 3366 3210 habere
3414 3169 3547 3207 eum

1850 3251 2163 3319 oportebat,
2195 3250 2483 3305 charitatis
2513 3249 2832 3305 sollicitudo
2854 3248 3093 3302 minime
3115 3245 3461 3316 patiebatur,
3484 3246 3550 3297 ut

1851 3341 1988 3393 dum
2018 3340 2255 3393 istarum
2284 3340 2696 3393 sententiarum
2727 3335 3257 3392 contentiosissimis
3289 3332 3547 3387 assertio-

1850 3429 2018 3484 nibus
2041 3429 2163 3499 jam
2186 3444 2596 3500 usquequaque
2617 3427 2964 3482 ferventibus
2986 3425 3303 3479 multorum
3326 3420 3548 3475 animos

1850 3518 2215 3573 inﬁrmorum
2258 3517 2619 3587 perturbatos
2662 3519 2938 3580 cerneret,
2974 3513 3082 3568 sibi
3113 3510 3343 3566 interim
3375 3509 3546 3562 silen-

1850 3606 1996 3660 tium
2037 3606 2347 3676 imperaret
2392 3608 2482 3674 (De
2526 3606 2698 3660 Gestis
2741 3604 2972 3669 Pelagii,
3014 3618 3070 3655 n.
3112 3600 3200 3671 25)
3243 3615 3256 3653 :
3303 3596 3549 3653 maxime

1850 3712 1983 3749 vero
2010 3711 2140 3749 cum
2172 3694 2306 3748 novi
2335 3694 2419 3748 illi
2448 3692 2701 3748 haeretici
2730 3692 3001 3747 doctrinae
3022 3708 3139 3745 suae
3156 3690 3307 3744 virus
3322 3687 3550 3759 publica

1853 3801 1914 3838 ac
1944 3783 2233 3855 privatim,
2273 3800 2391 3837 non
2429 3782 2552 3837 viva
2590 3799 2724 3836 voce
2763 3785 3009 3847 tantum,
3043 3781 3142 3836 sed
3190 3779 3362 3835 etiam
3393 3776 3550 3832 libris

1852 3877 2207 3945 spargerent,
2239 3872 2443 3944 hisque
2474 3889 2539 3927 eo
2572 3871 2755 3943 magis
2783 3871 2987 3940 noxiis,
3018 3886 3133 3942 quo
3162 3868 3363 3939 majori
3392 3867 3548 3921 calli-

1853 3962 2026 4017 ditate
2057 3966 2228 4032 atque
2268 3961 2507 4015 artiﬁcio
2548 3966 2711 4014 erant
2741 3960 2937 4030 scripti
2975 3959 3296 4025 (Possidius,
3330 3960 3388 4011 in
3428 3958 3552 4011 Vita

1853 4053 2173 4120 Augustini,
2203 4067 2259 4104 η.
2294 4053 2402 4119 21).
2436 4051 2611 4104 Porro
2638 4049 2789 4103 inter
2816 4044 2939 4117 illa,
2962 4064 3091 4120 quin
3111 4045 3425 4102 refutandis
3455 4047 3552 4098 Pe-

1853 4139 2116 4209 lagianis,
2151 4138 2549 4209 solvendisque
2589 4138 2899 4193 Marcellini
2939 4136 3351 4209 quaestionibus
3389 4150 3550 4188 com-

1854 4232 2137 4282 mentatus
2166 4232 2269 4291 est,
2314 4227 2578 4281 ordinem
2614 4228 2830 4281 ducunt
2868 4226 3000 4281 libri
3031 4226 3144 4280 duo
3189 4228 3261 4279 Dc
3301 4227 3545 4278 Peccato-

1852 4334 1975 4372 rum
2003 4318 2208 4371 meritis
2233 4322 2283 4370 et
2314 4318 2645 4376 remissione.
2676 4316 2765 4371 Sic
2790 4316 2940 4370 enim
2972 4332 3067 4368 eos
3096 4314 3152 4367 in
3186 4310 3551 4367 Retractatio-

1854 4407 2023 4461 nibus
2052 4411 2346 4476 nuncupat
2376 4406 2859 4476 (Retractationum
2891 4405 2986 4458 lib.
3018 4406 3072 4471 2,
3098 4419 3214 4471 cap.
3247 4402 3335 4472 33)
3372 4418 3384 4455 :
3414 4400 3550 4455 alibi

1855 4501 2068 4563 tamen,
2116 4499 2189 4550 De
2235 4498 2510 4565 Baptismo
2545 4495 2929 4564 parvulorum;
2960 4508 3073 4562 quo
3114 4491 3343 4545 eosdem
3386 4489 3551 4544 titulo

1857 4584 2231 4654 Hieronymus
2257 4584 2509 4655 appellat
2530 4586 2747 4651 (Contra
2774 4584 2980 4647 Pelag,
3008 4581 3221 4645 dialogo
3249 4583 3301 4644 3,
3325 4595 3444 4648 cap.
3474 4580 3548 4650 6).

1854 4675 2044 4727 Primo
2076 4674 2218 4727 libro
2259 4674 2631 4739 demonstrat,
2668 4670 2913 4724 mortem
2960 4668 3210 4722 hominis
3258 4667 3452 4722 venire
3483 4684 3550 4721 ex

1854 4761 2062 4816 merito
2092 4762 2307 4833 peccati
2334 4763 2490 4827 Adae,
2524 4778 2590 4815 eo
2620 4760 2789 4814 etiam
2824 4762 3051 4827 peccato
3081 4762 3260 4811 totam
3285 4757 3437 4810 illius
3466 4760 3548 4810 te-

1854 4850 1982 4905 neri
2011 4850 2245 4921 stirpem
2273 4849 2634 4914 obstrictam;
2667 4850 2839 4918 atque
2871 4846 3080 4901 idcirco
3110 4845 3387 4916 baptizari
3416 4860 3549 4914 par-

1852 4939 2035 5006 vulos,
2070 4942 2131 4992 ut
2155 4938 2370 5010 peccati
2399 4937 2483 4991 sui
2513 4935 2807 5008 originalis
2824 4935 3224 4991 remissionem
3249 4934 3548 5005 accipiant.

1853 5027 2114 5083 Secundo
2145 5032 2337 5081 autem
2366 5027 2550 5092 docet,
2583 5026 2879 5080 hominem
2909 5024 2969 5079 in
2997 5025 3103 5079 hac
3130 5025 3246 5079 vita
3274 5025 3397 5077 sine
3422 5037 3549 5091 pec-

1854 5121 1978 5175 eato
2004 5132 2125 5170 esse
2154 5132 2317 5186 posse
2345 5131 2450 5186 per
2481 5115 2579 5169 Dei
2608 5114 2847 5185 gratiam
2877 5119 2935 5169 et
2970 5114 3217 5169 liberum
3244 5128 3411 5165 suum
3451 5125 3547 5163 ar-

1854 5203 2113 5269 bitrium,
2144 5220 2263 5257 non
2292 5206 2483 5257 tamen
2510 5219 2631 5257 esse
2670 5218 3022 5273 quemquam
3051 5200 3112 5254 in
3149 5201 3253 5254 hac
3282 5198 3394 5251 vita
3426 5196 3547 5250 sine

1857 5293 1973 5347 ullo
2003 5308 2237 5363 prorsus
2263 5296 2524 5363 peccato;
2552 5292 2687 5364 quia
2706 5308 2877 5346 nemo
2910 5290 2983 5344 sit
3012 5288 3111 5360 qui
3143 5292 3363 5341 tantum
3390 5285 3545 5352 velit,

1855 5385 2133 5452 quantum
2162 5397 2249 5434 res
2293 5381 2485 5453 exigit,
2516 5382 2651 5436 dum
2694 5381 2781 5435 vel
2828 5381 2967 5434 latet
3011 5377 3165 5447 quod
3191 5377 3409 5445 justum
3441 5378 3544 5440 est,

1855 5472 1942 5525 vel
1972 5471 2156 5526 facere
2184 5487 2303 5526 non
2332 5471 2607 5538 delectat;
2639 5470 2886 5541 denique
2927 5483 3040 5522 uno
3071 5469 3303 5535 excepto
3335 5465 3548 5521 Media-
