3912 6174
282 283 386 338 443

287 410 412 460 tore
445 404 666 460 Christo
695 405 917 458 nullum
945 421 1089 471 esse,
1122 405 1208 458 vel
1237 404 1430 466 fuisse,
1462 404 1550 458 vel
1577 403 1839 458 futurum
1868 420 1987 458 esse

288 493 586 549 hominem
611 494 682 548 ab
713 492 872 547 omni
901 497 1129 564 peccato
1161 492 1500 547 immunem.
1524 493 1585 546 In
1616 492 1721 546 hoc
1741 492 1988 547 secundo

288 582 434 635 libro
463 581 721 636 libellum
749 599 782 636 a
806 580 1065 638 Caelestio
1095 580 1336 635 concilio
1369 580 1802 651 Carthaginensi
1831 581 1986 635 obla-

294 676 441 737 tum,
474 687 587 742 quo
620 669 1070 740 redemptionem
1095 669 1344 741 parvulis
1365 686 1506 740 opus
1536 653 1656 724 esse
1679 669 1987 738 fatebatur,

296 759 533 812 obscure
563 758 750 829 signat
789 758 882 828 (De
918 761 1262 812 Peccatorum
1299 760 1527 824 meritis,
1557 758 1653 812 lib.
1687 761 1739 821 2,
1779 774 1836 812 η.
1879 757 1984 826 58).

295 849 502 901 Verum
535 852 728 918 aperte
767 847 1072 916 proﬁtetur
1097 847 1156 900 in
1194 845 1730 915 Retractationibus,
1765 863 1823 900 se
1861 852 1985 900 tan-

290 941 416 991 tum
451 941 580 1006 post
620 935 770 989 istud
807 935 1136 1006 concilium,
1179 935 1340 1005 cujus
1379 935 1662 989 sententia
1698 935 1853 990 idem
1891 935 1986 990 ille

291 1024 816 1079 excommunicatus
846 1024 1051 1092 fuerat,
1083 1023 1372 1094 scripsisse
1402 1024 1506 1078 hos
1536 1025 1711 1078 libros
1732 1026 1983 1094 (Rctract.

295 1115 393 1167 lib.
426 1117 479 1180 2,
508 1129 630 1182 cap.
661 1115 771 1183 33),
802 1112 857 1167 id
889 1118 973 1167 est
1000 1129 1151 1167 anno
1183 1112 1749 1184 quadringentesimo
1781 1113 1989 1168 duode-

291 1203 460 1256 cimo.
497 1203 560 1255 In
587 1201 676 1256 his
721 1205 917 1255 tamen
945 1201 1183 1255 tacenda
1211 1201 1397 1255 adhuc
1431 1201 1736 1256 arbitratus
1777 1206 1858 1256 est
1889 1201 1987 1255 ad-

283 1291 668 1345 versariorum
695 1289 968 1356 nomina;
995 1290 1149 1360 quod
1178 1306 1272 1344 eos
1302 1291 1407 1343 hac
1430 1290 1640 1360 agendi
1670 1290 1889 1344 ratione
1913 1290 1988 1344 fa-

285 1378 450 1433 cilius
499 1394 663 1448 posse
699 1377 910 1448 corrigi
940 1382 1215 1448 speraret.
1246 1379 1364 1432 Hoc
1404 1377 1465 1431 in
1507 1393 1679 1448 opere
1725 1378 1988 1432 meminit

285 1461 641 1532 Augustinus
667 1461 962 1531 cujusdam
984 1476 1051 1513 ex
1083 1476 1148 1514 eo
1178 1477 1387 1531 genere
1416 1461 1730 1526 fatuorum,
1759 1461 1858 1532 qui
1889 1476 1982 1514 re-

287 1550 460 1622 liquis
504 1549 668 1604 ludos
710 1549 986 1619 praebent,
1030 1549 1317 1604 moriones
1360 1551 1529 1620 vulgo
1576 1549 1734 1606 dicti.
1771 1551 1987 1604 Talium

286 1639 534 1708 quidam,
567 1638 664 1703 ait,
695 1640 810 1704 fuit
836 1640 918 1692 ita
945 1639 1299 1696 christianus.
1340 1643 1400 1692 ut
1429 1654 1548 1693 cum
1575 1642 1710 1693 esset
1747 1641 1983 1693 omnium

285 1730 617 1798 injuriarum
645 1742 868 1781 suarum
898 1729 1041 1780 mira
1063 1729 1328 1793 fatuitate
1349 1729 1809 1796 patientissimus,
1840 1727 1985 1794 inju-

287 1820 431 1872 riam
461 1821 638 1871 tamen
681 1817 886 1872 Christi
917 1818 1172 1884 nominis,
1211 1817 1295 1870 vel
1331 1819 1390 1870 in
1427 1831 1482 1871 se
1519 1818 1637 1886 ipso
1683 1817 1984 1888 religionis,

287 1922 397 1977 qua
425 1906 663 1959 imbutus
689 1909 825 1972 erat,
855 1907 933 1960 sic
959 1907 1105 1972 ferre
1134 1920 1238 1959 non
1257 1909 1457 1975 posset,
1478 1909 1537 1958 ut
1558 1905 1985 1974 blasphemantes

283 1995 535 2050 videlicet
563 1995 830 2060 cordatos,
858 2010 892 2048 a
921 1994 1116 2063 quibus
1145 1995 1275 2060 haec,
1300 1999 1361 2047 ut
1374 1998 1779 2064 provocaretur,
1802 1994 1986 2048 audie-

286 2086 398 2150 bat,
430 2085 690 2138 insectari
719 2083 994 2152 lapidibus
1027 2098 1133 2137 non
1173 2083 1468 2149 desisteret,
1498 2099 1591 2136 nec
1633 2085 1692 2137 in
1728 2099 1792 2137 ea
1820 2098 1985 2138 causa

287 2175 371 2228 vel
401 2173 631 2227 dominis
655 2177 921 2240 parceret.
960 2173 1117 2226 Tales
1153 2187 1278 2238 ergo
1301 2172 1690 2240 przdestinari
1717 2177 1768 2226 et
1809 2175 1986 2226 creari

284 2261 539 2322 arbitror,
570 2265 633 2315 ut
658 2263 754 2330 qui
780 2265 1026 2329 possunt,
1054 2261 1364 2327 intelligant
1383 2262 1480 2314 Dei
1507 2262 1771 2330 gratiam,
1788 2265 1838 2315 et
1865 2263 1986 2330 Spi-

288 2354 458 2405 ritum
487 2351 584 2418 qui
611 2349 705 2403 ubi
731 2350 849 2404 vult
877 2351 1074 2419 spirat,
1108 2349 1171 2402 ob
1198 2349 1292 2402 hoc
1321 2364 1471 2403 omne
1497 2351 1707 2416 ingenii
1733 2365 1898 2417 genus
1929 2351 1986 2403 in

287 2438 426 2508 ﬁliis
455 2437 843 2492 misericordiae
883 2451 989 2492 non
1011 2438 1316 2506 praeterire,
1349 2438 1578 2505 itemque
1605 2453 1756 2491 omne
1783 2440 1987 2504 ingenii

294 2542 462 2596 genus
501 2527 564 2582 in
589 2527 838 2594 gehennw
865 2527 995 2595 ﬁliis
1038 2528 1336 2595 praeterire,
1359 2531 1420 2580 ut
1459 2528 1560 2595 qui
1601 2526 1886 2594 gloriatur,
1928 2528 1986 2580 in

290 2618 515 2670 Domino
543 2617 805 2682 glorietur
826 2615 926 2686 (De
947 2617 1287 2669 Peccatorum
1311 2616 1538 2681 meritis,
1569 2614 1662 2668 lib.
1701 2618 1750 2680 1,
1780 2631 1835 2668 n.
1871 2616 1983 2683 32).

285 2704 486 2760 Paucis
515 2704 720 2759 deinde
750 2703 1060 2774 interjectis
1091 2702 1265 2769 addit,
1297 2703 1519 2757 fatuum
1549 2702 1713 2757 illum
1743 2703 1799 2758 in
1832 2703 1988 2759 Chri-

287 2793 362 2848 sti
391 2793 576 2864 gratia
598 2793 794 2847 multis
826 2791 1165 2847 acutissimis
1191 2791 1631 2862 praeferendum.

361 2885 413 2936 4.
447 2883 570 2936 lam
611 2886 804 2935 autem
843 2881 1116 2935 absolutis
1153 2881 1306 2934 hisce
1345 2880 1504 2934 libris
1534 2884 1704 2950 atque
1745 2881 1812 2934 ad
1845 2880 1985 2934 Mar-

293 2969 562 3025 cellinum
609 2969 977 3036 transmissis,
1029 2969 1431 3040 Carthaginem
1487 2969 1809 3040 profectum
1865 2985 1987 3022 esse

290 3060 526 3115 beatum
557 3057 906 3128 Antistitem,
945 3057 1254 3112 verisimile
1295 3063 1398 3112 est.
1434 3058 1691 3128 Namque
1721 3057 1986 3112 eumdem

289 3147 454 3202 illum
487 3145 876 3201 Marcellinum
905 3145 987 3200 ita
1013 3146 1324 3217 alloquitur
1358 3162 1372 3199 :
1399 3147 1590 3201 Libros
1619 3147 1684 3200 de
1711 3149 1988 3216 Baptismo

289 3236 674 3306 parvulorum,
694 3251 813 3288 cum
827 3236 949 3304 jam
971 3234 1200 3289 codicem
1218 3237 1398 3303 ipsum
1411 3237 1747 3290 Pra’stantiae
1769 3241 1873 3290 tua
1894 3238 1990 3290 mi-

290 3327 496 3390 sissem,
528 3338 626 3377 cur
663 3323 758 3376 abs
793 3327 841 3377 te
877 3337 1067 3378 rursus
1099 3326 1411 3391 acceperim,
1451 3325 1648 3378 oblitus
1685 3339 1849 3379 sum:
1877 3327 1990 3379 nisi

291 3415 434 3480 forte
460 3427 580 3467 cum
619 3413 959 3482 inspicerem,
992 3411 1268 3466 mendosos
1297 3427 1380 3466 eos
1406 3414 1599 3481 reperi,
1630 3415 1680 3466 et
1708 3413 1990 3467 emendare

287 3503 462 3568 volui;
491 3501 636 3571 quod
671 3500 998 3554 mirabiliter
1025 3499 1335 3570 impeditus,
1361 3501 1538 3556 adhuc
1557 3516 1723 3570 usque
1750 3517 1856 3556 non
1883 3505 1990 3568 feci

288 3590 487 3661 (Epist.
536 3592 654 3656 139,
686 3605 742 3644 η.
791 3590 866 3660 3).
918 3588 1117 3644 Paucis
1164 3592 1295 3660 post
1341 3589 1562 3655 diebus,
1595 3605 1725 3643 cum
1772 3589 1834 3644 in
1868 3590 1989 3660 ejus

288 3695 494 3734 manus
523 3678 807 3734 venissent
836 3677 1052 3748 Pelagii
1079 3677 1462 3748 expositiones
1489 3677 1550 3732 in
1581 3677 1737 3732 Pauli
1767 3678 1988 3749 Episto-

295 3769 395 3830 las,
419 3766 976 3836 argumentationem
993 3766 1073 3820 ibi
1095 3767 1404 3836 quamdam
1425 3767 1692 3821 adversus
1711 3766 1988 3838 originale

294 3861 590 3925 peccatum
627 3854 860 3924 reperit,
892 3872 924 3908 a
955 3871 1014 3909 se
1053 3854 1289 3908 minime
1329 3854 1682 3910 confutatam
1714 3872 1726 3910 :
1757 3872 1889 3910 nam
1930 3855 1990 3910 in

297 3945 546 3997 mentem
587 3942 696 3996 sibi
734 3941 970 3996 omnino
1010 3959 1126 3996 non
1159 3947 1410 4010 venerat,
1439 3959 1787 4014 quemquam
1826 3961 1989 4014 posse

296 4029 432 4086 talia
459 4030 710 4102 cogitare
741 4032 828 4085 vel
853 4030 1039 4085 dicere
1061 4034 1151 4102 (De
1178 4033 1518 4086 Peccatorum
1546 4035 1773 4100 meritis,
1807 4033 1901 4088 lib.
1935 4037 1987 4101 3,

294 4135 351 4175 η.
387 4119 457 4191 1).
491 4121 848 4190 Quapropter
880 4135 1011 4174 cum
1040 4120 1430 4192 superioribus
1459 4120 1620 4175 libris
1649 4121 1722 4176 ad
1752 4121 1991 4177 umbili-

294 4226 426 4264 cum
456 4209 746 4282 perductis
790 4208 930 4265 nihil
977 4210 1110 4264 addi
1154 4226 1318 4279 posse
1352 4209 1653 4280 judicaret,
1686 4210 1989 4280 epistolam

296 4299 402 4353 hac
431 4300 500 4354 de
531 4316 593 4354 re
613 4299 910 4370 propriam
939 4298 1262 4354 Marcellino
1285 4299 1526 4370 scripsit,
1551 4315 1722 4370 quam
1755 4303 1809 4354 et
1835 4299 1993 4370 operi

293 4404 396 4442 suo
426 4388 580 4443 tertii
607 4388 739 4444 libri
762 4388 944 4443 instar
963 4387 1238 4444 annexuit
1260 4390 1512 4456 (Retract.
1537 4389 1631 4444 lib.
1655 4391 1705 4454 2,
1732 4404 1851 4458 cap.
1881 4389 1987 4457 33).

300 4477 366 4530 Id
397 4477 668 4548 temporis
693 4477 1032 4549 Carthagine
1063 4477 1269 4548 agebat
1299 4477 1654 4532 Marcellinus
1682 4477 1775 4548 (De
1802 4481 1991 4532 Pecca-

295 4570 473 4620 torum
499 4569 728 4631 meritis,
764 4568 858 4622 lib.
896 4571 946 4630 3,
979 4584 1035 4622 n.
1075 4568 1186 4639 l0).
1229 4567 1405 4636 Atqui
1443 4566 1705 4636 Pelagius
1736 4566 1992 4621 Ecclesia:

293 4651 468 4706 fidem
496 4669 614 4708 non
639 4671 708 4709 ex
738 4671 840 4710 sua
869 4671 1116 4726 persona
1157 4653 1548 4726 impugnabat,
1580 4655 1680 4709 sed
1717 4660 1991 4725 tanquam

292 4739 478 4796 aliena
525 4743 747 4813 objecta
796 4746 1046 4800 referens
1095 4762 1110 4800 :
1163 4745 1364 4800 eadem
1411 4749 1624 4806 tamen,
1673 4745 1773 4800 ubi
1816 4746 1989 4800 semel

297 4829 576 4884 hmreseos
604 4847 722 4886 suae
751 4833 980 4903 signum
1011 4835 1260 4902 sustulit,
1286 4833 1741 4906 pertinacissima
1770 4834 1990 4889 animo-

292 4917 456 4972 sitate
486 4918 739 4974 defendit
755 4924 1013 4990 (Retract.
1039 4925 1134 4978 lib.
1164 4928 1218 4989 2,
1243 4940 1364 4993 cap.
1395 4925 1505 4992 33).
1531 4923 1678 4987 Quin
1702 4922 1873 4978 etiam
1895 4925 1992 4978 Ro-

293 5024 428 5077 mae,
459 5024 574 5078 qua
602 5007 664 5062 in
691 5009 834 5063 urbe
864 5013 1030 5065 multi
1062 5013 1178 5082 jam
1207 5013 1387 5083 probe
1417 5016 1695 5067 noverant
1726 5029 1871 5083 quos
1892 5029 1989 5083 ge-

293 5101 446 5152 reret
457 5096 650 5151 animo
665 5112 887 5165 sensus,
901 5099 1066 5153 illum
1077 5101 1252 5155 veluti
1273 5102 1378 5156 sub
1393 5102 1500 5154 hoc
1513 5100 1686 5171 pallio
1699 5101 1990 5172 propriam

291 5190 546 5240 mentem
567 5183 861 5240 insinuare
885 5201 995 5240 non
1021 5187 1359 5244 dubitabant
1374 5189 1468 5261 (De
1484 5191 1724 5244 Peccato.
1746 5191 1909 5258 orig,
1932 5206 1989 5244 n.

289 5277 407 5345 24).
435 5273 821 5330 Nihilominus
837 5279 1029 5329 tamen
1047 5277 1416 5346 Augustinus,
1436 5278 1623 5333 adhuc
1643 5277 1992 5333 moderatius

293 5380 422 5419 cum
446 5365 545 5420 illo
567 5364 853 5437 agendum
873 5368 1101 5435 putans,
1119 5367 1379 5421 eamdem
1393 5367 1628 5422 omnino
1642 5372 1822 5422 artem
1837 5384 1898 5422 ac
1914 5383 1994 5422 ra-

292 5451 530 5516 tionem,
551 5471 665 5526 qua
687 5454 780 5508 ille
802 5454 1015 5508 abusus
1039 5453 1243 5520 fuerat,
1267 5454 1327 5508 in
1351 5472 1418 5511 eo
1439 5457 1747 5511 refellendo
1771 5461 1994 5512 secutus

294 5545 414 5594 est:
444 5541 562 5596 imo
591 5560 722 5598 cum
752 5541 1016 5614 Pelagius
1046 5542 1118 5596 ob
1151 5543 1505 5600 sanctitatem
1536 5561 1762 5600 morum
1784 5545 1990 5617 praedi-

1494 281 1664 337 VlTA
1719 282 1774 337 S.
1817 281 2202 340 AUGUSTINI
2261 281 2598 338 EPISCOPI.

2261 281 2598 338 EPISCOPI.
3701 287 3792 342 444

2097 408 2322 459 caretur
2349 421 2384 460 a
2433 403 2646 470 multis,
2679 419 2812 458 eum
2855 420 2968 459 non
3009 403 3288 461 dubitavit
3324 405 3798 462 honoriﬁcentius

2097 494 2407 566 appellare.
2442 495 2567 548 [iam
2597 493 2694 547 illa
2725 497 2810 548 est
2839 496 3096 564 profecto
3139 495 3212 549 ad
3255 496 3651 550 Marcellinum
3690 498 3798 568 epi-

2097 584 2261 652 stola,
2293 599 2465 654 quam
2489 582 2838 654 Augustinus
2868 582 3230 654 Carthagine,
3252 587 3317 637 ut
3338 584 3631 655 prioribus
3659 585 3801 640 duo-

2097 673 2201 728 bus
2258 671 2417 726 libris
2463 673 2824 742 juugeretur,
2889 672 3192 743 incoeptam
3251 674 3507 728 nondum
3561 674 3800 729 omnino

2094 761 2428 832 perfecerat,
2454 775 2568 831 quo
2593 763 2849 830 tempore
2881 759 2950 813 de
2971 761 3375 832 pervulgandis
3405 763 3576 834 gestis
3599 769 3802 817 contra

2098 848 2416 903 Donatistas
2492 847 2763 902 confectis
2829 847 2968 902 alias
3033 848 3218 903 eidem
3295 851 3510 906 litteras
3570 852 3800 924 scripsit

2093 939 2298 1010 (Epist.
2328 939 2448 1003 139,
2476 952 2531 990 η.
2567 936 2638 1007 3).

2167 1031 2215 1081 5.
2253 1027 2316 1081 In
2347 1025 2594 1080 secundo
2625 1024 2771 1080 libro
2804 1025 3095 1093 docuerat,
3127 1026 3250 1081 fieri
3294 1043 3457 1094 posse
3483 1033 3547 1083 ut
3575 1028 3652 1083 sit
3687 1029 3799 1083 ho-

2095 1132 2191 1171 mo
2223 1115 2344 1170 sine
2373 1119 2622 1186 peccato,
2649 1115 2696 1169 si
2725 1115 2881 1182 velit,
2909 1131 3037 1169 cum
3071 1115 3169 1171 Dei
3192 1116 3473 1187 adjutorio
3499 1118 3798 1189 ;quamvis

2097 1205 2313 1271 nullus,
2347 1208 2584 1274 excepto
2619 1202 2859 1270 Christo,
2893 1208 3009 1258 tam
3044 1205 3311 1276 perfectae
3332 1205 3572 1276 justitia!
3604 1207 3713 1261 hac
3742 1207 3796 1260 in

2095 1294 2210 1348 vita
2241 1294 2332 1347 sit.
2365 1294 2480 1346 Hoc
2509 1297 2835 1363 permotum
2881 1309 2939 1347 se
2983 1293 3154 1347 fuisse
3193 1293 3485 1366 rescripsit
3515 1296 3796 1350 Marcelli-

2093 1399 2224 1452 nus,
2257 1382 2409 1454 quod
2439 1381 2674 1437 dixisset
2698 1381 2822 1436 ﬁeri
2854 1398 3016 1453 posse
3048 1398 3173 1437 eam
3204 1399 3348 1450 rem,
3379 1385 3540 1454 cujus
3568 1385 3796 1439 nullum

2095 1475 2338 1526 exstaret
2363 1472 2709 1542 exemplum.
2755 1471 2924 1525 Novas
2972 1471 3106 1525 huic
3148 1472 3451 1543 quaestioni
3494 1473 3797 1544 respondit

2093 1559 2446 1630 Augustinus
2471 1575 2616 1614 novo
2648 1559 2812 1625 libro,
2845 1558 2936 1613 cui
2966 1559 3196 1613 titulum
3224 1559 3378 1626 fecit,
3411 1563 3480 1615 De
3509 1563 3730 1630 Spiritu
3753 1568 3802 1616 et

2094 1650 2305 1704 Littera
2339 1665 2352 1702 :
2382 1647 2518 1718 quia
2557 1647 2935 1719 quaestionem
2975 1648 3284 1719 explicans,
3319 1650 3680 1704 occasionem
3713 1668 3799 1704 ce-

2092 1735 2178 1806 pit
2208 1734 2541 1804 disputandi
2571 1738 2767 1788 contra
2806 1734 3141 1805 Pelagianos
3167 1736 3236 1790 de
3267 1737 3554 1806 adjutorio
3598 1738 3802 1808 gratiae

2095 1822 2216 1890 Dei,
2261 1822 2566 1876 ostendens
2610 1821 2894 1890 videlicet,
2925 1838 3040 1876 non
3068 1839 3134 1876 eo
3167 1839 3266 1876 nos
3310 1840 3344 1876 a
3377 1825 3490 1878 Deo
3539 1825 3804 1895 adjuvari

2091 1911 2163 1965 ad
2187 1911 2539 1982 operandam
2557 1911 2865 1982 justitiam,
2889 1911 3042 1981 quod
3069 1911 3253 1982 legem
3282 1912 3435 1966 dedit
3453 1914 3694 1984 plenam
3715 1915 3804 1968 ba

2094 1997 2180 2052 nis
2206 1999 2524 2070 sanctisque
2546 1998 2860 2070 praeceptis,
2882 1999 2980 2053 sed
3001 1999 3155 2070 quod
3180 1999 3303 2071 ipsa
3321 2001 3586 2056 voluntas
3608 2007 3806 2057 nostra

2093 2087 2701 2158 adjuveturimpertito
2733 2087 2934 2158 spiritu
2965 2088 3191 2159 gratiae;
3215 2089 3334 2143 sine
3359 2106 3474 2161 quo
3505 2091 3805 2162 adjutorio

2093 2177 2348 2232 doctrina
2389 2176 2532 2248 legis
2580 2176 2770 2231 littera
2814 2181 2898 2230 est
2943 2177 3227 2244 occidens,
3260 2178 3396 2249 quia
3436 2195 3565 2233 reos
3603 2181 3806 2250 potius

2092 2265 2573 2337 praevaricationis
2603 2269 2778 2332 tenet,
2815 2281 2988 2336 quam
3013 2265 3287 2336 justiticat
3305 2267 3514 2338 impios
3536 2269 3803 2337 (Retract.

2094 2355 2188 2410 lib.
2219 2358 2272 2422 2,
2304 2370 2424 2424 cap.
2457 2357 2558 2421 37;
2593 2357 2667 2408 De
2717 2356 2928 2423 Spiritu
2958 2359 3008 2408 et
3044 2356 3273 2423 Littera,
3302 2372 3357 2410 η.
3416 2358 3489 2427 1).
3537 2359 3808 2412 Testatur

2094 2459 2170 2509 se,
2205 2444 2311 2498 hoc
2341 2443 2398 2496 in
2427 2458 2621 2513 Opere,
2647 2447 2928 2514 quantum
2953 2444 3097 2497 Deus
3119 2444 3352 2514 adjuvit,
3381 2450 3580 2499 contra
3610 2446 3807 2500 inimi-

2048 2541 2068 2554 ‘
2093 2549 2185 2587 cos
2215 2531 2413 2603 gratim
2445 2531 2566 2596 Dei,
2598 2547 2711 2601 qua
2734 2530 3078 2600 justiﬁcatur
3106 2531 3339 2602 impius,
3372 2532 3580 2586 acriter
3608 2533 3809 2605 dispu-

2098 2625 2242 2674 tasse
2291 2623 2545 2690 (Retract.
2599 2619 2694 2673 lib.
2730 2623 2782 2687 2,
2831 2635 2951 2688 cap.
2986 2620 3073 2689 37)
3108 2637 3120 2674 :
3154 2620 3314 2692 atqui
3345 2621 3404 2674 in
3434 2622 3563 2676 illos
3607 2630 3806 2676 tamen

2096 2725 2221 2762 eam
2251 2709 2435 2762 adhuc
2464 2707 2916 2762 moderationem
2947 2708 3151 2774 tenuit,
3188 2714 3247 2763 ut
3277 2711 3572 2766 neminem
3599 2712 3807 2766 adver-

2097 2797 2378 2852 sariorum
2410 2795 2749 2851 nominatim
2780 2797 3176 2868 appellaverit.

2167 2889 2217 2940 6.
2260 2886 2412 2950 Quin
2460 2886 2632 2940 etiam
2681 2884 3059 2940 immoderato
3102 2886 3352 2957 quodam
3397 2887 3592 2942 studio
3641 2906 3808 2944 revo-

2098 2975 2264 3031 candi
2294 2975 2555 3030 homines
2599 2976 2668 3029 ab
2712 2991 2923 3040 errore,
2970 2979 3193 3029 tantum
3245 2975 3380 3047 ipsis
3429 2976 3525 3030 Vir
3577 2983 3811 3033 sanctus

2097 3064 2450 3134 indulgebat,
2483 3065 2546 3117 ut
2573 3061 2859 3134 patienter
2886 3063 3020 3116 ferri
3045 3063 3294 3133 juberet,
3326 3063 3498 3118 etiam
3528 3081 3667 3119 cum
3705 3067 3811 3137 ipsi

2098 3153 2417 3209 Catholicos
2463 3151 2713 3223 antiquas
2763 3151 2893 3206 ﬁdei
2934 3152 3261 3206 defensores
3306 3169 3420 3207 non
3463 3161 3814 3208 vererentur

2097 3243 2247 3297 inter
2264 3242 2673 3312 disputandum
2705 3240 2915 3295 habere
2939 3245 3213 3311 tanquam
3241 3241 3540 3296 haereticos
3566 3248 3623 3296 et
3645 3260 3817 3298 nova-

2097 3336 2271 3386 tores.
2303 3334 2505 3386 Parum
2534 3334 2611 3385 est
2642 3332 2802 3396 enim,
2835 3329 2934 3396 ait,
2968 3332 3099 3398 quia
3120 3332 3217 3384 isti
3235 3331 3511 3386 disserunt
3538 3337 3591 3386 et
3615 3332 3815 3404 dispu-

2100 3424 2220 3474 tant
2247 3422 2422 3474 nescio
2453 3434 2589 3488 quas
2621 3419 2820 3487 impias
2849 3420 3113 3473 novitates
3143 3435 3154 3472 :
3190 3423 3238 3472 et
3273 3435 3368 3473 nos
3399 3426 3680 3474 conantur
3722 3437 3815 3474 ar-

2097 3524 2275 3576 guere,
2310 3508 2454 3576 quod
2483 3507 2700 3576 aliquid
2723 3523 2913 3562 novum
2942 3507 3187 3562 dicamus
3218 3508 3409 3577 (Serm.
3442 3510 3571 3573 294,
3604 3525 3668 3563 n.
3715 3515 3812 3574 l9}.

2099 3597 2187 3652 Sic
2217 3597 2452 3652 omnino
2484 3596 2826 3667 loquebatur
2849 3597 2918 3650 ad
2950 3596 3456 3668 Carthaginensem
3483 3598 3733 3667 plebem
3763 3601 3816 3652 in

2099 3700 2383 3751 sermone,
2415 3699 2587 3755 quem
2633 3682 2851 3737 Aurelii
2894 3683 3144 3755 episcopi
3193 3683 3445 3755 impulsu
3486 3685 3586 3753 (De
3637 3687 3817 3741 Gestit:

2098 3774 2329 3840 Pelagii,
2361 3789 2418 3826 n.
2450 3772 2570 3842 25),
2602 3771 2894 3843 aliquanto
2932 3776 3059 3844 post
3089 3773 3270 3827 editos
3306 3772 3529 3843 priores
3561 3775 3636 3828 ad
3673 3776 3815 3829 Mar-

2098 3861 2367 3916 cellinum
2398 3861 2716 3931 libros,nec
2742 3864 2936 3915 tamen
2967 3867 3098 3916 ante
3127 3877 3362 3930 annum,
3387 3866 3452 3916 ut
3476 3863 3659 3917 nobis
3692 3863 3816 3936 qui-

2099 3951 2231 4005 dem
2260 3950 2580 4019 videbatur,
2614 3949 2821 4004 Christi
2849 3949 3482 4022 quadringentesimum
3515 3951 3818 4007 decimum

2097 4039 2337 4094 tertium
2378 4040 2542 4109 (Vide
2582 4041 2806 4107 Prwfat.
2843 4041 2971 4093 ιοτηὶ
3002 4043 3085 4106 10,
3119 4040 3150 4110 §
3181 4041 3258 4111 6),
3299 4039 3720 4109 pronuntiavit
3765 4042 3820 4094 iu

2098 4128 2330 4183 basilica
2351 4129 2454 4197 Maj
2465 4143 2654 4193 orum,
2677 4127 2738 4181 in
2758 4128 2934 4182 natali
2956 4128 3220 4199 martyris
3241 4129 3587 4196 Guddentis,
3609 4131 3822 4201 quinto

2099 4217 2370 4272 kalendas
2394 4216 2528 4287 julii
2555 4233 2569 4270 :
2599 4216 2698 4270 ubi
2722 4221 3097 4288 posteaquam
3115 4217 3495 4288 queestionem
3522 4217 3596 4273 de
3623 4220 3822 4292 Bapti-

2100 4323 2222 4361 smo
2250 4305 2431 4361 fusius
2463 4306 2742 4374 tractavit,
2772 4305 3024 4377 primum
3055 4307 3284 4379 quidem
3314 4306 3539 4362 divinas
3570 4309 3822 4364 auctori

2100 4400 2242 4450 tates
2271 4395 2590 4465 proferens,
2622 4395 2756 4448 dein
2786 4400 3016 4466 gestans
3046 4411 3274 4466 quoque
3305 4395 3364 4449 in
3391 4397 3681 4453 manibus
3715 4398 3827 4468 epi-

2099 4484 2301 4538 stolam
2327 4483 2728 4553 gloriosissimi
2756 4485 3023 4555 martyris
3056 4485 3322 4555 Cypriani
3354 4501 3483 4556 qua:
3510 4490 3600 4539 est
3639 4488 3714 4542 ad
3743 4486 3826 4540 Fi-

2098 4572 2256 4632 dum,
2289 4576 2344 4626 et
2385 4572 2455 4626 de
2496 4572 2601 4626 hac
2632 4588 2692 4626 re
2723 4573 2896 4627 verba
2925 4574 3046 4644 ejus
3075 4572 3321 4627 recitans
3362 4578 3541 4644 atque
3589 4583 3829 4646 pertra-

2098 4665 2279 4724 ctans,
2340 4665 2407 4716 ut
2462 4675 2623 4715 error
2675 4661 2928 4715 nefarius
2975 4661 3044 4717 de
3101 4661 3486 4734 quorumdam
3544 4665 3832 4720 cordibus

2099 4749 2454 4818 auferretur;
2499 4749 2567 4802 ad
2616 4753 2936 4805 extremum
2983 4750 3113 4822 pius
3159 4750 3410 4805 Antistes
3442 4751 3682 4808 claudit
3726 4753 3832 4809 dis-

2099 4837 2459 4908 putationem
2490 4837 2550 4892 in
2583 4837 2706 4893 haec
2734 4839 2903 4893 verba
2937 4852 2949 4894 :
2986 4841 3340 4909 Impetremus
3366 4855 3514 4908 ergo,
3554 4845 3610 4896 si
3628 4859 3834 4912 possu-

2098 4942 2236 4992 mus,
2263 4942 2297 4980 a
2326 4918 2602 4993 fratribus
2633 4929 2855 4993 nostris,
2879 4944 2945 4982 ne
2971 4944 3066 4983 nos
3095 4929 3317 4998 insuper
3345 4929 3632 4998 appellent
3669 4932 3836 4986 haem-

2100 5017 2259 5078 ticos;
2292 5015 2440 5084 quod
2465 5031 2549 5070 eos
2582 5017 2718 5070 talia
2747 5016 3088 5086 disputantes
3116 5032 3212 5071 nos
3237 5018 3523 5086 appellare
3550 5025 3837 5088 possimus

2097 5105 2358 5171 forsitan,
2394 5106 2445 5159 si
2493 5105 2739 5174 velimus,
2770 5121 2864 5160 nec
2903 5110 3082 5160 tamen
3127 5105 3496 5176 appellamus.
3543 5109 3837 5164 Sustineat

2098 5206 2183 5246 eos
2215 5197 2388 5247 mater
2422 5195 2538 5262 piis
2569 5195 2864 5248 visceribus
2893 5195 3190 5263 sanandos,
3216 5200 3395 5265 portet
3421 5195 3736 5264 docendos,
3779 5216 3840 5253 ηε

2097 5283 2330 5350 plangat
2360 5287 2619 5337 mortuos.
2651 5285 2891 5338 Nimium
2922 5287 3000 5338 est
3029 5299 3134 5354 quo
3162 5284 3645 5353 progrediuntur;
3685 5289 3835 5341 mul-

2101 5374 2214 5424 tum
2242 5376 2342 5437 est,
2372 5375 2467 5426 via:
2496 5372 2783 5439 ferendum
2805 5377 2902 5439 est,
2922 5388 3134 5442 magna:
3149 5375 3432 5442 patientiae
3449 5374 3647 5430 adhuc
3666 5379 3833 5443 ferri.

2101 5460 2216 5516 Non
2247 5461 2552 5515 abutantur
2582 5463 2680 5516 hac
2708 5464 2980 5532 patientia
3010 5463 3275 5524 Ecclesize,
3307 5464 3706 5532 corrigantur,
3741 5467 3837 5520 bo—

2105 5562 2234 5603 num
2274 5553 2374 5603 est.
2424 5551 2490 5604 Ut
2521 5551 2684 5604 amici
2710 5551 3079 5617 exhortamur,
3119 5567 3224 5606 non
3268 5556 3328 5605 ut
3374 5553 3592 5606 inimici
3644 5555 3838 5623 litiga-
