3912 6174
105 256 183 307 iii")
1468 256 1679 313 LIBER
1720 257 2092 318 SEPTIMUS.

102 404 205 445 mus.
229 388 501 442 Detrahunt
526 388 695 453 nobis,
725 390 953 455 ferimus
987 408 999 444 :
1032 395 1227 447 canoni
1260 409 1365 448 non
1406 395 1720 463 detrahant,

103 474 270 529 veritati
291 486 386 525 non
414 472 727 539 detrahant;
770 475 1020 529 Ecclesia
1048 482 1247 531 sancta:
1282 494 1383 547 pro
1412 482 1723 534 remissione

103 563 257 633 peccati
269 562 537 629 originalis
554 563 903 630 parvulorum
925 565 1166 632 quotidie
1190 566 1463 621 laboranti
1481 584 1585 622 non
1606 585 1723 623 con-

109 651 328 705 b-adioant.
346 650 589 703 Fundata
616 652 727 704 ista
764 668 847 705 res
877 657 973 706 est.
1007 654 1277 709 Ferendus
1306 660 1382 709 est
1413 656 1723 725 disputator

108 754 239 792 errans
254 740 301 791 in
327 739 448 793 aliis
474 740 856 808 quaestionibus
883 756 988 794 non
1018 741 1308 807 diligenter
1336 744 1723 810 digestis,non-

104 828 195 881 dum
225 828 367 895 plena
410 828 651 881 Ecclesia:
694 831 1015 883 auctoritate
1055 834 1316 897 ﬁrmatis;
1360 833 1440 885 ibi
1465 834 1721 897 ferendus

101 922 155 969 est
175 932 293 968 error
321 932 332 967 :
363 931 461 968 non
493 920 702 969 tantum
730 918 994 985 progredi
1022 919 1192 983 debet,
1228 924 1285 972 ut
1323 922 1486 975 etiam
1509 922 1719 988 funda-

96 1011 271 1059 mentum
299 1005 463 1072 ipsum
497 1006 743 1060 Ecclesiae
781 1011 1002 1075 quatere
1031 1009 1306 1064 moliatur.
1342 1012 1453 1065 Non
1481 1011 1720 1079 expedit.

92 1092 240 1145 Adhuc
254 1094 384 1158 forte
407 1098 590 1147 nostra
612 1110 715 1147 non
741 1100 819 1148 est
839 1096 1275 1163 reprehendenda
1303 1100 1571 1166 patientia
1596 1116 1607 1152 :
1631 1100 1725 1152 sed

90 1180 173 1233 deb
188 1196 284 1234 mus
312 1182 490 1235 timere
518 1198 582 1236 ne
619 1185 863 1252 culpetur
890 1187 1054 1239 etiam
1084 1187 1433 1254 negligentia.
1468 1188 1724 1255 Sufﬁcith

92 1272 307 1325 Charitati
328 1276 539 1338 vestrae;
583 1272 768 1326 habete
793 1274 865 1327 ad
898 1275 1017 1328 illos
1044 1277 1142 1342 qui
1168 1278 1336 1329 nostis
1364 1278 1504 1343 illos,
1540 1278 1725 1331 habete

93 1375 179 1412 cum
202 1360 295 1413 illis
321 1361 501 1427 amice,
548 1364 809 1427 fraterne,
852 1363 1089 1431 placide,
1131 1369 1395 1429 amanter,
1443 1366 1720 1421 dolenter:

92 1448 304 1516 quidquid
329 1454 496 1517 potest
512 1450 691 1514 faciat
706 1452 883 1518 pietas
907 1470 921 1517 ;
952 1454 1083 1519 quia
1104 1458 1293 1521 postea
1319 1454 1599 1521 diligenda
1618 1470 1725 1508 non

91 1538 397 1604 uitimpietas
427 1536 621 1605 (Serm.
655 1538 779 1604 294,
812 1555 865 1591 n.
900 1539 1014 1607 20).

138 1628 176 1676 7.
204 1624 401 1678 Litteris
430 1625 605 1678 etiam
638 1626 860 1680 circiter
889 1626 997 1680 hoc
1027 1627 1181 1681 idem
1212 1633 1435 1699 tempus
1452 1630 1520 1684 ad
1542 1647 1601 1684 se
1624 1631 1722 1685 da-

90 1710 139 1762 tis
170 1728 194 1762 a
230 1712 441 1782 Pelagio
473 1712 795 1767 rescribens
842 1714 1215 1785 Augustinus,
1249 1718 1473 1771 tametsi
1505 1718 1574 1771 ab
1602 1718 1723 1787 ejus

92 1800 291 1852 laudibus
310 1801 728 1871 temperaverit,
763 1801 927 1856 illum
957 1803 1328 1858 nihilominus
1356 1811 1471 1859 tam
1496 1807 1725 1861 honori-

90 1888 164 1939 tice
194 1888 384 1955 habuit,
428 1894 492 1943 ut
531 1890 718 1961 ipsius
758 1890 852 1944 ille
893 1891 1191 1961 epistolam
1231 1894 1289 1946 in
1326 1893 1725 1965 Diospolytana

90 1977 268 2044 synodo,
296 1983 352 2031 ut
372 1978 701 2033 testimonio
732 1979 877 2034 tanti
908 1980 1034 2047 viri,
1069 1980 1417 2035 intentatum
1446 1983 1724 2036 hzereseos

90 2061 252 2116 crimen
268 2080 296 2116 a
311 2082 364 2119 se
384 2066 1025 2139 depelleret,legendam
1051 2070 1374 2140 protulerit.
1402 2073 1530 2125 Hzec
1551 2089 1723 2142 porro

91 2149 350 2219 hujusinodi
378 2161 495 2209 erat
530 2172 544 2209 :
582 2159 800 2210 Domino
827 2158 1174 2212 dilectissimo
1194 2165 1243 2213 et
1265 2160 1724 2216 desideratissimo

90 2241 216 2302 fratri
234 2243 445 2310 Pelagio,
483 2246 855 2311 Augustinus,
883 2250 939 2300 in
967 2250 1190 2302 Domino
1217 2250 1463 2304 salutem.
1502 2250 1723 2305 Gratias

92 2342 163 2391 ego
170 2329 443 2396 plurimum,
459 2333 613 2401 quod
626 2349 706 2385 me
720 2335 920 2389 litteris
933 2337 1040 2389 tuis
1054 2337 1366 2390 exhilarare
1377 2338 1632 2405 dignatus
1646 2356 1719 2404 es,

92 2421 127 2466 et
144 2423 300 2471 certum
325 2421 499 2484 facere
527 2420 600 2474 de
626 2422 799 2476 salute
819 2427 1017 2477 vestra.
1041 2425 1322 2479 Retribuat
1346 2427 1448 2480 tibi
1468 2430 1724 2482 Dominus

96 2505 207 2572 bona,
231 2511 402 2577 quibus
440 2528 656 2581 semper
682 2516 758 2568 sis
789 2514 977 2581 bonus,
1008 2522 1059 2570 et
1088 2532 1205 2571 cum
1232 2518 1324 2571 illo
1345 2523 1539 2573 aeterno
1569 2522 1724 2574 vivas

94 2596 132 2645 in
153 2602 379 2665 aternum,
409 2601 631 2655 domine
660 2602 1003 2657 dilectissime
1026 2609 1076 2658 et
1106 2605 1563 2661 desideratissime
1599 2612 1723 2675 fra-

95 2688 163 2736 ter.
193 2688 283 2754 Ego
307 2694 495 2755 autem,
523 2692 634 2743 etsi
660 2693 717 2744 in
743 2707 823 2745 me
854 2708 960 2747 non
989 2708 1217 2759 agnosco
1241 2699 1515 2763 praconia
1541 2698 1607 2752 de
1644 2714 1726 2751 me

94 2776 174 2839 tua,
198 2790 292 2841 qua
319 2782 415 2831 tuae
441 2780 814 2844 Benignitatis
832 2783 1060 2849 epistola
1086 2786 1347 2849 continet;
1373 2784 1615 2839 benevolo
1648 2792 1727 2839 ta-

93 2875 173 2911 men
205 2866 357 2918 animo
393 2883 525 2935 erga
575 2869 926 2935 exiguitatem
963 2885 1133 2923 meum
1172 2873 1422 2937 ingratus
1465 2888 1574 2928 esse
1619 2890 1726 2928 non

87 2964 251 3015 pinsum
285 2969 296 3007 ε
335 2957 491 3010 simul
543 2956 835 3011 admonens
879 2962 940 3012 ut
975 2961 1161 3027 potius
1210 2975 1324 3014 ores
1358 2977 1462 3029 pro
1491 2977 1592 3027 me,
1622 2978 1725 3030 quo

91 3038 181 3090 talis
204 3056 232 3091 α
256 3044 456 3099 Domino
480 3045 649 3113 fiam.
679 3047 891 3113 qualem
924 3061 1009 3100 me
1026 3047 1148 3115 jam
1175 3062 1287 3102 esse
1316 3049 1625 3103 arbitraris.
1663 3052 1728 3104 Et

89 3125 168 3179 alia
191 3144 336 3185 manu
370 3148 382 3186 :
423 3135 635 3187 Memor
678 3136 855 3188 nostri
900 3137 1183 3191 incolumis
1230 3139 1446 3191 Domino
1485 3140 1723 3208 placeas,

89 3213 248 3270 diuitiae
282 3220 625 3276 dilectissime
679 3228 730 3276 et
784 3223 1245 3280 desideratissime
1291 3228 1471 3292 frater
1528 3230 1721 3297 (Epist.

93 3303 196 3367 liti).
227 3306 297 3361 Ibi
332 3310 463 3364 dixit
510 3327 652 3365 eum
683 3311 791 3365 sibi
822 3329 941 3367 esse
981 3313 1548 3378 desideratissimam,
1581 3332 1724 3387 quo~

91 3391 205 3447 uiam
228 3398 368 3451 valde
397 3400 672 3470 cupiebat
700 3416 831 3454 cum
863 3408 1144 3471 praesente
1179 3402 1395 3473 aliquid
1428 3404 1677 3475 colloqui
1712 3422 1725 3459 :

85 3479 173 3547 λειω
194 3484 323 3540 enim
350 3490 631 3555 audierat,
664 3495 859 3544 contra
891 3492 1151 3561 gratiam,
1187 3508 1300 3563 qua
1322 3492 1724 3563 justiticamur,

88 3572 265 3636 quando
283 3575 403 3629 hinc
430 3578 632 3648 aliqua
653 3578 1118 3632 commemoratio
1150 3578 1333 3646 ﬁeret,
1370 3586 1563 3651 aperta
1596 3597 1728 3635 eum

88 3662 384 3719 contentione
430 3666 653 3721 conari.
704 3667 831 3720 Alia
867 3667 1084 3738 pariter
1122 3668 1292 3738 hujus
1322 3669 1578 3740 epistolae
1610 3686 1727 3724 sua:

88 3747 219 3801 verba
242 3750 440 3823 singula
470 3755 826 3825 expendens,
856 3756 999 3809 nihil
1040 3773 1223 3811 causas
1253 3757 1428 3812 fuisse
1458 3759 1725 3826 ostendit,

85 3848 163 3885 cur
186 3853 288 3893 eam
313 3858 405 3912 pro
438 3862 497 3898 se
538 3844 607 3898 ad
636 3844 905 3899 intentati
933 3845 1189 3900 criminis
1217 3848 1612 3918 depulsionem
1639 3865 1729 3902 va-

84 3920 172 3976 lere
196 3926 425 4001 Pelagius
456 3938 810 3987 autumaret.
853 3935 993 3989 Nam
1031 3935 1221 4005 ipsum
1253 3937 1352 4003 ibi,
1385 3938 1572 4008 quoad
1603 3938 1725 3992 sine

86 4010 219 4079 ipsius
240 4018 560 4086 offensione,
592 4026 689 4075 aut
718 4023 1050 4093 qutestionis
1082 4025 1253 4079 ullius
1279 4026 1627 4080 discussione
1657 4027 1726 4080 li-

82 4108 214 4171 ceret,
257 4108 317 4161 de
361 4112 456 4164 Dei
502 4112 694 4181 gratia
720 4117 872 4166 recte
904 4129 1102 4183 sapere
1133 4115 1498 4169 admonebat.
1531 4117 1728 4180 Quan-

82 4205 216 4256 sjuam
239 4203 417 4265 postea
437 4205 704 4253 sanctum
728 4200 922 4255 Virum
948 4202 1239 4272 paenituit,
1263 4205 1414 4273 quod
1440 4208 1575 4258 tunc
1595 4222 1726 4259 cum

82 4276 287 4338 dolorem
314 4286 489 4343 facere
525 4289 773 4358 timeret,
801 4294 1089 4345 tumorem
1122 4291 1349 4358 ulceris,
1383 4292 1466 4346 uti
1487 4294 1609 4363 jam
1639 4294 1727 4348 in-

80 4365 317 4438 tt‘lligcbat
350 4377 601 4431 auxisset
627 4378 727 4449 (De
758 4380 929 4435 Gestis
958 4381 1189 4450 Pelagii,
1216 4397 1273 4435 η.
1298 4382 1510 4450 50-52).

133 4454 174 4505 8.
204 4457 557 4519 Revincendis
586 4465 759 4519 etiam
788 4466 1107 4537 Pelagianis
1136 4466 1346 4539 scripta
1374 4473 1459 4521 est
1488 4468 1727 4538 epistola

78 4540 493 4636 ad'Anastasium
521 4553 723 4623 (Epist.
763 4556 904 4625 145).
934 4556 1073 4609 Nam
1102 4560 1411 4627 postquam
1442 4555 1502 4609 in
1528 4572 1593 4609 ea
1624 4556 1726 4609 do-

80 4635 184 4721 FP“,
221 4650 323 4691 non
359 4656 460 4710 per
511 4642 717 4713 legem,
764 4643 861 4697 sed
892 4660 995 4714 per
1023 4644 1286 4714 gratiam,
1320 4661 1506 4715 neque
1539 4643 1727 4699 servili

78 4718 261 4792 timore,
286 4729 376 4782 sed
408 4730 593 4784 libera
621 4731 893 4786 charitate
924 4732 1151 4803 impleri
1174 4733 1459 4803 justitiam
1494 4750 1506 4787 :
1540 4734 1725 4787 decla-

76 4811 143 4858 rat
163 4825 211 4864 se
230 4812 383 4871 istam
413 4836 547 4874 cum
578 4837 644 4873 eo
666 4820 1043 4892 quaestionem
1064 4837 1167 4892 per
1193 4821 1411 4876 litteras
1433 4827 1724 4887 tractasse,

74 4908 163 4948 non
188 4912 403 4975 propter
431 4908 645 4979 ipsum,
668 4910 766 4964 sed
787 4914 1025 4980 propter
1048 4910 1329 4981 quosdam
1358 4911 1455 4983 qui
1482 4910 1727 4965 nimium

74 4997 302 5059 arrogant
341 4996 612 5051 humanae
647 4999 944 5066 voluntati,
978 5015 1152 5069 quam
1182 5000 1306 5070 lege
1338 5000 1471 5054 data
1499 4988 1724 5071 putant,

71 5074 127 5126 ad
150 5092 259 5134 eam
280 5081 627 5155 implendam
650 5087 762 5141 sibi
780 5104 947 5158 posse
976 5088 1256 5142 sufﬁcere.
1293 5090 1447 5142 Hanc
1470 5089 1727 5159 profecto

70 5164 348 5237 epistolam,
372 5174 433 5227 in
458 5191 573 5245 qua
594 5175 779 5245 parcit
799 5177 984 5230 adhuc
1008 5176 1464 5233 adversariorum
1484 5176 1727 5246 nomini,

71 5252 259 5324 Scripsit
299 5267 429 5317 ante
488 5280 702 5318 annum
757 5265 1388 5336 quadringentesimum
1443 5266 1729 5321 decimum

71 5347 277 5425 Sextum,
325 5366 437 5421 quo
470 5352 590 5423 jam
620 5357 875 5425 tempore
921 5354 1223 5408 nominare
1269 5355 1564 5425 Pelagium
1613 5372 1728 5409 non

72 5424 342 5491 dubitabat.
374 5440 701 5495 Anastasius
732 5424 924 5496 autem
949 5441 1045 5496 ille
1066 5442 1271 5497 mediis
1303 5443 1364 5497 in
1386 5424 1729 5497 tumultibus

72 5519 213 5588 atque
239 5526 664 5600 calamitatibus,
698 5548 827 5604 qua:
857 5546 961 5601 per
982 5531 1137 5586 idem
1166 5537 1389 5603 tempus
1420 5532 1722 5599 mundum,

3427 266 3531 319 446

1830 380 1890 433 in
1937 382 2219 453 Hispaniis
2248 384 2503 450 fortasse,
2542 384 2965 455 opprimebant,
3000 383 3345 439 constitutus
3375 391 3521 440 erat.

1834 470 2217 534 Quamobrem
2262 488 2327 526 ex
2358 488 2424 527 eo
2467 472 2781 527 sciscitatur
2817 473 3191 545 Augustinus,
3225 490 3338 545 quo
3383 478 3530 529 statu

1834 574 1923 611 res
1953 560 2074 630 ejus
2105 564 2310 630 essent,
2344 578 2483 615 anve
2516 563 2662 615 Deus
2689 561 2939 633 quietem
2971 562 3223 633 aliquam
3250 562 3356 632 ipsi
3390 576 3526 616 con-

1834 663 2048 702 cessam
2078 650 2344 704 voluisset
2383 668 2395 704 :
2445 650 2730 722 simulque
2764 652 3115 717 adhortatur,
3151 656 3216 705 ut
3247 656 3303 705 et
3334 651 3533 705 mundi

1834 737 2200 792 adversitates
2228 740 2503 793 charitate
2530 745 2779 810 superet,
2812 745 2868 794 et
2897 756 3022 794 eam
3049 740 3320 794 virtutem
3340 757 3373 793 a
3395 742 3528 806 Deo,

1835 824 1935 895 qui
1974 827 2123 879 solus
2154 827 2335 897 ipsam
2358 827 2637 899 impertiri
2665 833 2865 898 potest,
2894 829 3193 899 efflagitet.
3225 832 3534 899 Acceperat

1835 918 2058 968 sanctus
2107 917 2319 970 Praesul
2362 917 2431 971 ab
2479 919 2773 973 Anastasio
2822 919 3055 985 litteras,
3100 919 3307 990 quibus
3337 936 3408 971 an
3441 935 3530 973 re-

1835 1019 2129 1073 sponsum,
2165 1021 2338 1059 necne
2386 1006 2653 1072 dedisset,
2688 1007 2895 1060 fatetur
2924 1007 3159 1061 omnino
3190 1006 3407 1061 nescire
3438 1022 3527 1072 se;

1834 1108 2016 1163 usque
2046 1092 2189 1146 adeo
2217 1093 2365 1146 curis
2388 1110 2451 1147 ea
2475 1099 2807 1165 tempestate
2835 1094 3305 1165 distringebatur.

1908 1186 1958 1234 9.
1996 1183 2139 1235 Dum
2169 1181 2467 1252 epistolam
2498 1185 2569 1237 ad
2608 1184 2997 1238 Marcellinum
3041 1200 3213 1254 supra
3242 1198 3529 1238 memora-

1835 1274 1952 1323 tam
1992 1270 2189 1340 (Epist.
2230 1274 2346 1337 139,
2377 1288 2433 1326 n.
2466 1275 2538 1340 3),
2572 1288 2742 1343 quam
2775 1273 2933 1325 libris
2965 1273 3033 1326 de
3068 1273 3352 1342 Baptismo
3384 1272 3529 1341 adje-

1836 1357 1931 1426 cit,
1964 1359 2230 1412 scriberet
2250 1360 2619 1431 Augustinus,
2649 1360 2817 1414 simul
2852 1360 3027 1414 etiam
3056 1360 3115 1413 in
3139 1361 3403 1413 manibus
3432 1360 3529 1412 ba~

1832 1446 2002 1500 bebat
2027 1448 2323 1518 epistolam
2348 1449 2419 1503 ad
2464 1452 2833 1517 Honoratum,
2876 1450 3035 1518 cujus
3062 1447 3530 1519 inquisitionibus

1835 1539 1965 1589 ante
1996 1536 2187 1589 omnia
2219 1537 2398 1590 facere
2430 1538 2564 1590 satis
2590 1539 2848 1590 voluntas
2879 1542 3002 1590 erat
3032 1537 3230 1607 (Epist.
3275 1538 3398 1601 240;
3437 1539 3529 1590 Re-

1836 1629 1992 1678 tract.
2029 1626 2120 1679 lib.
2164 1629 2216 1694 2,
2244 1643 2366 1696 cap.
2401 1628 2507 1695 36).
2552 1627 2803 1681 Charitas
2831 1629 2989 1692 enim,
3022 1626 3229 1697 inquit,
3263 1641 3381 1694 qua?
3408 1630 3529 1678 tan—

1836 1731 2000 1783 quam
2020 1718 2210 1769 nutria:
2237 1718 2385 1782 fovet
2412 1718 2551 1784 ﬁlios
2575 1731 2716 1781 suos,
2740 1730 2844 1769 non
2866 1716 3054 1768 ordine
3074 1713 3319 1780 amandi,
3342 1713 3435 1767 sed
3447 1728 3534 1766 or-

1836 1804 1961 1857 dine
1990 1804 2358 1870 subveniendi,
2389 1806 2712 1873 inﬁrmiores
2741 1803 3061 1870 fortioribus
3083 1805 3378 1871 anteponit,
3399 1816 3530 1871 quos

1837 1894 1968 1946 tales
2015 1894 2130 1946 vult
2167 1908 2297 1959 esse,
2345 1894 2529 1963 quales
2554 1894 2674 1962 jam
2712 1894 2794 1945 illi
2822 1896 2967 1953 sunt,
3002 1907 3132 1959 quos
3159 1906 3266 1944 non
3294 1896 3531 1944 contem-

1834 1981 2028 2049 nendo,
2068 1981 2161 2035 sed
2208 1981 2273 2035 de
2319 1982 2403 2035 his
2447 1980 2782 2051 conﬁdendo,
2810 1982 3027 2033 interim
3052 1981 3297 2049 praeterit
3326 1978 3526 2047 (Epist.

1840 2073 1961 2139 139,
1984 2086 2039 2123 η.
2074 2072 2142 2138 3).
2179 2070 2317 2124 Cum
2344 2074 2490 2124 esset
2528 2070 2701 2139 igitur
2732 2071 3050 2123 Honoratus
3079 2068 3139 2121 in
3169 2068 3529 2121 catechume-

1834 2175 2043 2212 norum
2086 2175 2347 2226 numero,
2392 2160 2649 2212 nondum
2695 2158 2982 2227 Baptismo
3026 2156 3287 2210 initiatus
3327 2158 3526 2226 (Epist.

1840 2249 1959 2314 140,
1992 2264 2046 2301 n.
2079 2248 2187 2317 48),
2234 2248 2457 2318 scripsit
2506 2247 2843 2317 Carthagine
2884 2246 2953 2299 ad
2998 2245 3385 2315 Augustinum
3422 2242 3531 2297 sibi

1835 2335 2193 2401 familiarem,
2218 2339 2389 2406 atque
2422 2335 2503 2389 illi
2531 2335 2874 2407 quaistiones
2895 2334 3148 2405 quinque
3170 2331 3533 2403 explicandas

1834 2426 2149 2497 proposuit.
2184 2427 2259 2478 Eo
2295 2440 2428 2478 sane
2456 2429 2711 2495 tempore
2736 2422 3088 2494 Augustinus
3117 2427 3315 2475 contra
3346 2422 3531 2475 Dona-

1834 2516 1994 2567 tistas
2034 2514 2401 2568 vehementer
2442 2514 2810 2568 exercebatur
2858 2529 2871 2566 :
2919 2515 3170 2565 attamen
3210 2510 3384 2564 satius
3414 2526 3533 2564 esse

1835 2604 2195 2670 existimavit,
2230 2604 2480 2658 oblatam
2512 2603 2619 2656 sibi
2649 2603 2717 2656 ab
2751 2604 3036 2656 Honorato
3065 2600 3403 2670 Pelagianos
3432 2599 3533 2652 im-

1835 2693 2129 2762 pugnandi
2178 2692 2533 2745 occasionem
2586 2690 2861 2759 arripere.
2915 2688 3341 2753 Quaastionibus
3398 2704 3533 2757 ergo

1836 2780 2092 2851 quinque
2124 2780 2236 2833 illis
2264 2779 2567 2850 propositis
2598 2779 2667 2831 ab
2699 2780 3008 2843 Honorato,
3041 2781 3257 2829 sextam
3289 2776 3407 2845 ipse
3434 2776 3533 2827 ad-

1838 2869 2001 2935 didit,
2044 2868 2318 2922 nimirum
2351 2883 2617 2939 quasnam
2642 2867 2903 2921 habenda
2929 2865 3001 2919 sit
3030 2864 3159 2919 novi
3189 2862 3533 2917 Testamenti

1836 2958 2020 3027 gratia
2052 2974 2064 3011 :
2092 2958 2351 3028 hancque
2381 2956 2520 3009 adeo
2554 2954 2844 3026 praecipua
2868 2954 3117 3025 quadam
3147 2968 3281 3006 cura
3314 2968 3375 3004 ac
3406 2950 3533 3004 dili-

1838 3047 2031 3118 gentia
2051 3045 2330 3112 discussit,
2356 3050 2524 3116 atque
2548 3044 2616 3097 ad
2640 3044 2797 3098 illam
2819 3043 3068 3114 reliquas
3096 3057 3293 3095 omnes
3313 3054 3535 3093 revoca-

1836 3133 1930 3189 vit.
1969 3134 2185 3199 Quibus
2214 3138 2269 3188 et
2297 3133 2753 3204 explanationem
2786 3132 2995 3187 Psalmi
3038 3129 3300 3202 vigesimi
3340 3126 3534 3199 primi,

1838 3225 2000 3295 cujus
2030 3223 2194 3277 initio
2226 3240 2339 3277 una
2370 3239 2437 3277 ex
2469 3222 2740 3276 Honorati
2769 3221 3182 3293 quaestionibus
3207 3218 3535 3273 contineba-

1837 3318 1950 3377 tur,
1985 3312 2245 3367 innexuit
2272 3313 2529 3381 (Retract.
2561 3312 2654 3365 lib.
2702 3315 2755 3377 2,
2798 3328 2918 3380 cap.
2955 3310 3064 3381 36).
3094 3311 3168 3363 Ea
3198 3306 3536 3371 lucubratio,

1839 3418 2011 3472 quam
2035 3402 2192 3455 libris
2223 3402 2338 3455 suis
2368 3405 2709 3455 annumerat
2734 3400 2977 3469 (Ibid.,et
3010 3401 3188 3468 Epist.
3227 3400 3347 3461 139,
3378 3412 3433 3449 η.
3461 3398 3538 3465 3),

1838 3508 1901 3545 ac
1933 3491 2083 3554 libri,
2118 3491 2289 3545 etiam
2319 3490 2543 3560 prolixi,
2586 3489 2749 3543 sicuti
2789 3504 2985 3541 revera
3016 3492 3119 3553 est,
3154 3485 3539 3557 appellatione

1839 3580 2014 3634 donat
2062 3581 2263 3651 (Epist.
2316 3582 2432 3645 140,
2482 3595 2539 3632 n.
2573 3579 2685 3648 85),
2718 3578 2906 3629 locum
2938 3577 3089 3628 inter
3119 3576 3241 3645 ejus
3272 3573 3540 3643 epistolas

1839 3668 2059 3740 pridem
2092 3668 2359 3722 obtinuit.
2398 3670 2533 3721 Post
2561 3666 2741 3734 illam,
2782 3664 3123 3735 opusculum
3151 3663 3312 3733 cujus
3337 3662 3536 3715 inscri-

1837 3758 1959 3828 ptio
2011 3764 2113 3824 est,
2167 3761 2238 3811 De
2274 3758 2488 3826 Spiritu
2517 3760 2566 3809 et
2594 3758 2824 3821 Littera,
2859 3752 3157 3824 subjungit
3184 3751 3539 3823 Augustinus

1841 3850 2091 3917 (Retract.
2125 3847 2216 3900 lib.
2249 3850 2302 3912 2,
2333 3862 2455 3915 cap.
2490 3845 2613 3915 37);
2642 3860 2745 3899 nec
2777 3843 3039 3897 dubitare
3068 3841 3321 3914 profecto
3351 3840 3536 3907 liceat,

1838 3936 1978 4007 quin
2010 3952 2075 3990 ea
2098 3936 2379 4006 posterius
2419 3934 2694 4005 scriptum
2722 3932 2910 3987 fuerit.

2528 4023 2754 4077 CAPUT
2795 4023 2866 4075 ΙΙ.

1842 4119 1860 4169 1
1918 4115 2261 4182 Augustinus
2311 4113 2386 4167 ad
2435 4114 2747 4167 Donatistas
2804 4112 2967 4165 laicos
3023 4113 3147 4179 post
3196 4109 3541 4165 Collationem

1907 4202 2110 4255 scribit.
2152 4205 2185 4255 2
2232 4202 2582 4268 Imperatoris
2631 4200 2857 4253 Honorii
2902 4199 3162 4265 rescripto
3206 4196 3540 4248 damnantur

1909 4290 2221 4344 Donatista.
2257 4292 2285 4343 3
2326 4292 2523 4343 Eorum
2553 4289 2749 4342 rabies.
2790 4290 2822 4341 4
2853 4286 3092 4343 Caeditur
3120 4284 3186 4336 ab
3216 4284 3326 4336 illis
3356 4284 3537 4337 Resti-

1910 4383 2075 4433 tutus.
2106 4382 2135 4433 5
2166 4380 2342 4444 Quam
2366 4379 2697 4430 vehementer
2721 4378 2835 4443 agit
2863 4376 3296 4442 Augustinus,ne
3311 4370 3536 4424 caedium

1906 4470 1987 4521 rei
2014 4467 2187 4536 capite
2216 4468 2539 4536 puniantur.
2585 4468 2615 4519 6
2647 4465 2875 4533 Operam
2903 4463 3019 4520 dat,
3066 4465 3124 4513 ut
3163 4460 3537 4513 schismatico—

1907 4572 2028 4609 rum
2052 4558 2111 4610 in
2141 4557 2475 4625 Hipponensi
2496 4556 2711 4608 diwcesi
2738 4558 2788 4605 et
2818 4555 2875 4605 in
2896 4553 3109 4618 reliqua
3140 4549 3403 4615 Numidia
3431 4550 3539 4602 vio-

1909 4646 2083 4699 lentia.o
2112 4649 2536 4713 compescantur.
2557 4648 2586 4695 7
2628 4643 2797 4694 Varia
2826 4639 3017 4693 scribit
3044 4638 3320 4706 opuscula.

1913 4738 1961 4789 1.
2000 4735 2063 4786 In
2096 4734 2295 4787 eadem
2328 4733 2399 4786 ad
2432 4730 2820 4786 Marcellinum
2862 4728 3115 4797 epistola,
3164 4742 3278 4797 qua
3321 4742 3378 4779 se
3418 4728 3537 4779 Au-

1837 4822 2097 4893 gustinus
2129 4819 2487 4891 responsioni
2518 4819 2585 4871 ad
2623 4819 2975 4871 Honoratum
3006 4814 3377 4868 concinanda:
3407 4829 3541 4883 ope-

1836 4927 1961 4965 ram
2004 4912 2137 4965 dare
2187 4910 2489 4981 signiﬁcat,
2531 4906 3039 4975 Carthaginensem
3079 4904 3452 4960 Collationem
3479 4902 3540 4956 in

1837 4999 2242 5070 compendium
2289 5014 2321 5050 a
2364 5014 2421 5050 se
2470 4995 2779 5057 redactam,
2832 5009 3052 5048 necnon
3091 4994 3305 5048 litteras
3336 4994 3403 5046 de
3438 4992 3541 5044 hac

1838 5088 1962 5159 ipsa
1984 5087 2291 5143 Collatione
2312 5085 2381 5139 ad
2405 5085 2631 5155 plebem
2659 5083 3083 5138 Donatistarum
3112 5080 3387 5153 proximis
3409 5082 3539 5133 ante

1840 5178 2039 5232 diebus
2078 5176 2361 5230 absolutas
2392 5174 2564 5228 tradit
2593 5173 2799 5244 (Epist.
2853 5176 2973 5239 139,
3007 5190 3061 5227 n.
3098 5174 3175 5242 3).
3218 5173 3338 5224 Jam
3367 5182 3538 5237 supra

1838 5267 1907 5321 de
1936 5266 2108 5319 hocce
2139 5262 2465 5320 Collationis
2513 5260 2851 5333 compendio
2894 5261 3141 5315 diximus
3169 5275 3181 5311 :
3220 5256 3374 5327 quod
3405 5270 3538 5307 vero

1840 5355 1909 5409 ad
1942 5354 2239 5423 epistolam
2274 5351 2579 5406 Donatistis
2615 5351 2773 5405 laicis
2803 5355 2939 5404 tunc
2965 5349 3252 5417 scriptam,
3282 5358 3400 5397 non
3426 5342 3538 5397 alia

1839 5442 2072 5498 forsitan
2100 5441 2479 5496 existimanda
2516 5444 2599 5495 est
2629 5430 2697 5494 ab
2730 5457 2795 5493 eo
2840 5439 3003 5497 libro,
3037 5436 3197 5504 cujus
3238 5431 3535 5502 inscriptio

1840 5536 1941 5599 est,
1993 5532 2084 5587 Ad
2130 5534 2442 5586 Donatistas
2491 5534 2616 5600 post
2668 5530 3011 5585 Collationem
3057 5524 3535 5593 (Retractationum
