3912 6174
379 253 473 305 HT

360 371 455 425 lib.
497 373 552 434 2,
583 385 704 440 cap.
736 370 852 440 40),
883 370 940 423 in
971 385 1084 440 quo
1116 369 1300 440 reipsa
1341 370 1437 423 Vir
1462 374 1688 424 sanctus
1714 384 1915 422 eorum
1950 368 2072 439 cpi-—

357 476 554 530 scopos
581 459 737 514 nullo
763 459 927 514 modo
953 458 1281 530 alloquitur.
1315 460 1429 514 Hoc
1454 459 1514 513 in
1535 474 1728 530 opere,
1752 457 1905 528 quod
1929 473 2061 512 cum

359 549 532 619 justas
564 548 731 602 molis
762 553 864 615 est,
896 553 1018 602 tum
1039 549 1347 619 diligenter
1376 551 1748 617 accurateque
1778 545 2072 599 elucubra-

367 643 514 705 tum,
547 637 846 692 calumniae
874 637 1176 691 diluuntur
1203 652 1265 690 ac
1290 653 1433 690 vana
1463 639 1808 698 commenta,
1845 650 2073 705 quae,ne

369 726 678 782 Marcellini
742 729 1007 797 parerent
1065 725 1304 794 judicio,
1349 724 1751 778 obtendebant.
1805 723 2072 778 Eamdem

375 815 546 870 etiam
576 831 718 877 rem,
749 814 845 867 sed
877 813 1104 866 brevius
1135 814 1330 876 multo,
1363 816 1564 866 tractat
1592 811 1652 865 in
1680 811 1790 866 alia
1821 811 2069 883 quadam

377 903 632 975 epistola,
667 917 839 973 quam
871 917 986 954 una
1021 917 1149 954 cum
1181 901 1396 970 synodo
1442 900 1691 955 Zertensi
1722 905 1940 971 postea,
1973 917 2073 954 seu

372 993 525 1064 quod
569 992 742 1045 habet
787 989 928 1060 ipse,
969 1005 1161 1044 rursus
1193 989 1374 1044 edidit
1404 990 1587 1057 (Ibid)
1623 1007 1635 1044 :
1673 1006 1802 1060 qum
1833 989 2072 1060 quidem

371 1080 722 1135 Zertensium
769 1081 1002 1135 Patrum
1049 1078 1290 1145 epistola
1321 1079 1542 1134 decimo
1569 1083 1766 1133 octavo
1797 1078 2072 1132 kalendas

362 1169 539 1240 jnlias
569 1168 704 1223 anni
729 1184 902 1238 supra
922 1167 1554 1239 quadringentesimum
1579 1167 1899 1222 duodecimi
1929 1183 2074 1237 prm-

370 1263 614 1312 notatur.
641 1259 824 1322 Quare
846 1256 891 1309 si
912 1256 1069 1327 prior
1089 1255 1372 1321 habenda,
1390 1272 1518 1326 qua:
1541 1261 1625 1311 est
1655 1256 1721 1310 ad
1753 1256 2070 1310 Donatistas

364 1352 493 1418 post
535 1345 930 1412 Collationem,
985 1344 1473 1414 quemadmodum
1519 1360 1625 1399 vox
1674 1344 1794 1412 illa,
1843 1359 2066 1411 rursus,

369 1435 590 1489 videtur
631 1433 914 1499 indicare;
963 1448 1110 1497 eam,
1157 1448 1288 1486 cum
1327 1432 1452 1486 aliis
1483 1432 1748 1486 omnibus
1794 1432 2069 1503 temporis

369 1523 625 1593 ejusdem
669 1521 913 1590 scriptis,
946 1536 1142 1574 mense
1167 1521 1310 1590 julio
1342 1521 1480 1575 anni
1519 1520 2069 1592 quadringentesimi

371 1611 696 1666 duodecimi
718 1610 1073 1681 superiorem
1094 1609 1303 1664 habere
1331 1626 1560 1664 necesse
1585 1615 1687 1665 est.
1715 1611 1857 1666 Cum
1876 1614 2068 1664 autem

371 1718 435 1757 ea
465 1699 657 1754 omnia
699 1699 944 1754 Coelestii
987 1699 1522 1754 condemnationem
1569 1705 1762 1754 secuta
1803 1699 1936 1765 sint,
1978 1699 2064 1753 id-

371 1790 518 1844 circo
541 1790 689 1844 hanc
709 1788 941 1860 quidem
961 1788 1501 1843 condemnationem
1517 1805 1666 1843 anno
1687 1788 2070 1860 quadringen-

372 1879 574 1934 tesimo
595 1877 920 1944 undecimo,
945 1878 1152 1947 scripta
1178 1894 1312 1932 vero
1331 1877 1430 1932 illa
1449 1877 1715 1948 deinceps
1741 1879 1810 1932 ab
1830 1877 2066 1932 ineunte

371 1985 522 2022 anno
553 1966 1119 2039 quadringentesimo
1149 1967 1485 2021 duodecimo
1517 1967 1588 2022 ad
1619 1983 1878 2021 mensem
1907 1966 2068 2020 circi-

370 2061 458 2112 ter
493 2056 726 2128 junium
777 2056 1154 2126 disponenda,
1201 2072 1397 2110 sumus
1439 2055 1714 2110 arbitrati.
1760 2057 1825 2110 In
1869 2055 2071 2110 eodem

371 2147 518 2203 libro
552 2151 746 2218 aperte
776 2145 1059 2216 signiﬁcat
1088 2145 1462 2216 Augustinus,
1496 2145 1788 2199 decretum
1815 2161 1936 2200 esse
1967 2145 2073 2200 Ca-

374 2235 619 2301 tholicis,
656 2233 973 2290 Donatistas
1000 2235 1292 2306 persequi,
1326 2251 1640 2306 eorumque
1671 2234 2072 2306 impotentiam

371 2327 544 2395 atque
592 2323 834 2393 injurias
877 2322 1215 2378 auctoritate
1261 2324 1455 2394 legum
1507 2339 1789 2389 coercere,
1844 2323 2070 2394 quando

372 2412 556 2466 verbis
601 2427 666 2465 ac
714 2411 970 2468 doctrina
1009 2413 1079 2466 ab
1110 2411 1214 2466 hac
1243 2411 1452 2482 agendi
1481 2412 1704 2466 ratione
1734 2412 1984 2466 revocari
2013 2428 2074 2465 se

375 2517 490 2554 non
523 2499 776 2554 sinerent
809 2516 822 2554 :
855 2500 1006 2554 nolle
1035 2505 1228 2554 tamen
1257 2501 1411 2572 ipsos
1439 2505 1676 2554 cruento
1709 2500 1988 2571 supplicio
2011 2499 2071 2553 in

373 2588 709 2661 quempiam
757 2588 1154 2656 animadverti,
1211 2589 1310 2645 sed
1351 2589 1540 2660 aliqua
1569 2589 1870 2644 mitissima
1899 2605 2071 2659 pcnna

375 2681 486 2751 (Ad
513 2681 826 2735 Donatistas
853 2684 978 2748 post
997 2681 1272 2746 Collat.,n.
1307 2679 1416 2749 21).
1462 2681 1542 2735 Ex
1576 2696 1688 2750 qua
1713 2678 1944 2750 quidem
1979 2679 2076 2734 Ca-

371 2767 713 2823 tholicorum
759 2768 1052 2822 voluntate
1097 2767 1390 2839 conjicias,
1419 2767 1806 2838 Augustinum
1835 2773 1964 2838 post
1990 2768 2072 2822 le-

371 2873 504 2928 gem
530 2856 698 2911 tertio
728 2856 1001 2911 kalendas
1021 2856 1338 2911 februarias
1361 2856 1499 2910 anni
1521 2855 2073 2927 quadringentesimi

371 2945 694 3002 duodecimi
715 2946 905 3000 datam
939 2947 1146 3017 (Codice
1175 2946 1393 3014 Theod.,
1429 2947 1494 3000 de
1523 2949 1820 3014 Haereticis,
1850 2948 1960 3015 lege
1989 2946 2073 3013 5'2)

375 3054 443 3092 ea
481 3034 793 3105 scripsisse.

448 3129 500 3178 2.
535 3123 893 3178 Marcellinus
922 3123 1079 3178 haud
1104 3122 1275 3178 dubie
1299 3125 1707 3194 Imperatorem
1731 3123 1801 3177 de
1817 3139 2078 3176 successu

378 3211 732 3278 Collationis,
757 3212 1246 3282 quemadmodum
1267 3211 1326 3265 in
1347 3211 1632 3267 mandatis
1657 3212 2078 3281 habuerat,cer-

374 3301 581 3356 tiorem
620 3301 860 3366 fecerat;
935 3303 992 3354 et
1035 3299 1266 3354 aliunde
1309 3300 1380 3354 ad
1421 3300 1613 3370 ipsum
1653 3300 1723 3354 de
1770 3299 2079 3354 Marcellini

379 3389 662 3444 sententia
702 3388 1011 3444 Donatistae
1041 3389 1498 3458 appellaverant;
1531 3404 1666 3459 ergo
1698 3404 1927 3442 necesse
1957 3392 2079 3442 erat

380 3478 695 3534 Honorium
747 3477 924 3549 loqui.
987 3479 1172 3549 Atque
1224 3477 1414 3548 ipsum
1462 3477 1670 3531 horum
1719 3477 2078 3548 respondisse

375 3566 766 3640 appellationi,
788 3567 1052 3638 illosque,
1069 3566 1152 3621 uti
1185 3583 1291 3636 par
1310 3569 1451 3634 erat,
1479 3571 1755 3636 tanquam
1781 3566 2080 3620 haereticos

375 3658 697 3724 damnasse,
751 3657 908 3712 testis
964 3661 1049 3711 est
1104 3654 1391 3710 Possidius
1449 3655 1764 3725 (Possidius,
1820 3657 1880 3709 in
1949 3657 2080 3710 Vita

378 3749 641 3814 August.,
669 3763 714 3801 c.
752 3747 856 3816 l3).
894 3747 1008 3800 Nec
1027 3745 1406 3800 dubitandum
1436 3744 1678 3813 videtur,
1704 3744 1844 3815 quin
1867 3760 1933 3798 ea
1957 3743 2082 3815 ipsa

377 3836 446 3891 de
478 3851 646 3888 causa
675 3834 784 3901 lex,
833 3834 1018 3905 quade
1051 3833 1294 3904 agimus,
1326 3832 1501 3888 fuerit
1529 3833 1599 3886 ab
1631 3848 1696 3886 eo
1726 3833 1838 3886 lata
1873 3832 2082 3903 (Codice

381 3922 602 3986 Theod.,
633 3921 698 3974 de
728 3923 947 3988 Haeret,
977 3922 1088 3988 lege
1115 3921 1201 3991 51)
1225 3941 1240 3987 ;
1266 3937 1396 3991 quae
1426 3923 1926 3990 tamen,quantum
1946 3936 2081 3974 con-

368 4009 636 4082 jectando
675 4009 805 4062 licet
829 4007 1076 4079 assequi,
1108 4009 1253 4063 nihil
1285 4008 1437 4063 aliud
1470 4025 1642 4079 quam
1667 4008 1808 4079 legis
1841 4009 2081 4079 integra:

376 4102 766 4171 fragmentum
797 4101 899 4153 est.
934 4097 1244 4168 Principio,
1278 4097 1559 4168 quidquid
1605 4113 1756 4152 anno
1807 4097 2081 4168 quadrin-

377 4187 695 4262 gentesimo
724 4204 878 4243 nono
909 4186 1213 4242 Donatistis
1233 4187 1419 4240 fuerat
1443 4201 1799 4253 concessum,
1832 4202 1897 4240 ea
1927 4203 2084 4242 revo-

377 4283 493 4346 cat;
545 4282 743 4332 contra
786 4293 944 4343 vero,
993 4275 1273 4348 quidquid
1311 4275 1581 4330 adversus
1607 4276 1738 4330 illos
1768 4276 2079 4344 decretum,

377 4370 630 4422 renovat.
650 4366 807 4440 Dein
833 4365 1030 4420 statuit
1054 4364 1336 4437 quoslibet
1362 4381 1392 4418 e
1422 4365 1754 4430 Donatistis,
1779 4365 1878 4436 qui
1899 4366 2084 4420 redire

380 4456 451 4510 ad
483 4455 819 4510 catholicam
847 4454 1178 4510 societatem
1207 4455 1615 4521 recusaverint,
1646 4459 1765 4508 tam
1795 4454 2087 4525 episcopos

383 4549 440 4598 et
483 4544 737 4618 clericos,
780 4561 952 4616 quam
996 4543 1171 4599 laicos
1215 4547 1272 4598 et
1303 4542 1818 4608 Circumcelliones,
1852 4559 1956 4612 pro
1985 4560 2088 4597 sua

381 4632 657 4704 cujusque
705 4633 1000 4704 dignitate,
1036 4633 1249 4688 mulcta
1277 4631 1426 4687 afﬁci
1462 4631 1814 4703 pecuniaria,
1853 4631 1946 4685 cui
1973 4633 2084 4686 sol-

382 4720 583 4776 vendie
614 4720 884 4775 mulieres
922 4739 1038 4776 non
1067 4739 1229 4776 secus
1259 4738 1323 4776 ac
1364 4720 1578 4789 mariti,
1609 4719 1844 4775 seorsim
1873 4721 2084 4774 conde-

392 4813 666 4865 mnentur
695 4826 708 4863 :
741 4809 840 4880 qui
870 4814 1002 4880 post
1029 4810 1308 4882 ejusmodi
1336 4810 1610 4865 mulctam
1634 4809 1944 4879 irrogatam
1969 4825 2088 4864 non

396 4897 761 4970 resipuerint,
815 4915 908 4953 eos
937 4900 1296 4955 facultatibus
1329 4899 1595 4954 omnibus
1627 4897 1862 4970 spoliari
1891 4916 1904 4954 :
1937 4899 2090 4969 quis-

383 4988 514 5062 quis
557 4988 686 5043 illos
733 4988 1034 5059 receperit,
1079 4989 1473 5060 praastiteritve
1519 4989 1787 5044 adversus
1814 4987 2086 5043 constitu-

387 5083 514 5136 tum
557 5077 692 5133 huic
741 5077 824 5132 rei
868 5082 1254 5134 exsecutorem
1292 5078 1644 5150 perfugium,
1689 5077 1949 5132 eamdem
1978 5075 2089 5146 ipsi

388 5169 662 5226 mulctam
692 5166 984 5240 imperari.
1016 5167 1215 5222 Servos
1243 5168 1588 5240 colonosque
1618 5182 1893 5238 corporea
1921 5181 2090 5237 pcena

387 5259 459 5314 ad
491 5257 833 5330 ejurandum
853 5254 1099 5310 schisma
1120 5255 1296 5326 adigi,
1319 5273 1383 5311 ac
1402 5273 1601 5312 eorum
1625 5256 1886 5312 dominos
1913 5271 2089 5326 quan-

391 5365 566 5420 quam
615 5346 942 5415 catholicos,
980 5345 1026 5398 si
1052 5345 1150 5398 illa
1178 5346 1552 5416 neglexerint,
1582 5345 1818 5418 perinde
1848 5343 2090 5416 pecunia

400 5437 679 5503 mulctari,
731 5441 900 5507 atque
932 5433 1246 5490 Donatistas
1277 5433 1569 5504 episcopos
1598 5435 1807 5490 aliosve
1835 5433 2085 5499 clericos,

397 5523 496 5594 qui
525 5525 943 5594 perseverarint
991 5523 1048 5580 in
1090 5521 1346 5590 discidio,
1379 5539 1446 5577 ex
1478 5523 1736 5578 universa
1772 5523 1954 5578 Africa
1999 5522 2089 5577 di-

1589 247 1761 302 VITA
1802 247 1854 301 S.
1899 246 2285 305 AUGUSTINI
2340 252 2677 309 EPISL'OPI.
3695 267 3763 320 ua

2185 391 2346 430 verso
2377 392 2664 448 quemque
2694 377 2817 430 loco
2859 374 3146 441 exsulare;
3185 391 3372 432 eorum
3398 378 3610 452 denique
3635 389 3768 440 eccle-

2183 463 2293 518 sias
2334 469 2434 520 aut
2481 465 2591 520 alia
2638 465 2910 536 quaelibet
2956 464 3332 520 conventicula
3376 483 3490 522 cum
3516 473 3769 540 praediisad

2183 554 2384 609 eadem
2426 554 2845 624 pertinentibus
2903 553 3311 609 Catholicorum
3355 555 3616 629 episcopis,
3652 562 3772 630 juxta

2181 644 2473 698 decretum
2523 659 2589 698 ea
2633 644 2704 698 de
2745 660 2806 697 re
2857 659 3008 697 anno
3054 643 3570 713 quadringentesimo
3620 651 3773 719 quinto

2181 735 2417 798 factum,
2443 737 2540 787 aut
2562 733 2766 788 saltem
2786 732 2844 786 in
2867 733 2993 802 lege
3015 736 3204 786 octavo
3235 733 3486 788 kalendas
3510 735 3776 794 decembres

2181 822 2318 875 anni
2347 821 2899 893 quadringentesimi
2922 820 3150 891 septimi
3179 821 3288 874 lata
3312 822 3775 891 propositum,attri-

2181 909 2298 963 hui.
2331 912 2397 964 Et
2428 910 2534 964 hoc
2562 914 2685 964 erat
2715 915 2904 980 caput,
2941 911 3011 965 de
3035 927 3146 982 quo
3177 911 3464 966 Donatistae
3491 929 3632 984 quam
3668 915 3777 969 invi-

2180 999 2498 1054 diosissime
2563 1001 3018 1072 expostulabant,
3074 1001 3184 1055 rati
3227 1000 3469 1056 videlicet
3507 1002 3618 1057 hinc
3657 1004 3777 1057 facile

2179 1105 2515 1159 persuasum
2542 1089 2636 1158 iri,
2667 1105 2787 1143 sese
2818 1105 2933 1143 non
2964 1088 3076 1144 alia
3118 1089 3186 1143 de
3224 1105 3384 1143 causa
3417 1090 3581 1144 vexari
3605 1090 3776 1160 agitari-

2180 1194 2292 1248 que
2331 1193 2364 1231 a
2390 1178 2710 1244 Catholicis,
2741 1177 2854 1232 nisi
2895 1182 2960 1232 ut
2993 1178 3244 1248 ipsorum
3273 1179 3453 1249 spoliis
3492 1179 3566 1233 illi
3589 1179 3776 1234 ditaren-

2181 1272 2274 1322 tur
2333 1268 2523 1336 (Epist.
2585 1269 2705 1333 185,
2761 1284 2815 1322 η.
2875 1271 2988 1336 35).
3035 1266 3227 1321 Tradit
3273 1266 3472 1336 passim
3504 1268 3778 1336 Augustinus

2179 1356 2450 1427 injustam
2494 1356 2704 1410 hancce
2749 1356 3043 1426 querelam
3087 1372 3121 1408 a
3168 1353 3478 1421 Donatistis,
3522 1355 3667 1408 etiam
3690 1359 3779 1408 ante

2181 1444 2574 1510 Collationem,
2603 1444 2872 1499 adversus
2901 1443 3204 1498 catholicos
3233 1443 3490 1515 praasules
3507 1453 3563 1496 eo
3581 1442 3778 1512 usurpari

2181 1535 2428 1598 solitam,
2476 1537 2540 1586 ut
2590 1533 2839 1603 quodam
2885 1533 3058 1587 modo
3105 1533 3164 1586 in
3206 1536 3366 1586 sectae
3401 1548 3511 1585 sum
3534 1529 3778 1599 dispendio,

2179 1639 2308 1677 cum
2338 1638 2464 1676 eam
2500 1621 2558 1674 in
2599 1621 2718 1676 dies
2748 1621 2933 1693 magis
2962 1621 3260 1692 magisque
3289 1619 3620 1674 imminutam
3645 1633 3780 1670 cerne—

2181 1717 2326 1776 rent,
2375 1712 2633 1766 dolorem
2670 1715 3059 1782 temperarent
3104 1727 3289 1764 suum.
3331 1713 3473 1775 Ecce,
3504 1706 3778 1778 inquiebant,

2178 1801 2273 1855 ubi
2299 1803 2468 1857 Gaius
2498 1801 2651 1856 Seius
2681 1801 2905 1854 donavit
2933 1799 3173 1867 fundum
3217 1800 3473 1864 Ecclesiae,
3515 1799 3590 1850 cui
3617 1799 3782 1864 praeerat

2181 1889 2474 1943 Faustinus
2504 1889 2582 1956 (In
2608 1887 2837 1942 Joannis
2859 1887 3219 1952 Evangelium
3241 1890 3394 1939 tract.
3428 1887 3475 1951 6,
3503 1899 3551 1936 η.
3582 1885 3681 1946 25);
3708 1880 3784 1932 Do-

2181 1977 2522 2032 natistarum
2544 1976 2757 2030 scilicet
2775 1975 2927 2046 apud
2950 1974 3271 2046 Hipponem
3285 1973 3580 2045 episcopus.
3595 1974 3784 2038 Atquin

2181 2065 2409 2135 injustze
2439 2070 2622 2120 essent
2652 2064 2931 2136 ejusmodi
2963 2063 3362 2134 querimoniae,
3389 2066 3442 2115 et
3469 2063 3784 2126 contra,quam

2180 2155 2249 2208 ab
2281 2154 2438 2209 omni
2485 2158 2643 2226 parte
2672 2154 2896 2224 justum
2934 2151 3305 2222 Imperatoris
3352 2149 3599 2212 edictum,
3627 2148 3786 2198 sanctus

2182 2245 2392 2298 l’rznsul
2441 2243 2653 2314 ubique
2687 2243 3059 2297 demonstrat.
3099 2241 3172 2296 Ut
3201 2256 3330 2294 vero
3371 2239 3490 2292 illos
3513 2233 3704 2289 omnino
3725 2246 3783 2282 co-

2183 2337 2279 2402 gat
2304 2332 2718 2396 obmutescere,
2747 2331 2870 2384 hmc
2900 2329 3163 2384 Ecclesiae
3193 2329 3368 2384 totius
3395 2325 3606 2382 nomine
3630 2320 3787 2392 proﬁte-

2181 2427 2274 2476 tur
2321 2439 2333 2476 :
2384 2423 2645 2490 Quisquis
2687 2436 2753 2472 ea:
2801 2421 3074 2474 occasione
3117 2420 3282 2487 hujus
3335 2419 3480 2482 legis,
3523 2428 3661 2482 quam
3688 2422 3785 2473 reges

2185 2515 2338 2565 terra
2367 2511 2589 2564 Christo
2617 2511 2924 2575 servientes,
2975 2507 3050 2561 ad
3091 2505 3481 2561 emendandum
3507 2506 3699 2556 vestram
3719 2497 3788 2549 im-

2178 2602 2436 2669 pietatem
2471 2599 2978 2668 promulgaverunt,
3023 2610 3108 2650 res
3147 2597 3404 2665 proprias
3444 2595 3627 2645 vestras
3658 2583 3789 2654 cupide

2183 2689 2412 2757 appetit,
2436 2687 2683 2756 displicet
2712 2685 2885 2739 nobis.
2921 2685 3181 2752 Quisquis
3212 2683 3436 2750 denique
3459 2681 3591 2748 ipsas
3617 2689 3683 2728 res
3697 2687 3789 2741 pau-

2183 2791 2390 2845 perum,
2421 2776 2504 2829 vel
2535 2775 2791 2829 basilicas
2819 2773 3319 2840 congregationum,
3366 2783 3495 2838 quas
3531 2766 3615 2819 sub
3649 2763 3792 2815 nemini

2183 2865 2434 2918 Ecclesia
2479 2863 2762 2928 tenebatis,
2809 2877 2928 2928 qua
2968 2862 3186 2914 omnino
3231 2875 3333 2912 non
3382 2857 3616 2911 debentur
3650 2849 3732 2902 nisi
3763 2848 3792 2897 εί

2184 2955 2448 3019 Ecclesiae,
2483 2967 2600 3020 qua
2628 2966 2758 3005 vera
2789 2951 2994 3005 Christi
3023 2950 3267 3004 Ecclesia
3305 2952 3403 3013 est,
3432 2960 3530 3000 non
3565 2958 3646 3012 per
3675 2940 3773 3008 justi

2187 3045 2340 3106 tiam,
2373 3041 2467 3096 sed
2490 3055 2588 3109 per
2617 3040 2916 3094 avaritiam
2953 3042 3118 3102 tenet,
3167 3037 3419 3105 displicet
3457 3033 3608 3087 nobis.
3639 3026 3718 3082 Sed
3738 3038 3795 3076 ηε(

2184 3133 2350 3198 facile
2377 3132 2486 3184 ista
2513 3129 2862 3193 monstratis;
2885 3131 2934 3180 et
2956 3128 3006 3180 si
3027 3130 3364 3192 monstratis,
3396 3120 3645 3177 nonnullos
3669 3116 3797 3168 tolera-

2186 3235 2324 3285 mus,
2377 3233 2507 3289 quos
2556 3219 2822 3284 corrigere
2869 3215 2952 3268 rel
3001 3217 3202 3284 punire
3231 3229 3337 3267 non
3364 3222 3648 3281 possumus;
3684 3214 3797 3268 ηεσῑυε

2182 3312 2407 3380 propter
2450 3309 2664 3375 paleam
2697 3305 3055 3372 relinquimus
3102 3318 3294 3357 aream
3337 3300 3538 3356 Domini
3563 3294 3719 3365 (Epist.
3740 3291 3796 3348 93.

2187 3415 2243 3452 n.
2277 3397 2389 3466 50).
2423 3397 2484 3449 In
2531 3394 2788 3448 eamdem
2836 3409 2960 3446 rem
2991 3391 3151 3445 addit
3179 3396 3238 3445 et
3263 3391 3370 3444 ista
3402 3405 3414 3442 :
3463 3389 3592 3449 Hec,
3633 3384 3674 3436 si
3700 3392 3798 3447 pau-

2185 3501 2376 3556 perum
2423 3496 2799 3552 compauperes
2843 3495 3051 3544 sumus,
3103 3484 3155 3533 et
3202 3482 3391 3533 nostra
3432 3478 3548 3531 sunt
3585 3475 3627 3526 et
3649 3469 3798 3556 illam

2191 3555 2327 3643 (cum
2353 3572 2614 3629 Catholici
2642 3570 2820 3638 ﬁunt).
2845 3569 2906 3623 Si
2931 3572 3111 3622 autem
3138 3569 3430 3636 privatim,
3453 3579 3562 3632 quz
3586 3559 3706 3613 nobis
3722 3555 3798 3615 suf-

2188 3665 2394 3732 ﬁciant,
2424 3659 2792 3730 possidemus;
2819 3672 2926 3710 non
2954 3659 3080 3710 sunt
3105 3655 3206 3709 illa
3235 3660 3443 3719 nostra,
3463 3649 3548 3706 sed
3559 3654 3798 3718 pauperum.

2191 3765 2418 3818 quorum
2445 3748 2878 3818 procurationem
2919 3745 3156 3814 quodam
3189 3745 3347 3799 modo
3378 3743 3800 3812 gerimus,an

2188 3835 2474 3903 prietatem
2486 3835 2638 3889 nobis
2655 3837 3005 3903 usurpatione
3022 3833 3331 3888 damnabili
3346 3831 3655 3886 vindicamus
3667 3819 3800 3889 (Epist.

2197 3927 2316 3988 185,
2362 3940 2420 3979 n.
2471 3923 2576 3994 35).
2627 3923 2780 3978 Alias
2825 3940 2883 3977 se
2930 3922 3051 3993 ipse
3092 3921 3249 3992 apud
3293 3920 3563 3992 populum
3588 3919 3803 4000 θυι-ωευέ

2191 4012 2471 4068 creditum
2523 4029 2796 4084 purgans,
2838 4013 3040 4079 Nostis,
3087 4013 3300 4078 fratres
3349 4009 3468 4073 mei,
3521 4000 3696 4073 inquit,
3719 4004 3804 4064 qm“

2191 4103 2333 4157 villae
2366 4106 2485 4157 ista
2532 4119 2636 4156 non
2662 4106 2789 4156 sunt
2815 4102 3120 4168 Augustini
3153 4116 3166 4154 :
3201 4105 3252 4154 et
3283 4102 3332 4154 si
3363 4114 3464 4152 non
3491 4093 3659 4155 nostis,
3683 4091 3720 4139 el

2195 4193 2323 4245 tatis
2370 4207 2452 4246 me
2493 4190 2730 4260 gaudere
2758 4193 2817 4244 in
2841 4191 3176 4260 possessione
3212 4189 3504 4251 villarum;
3544 4185 3662 4238 Deus
3691 4174 3803 4232 ηοιτὶίν

2193 4282 2307 4350 ipse
2335 4282 2436 4336 scit
2456 4280 2588 4348 quid
2617 4295 2710 4347 ego
2739 4277 2804 4332 de
2829 4279 2941 4332 illis
2961 4279 3109 4332 villis
3129 4280 3384 4343 sentiam,
3415 4275 3494 4329 uel
3523 4267 3640 4341 quid
3657 4265 3716 4320 ibi
3730 4260 3806 4350 sul-

2190 4372 2400 4437 feram;
2431 4369 2582 4424 novit
2613 4370 2848 4438 gemitus
2877 4383 3036 4435 meos,
3070 4371 3120 4422 si
3145 4369 3289 4422 mihi
3317 4363 3530 4436 aliquid
3557 4361 3614 4415 de
3636 4349 3807 4412 columba

2194 4460 2471 4527 impertire
2499 4458 2760 4526 dignatus
2789 4462 2868 4511 est
2900 4459 2977 4525 (ln
2997 4459 3224 4511 Joannis
3254 4454 3598 4522 Evangelium
3626 4447 3758 4532 tract.
3775 4438 3809 4532 β,

2195 4564 2250 4601 n.
2280 4548 2394 4614 25).
2434 4549 2736 4615 Praeterea,
2782 4562 2846 4600 ex
2888 4561 2954 4600 eo
2999 4544 3147 4616 quod
3194 4541 3498 4599 orthodoxi
3543 4538 3672 4593 circa

2195 4634 2556 4689 smaticorum
2598 4633 3017 4690 revocationem
3074 4649 3194 4704 prae
3247 4649 3306 4686 se
3354 4630 3614 4691 ferebant,
3663 4614 3812 4708 studia.

2195 4723 2322 4778 illos
2353 4727 2576 4778 sanctus
2609 4725 2816 4778 Doctor
2843 4721 3116 4776 charitate
3158 4721 3294 4776 duci
3335 4718 3546 4781 solitos,
3576 4727 3674 4768 non
3706 4717 3815 4771 θῦμ’

2197 4813 2392 4878 ditate,
2443 4812 2623 4867 docet.
2666 4811 2889 4866 Etenim
2930 4811 3028 4866 ubi
3067 4811 3329 4881 primum
3360 4805 3630 4880 quispiam
3653 4813 3708 4853 ex
3731 4794 3817 4884 isltl‘

2197 4918 2326 4956 rum
2348 4901 2628 4973 episcopis
2660 4900 2924 4955 rediisset
2942 4900 3012 4955 ad
3045 4898 3378 4965 Ecclesiam,
3409 4897 3460 4951 ei
3492 4892 3664 4949 statim
3685 4891 3819 4973 οῐιξυξε

2198 5007 2318 5053 sua,
2368 4990 2645 5061 pecuniae,
2697 4995 2900 5054 vestes,
2954 4990 3190 5054 fructus,
3243 5003 3400 5055 vasa,
3449 4999 3597 5047 rura,
3647 4969 3820 5062 Edim)“

2197 5060 2645 5133 restituebantur
2671 5078 2896 5149 (Contra
2926 5077 3316 5144 Gaudentium,
3345 5075 3439 5130 lib.
3471 5077 3516 5134 l,
3543 5085 3627 5126 nn.
3649 5067 3723 5150 50,7
3743 5060 3818 5150 51.)-

2270 5171 2322 5222 3.
2368 5167 2653 5222 Catholica
2680 5141 2835 5238 ‘ergo
2881 5167 3116 5221 veritate
3159 5141 3488 5222 Collationis
3524 5149 3756 5238 beneﬁcio
3775 5141 3819 5193 il'

2199 5257 2453 5322 lustrata,
2477 5272 2701 5310 necnon
2724 5237 3092 5327 Imperatoris
3117 5253 3302 5309 edicto
3327 5251 3662 5307 conﬁrmata,
3686 5237 3822 5311 plures

2201 5361 2374 5412 quam
2402 5349 2570 5399 antea
2600 5344 3025 5399 Donatistarum
3045 5342 3300 5414 episcopi
3330 5342 3391 5395 in
3423 5334 3662 5394 Ecclesiae
3687 5327 3820 5414 sinum

2201 5451 2258 5488 se
2285 5450 2398 5488 una
2427 5450 2557 5488 cum
2595 5432 2813 5487 clericis
2843 5433 2959 5487 suis
2989 5449 3053 5487 ac
3082 5432 3243 5504 plebe
3277 5442 3552 5500 generose
3578 5421 3698 5477 adeo
3722 5408 3821 5504 Γέῖτῗ

2203 5522 2424 5590 rebant,
2455 5527 2520 5577 ut
2546 5522 2783 5576 infracto
2816 5521 3007 5577 animo
3037 5520 3224 5576 vexari
3256 5535 3342 5588 se,
3373 5518 3489 5572 imo
3529 5518 3580 5568 et
3619 5500 3823 5563 membr15
