3912 6174
122 250 203 299 an
1156 219 1167 226 ’
1500 245 1712 301 LIBER
1753 244 2122 303 SEPTIMUS.

117 387 165 424 ac
189 370 275 423 vita
308 368 419 438 ipsa
446 366 702 421 mulctari
730 370 1066 436 paterentur
1096 366 1165 420 ab
1215 366 1303 432 iis,
1353 368 1453 439 qui
1493 374 1749 423 mentem

120 461 166 513 in
194 474 347 512 errore
372 456 727 528 pertinaciter
746 455 1146 509 obﬁrmassent
1176 455 1495 523 (Possidius,
1527 460 1586 511 in
1623 460 1753 513 Vita

120 551 381 615 August..c.
416 547 519 615 13).
561 547 754 615 Neque
789 544 945 599 enim
994 544 1285 613 omnibus,
1335 551 1398 599 ut
1444 546 1749 616 resipisce-

122 643 228 702 rent,
252 653 274 688 a
301 636 403 689 Deo
430 650 774 701 concessum.
819 634 1088 699 Quinimo
1120 639 1280 689 tanta
1321 636 1431 689 fuit
1472 652 1750 707 quorum-

121 727 214 780 dam
241 724 548 794 pervicacia,
578 729 642 778 ut
689 741 748 777 se
780 728 1058 794 negarent
1086 740 1340 795 unquam
1384 742 1416 778 a
1446 725 1751 779 schismate

120 814 431 878 abducendos,
456 812 625 867 etiam
647 814 1039 867 demonstrata
1072 813 1181 866 sibi
1200 813 1475 867 catholica
1498 814 1752 883 veritate,

112 918 158 955 ac
178 901 560 956 Donatistarum
590 901 961 971 perversitate
979 902 1181 971 (Epist.
1214 906 1337 963 l39,
1360 919 1415 956 η.
1439 904 1505 971 1).
1542 904 1751 957 Eorum

108 990 305 1059 episcopi
337 989 538 1060 partim
568 991 765 1059 fugam
810 989 1179 1059 arripuerunt
1236 992 1452 1057 (Contra
1495 991 1748 1047 Gauden-

105 1082 226 1145 tium,
275 1080 360 1133 lib.
418 1082 462 1146 l,
522 1094 576 1132 τι.
618 1081 721 1145 17),
776 1079 986 1148 partim
1036 1077 1217 1131 abditi
1268 1078 1651 1146 delituerunt,‘
1691 1083 1755 1131 ut

109 1166 354 1232 Emeritus,
385 1165 775 1231 Caesareensis,
812 1181 985 1236 quem
1017 1166 1312 1232 Catholici,
1342 1184 1471 1221 cum
1504 1168 1570 1221 ad
1600 1167 1754 1237 ipsos

107 1254 411 1324 colloquendi
440 1254 621 1325 gratia
651 1259 793 1308 esset
827 1270 1091 1325 egressus
1131 1272 1283 1309 anno
1310 1255 1755 1326 quadringente-

106 1344 215 1397 simo
239 1344 441 1398 decimo
488 1348 704 1411 octavo,
747 1343 1016 1398 dimisere
1067 1345 1255 1415 (Ibid.,
1288 1363 1344 1400 η.
1402 1346 1513 1416 41).
1562 1346 1749 1400 Multis

106 1428 469 1501 praeterillum,
527 1439 621 1487 sed
664 1449 781 1487 non
810 1434 958 1487 tanti
1003 1434 1272 1497 nominis,
1307 1435 1543 1505 impune
1590 1452 1751 1489 rece-

109 1520 237 1574 dendi
256 1521 427 1574 locum
465 1521 857 1591 reliquerant;
881 1523 1141 1593 quamvis
1161 1523 1539 1593 praedicarent
1570 1524 1751 1577 Dona-

108 1610 237 1676 tista,
264 1610 505 1675 illorum,
531 1609 632 1681 qui
663 1610 723 1663 in
755 1610 863 1664 hos
883 1610 1237 1675 incidissent,
1274 1612 1493 1665 salvum
1514 1612 1753 1666 evasisse

106 1697 357 1752 neminem.
394 1698 791 1761 Querebantur
821 1715 887 1753 ea
929 1700 1249 1769 vexatione,
1286 1716 1400 1770 qua
1447 1699 1758 1753 immanior

106 1799 344 1856 nunquam
373 1786 697 1856 exstitisset,
736 1804 857 1841 sese
893 1789 1207 1859 exagitari;
1240 1804 1345 1841 nec
1366 1789 1510 1858 jam,
1556 1804 1668 1858 quo
1698 1803 1755 1841 se

106 1875 382 1945 reciperent,
414 1876 563 1930 ullas
592 1876 698 1930 sibi
737 1893 1032 1947 superesse
1061 1877 1307 1931 latebras
1348 1877 1532 1947 (lbid.,
1570 1894 1623 1932 η.
1645 1878 1752 1945 4⁸7).

107 1963 248 2018 Nihilo
272 1970 450 2020 tamen
482 1965 667 2020 secius
697 1971 755 2020 et
780 1966 1161 2021 conciliabula
1190 1967 1492 2036 cogebant,
1526 1971 1581 2019 et
1628 1966 1752 2035 epi-

108 2068 262 2122 scopos
300 2054 353 2108 in
388 2072 615 2121 eorum,
662 2055 763 2127 qui
806 2073 866 2110 se
908 2056 1018 2127 ipsi
1065 2056 1515 2121 combusserant,
1566 2056 1752 2109 locum

107 2141 420 2201 sufficiebant.
443 2145 722 2199 Coierunt
747 2145 984 2217 quidem
1006 2150 1134 2199 ante
1159 2162 1394 2209 annum,
1422 2150 1486 2197 ut
1506 2144 1752 2205 videtur,

110 2232 686 2303 quadringentesimum
700 2235 1043 2305 vigesimum
1063 2234 1312 2305 episcopi
1331 2250 1459 2287 cum
1474 2232 1754 2287 Petiliano

110 2319 302 2389 amplius
336 2322 613 2394 triginta:
657 2339 770 2393 qua
798 2322 860 2377 in
893 2322 1110 2393 synodo
1140 2322 1504 2387 constituere,
1538 2321 1758 2391 episco-

111 2423 189 2475 pos
233 2426 284 2463 ac
324 2413 707 2484 presbyteros,
767 2412 866 2483 qui
913 2411 1246 2466 catholicam
1294 2410 1759 2464 communionem

112 2495 235 2551 inviti
256 2505 424 2554 essent
454 2500 733 2572 amplexi,
764 2500 945 2571 culpae
986 2500 1137 2553 illius
1183 2499 1408 2554 veniam
1452 2500 1759 2570 impetrare

110 2601 251 2653 posse,
279 2590 518 2660 atquein
558 2589 678 2644 suis
716 2590 1031 2644 honoribus
1063 2588 1259 2659 recipi,
1303 2589 1474 2643 modo
1523 2605 1629 2643 nec
1679 2589 1760 2643 rei

111 2674 270 2730 divinae
294 2680 501 2750 operati
535 2684 752 2745 essent,
783 2695 887 2733 nec
914 2679 1141 2749 publice
1172 2678 1347 2732 verba
1392 2678 1661 2732 fecissent
1689 2678 1759 2733 ad

110 2767 333 2835 populum
363 2769 551 2837 (lbid.,
586 2786 640 2823 η.
673 2769 780 2837 48).
828 2769 950 2832 Quo
990 2785 1124 2821 sane
1158 2767 1388 2821 decreto
1432 2772 1599 2821 secta:
1645 2781 1761 2821 sua:

107 2852 482 2912 fundamentum
504 2857 744 2927 ipsimet
773 2857 1141 2911 subruebant.
1166 2857 1378 2910 Verum
1409 2856 1763 2926 quantalibet

106 2942 337 2998 industria
376 2945 709 3001 revocandis
738 2946 809 3000 ad
854 2946 1218 3001 concordiam
1255 2944 1628 2999 schismaticis
1659 2945 1760 2999 Ca-

106 3031 271 3084 tholici
304 3034 648 3097 insudarent,
691 3034 848 3089 fuere
888 3039 1079 3089 tamen
1126 3051 1242 3089 non
1282 3033 1468 3105 pauci,
1502 3034 1599 3105 qui
1648 3050 1761 3087 non

108 3123 295 3175 tantum
314 3122 368 3176 in
394 3124 721 3179 convivium
750 3124 948 3178 salutis
979 3129 1209 3177 aeterna}
1240 3128 1294 3177 et
1325 3127 1534 3177 sancta:
1573 3124 1761 3177 unita-

110 3208 161 3258 tis
188 3209 415 3266 Ecclesiae
434 3212 669 3285 ingredi
698 3212 1058 3279 recusabant,
1083 3213 1180 3266 sed
1199 3212 1373 3266 etiam
1406 3211 1544 3266 diris
1577 3211 1763 3265 modis

110 3294 153 3347 in
179 3297 461 3354 Catholicos
491 3299 808 3354 saeviebant
840 3300 1043 3371 (Epist.
1084 3304 1203 3367 173,
1262 3318 1324 3357 η.
1366 3302 1470 3369 10),
1504 3305 1673 3371 atque
1704 3299 1765 3353 in

110 3383 270 3451 primis
316 3388 375 3442 in
404 3390 705 3461 episcopos
763 3390 967 3460 (Epist.
1026 3392 1145 3457 185,
1204 3407 1258 3444 η.
1295 3390 1378 3459 30)
1429 3394 1485 3443 et
1530 3389 1763 3444 clericos

112 3470 283 3529 (Contra
312 3477 696 3545 Gaudentium,
727 3478 824 3532 lib.
862 3483 908 3544 1,
957 3494 1012 3532 π.
1048 3482 1123 3543 7).
1173 3477 1338 3532 Aﬂdes
1379 3493 1573 3544 sacrae,
1623 3493 1765 3547 quas

112 3558 175 3612 illi
191 3565 321 3632 apud
344 3566 760 3637 Carthaginem
784 3567 1075 3633 tenebant,
1096 3582 1226 3620 cum
1256 3568 1478 3621 traditae
1522 3566 1767 3622 fuissent

113 3646 382 3719 Catholicis,
414 3672 535 3710 non
569 3656 752 3709 multo
782 3660 911 3726 post
939 3656 1399 3725 conﬂagrarunt;
1442 3672 1630 3727 neque
1664 3657 1764 3709 ha-

112 3736 308 3794 bebatur
339 3744 703 3815 ambiguum,
745 3743 886 3814 quin
935 3760 1029 3797 eas
1078 3760 1196 3813 prce
1235 3742 1548 3797 invidentia
1591 3742 1767 3795 iidem

111 3824 459 3887 incendissent.
495 3835 650 3889 Cum
679 3832 849 3886 etiam
898 3831 1436 3887 Circumcellionum
1470 3847 1678 3902 agmen
1709 3830 1768 3884 in

111 3913 364 3987 Rogatnm,
383 3938 566 3993 quem
578 3920 737 3992 prius
764 3920 876 3991 ipsi
901 3922 1233 3991 episcopum
1260 3921 1658 3975 Assuritanum
1680 3920 1767 3973 in-

110 4002 382 4079 stituerant,
408 4013 505 4066 sed
555 4011 655 4082 qui
685 4015 882 4081 postea
905 4028 974 4065 ex
1004 4011 1224 4065 discidii
1254 4009 1522 4065 ﬂuctibus
1570 4013 1768 4063 enata-

108 4094 460 4170 ratsimpetum
490 4100 780 4166 fecissent,
804 4100 1066 4171 linguam
1091 4099 1143 4153 ei
1170 4116 1233 4153 ac
1260 4116 1493 4154 manum
1531 4099 1769 4153 alteram

110 4190 454 4260 amputarunt,
486 4188 706 4261 quibus
734 4193 1028 4244 truncatus
1048 4189 1232 4243 adhuc
1259 4204 1409 4242 anno
1434 4204 1605 4257 supra
1630 4204 1773 4258 qua-

109 4270 589 4345 dringentesimum
609 4278 828 4333 decimo
841 4284 1035 4333 octavo
1067 4277 1292 4333 vivebat
1320 4276 1417 4347 (De
1444 4277 1615 4332 Gestis
1655 4292 1773 4330 cum

112 4360 324 4429 Emerita,
352 4385 405 4424 η.
447 4370 527 4440 9).
561 4368 879 4436 Phrenetici,
925 4368 1005 4422 ait
1032 4366 1386 4438 Augustinus
1412 4365 1471 4419 in
1511 4382 1771 4419 sermone

111 4446 165 4502 de
190 4453 436 4512 cbaritate
468 4464 529 4513 et
560 4458 861 4512 concordia
893 4458 1063 4528 paulo
1095 4460 1221 4527 post
1250 4454 1612 4510 collationem
1636 4470 1771 4524 pro-

113 4542 352 4611 nuntiato,
370 4549 583 4601 molesti
604 4550 752 4614 sunt,
774 4548 872 4615 qui
890 4551 1115 4600 mentem
1133 4545 1510 4615 perdiderunt,
1525 4548 1575 4598 et
1594 4545 1778 4599 insani

112 4630 663 4697 thue/ariusiarmati
676 4640 951 4703 vagantur
980 4638 1081 4689 hac
1111 4640 1272 4704 atque
1295 4636 1447 4701 illac,
1481 4639 1775 4703 quaerentes

107 4732 213 4782 quis
237 4725 494 4792 occidant,
529 4741 663 4793 quos
682 4729 960 4780 excreuerit.
990 4726 1142 4780 Nova
1173 4726 1312 4777 enim
1331 4724 1485 4778 nobis
1516 4726 1773 4778 nuntiata

96 4812 232 4861 sunt:
278 4814 489 4868 cuidam
536 4815 844 4883 presbytero
888 4818 1071 4868 nostro
1123 4815 1365 4879 linguam
1405 4818 1771 4867 exsecuerunt.

107 4895 187 4947 Isti
206 4901 497 4967 phrenetici
521 4909 683 4958 sunt:
730 4902 1027 4957 exercenda
1058 4908 1134 4956 est
1160 4904 1435 4970 Charitas;
1468 4903 1694 4957 amandi
1727 4906 1777 4957 et

106 4984 196 5049 ipsi
213 4989 386 5051 (Serm.
414 4995 543 5059 359,
574 5009 629 5048 η.
655 4994 731 5063 8).

158 5076 204 5129 4.
241 5079 445 5135 Eadem
491 5082 591 5136 illa
637 5086 971 5153 tempestate
1028 5080 1173 5135 nihil
1218 5080 1495 5137 celebrius
1554 5080 1661 5134 fuit
1712 5096 1778 5134 ea

102 5160 319 5237 diritate,
344 5187 521 5241 quam
538 5171 593 5225 in
613 5172 959 5226 Restitutum
972 5174 1140 5241 atque
1158 5170 1550 5224 Innocentium
1578 5168 1780 5238 Hippo-

101 5246 365 5322 Regiensis
400 5258 660 5313 Ecclesiae
682 5259 1043 5330 presbyteros
1073 5258 1376 5313 catholicos
1405 5262 1779 5313 exercuerunt

101 5338 271 5408 (Epist.
299 5349 419 5413 133,
444 5364 503 5401 η.
540 5348 603 5418 1).
622 5348 965 5404 Mentionem
989 5348 1111 5419 jam
1126 5348 1363 5403 fecimus
1392 5345 1774 5415 vexationum,

100 5443 219 5497 quas
249 5432 568 5491 Restitutus
595 5437 930 5492 Victorianus
968 5438 1029 5491 in
1060 5434 1550 5509 Hippo-Regiensi
1594 5439 1779 5489 tractu

102 5520 373 5591 presbyter
402 5526 477 5579 ab
519 5524 626 5581 illis
668 5527 879 5583 idcirco
921 5526 1257 5597 pertulerat,
1299 5526 1437 5597 quia
1478 5524 1778 5579 veritatem

3456 257 3565 307 45η

1859 370 2131 425 divinitus
2184 370 2289 425 sibi
2353 372 2801 427 demonstratam
2870 379 3190 442 secuturus,
3246 374 3314 427 ab
3364 391 3564 428 eorum

1858 459 2106 514 factione
2138 460 2433 515 defecisset
2464 462 2681 530 (Supra,
2717 462 2810 516 lib.
2845 466 2897 527 5,
2934 478 3054 531 cap.
3090 464 3174 529 10,
3202 478 3257 514 η.
3300 463 3377 533 3).
3411 464 3565 515 Veri-

1860 549 2045 603 simile
2070 557 2261 605 autem
2292 551 2483 619 fuerit,
2517 552 2785 606 eumdem
2816 552 2980 605 illum
3012 569 3155 620 esse,
3200 552 3301 622 qui
3329 568 3431 622 per
3458 553 3565 606 hoc

1859 644 2088 710 tempus
2119 641 2293 694 vitam
2323 657 2481 693 suam
2524 642 2743 694 honore
2775 641 3036 712 martyrii
3066 640 3380 695 coronavit.
3407 642 3567 693 Hunc

1862 728 2014 781 enim
2048 744 2177 781 cum
2210 729 2785 784 Circumcellionesac
2799 728 3565 800 Donatistaspresbyteriper

1860 814 2096 870 insidias
2128 818 2579 887 intercepissent,
2612 834 2731 872 non
2752 819 2937 872 solum
2970 818 3122 872 illius
3146 818 3338 883 verba,
3360 816 3566 887 quibus

1861 920 1958 957 eos
1976 904 2044 958 ad
2074 906 2526 975 resipiscendum
2539 908 2901 976 hortabatur,
2916 924 3032 960 non
3045 906 3346 971 admisere,
3363 921 3562 958 verum

1862 992 2036 1046 etiam
2078 995 2295 1063 gladios
2345 995 2404 1047 in
2447 996 2569 1065 ejus
2613 996 2906 1066 adigentes
2948 996 3239 1065 jugulum,
3289 994 3460 1047 vitam
3513 993 3565 1046 ei

1861 1086 2097 1135 cruenta
2143 1100 2278 1137 nece
2330 1084 2666 1153 eripuerunt
2714 1087 2910 1154 (Epist.
2960 1086 3076 1151 134,
3110 1099 3205 1137 nn.
3237 1086 3290 1149 2,
3333 1084 3405 1149 4).
3441 1084 3567 1135 Erat

1863 1184 2089 1240 quoque
2120 1172 2339 1225 ardoris
2372 1172 2630 1241 ejusdem
2659 1172 3190 1226 reus.lnnocentius
3225 1170 3559 1241 presbyter:

1863 1258 2235 1327 quamobrem
2270 1263 2325 1311 et
2348 1259 2509 1312 illum
2539 1260 2794 1329 ejusdem
2817 1276 3039 1313 coronae
3066 1259 3403 1329 participem
3434 1259 3559 1312 fieri

1862 1347 2185 1400 voluerunt.
2219 1347 2440 1417 Quippe
2456 1349 2544 1401 vel
2576 1348 2750 1402 iidem
2784 1348 3301 1414 Circumcelliones,
3333 1349 3417 1401 vel
3445 1348 3562 1415 alii,

1865 1451 1996 1488 eum
2007 1434 2175 1489 domo
2194 1452 2297 1505 per
2312 1436 2422 1489 vim
2436 1441 2771 1503 extractum,
2796 1437 3093 1490 oculorum
3131 1436 3333 1489 effosso
3358 1437 3560 1502 altero,

1863 1524 2154 1594 digitoque
2199 1541 2313 1578 uno
2353 1525 2575 1594 lapidis,
2610 1529 2672 1579 ut
2717 1524 3070 1595 Augustinus
3120 1524 3314 1592 habet,
3354 1523 3561 1577 ictibus

1864 1612 2121 1682 praeciso,
2179 1608 2327 1667 finde
2373 1618 2711 1667 truncarunt
2760 1614 2941 1678 (lbid.,
2972 1629 3029 1667 n.
3078 1616 3152 1682 2).
3202 1614 3356 1666 Inter
3396 1612 3565 1665 hosce

1865 1706 2213 1771 grassatores
2251 1718 2313 1755 ac
2342 1701 2568 1756 sicarios
2598 1702 2812 1772 primas
2839 1702 3129 1755 obtinebat
3167 1702 3419 1755 Donatus
3440 1702 3567 1773 qui-

1866 1790 1997 1844 dam
2029 1789 2167 1843 olim
2204 1790 2463 1844 Ecclesiae
2515 1791 2766 1856 colonus,
2820 1791 2920 1861 qui
2966 1806 3095 1843 cum
3133 1790 3335 1844 iterato
3378 1791 3566 1860 Bapti-

1866 1883 2045 1932 smate
2086 1878 2378 1950 inquinari
2400 1896 2479 1948 se,
2510 1884 2681 1950 atque
2711 1879 2884 1933 etiam
2915 1880 2975 1932 in
3005 1879 3310 1933 diaconum
3334 1895 3365 1932 a
3389 1880 3565 1933 Dona-

1864 1967 2009 2022 tistis
2029 1968 2294 2038 adoptari
2342 1986 2543 2039 passus
2586 1973 2751 2038 esset,
2781 1968 2841 2021 in
2876 1967 3262 2022 audacissimis
3308 1967 3568 2038 perditis-

1867 2056 2139 2127 simisque
2167 2057 2295 2127 jure
2328 2057 2533 2111 merito
2563 2056 2880 2111 habebatur
2910 2057 3107 2127 (Epist.
3143 2060 3265 2123 139,
3299 2072 3357 2110 η.
3390 2058 3461 2125 2).

1938 2144 2470 2199 5Crudelissimum
2533 2146 2675 2199 illud
2741 2145 2959 2199 facinus
3021 2145 3216 2213 procul
3283 2144 3457 2198 dubio
3507 2143 3567 2198 in

1870 2233 2127 2287 Ecclesiae
2146 2234 2450 2288 utilitatem
2465 2234 2664 2288 cedere
2685 2238 2927 2303 poterat.
2944 2233 3161 2286 Etenim
3184 2237 3570 2304 praeterquam

1869 2322 2021 2391 quod
2051 2322 2239 2393 passio
2268 2339 2560 2376 servorum
2612 2322 2712 2376 Dei
2760 2321 3164 2375 confirmandis
3207 2322 3268 2375 in
3298 2322 3573 2393 patientia

1870 2410 2240 2465 debilioribus
2287 2411 2548 2481 exemplo
2581 2414 2701 2465 erat
2754 2427 3033 2482 perquam
3074 2411 3301 2477 idoneo,
3333 2415 3390 2464 et
3440 2410 3570 2463 uni-

1868 2516 2046 2553 versae
2078 2500 2337 2554 Ecclesia:
2370 2499 2527 2554 laudi
2554 2503 2722 2570 atque
2740 2500 2949 2553 honori
2974 2498 3254 2566 vertebat;
3280 2516 3394 2553 non
3417 2499 3571 2553 aliud

1871 2588 2188 2660 quidquam
2205 2590 2457 2659 reperire
2484 2589 2748 2654 licuisset,
2782 2605 2895 2659 quo
2915 2588 3157 2643 validius
3181 2589 3571 2642 obmutescere

1869 2684 2210 2748 cogerentur
2240 2678 2301 2744 ii,
2324 2678 2423 2748 qui
2454 2695 2523 2731 ne
2545 2677 2850 2731 criminum
2880 2677 3198 2731 alienorum
3231 2677 3568 2747 contagione

1870 2768 2291 2838 polluerentur,
2324 2767 2451 2821 ideo
2484 2766 2634 2820 nolle
2665 2783 2723 2820 se
2754 2766 2825 2819 ad
2875 2766 3179 2819 Ecclesium
3227 2766 3563 2819 catholicam

1871 2856 2081 2911 reverti
2119 2856 2548 2927 praedicabant;
2580 2860 2679 2908 aut
2707 2854 2914 2908 idcirco
2950 2853 3342 2923 gloriabantur
3368 2853 3574 2907 verita-

1870 2950 1987 2999 tem
2017 2946 2117 2999 abs
2148 2961 2205 2998 se
2252 2944 2504 3009 defendi,
2547 2943 2683 3015 quia
2728 2943 3185 3014 persecutionem
3214 2942 3572 2996 sustinebant

1873 3035 2071 3106 (Epist.
2124 3038 2244 3101 133,
2292 3036 2413 3100 134,
2474 3036 2612 3103 139).
2663 3034 2860 3103 Itaque
2927 3032 3293 3086 vehementer
3342 3030 3577 3101 optabat

1870 3124 2246 3196 Augustinus,
2274 3122 2503 3178 sceleris
2540 3122 2778 3193 hujusce
2811 3125 2932 3176 acta
2960 3120 3221 3192 legitima
3242 3120 3349 3173 sibi
3383 3119 3573 3173 venire

1871 3214 1934 3268 in
1958 3230 2181 3281 manus,
2214 3217 2278 3267 ut
2305 3212 2405 3266 illa
2432 3217 2556 3266 tum
2587 3210 2942 3282 Hipponensi
2974 3211 3253 3276 Ecclesiae,
3292 3214 3416 3263 tum
3449 3208 3576 3262 aliis

1874 3299 2131 3370 ejusdem
2154 3297 2462 3353 dioeceseos
2500 3295 2787 3366 frequenti
2815 3296 3027 3366 p0pulo
3053 3295 3453 3349 recitarentur.
3478 3292 3572 3347 Ni-

1873 3388 2189 3443 hilominus
2219 3392 2415 3441 tamen
2457 3401 2643 3456 neque
2672 3385 2815 3456 ipse,
2857 3399 3042 3454 neque
3088 3384 3231 3437 alius
3269 3382 3572 3454 quisquam

1875 3473 2214 3528 clericorum
2240 3488 2475 3527 suorum
2506 3487 2602 3525 eos
2646 3467 2955 3539 postulavit
2981 3468 3312 3533 homicidii;
3346 3468 3442 3520 sed
3474 3466 3576 3536 qui

1876 3563 2068 3617 civiles
2115 3560 2500 3631 magistratus,
2560 3562 2730 3628 atque
2792 3558 2931 3611 adeo
2980 3556 3294 3627 disciplinae
3337 3555 3578 3625 publica:

1876 3666 2074 3705 curam
2110 3650 2402 3720 gerebant,
2427 3647 2469 3701 ii
2496 3663 2621 3701 rem
2668 3647 2997 3701 detulerunt
3031 3645 3101 3699 ad
3151 3644 3577 3711 Marcellinum;

1876 3740 1947 3794 ad
1969 3755 2142 3810 quem
2172 3744 2229 3792 et
2258 3736 2755 3793 Circumcelliones
2780 3735 3126 3805 clericosque
3158 3732 3580 3788 Donatistarum

1876 3828 2045 3883 caedis
2073 3827 2374 3898 utriusque
2403 3841 2552 3891 reos,
2576 3829 2642 3879 ut
2671 3824 2741 3878 de
2771 3823 2883 3877 illis
2908 3826 3211 3894 quaereret,
3245 3836 3375 3876 cum
3397 3825 3583 3875 custo-

1878 3918 1973 3973 dia
2002 3918 2301 3972 miserunt.
2338 3916 2471 3985 Ejus
2503 3914 2656 3968 enim
2688 3912 3052 3985 potissimum
3082 3910 3400 3982 diligentiae
3440 3927 3574 3965 cau-

1878 4024 2068 4062 sarum
2081 4005 2587 4061 ecclesiasticarum
2600 4004 2861 4074 injuncta
2872 4002 3057 4056 fuerat
3067 4000 3317 4072 cognitio
3334 4017 3347 4065 ;
3378 4000 3576 4071 idque,

1880 4102 1945 4152 ut
1958 4096 2265 4152 verisimile
2292 4099 2393 4163 est,
2422 4095 2547 4165 lege
2566 4093 2737 4148 tertio
2761 4092 3033 4147 kalendas
3059 4089 3332 4144 februarii
3359 4088 3579 4158 posita;

1882 4202 1947 4240 ea
1977 4185 2190 4257 quippe
2236 4184 2587 4239 Exsecutoris
2631 4187 2830 4237 contra
2871 4180 3190 4235 Donatistae
3228 4178 3579 4232 mentionem

1882 4275 2054 4341 facit;
2089 4290 2202 4345 quo
2234 4273 2405 4327 etiam
2433 4272 2602 4327 titulo
2636 4271 2911 4325 Dulcitius
2940 4269 3203 4323 tribunus
3233 4266 3494 4320 similiter
3521 4283 3583 4319 ac

1882 4364 2144 4418 notarius
2174 4366 2373 4433 postea
2403 4362 2647 4415 donatus
2676 4361 2786 4415 fuit
2816 4359 3025 4431 (Codice
3058 4356 3280 4421 Theod.,
3309 4356 3375 4409 de
3404 4358 3587 4410 Haere-

1886 4455 2027 4519 ticis,
2061 4454 2172 4520 lege
2201 4449 2311 4521 52).
2341 4450 2683 4522 Quanquam
2714 4454 2869 4503 atrox
2901 4450 3041 4513 erat,
3090 4445 3159 4499 de
3208 4461 3322 4516 quo
3362 4462 3583 4516 quaere-

1884 4542 2073 4603 batur,
2117 4540 2340 4609 scelus;
2399 4539 2758 4594 Marcellinus
2816 4540 3009 4589 tamen
3062 4550 3177 4587 non
3242 4536 3581 4590 extendente

1887 4631 2150 4701 equuleo,
2183 4645 2300 4683 non
2322 4628 2671 4682 sulcantibus
2690 4623 2937 4695 ungulis,
2962 4638 3077 4677 non
3097 4623 3397 4678 urentibus
3418 4625 3580 4680 flam-

1886 4718 2132 4788 mis,sed
2163 4717 2297 4771 solis
2313 4717 2608 4787 virgarum
2636 4711 2969 4767 verberibus
2998 4711 3413 4767 confessionem
3436 4713 3584 4767 illius

1888 4824 1921 4862 a
1958 4807 2068 4861 reis
2098 4810 2269 4877 atque
2291 4804 2532 4859 consciis
2564 4801 2872 4873 expressit:
2908 4802 3004 4869 qui
3016 4801 3205 4855 modus
3234 4803 3586 4869 coercitionis,

1885 4895 2075 4966 inquit
2103 4894 2474 4966 Augustinus,
2518 4898 2567 4947 et
2600 4909 2635 4946 a
2660 4892 2937 4957 magistris
2964 4892 3167 4943 artium
3180 4890 3504 4955 liberalium,
3537 4893 3586 4942 et

1887 4986 1955 5040 ab
1985 4987 2119 5055 ipsis
2145 4983 2482 5054 parentibus,
2514 4988 2563 5036 et
2592 4996 2727 5050 saepe
2768 4982 2931 5033 etiam
2978 4982 3037 5033 in
3075 4979 3306 5048 judiciis
3349 4980 3477 5033 solet
3517 4977 3585 5031 ab

1887 5076 2149 5144 episcopis
2180 5073 2432 5127 adhiberi
2466 5072 2662 5139 (Epist.
2706 5073 2823 5136 133,
2858 5086 2912 5123 η.
2952 5070 3025 5137 2).
3059 5070 3415 5139 Quapropter
3453 5082 3585 5119 eum

1888 5164 1985 5217 Vir
2014 5168 2239 5217 sanctus
2282 5161 2495 5227 laudat,
2528 5159 2682 5232 quod
2718 5160 2776 5213 in
2805 5160 2913 5215 hoc
2950 5158 3168 5213 crimen
3223 5158 3400 5211 multa
3456 5166 3586 5208 cum

1886 5253 2143 5319 lenitate,
2192 5256 2362 5322 atque
2438 5250 2577 5304 adeo
2643 5249 2821 5321 patris
2901 5250 3093 5320 potius
3178 5243 3582 5309 sollicitudine,

1889 5358 2064 5415 quam
2088 5341 2299 5413 judicis
2341 5340 2639 5395 severitate
2695 5356 2851 5405 usus,
2894 5335 3245 5408 quaesivisset
3290 5334 3475 5400 (Ibid.,
3535 5339 3587 5387 et

1890 5434 2065 5502 Epist.
2096 5433 2216 5498 134,
2248 5447 2306 5485 n.
2338 5430 2415 5501 2).
2439 5430 2565 5484 Jam
2602 5433 2815 5483 restare
2853 5427 2909 5481 id
2950 5440 3132 5480 unum
3159 5422 3476 5489 videbatur,
3522 5427 3588 5477 ut

1892 5522 1951 5575 in
1980 5538 2109 5576 reos
2134 5538 2237 5592 pro
2252 5520 2383 5576 facti
2408 5518 2727 5583 atrocitate,
2752 5515 3021 5571 nimirum
3040 5511 3583 5583 capitalisupplicio,
