3912 6174
387 299 480 350 451
1647 283 1820 338 VITA
1859 281 1912 336 s.
1956 276 2344 337 AUGUSTINI
2385 276 2723 334 EPISCOPI.
3695 297 3764 350 ,5,

389 414 954 471 animadverteretur.
997 413 1074 464 Ac
1106 413 1332 480 poterat
1377 407 1612 479 quidem
1659 405 1903 460 Ecclesia
1958 405 2081 458 sine

392 507 506 559 ulla
536 501 938 557 intercessione
968 514 1087 552 rem
1118 497 1448 569 permittere
1489 512 1718 550 omnem
1756 494 2078 565 judicibus;

389 593 620 666 quando
652 592 788 644 istos
818 606 932 643 non
963 586 1287 654 clerici,sed
1311 585 1461 640 civili
1493 584 1806 654 disciplina
1835 583 2086 652 praefecti

390 684 463 737 ad
487 681 770 753 judicium
798 676 1193 732 adduxissent:
1246 673 1362 728 imo
1414 689 1527 727 non
1565 672 1801 726 deerant
1846 687 1910 724 ex
1962 671 2084 741 ipso

392 771 726 826 clericorum
772 767 991 833 ordine,
1037 763 1246 835 quibus
1275 762 1462 833 primo
1512 761 1607 814 illo
1653 761 1861 826 calore,
1915 775 2087 831 quem

393 865 548 916 tanta
572 864 807 929 tamque
837 855 1032 926 gravia
1062 853 1311 907 facinora
1350 850 1583 921 injicere
1615 850 1817 915 solent,
1867 849 2090 903 inﬂam-

393 949 580 1015 matis,
599 963 695 1001 eos
723 943 1030 1000 levioribus
1043 941 1224 1011 poenis
1237 957 1350 994 non
1370 940 1494 993 sine
1507 939 1757 1010 quodam
1774 938 2089 1010 disciplina:

392 1037 733 1093 detrimento
752 1037 807 1086 et
829 1032 1094 1102 neglectu
1111 1029 1258 1083 afﬁci
1283 1044 1444 1099 posse
1471 1027 1786 1082 videbatur.
1810 1031 1878 1083 At
1896 1030 2092 1080 contra

393 1123 744 1195 Augustinus
791 1120 968 1192 probe
999 1117 1278 1190 judicavit
1339 1117 1615 1171 damnum
1664 1117 1735 1174 ad
1787 1114 2091 1171 Ecclesium

394 1214 713 1270 rediturum
745 1227 855 1265 non
885 1209 1211 1272 minimum,
1244 1207 1290 1260 si
1322 1205 1630 1260 Donatistae
1680 1205 1877 1276 capitis
1923 1204 2092 1275 puni-

391 1307 626 1369 rentur;
685 1317 813 1356 eam
875 1314 1009 1352 vero
1083 1295 1384 1350 commoda
1451 1299 1848 1366 perceptarum
1921 1295 2090 1364 longe

392 1393 658 1456 maxima,
695 1389 741 1444 si
787 1389 892 1442 hac
921 1391 1149 1457 arrepta
1179 1386 1494 1451 occasione,
1546 1387 1761 1454 quanta
1799 1398 1902 1437 sua
1945 1385 2093 1436 esset

390 1483 658 1536 adversus
689 1475 1102 1532 infensissimos
1150 1475 1343 1528 hostes
1375 1473 1676 1526 clementia
1723 1477 1779 1527 et
1821 1471 2084 1537 charitas,

392 1573 584 1644 palam
612 1569 839 1623 faceret.
874 1566 1032 1620 Alios
1062 1579 1291 1635 quoque
1325 1563 1383 1616 in
1397 1563 1542 1616 hanc
1568 1561 1904 1617 sententiam
1929 1577 2090 1616 suam

392 1659 549 1715 brevi
586 1655 868 1711 redituros
898 1652 1181 1723 sperabat,
1218 1651 1311 1704 ubi
1342 1650 1616 1704 nimirum
1645 1649 1820 1705 sedati
1852 1649 2094 1704 fuissent

393 1746 566 1818 primi
588 1743 670 1798 illi
693 1745 902 1807 motus,
929 1756 1073 1812 quos
1120 1739 1434 1793 recentium
1480 1739 1761 1793 factorum
1807 1738 2092 1792 horrorin

392 1851 589 1890 eorum
620 1830 825 1888 animis
869 1828 1156 1882 excitarat.
1193 1829 1256 1881 Et
1301 1845 1434 1881 sane
1475 1828 1780 1882 molestum
1833 1828 2090 1880 futurum

391 1929 532 1989 erat,
579 1922 626 1975 si
665 1919 868 1991 judicii
911 1917 1146 1986 hujusce
1191 1921 1332 1982 acta,
1377 1933 1502 1987 quae
1555 1922 1618 1970 ut
1655 1932 1846 1970 coram
1879 1917 2092 1986 populo

391 2005 738 2074 legerentur,
774 1997 1031 2053 Ecclesia:
1053 1995 1317 2067 exigebat
1343 1996 1578 2063 utilitas,
1620 2013 1732 2052 non
1766 2005 1999 2070 possent
2019 2001 2090 2054 ad

394 2094 566 2147 finem
592 2105 771 2160 usque
794 2085 1018 2141 recitari
1047 2106 1061 2150 ;
1088 2102 1158 2138 ne
1181 2084 1444 2140 videlicet
1471 2091 1706 2141 cruento
1738 2087 1850 2142 fine
1867 2089 2093 2144 animos

393 2182 718 2239 auditorum
747 2175 1122 2231 offenderent.
1149 2173 1305 2227 Adde
1337 2189 1632 2228 servorum
1663 2175 1764 2230 Dei
1801 2177 2092 2247 passiones

391 2269 668 2342 sanguine
695 2263 1063 2320 inimicorum
1092 2261 1371 2316 vindicari
1398 2279 1514 2317 non
1542 2280 1731 2334 posse,
1773 2267 1914 2336 quin
1935 2267 2092 2337 ipsa-

392 2378 519 2416 rum
551 2356 799 2430 quodam
831 2351 1001 2406 modo
1029 2350 1365 2405 obscuretur
1394 2353 1680 2421 splendor.
1723 2355 1919 2426 Itaque
1949 2356 2091 2410 veri-

390 2454 480 2505 tus
511 2449 736 2501 sanctus
768 2442 1001 2503 Praesul,
1034 2457 1105 2494 ne
1135 2441 1240 2494 hac
1269 2440 1330 2494 in
1356 2458 1524 2496 causa
1555 2460 1780 2498 summo
1795 2446 1927 2516 jure
1957 2461 2090 2517 age-

392 2541 570 2604 retur,
603 2531 991 2590 Marcellinum
1022 2530 1226 2584 obnixe
1252 2531 1431 2584 oravit
1466 2548 1568 2603 per
1610 2532 1846 2601 litteras,
1883 2534 2091 2589 severi-

392 2631 568 2683 tatem
599 2638 761 2678 suam
781 2637 897 2675 non
929 2619 1100 2674 modo
1123 2623 1490 2690 temperaret,
1524 2621 1623 2676 sed
1653 2626 1718 2676 ut
1744 2622 1840 2676 alii
1863 2639 2090 2694 quoque

392 2718 544 2773 idem
589 2713 948 2784 prestareut,
1001 2709 1284 2763 efﬁceret:
1347 2708 1632 2780 siquidem
1695 2711 2093 2782 suspicabatur

391 2807 532 2872 fore,
566 2807 628 2858 ut
647 2799 930 2873 judicium
945 2799 1054 2852 hoc
1077 2797 1222 2852 forte
1249 2798 1321 2852 ad
1336 2797 1675 2870 Apringium
1689 2802 2090 2872 proconsulem

389 2894 724 2958 deferretur,
783 2889 1156 2944 christianum
1210 2887 1369 2940 illum
1431 2887 1664 2959 quidem
1714 2893 1772 2942 et
1834 2887 2090 2942 Ecclesia:

391 2982 597 3045 ﬁlium,
623 2985 792 3050 atque
819 2979 888 3032 ab
921 2976 1249 3048 hujusmodi
1275 2977 1527 3030 cruentis
1555 2976 1846 3048 suppliciis
1893 2981 2091 3047 suapte

394 3073 601 3123 natura
627 3068 917 3132 alienum;
960 3067 1053 3120 sed
1080 3070 1272 3119 tamen
1302 3065 1402 3136 qui
1449 3065 1748 3120 videbatur
1793 3067 1862 3120 de
1907 3066 2092 3136 capite

390 3157 650 3211 sontibus
680 3155 1029 3226 amputando
1061 3155 1340 3209 statuisse.
1385 3156 1528 3225 Ergo
1575 3160 1631 3209 et
1675 3155 1998 3226 epistolam,
2031 3160 2094 3210 ut

391 3247 444 3301 ei
475 3245 828 3310 redderetur,
854 3244 926 3297 ad
957 3243 1345 3298 Marcellinum
1367 3243 1588 3297 direxit.
1623 3243 1839 3308 Quibus
1870 3245 2092 3299 duabus

389 3335 452 3388 in
474 3332 953 3404 epistolis(Epist.
993 3334 1109 3393 133,
1147 3331 1268 3401 139)
1298 3331 1579 3402 quidquid
1600 3331 1749 3386 inest
1786 3333 1893 3386 sibi
1926 3333 2095 3388 facul-

389 3423 523 3478 tatis
547 3420 773 3476 dicendi
804 3425 860 3475 et
883 3420 1253 3492 eloquentiae,
1281 3418 1339 3474 id
1372 3436 1542 3474 omne
1567 3435 1636 3476 eo
1663 3421 1900 3488 confert,
1921 3427 1983 3476 ut
2003 3421 2087 3477 rei

388 3528 503 3567 non
534 3511 718 3582 capite
747 3510 1112 3575 damnentur,
1145 3508 1241 3562 sed
1266 3508 1372 3562 alia
1385 3507 1655 3580 quapiam
1685 3508 1881 3564 leviori
1898 3527 2090 3581 poena.

389 3618 517 3674 qua:
552 3599 720 3655 simul
749 3604 806 3654 et
833 3599 984 3654 male
1024 3597 1268 3653 faciendi
1289 3597 1580 3653 licentiam
1611 3598 1748 3670 ipsis
1779 3599 2014 3666 adimat,
2036 3604 2094 3655 et

385 3694 583 3746 tamen
610 3687 981 3760 resipiscendi
1008 3691 1236 3758 tempus
1261 3691 1433 3758 atque
1463 3686 1524 3740 in
1552 3687 1681 3741 utili
1712 3687 1984 3758 quopiam
2006 3688 2091 3742 la-

388 3779 527 3834 bore
554 3794 673 3831 sese
703 3776 1000 3832 exercendi
1030 3779 1370 3846 potestatem
1400 3775 1708 3844 relinquat.
1737 3775 1801 3830 Id
1833 3777 1986 3831 enim
2007 3778 2093 3833 illi

388 3866 637 3920 maxime
667 3863 824 3918 cordi
858 3867 999 3930 erat,
1041 3869 1163 3916 tum
1209 3867 1444 3933 propter
1491 3863 1920 3933 conscientiam,
1967 3871 2092 3922 tum

387 3959 628 4027 propter
656 3951 998 4007 catholicam
1030 3950 1494 4005 communionem
1538 3953 2078 4010 commendandam.

461 4046 515 4098 6.
549 4041 665 4097 Sub
695 4041 846 4096 idem
874 4041 1015 4095 forte
1047 4044 1294 4111 tempus,
1326 4040 1682 4095 Marcellinus
1710 4042 1775 4097 ad
1821 4044 2088 4113 Augusti-

388 4148 528 4188 num
559 4131 776 4186 litteras
796 4129 976 4195 dedit,
1008 4129 1217 4201 quibus
1238 4127 1545 4184 missurum
1574 4147 1632 4184 se
1662 4131 1736 4186 ad
1766 4147 1898 4186 eum
1926 4133 2092 4188 Gesta

387 4237 618 4277 reorum
683 4218 1101 4274 confessionem
1156 4218 1592 4288 complectentia
1672 4220 2088 4290 pollicebatur;

385 4311 673 4382 simulque
705 4309 963 4380 rogabat,
996 4323 1135 4361 num
1166 4323 1234 4362 ea
1263 4305 1324 4361 in
1353 4307 1728 4380 Theoprepia,
1760 4326 1887 4380 qua:
1918 4311 2092 4366 Colla-

385 4399 561 4453 tionis
589 4403 850 4468 tempore
880 4397 1114 4451 ecclesia
1143 4401 1264 4451 erat
1296 4397 1719 4452 Donatistarum
1749 4400 2090 4470 Carthagine

387 4487 601 4556 (Collat.
637 4488 897 4554 Carthag.
936 4490 989 4555 3,
1018 4503 1138 4556 cap.
1193 4487 1264 4554 5),
1297 4486 1584 4557 affigenda
1616 4486 1978 4555 viderentur;
2003 4494 2089 4544 at-

387 4592 499 4646 que
526 4576 700 4630 etiam
738 4579 803 4631 ut
831 4576 1003 4631 ﬁdem
1031 4576 1100 4630 de
1128 4575 1413 4646 promisso
1445 4575 1695 4646 quodam
1724 4577 1931 4648 scripto
1957 4577 2091 4632 libe-

389 4667 563 4730 reret,
584 4664 1146 4734 admonebat(Epist.
1176 4666 1296 4730 139,
1321 4679 1414 4717 nn.
1435 4668 1452 4717 l
1471 4705 1484 4732 ,
1501 4667 1552 4730 3,
1575 4665 1652 4733 4).
1683 4665 1766 4719 Ad
1789 4682 1856 4719 ea
1882 4681 2089 4736 cupere

389 4770 447 4806 se
479 4751 768 4823 rescripsit
796 4752 1166 4823 Augustinus,
1207 4757 1272 4807 ut
1310 4752 1588 4824 promissa
1617 4752 1725 4806 sibi
1765 4754 1930 4808 Gesta
1958 4755 2089 4810 mit-

388 4845 604 4908 tantur,
637 4857 765 4911 quai
791 4841 1003 4896 scilicet
1030 4841 1461 4913 quamprimum
1475 4858 1591 4896 non
1603 4842 1845 4897 modoin
1858 4844 2093 4899 ecclesia

391 4929 768 5002 Hipponensi,
801 4945 998 4984 verum
1031 4931 1222 4995 etiam,
1262 4931 1308 4985 si
1355 4931 1481 4986 fieri
1517 4932 1717 5002 possit,
1765 4930 1825 4986 in
1868 4934 2092 4988 caeteris

390 5018 664 5074 omnibus
695 5017 952 5089 ejusdem
982 5019 1284 5075 dioeceseos
1314 5025 1476 5075 curet
1502 5022 1739 5093 legenda
1765 5037 1778 5075 :
1816 5020 1928 5075 illis
1956 5039 2090 5077 vero

387 5106 732 5178 Carthagine
747 5104 1047 5177 affigendis
1062 5108 1248 5162 locum
1263 5109 1523 5163 omnium
1536 5109 2088 5182 frequentissimum,

393 5197 507 5253 sive
539 5196 600 5250 in
627 5193 1007 5266 Theoprepia,
1040 5194 1156 5250 sive
1187 5195 1342 5259 alibi,
1385 5198 1752 5270 deligendum
1784 5216 1923 5254 esse.
1979 5200 2089 5255 0b-

389 5291 630 5342 testatur
659 5285 853 5354 etiam,
894 5299 1123 5338 reorum
1171 5285 1346 5355 capiti
1391 5291 1623 5357 parcat;
1669 5288 1759 5343 sin
1791 5293 1985 5344 autem
2034 5289 2091 5344 id

388 5376 619 5432 concedi
660 5392 776 5431 non
800 5374 996 5447 possit,
1027 5372 1190 5428 binas
1227 5373 1466 5446 litteras,
1497 5393 1639 5448 quas
1666 5377 1768 5432 hac
1795 5378 1864 5433 de
1893 5395 1954 5432 re
1980 5377 2092 5433 sin-

387 5466 552 5536 gulas
592 5466 662 5522 ad
691 5465 856 5520 illum
904 5468 962 5519 et
999 5463 1069 5520 ad
1121 5464 1524 5520 Proconsulem
1569 5466 1746 5538 dedit,
1792 5467 2090 5523 sententias

386 5553 634 5620 inserat;
683 5559 783 5610 aut
799 5555 1001 5612 saltem
1049 5557 1236 5610 sontes
1274 5553 1335 5609 in
1383 5555 1636 5611 custodia
1679 5557 1956 5630 tantisper
1992 5557 2090 5613 liu-

2196 399 2460 482 beantur,
2492 401 2629 456 dum
2663 401 2774 456 illis
2810 400 3038 456 veniam
3067 401 3133 456 de
3153 403 3425 461 clementia
3446 410 3766 482 lmperatomm

2192 477 2504 560 impetrare
2521 489 2772 546 curabit:
2799 490 3012 562 quippe
3039 490 3133 562 qui
3162 493 3332 559 sciret,
3353 477 3616 554 Gentilibus
3633 506 3768 558 Anau-

2195 577 2457 632 nensium
2490 584 2807 649 martyrum
2832 577 3278 634 interfectoribus
3293 588 3409 637 ante
3438 585 3620 657 aliquot
3642 607 3772 645 annos

2196 667 2604 737 Imperatorem
2655 670 2938 737 rogatum,
2981 683 3054 720 ne
3103 672 3276 723 morte
3311 671 3623 745 punirentur,
3657 677 3772 733 facile

2195 755 2531 809 concessise.
2567 755 2836 819 Queritur
2866 761 2923 810 et
2953 756 3021 810 de
3049 755 3266 826 injuriis
3313 775 3372 813 ac
3395 761 3654 829 violentiis,
3693 767 3776 836 qui-

2194 844 2301 899 bus
2347 844 2406 898 in
2439 844 2666 899 dioecesi
2717 860 2820 898 sua
2875 844 3232 914 schismatici,
3284 848 3534 904 Macrobio
3579 853 3775 924 episcopo

2196 933 2358 995 duce,
2391 933 2644 988 insanire
2675 949 2740 986 ac
2787 933 3123 988 debacchari
3170 936 3476 1007 pergebant.
3528 940 3643 993 Nam
3679 958 3780 1012 quas

2196 1022 2454 1076 locorum
2487 1020 2725 1087 domini,
2758 1021 2952 1091 legum
2991 1021 3195 1076 timore
3226 1022 3388 1093 ducti,
3417 1025 3680 1081 clauserant
3709 1029 3782 1082 Do-

2199 1109 2534 1164 natistarum
2583 1111 2860 1177 basilicas,
2907 1109 3006 1164 bas
3069 1111 3366 1165 Macrobius
3418 1128 3780 1184 quoquoversum

2199 1199 2476 1253 cursitans
2506 1215 2634 1253 cum
2673 1199 3033 1269 perditorum
3064 1199 3356 1254 hominum
3384 1217 3440 1254 ac
3455 1201 3704 1255 mulierum
3727 1220 3780 1257 sa-

2200 1286 2420 1354 tellitio,
2453 1304 2557 1357 per
2573 1288 2687 1341 vim
2711 1287 2920 1358 aperiri
2952 1287 3059 1341 sibi
3084 1288 3332 1358 jubebat.
3357 1289 3779 1344 Haereticorumau-

2200 1376 2417 1430 daciam
2437 1377 2697 1430 nonnihil
2717 1377 3014 1448 Spondeus
3028 1377 3356 1443 frenaverat,
3374 1377 3684 1448 praediorum,
3697 1395 3782 1448 qua

2200 1465 2359 1519 Celer
2389 1464 2665 1536 dignitate
2710 1464 2796 1519 vir
2825 1464 3169 1520 clarissimus
3207 1464 3264 1519 in
3309 1465 3618 1536 Hipponensi
3651 1470 3781 1519 tractu

2200 1553 2544 1624 possidebat,
2576 1559 2934 1624 procurator.
2986 1554 3094 1608 Sed
3139 1569 3265 1607 cum
3308 1553 3353 1607 is
3381 1554 3716 1623 Carthaginem
3746 1570 3782 1606 se

2199 1641 2550 1709 contulisset,
2567 1643 2832 1697 reseratis
2845 1642 3037 1697 statim
3061 1642 3302 1698 ecclesiis
3316 1641 3594 1697 Macrobius
3621 1658 3783 1696 suorum

2199 1732 2588 1785 conventicula
2607 1731 2667 1785 in
2697 1731 2837 1801 ipsis
2866 1731 3076 1786 Celeris
3112 1735 3210 1784 aut
3236 1730 3466 1801 Spondei
3514 1729 3787 1800 possessioni.

2201 1820 2305 1874 bus
2336 1820 2630 1874 habuerat.
2665 1822 2842 1874 Porro
2871 1837 2987 1874 non
3010 1820 3130 1874 sola
3161 1817 3696 1890 Hippone-Regiensis,
3723 1817 3786 1869 sed

2201 1908 2326 1964 alia».
2367 1925 2594 1979 quoque
2632 1925 2737 1979 per
2791 1908 3118 1963 Numidiam
3182 1908 3430 1963 Ecclesiae
3473 1907 3731 1977 graviorem
3769 1920 3788 1956 a

2200 1997 2514 2051 Donatistis
2560 1996 3368 2067 tolerabant_exagitationem.
3423 1996 3509 2049 Hes
3558 1998 3609 2047 ut
3635 1991 3786 2063 aliquid

2199 2084 2456 2156 praesidii
2487 2085 2758 2139 adversus
2787 2085 3096 2140 imminens
3120 2085 3430 2157 periculum
3459 2082 3554 2136 sibi
3572 2083 3784 2151 pararent,

2202 2175 2548 2246 Delphinum
2578 2175 2912 2246 episcopum
2953 2175 3354 2245 Carthaginem
3404 2172 3601 2226 misere.
3635 2168 3787 2222 Ibidem

2201 2269 2325 2318 erat
2354 2264 2586 2335 quidam
2607 2263 2913 2334 Augustini
2940 2264 3258 2335 presbyter,
3293 2263 3356 2316 ad
3381 2276 3536 2332 quem
3553 2259 3592 2312 is
3614 2272 3791 2311 commo-

2203 2353 2478 2407 nitorium
2505 2370 2606 2424 per
2629 2353 3004 2424 Peregrinum
3043 2353 3367 2418 diaconum,
3399 2350 3491 2423 qui
3531 2345 3789 2402 Bonifacium

2202 2441 2515 2495 antistitem
2530 2458 2595 2496 eo
2610 2442 2914 2496 comitatus
2946 2442 3152 2510 fuerat,
3187 2441 3400 2496 curavit
3430 2437 3662 2510 perferri;
3689 2432 3790 2488 aliud

2201 2536 2479 2602 praeterea
2510 2530 3023 2585 commonitorium
3055 2531 3243 2586 eidem
3272 2529 3579 2601 presbytero
3601 2541 3690 2578 una
3710 2537 3791 2575 cum

2200 2619 2370 2674 hacce
2401 2620 2468 2674 ad
2502 2619 2886 2674 Marcellinum
2944 2620 3190 2690 epistola
3232 2619 3402 2673 misit.
3457 2619 3627 2672 Utrum
3664 2618 3791 2666 autem

2199 2710 2294 2765 ille
2321 2709 2745 2780 idemjsitatque
2765 2709 3025 2764 Urbanus
3055 2711 3262 2780 (Epist.
3296 2708 3431 2776 139),
3464 2722 3491 2759 a
3516 2720 3613 2775 quo
3627 2702 3795 2773 perlatas

2201 2799 2510 2856 Marcellini
2536 2799 2752 2854 litteras
2777 2800 3380 2869 acceperat,incertum
3415 2799 3509 2850 est.
3558 2792 3698 2846 Habet
3722 2787 3792 2840 alio

2201 2891 2325 2942 loco
2357 2889 2510 2942 idem
2529 2887 2904 2958 Augustinus,
2940 2886 3411 2959 Hippone-Regio
3431 2882 3698 2955 profectum
3715 2890 3796 2929 cum

2204 2978 2448 3044 Urbano,
2480 2994 2651 3048 quem
2691 2976 3036 3047 suscipiendi
3059 2977 3419 3048 episcopatus
3446 2988 3596 3026 causa
3615 2966 3794 3025 vocabat,

2202 3066 2578 3137 Peregrinum
2611 3066 2918 3121 diaconum
2951 3068 3148 3135 (Epist.
3189 3067 3306 3130 149,
3335 3080 3387 3117 η.
3412 3062 3509 3128 34).
3534 3060 3696 3128 Itaque
3712 3054 3800 3107 llat-

2201 3155 2471 3210 cellinum
2487 3155 2764 3224 obsecrat,
2779 3158 2843 3208 ut
2855 3153 3299 3208 commonitoria
3313 3152 3411 3207 abs
3428 3167 3482 3204 se
3496 3143 3800 3213 Carthaginem

2200 3245 2415 3300 directa
2447 3245 2619 3315 legat,
2653 3249 2824 3314 atque
2854 3259 2971 3298 una
3013 3259 3144 3297 cum
3192 3239 3462 3313 Delphino
3509 3241 3558 3291 et
3598 3228 3802 3289 Bonifacio

2199 3333 2480 3404 dispiciat,
2517 3350 2632 3404 qua
2675 3332 3042 3404 potissimum
3082 3333 3311 3386 ratione
3344 3329 3521 3384 eidem
3563 3318 3802 3396 provinCiEa

2201 3440 2372 3493 quam
2403 3423 2524 3493 ejus
2552 3439 2702 3477 cura:
2743 3439 2806 3476 ac
2836 3421 2972 3476 fidei
3005 3420 3393 3485 commendat,
3425 3412 3622 3471 consuli
3667 3406 3801 3481 pessii-

2202 3514 2385 3584 Rogat
2423 3512 2594 3566 etiam
2626 3516 2852 3566 sanctus
2879 3511 3148 3575 Antistes,
3196 3515 3259 3565 ut
3288 3509 3546 3564 Rufinum
3575 3502 3804 3558 Cirtensem

2200 3601 2575 3673 Principalem
2604 3599 2871 3672 prtesidio
2912 3615 3014 3654 suo
3051 3599 3286 3654 destitui
3325 3615 3395 3653 ne
3425 3594 3646 3667 patiatur
3671 3585 3801 3658 (Epist-

2204 3693 2439 3758 l39,nn.
2465 3693 2518 3756 2,
2551 3690 2624 3758 4).
3719 3759 3745 3768 ..
3780 3757 3784 3763 .

2267 3784 2321 3833 7.
2357 3779 2715 3834 Marcellinus
2753 3776 3131 3848 descriptione
3181 3775 3450 3848 quadam,
3495 3775 3553 3825 ut
3573 3768 3672 3838 jam
3708 3760 3804 3814 dixi-

2201 3885 2350 3933 mus,
2378 3867 2448 3922 ad
2481 3884 2538 3922 se
2560 3867 2841 3922 mittenda
2870 3866 3113 3936 urgebat
3131 3865 3534 3936 Augustinum.
3559 3856 3644 3913 llic
3659 3859 3806 3945 vero

2201 3963 2429 4014 excusat
2442 3974 2508 4012 eo
2537 3957 2793 4021 nomine,
2822 3955 2998 4027 quod,
3021 3956 3286 4027 quamvis
3314 3954 3403 4008 vel
3428 3938 3807 4009 maximecupiat,

2197 4049 2254 4104 id
2286 4055 2478 4103 tamen
2508 4047 2760 4101 sibicum
2783 4061 2884 4116 per
2907 4044 3212 4099 hominum
3236 4029 3808 4114 frequentiam,quipe"

2198 4142 2372 4208 petuo
2403 4136 2474 4190 ad
2501 4153 2559 4190 se
2593 4137 2661 4190 de
2691 4134 2807 4189 suis
2833 4133 3090 4204 ipsorum
3120 4133 3368 4204 negotiis
3389 4129 3621 4190 adibant,
3639 4126 3733 4208 ίιισξ
3747 4124 3812 4208 Ρθξ

2199 4243 2374 4298 opera
2402 4226 2578 4292 varia,
2612 4241 2741 4295 qua:
2777 4241 2835 4278 se
2885 4223 2945 4276 in
2992 4223 3433 4294 praesentiarum
3479 4231 3584 4272 non
3627 4201 3812 4298 sinebant

2198 4291 2696 4385 oinitti,pra3stare
2711 4312 2950 4368 minime
2975 4291 3167 4368 liceat.
3197 4312 3307 4367 Sed
3347 4311 3484 4364 forte
3516 4303 3668 4360 satius
3700 4291 3815 4350 fuerit

2197 4405 2342 4460 illud
2377 4404 2633 4476 ejusdem
2680 4400 2866 4457 verbis
2898 4401 3199 4472 explicare.
3231 4401 3294 4456 Si
3325 4403 3520 4459 autem,
3559 4385 3727 4459 inquit,

2199 4496 2392 4547 tionem
2409 4471 2658 4546 omnium
2683 4491 2892 4545 dierum
2923 4471 2983 4545 et
2997 4490 3434 4545 lucubrationum
3463 4485 3580 4538 aliis
3605 4471 3816 4564 necessita-

2201 4583 2344 4638 tibus
2373 4584 2741 4651 impensarum
2771 4581 2872 4634 tibi
2893 4594 3106 4650 possem
3132 4578 3379 4642 reddere,
3419 4572 3641 4642 graviter
3671 4561 3819 4651 contria

2199 4675 2373 4725 status
2412 4649 2715 4733 mirareris,
2761 4649 2968 4736 quanta
3013 4683 3094 4720 me
3140 4665 3478 4728 distendant,
3523 4672 3628 4730 qua:
3667 4649 3818 4718 ἀίῖἶεττδ

2199 4761 2414 4814 omnino
2439 4773 2544 4812 non
2568 4761 2816 4827 possunt,
2848 4772 2940 4810 nec
2986 4772 3144 4823 agere
3189 4757 3291 4809 illa.
3327 4749 3646 4833 permittant,

2201 4865 2284 4903 me
2301 4847 2530 4917 petendo
2549 4825 2597 4901 et
2623 4845 2956 4900 admonendo
2972 4861 3129 4913 urges
3157 4845 3440 4908 volentem,
3464 4844 3510 4894 et
3526 4825 3819 4918 ineﬂ'abt'lilﬂ}

2202 4940 2334 5008 quia
2361 4952 2466 4990 non
2493 4950 2732 5005 possum,
2765 4935 3047 4989 dolentem.
3083 4935 3212 4990 Cum
3241 4935 3384 4987 enim
3417 4929 3483 4984 ab
3519 4935 3677 4980 eorum
3702 4915 3821 4966 hom:-

2198 5044 2327 5082 num
2356 5023 2762 5080 necessitatibus
2784 5025 3186 5093 aliquantulum
3215 5037 3370 5090 vaco,
3401 5019 3497 5089 qui
3524 5029 3599 5069 me
3615 5010 3679 5065 sic
3703 5011 3822 5064 αηςιι·

2198 5119 2366 5181 riant,
2399 5121 2458 5170 ut
2495 5131 2580 5169 eos
2609 5113 2759 5169 nullo
2787 5113 2941 5167 modo
2972 5113 3129 5166 liceat
3169 5113 3396 5176 evitare,
3446 5122 3535 5161 nec
3575 5097 3825 5156 contemni"

2199 5209 2471 5276 oporteat;
2499 5220 2604 5258 non
2630 5205 2824 5258 desunt
2853 5217 2972 5271 quae
3000 5201 3262 5255 dictanda
3282 5210 3555 5268 praepono,
3592 5189 3657 5244 sic
3685 5185 3737 5276 in
3760 5188 3825 5276 αξ·

2201 5267 2382 5347 ticulis
2410 5267 2705 5362 temporum
2743 5267 3054 5356 constituta,
3087 5293 3148 5344 ut
3192 5267 3511 5342 dilationem
3537 5294 3632 5336 non
3666 5267 3820 5341 Γεταπτ·

2201 5381 2266 5435 Et
2289 5384 2419 5452 post
2454 5381 2750 5450 interjecta
2778 5378 3056 5433 nonnulla
3093 5374 3465 5448 prosequitur
3493 5372 3550 5425 in
3590 5367 3717 5421 hunc
3741 5366 3826 5452 H10“

2199 5437 2372 5525 dum:
2406 5472 2477 5526 Et
2523 5437 2660 5539 quid
2703 5471 2911 5538 faciam
2963 5437 3188 5538 prorsus
3227 5437 3428 5520 nescio.
3481 5453 3692 5516 Audisti
3731 5437 3828 5539 undi

2201 5574 2402 5616 mecum
2428 5537 2710 5614 Dominum
2739 5537 3038 5628 depreceris
3058 5573 3071 5612 :
3089 5555 3184 5627 sed
3196 5556 3362 5612 etiam
3385 5549 3526 5622 quod
3553 5551 3650 5601 tam
3673 5537 3828 5592 instan-
