3912 6174
110 298 191 348 453
1472 289 1683 346 LIBER
1727 288 2094 347 SEPTIMUS.

105 424 170 473 ter
202 420 242 471 et
280 420 379 469 tam
412 412 584 467 crebre
633 426 714 465 me
751 410 1025 477 admones,
1064 410 1185 464 nolo
1224 425 1412 476 cesses,
1450 426 1555 465 non
1593 412 1732 465 nihil

101 520 227 573 agens
254 504 426 573 (Epist.
477 503 591 565 139,
619 515 711 554 nn.
745 502 797 565 3,
828 499 901 570 4).
935 498 1190 553 Diversas
1221 500 1730 554 commentationes

100 595 354 655 enumerat,
387 608 418 644 a
446 606 502 643 se
529 605 628 660 per
653 588 804 643 idem
835 593 1063 659 tempus
1103 589 1418 642 elaboratas
1451 605 1465 644 :
1500 588 1568 642 de
1601 588 1729 659 qui-

100 683 180 736 bus
198 680 429 735 omnibus
446 680 563 750 jam
595 695 625 732 a
658 678 824 732 nobis
851 682 1065 745 actum,
1096 682 1486 748 praeterquam
1517 678 1585 732 de
1617 694 1732 731 me-

106 769 276 824 moratis
308 768 513 822 ibidem
552 766 759 822 litteris
804 767 876 821 ad
915 766 1304 821 Marcellinum
1346 770 1403 820 et
1441 766 1509 820 ad
1555 766 1728 820 Volu-

103 859 287 913 sianum.

696 944 923 999 CAPUT
963 944 1062 998 ΙΙΙ.

101 1037 115 1087 1
149 1036 449 1100 Augustinus
490 1038 540 1087 et
573 1034 917 1088 Marcellinus
964 1033 1319 1088 Volusianum
1357 1032 1423 1086 ab
1464 1032 1730 1086 idolorum

146 1124 263 1177 cultu
283 1122 352 1176 ad
378 1123 731 1177 christianum
777 1122 937 1191 ﬁdem
968 1121 1249 1176 traducere
1284 1121 1517 1175 student.
1549 1123 1582 1174 2
1611 1122 1729 1175 Au-

144 1214 318 1279 gustini
352 1212 423 1265 ad
458 1213 809 1267 Volusianum
833 1211 1153 1280 percelebris
1195 1212 1439 1279 epistola.
1476 1213 1505 1264 3
1544 1211 1730 1266 Conci-

145 1302 250 1354 lium
273 1304 525 1357 Zertense.
551 1303 584 1356 4
614 1301 920 1369 Presbyteri
949 1308 999 1355 et
1020 1302 1202 1354 clerici
1231 1300 1455 1368 quidam
1489 1302 1732 1354 Donatis-

144 1393 265 1443 tzac
291 1391 423 1443 cires
456 1404 663 1457 quoque
693 1388 956 1444 Cirtenses
986 1387 1060 1441 ad
1089 1387 1408 1441 catholicam
1439 1388 1731 1442 Ecclesium

142 1476 345 1532 redeunt.
377 1482 406 1532 5
437 1478 550 1544 Quo
588 1480 646 1531 in
674 1477 782 1531 loco
809 1480 979 1546 ponat
1003 1476 1368 1543 Augustinus,
1396 1478 1633 1545 ponique
1662 1474 1730 1529 ab

141 1568 295 1620 omnis
320 1568 445 1621 velit
472 1582 601 1622 suas
633 1567 1045 1621 lucubrationes.

145 1658 179 1709 1.
207 1655 559 1709 Volusianum
596 1655 950 1726 Augustinus
990 1670 1216 1708 summa
1254 1654 1372 1721 illa,
1407 1670 1580 1725 quam
1624 1654 1730 1708 ad-

91 1758 236 1796 versus
272 1760 394 1797 eum
453 1749 735 1815 perpetuo
791 1744 1046 1809 adhibet,
1107 1744 1491 1811 observantia,
1541 1744 1728 1798 virum

90 1831 377 1900 amplissimo
406 1833 531 1886 loco
560 1838 760 1887 natum
786 1832 951 1886 fateri
977 1832 1146 1903 cogit.
1171 1833 1334 1887 Certe
1366 1833 1600 1904 quidem
1633 1835 1731 1887 Ba-

90 1919 239 1972 ronius
258 1920 437 1991 ipsum
467 1920 725 1977 Melaniae
750 1920 999 1992 junioris
1030 1922 1378 1976 avunculum
1408 1921 1583 1976 fuisse
1611 1922 1732 1993 opi-

90 2012 216 2061 natur
247 2010 546 2078 (Baronius,
605 2011 678 2064 ad
726 2026 930 2065 annum
984 2012 1133 2078 412),
1188 2011 1294 2065 hoc
1353 2016 1456 2078 est,
1511 2010 1730 2065 Albinte

90 2096 239 2148 matris
259 2114 593 2167 germanum
612 2099 845 2153 fratrem
866 2116 879 2166 ;
906 2098 1189 2170 siquidem
1215 2099 1470 2153 Melaniae
1487 2099 1730 2170 junioris

89 2188 226 2251 pater,
267 2187 456 2241 unicus
504 2192 630 2242 erat
667 2187 907 2242 senioris
946 2188 1201 2243 Melaniae
1254 2188 1427 2243 ﬁlius.
1471 2189 1629 2253 Quod
1682 2188 1729 2242 si

90 2272 213 2327 illum
242 2280 495 2344 patruum
543 2281 704 2331 vocet
748 2278 1178 2348 Metaphrastes,
1226 2277 1597 2347 imputandus
1638 2276 1730 2331 hic

90 2376 209 2415 error
233 2364 527 2419 traductori
565 2379 577 2421 :
622 2364 775 2419 idem
821 2366 976 2419 enim
1021 2366 1254 2420 exhibet
1290 2365 1481 2419 Photii
1521 2365 1726 2432 versio,

90 2451 290 2517 quamvis
315 2453 371 2506 in
400 2457 559 2508 textu
589 2462 728 2521 θεῖος,
762 2471 890 2525 quae
923 2471 1027 2508 vox
1065 2454 1244 2525 patris
1275 2454 1585 2525 matrisque
1616 2453 1730 2508 fra-

93 2542 196 2591 trem
218 2556 465 2613 peraeque
509 2543 817 2614 signiﬁcat,
849 2544 1131 2598 habeatur
1161 2543 1425 2614 (Photius,
1466 2544 1726 2598 Biblioth.

86 2627 219 2681 codice
243 2634 336 2699 53).
370 2633 502 2702 Ejus
540 2632 836 2704 ingenium
868 2635 925 2686 et
953 2632 1346 2703 eloquentiam
1376 2632 1731 2703 Augustinus

88 2730 133 2767 ac
169 2722 213 2770 et
254 2720 605 2778 Marcellinus
644 2722 871 2792 egregie
911 2721 1317 2776 commendant
1364 2738 1377 2774 :
1424 2737 1623 2775 verum
1664 2738 1731 2775 ex

86 2802 169 2856 illis
199 2811 592 2877 quaestionibus
630 2827 769 2881 quas
808 2810 942 2864 ﬁdei
980 2809 1302 2864 Christianas
1343 2810 1600 2880 opponit,
1642 2810 1730 2863 in-

86 2891 293 2964 telligere
321 2904 412 2964 est,
443 2899 541 2953 vel
571 2915 697 2953 eam
736 2899 923 2970 ipsum
954 2899 1199 2953 necdum
1229 2898 1553 2969 professum
1585 2916 1728 2965 esse,

84 2977 148 3030 vel
175 2982 348 3037 saltem
371 2986 529 3040 nullo
553 2990 715 3057 pacto
742 2986 802 3039 in
828 3002 895 3039 ea
915 2984 1346 3051 conﬁrmatum;
1373 2988 1540 3054 atque
1565 2984 1729 3050 adeo,

80 3068 131 3115 ut
167 3067 271 3135 ejus
307 3071 497 3126 animae
559 3072 971 3137 consuleretur,
1023 3069 1363 3125 tradendam
1419 3067 1589 3122 fuisse
1647 3067 1732 3120 illi

79 3151 277 3210 uberius
311 3158 565 3215 Ecclesiae
606 3160 944 3215 doctrinam.
991 3160 1228 3213 Matrem
1274 3154 1563 3210 Volusiani
1602 3172 1732 3210 san-

81 3245 197 3295 ctam
223 3253 363 3302 vocat
390 3249 768 3321 Augustinus,
802 3260 858 3303 et
896 3248 957 3302 in
987 3246 1210 3302 Christo
1256 3243 1593 3315 dignissime
1624 3244 1731 3298 ho-

84 3335 349 3390 norandam
405 3342 608 3408 (Epist.
671 3341 793 3405 137,
846 3353 902 3391 n.
956 3336 1066 3406 20).
1126 3336 1255 3389 Haec
1324 3334 1565 3387 salutem
1626 3332 1733 3387 ﬁlii

81 3421 391 3480 vehementer
436 3427 748 3498 exOptabat
796 3426 994 3497 (Epist.
1059 3425 1197 3494 132),
1246 3422 1473 3495 piisque
1529 3440 1561 3477 a
1616 3424 1730 3478 Deo

79 3511 292 3577 precibus
320 3518 551 3586 petebat
580 3515 780 3585 (Epist.
827 3517 942 3577 137,
983 3530 1038 3568 η.
1079 3516 1188 3576 20).
1224 3512 1370 3576 Quin
1417 3512 1591 3566 etiam
1633 3529 1730 3567 ex-

80 3606 704 3672 omvetharcellinum,
720 3609 784 3660 ut
803 3603 1044 3658 subinde
1066 3601 1434 3657 Volusianum
1457 3600 1726 3671 invisens,

81 3701 199 3757 811111,
222 3701 485 3763 quantum
522 3694 580 3749 in
601 3711 657 3749 se
680 3698 846 3761 esset,
869 3691 1170 3762 colloquiis
1199 3690 1315 3744 suis
1345 3690 1407 3744 in
1433 3690 1583 3745 bono
1605 3707 1731 3760 pro-

76 3778 224 3843 posito
249 3787 515 3839 statueret
548 3788 715 3855 atque
746 3783 1001 3837 ﬁrmaret
1032 3783 1228 3851 (Epist.
1267 3783 1386 3847 136,
1420 3795 1476 3834 n.
1510 3780 1584 3851 1).
1621 3780 1731 3834 Sed

79 3879 167 3918 non
188 3886 325 3940 aeque
353 3877 599 3939 constat,
626 3890 697 3927 an
727 3872 984 3943 ejusdem
1021 3875 1229 3941 rogatu
1256 3869 1613 3941 Augustinus
1659 3869 1730 3924 ad

76 3962 437 4021 procurandum
490 3962 600 4016 ﬁlii
647 3962 887 4015 salutem
931 3959 1191 4013 animum
1240 3958 1513 4029 adjecerit
1563 3976 1575 4014 :
1622 3958 1730 4013 hoc

77 4051 202 4099 extra
218 4048 437 4107 dubium
458 4057 569 4114 est,
595 4067 727 4106 eum
748 4066 865 4105 non
889 4049 1080 4104 minus
1101 4064 1273 4119 quam
1292 4047 1449 4102 illam
1469 4048 1727 4119 ejusdem

73 4134 138 4189 rei
163 4139 443 4198 sollicitum
474 4141 670 4197 fuisse.
693 4141 777 4195 Ad
802 4140 977 4194 istum
1002 4138 1180 4209 igitur
1209 4137 1541 4209 epistolium
1561 4137 1729 4192 dede-

76 4230 141 4277 rat
166 4230 336 4297 (Epist.
365 4234 514 4305 132),
538 4248 651 4303 quo
683 4247 814 4284 eum
845 4231 916 4284 ad
945 4228 1216 4299 legendas
1242 4226 1561 4297 Scripturas
1584 4226 1727 4282 divi-

72 4326 169 4381 Πᾶδ,
195 4323 499 4388 praesertim
524 4337 656 4375 vero
679 4319 945 4375 Paulinas
967 4318 1261 4388 epistolas,
1286 4315 1724 4382 exhortabatur;

74 4401 106 4453 Si
130 4406 245 4473 quid
276 4409 363 4463 ille
390 4408 744 4464 difﬁcultatis
772 4406 938 4461 isthic
969 4404 1301 4471 offenderet,
1324 4404 1531 4474 scripto
1568 4420 1625 4457 se
1656 4404 1727 4458 ad

73 4494 229 4547 omnia
257 4510 665 4569 responsurum
711 4494 1015 4567 pollicitus.
1050 4492 1193 4547 Huic
1222 4496 1418 4546 autem
1448 4490 1496 4545 is
1521 4491 1727 4546 rescri-

70 4580 158 4646 psit
180 4584 567 4653 urbanissima,
593 4602 719 4656 qua:
751 4586 1064 4639 etiamnum
1098 4585 1300 4648 exstat,
1325 4581 1564 4651 epistola
1597 4578 1721 4652 (Ep.

74 4668 189 4738 133),
210 4672 264 4726 in
291 4691 400 4745 qua
429 4675 542 4729 sibi
571 4679 798 4745 gratum
828 4690 946 4728 esse
978 4672 1130 4725 illius
1158 4670 1508 4742 promissum
1541 4669 1724 4741 signi-

68 4754 171 4813 ficat
212 4779 224 4814 :
272 4769 445 4835 utque
499 4764 631 4819 inde
685 4762 877 4818 statim
921 4761 1142 4833 aliquid
1192 4760 1455 4815 utilitatis
1511 4758 1721 4829 capiat,

67 4850 258 4913 exponit
281 4852 330 4905 ei
361 4853 711 4925 colloquium
743 4851 1034 4924 quoddam
1070 4868 1127 4906 se
1162 4854 1445 4921 praesente
1488 4850 1721 4916 initum,

65 4930 111 4985 in
135 4952 231 5006 quo
254 4942 441 4995 nescio
472 4942 599 5014 quis
626 4946 806 4996 certas
839 4941 908 4995 de
939 4939 1334 4995 Incarnatione
1366 4939 1534 4994 Verbi
1563 4956 1723 5011 quaa-

64 5022 241 5080 stiones
275 5030 579 5103 objecerat,
610 5048 675 5086 ea
716 5030 1066 5086 contendens
1109 5028 1290 5083 multa
1328 5030 1446 5083 Deo
1485 5028 1725 5099 indigna

61 5117 320 5174 contineri.
362 5122 507 5191 Ergo
545 5120 946 5192 Augustinum,
986 5122 1051 5173 ut
1089 5135 1186 5173 eos
1237 5118 1418 5173 nodos
1460 5117 1720 5188 explicet,

60 5210 225 5273 rogat;
256 5225 496 5281 eamque
542 5210 605 5264 in
650 5226 769 5264 rem
808 5208 993 5263 verbis
1033 5209 1230 5273 utitur,
1275 5224 1405 5278 quae
1453 5207 1559 5261 hoc
1596 5208 1721 5262 loco

59 5299 318 5349 recensere
366 5311 555 5366 operai
593 5295 845 5366 pretium
886 5293 1075 5349 fuerit.
1117 5295 1343 5348 Interest
1384 5294 1548 5359 famae
1596 5297 1720 5360 tuae,

58 5373 235 5450 inquit,
264 5388 321 5437 ut
359 5386 589 5453 quaesita
616 5386 939 5439 noverimus.
986 5385 1280 5453 Utcumque
1318 5382 1521 5451 absque
1550 5382 1722 5436 detri-

58 5474 202 5522 mento
217 5473 388 5527 cultus
402 5473 581 5528 divini
594 5476 653 5527 in
672 5474 797 5528 aliis
810 5472 1174 5528 sacerdotibus
1188 5472 1451 5526 toleratur
1465 5472 1688 5526 inscitia
1704 5488 1717 5538 ;

54 5560 102 5606 ut
134 5574 240 5613 cum
277 5562 349 5618 ad
394 5566 689 5620 antistitem
727 5564 1095 5631 Augustinum
1130 5563 1366 5629 uenitur,
1409 5561 1515 5627 legi
1550 5560 1715 5627 deest,

3438 300 3545 352 454

1847 412 2119 481 quidquid
2149 415 2437 482 contigerit
2462 415 2709 480 ignorari
2733 414 2918 481 (Ibid.,
2944 431 3001 468 η.
3033 415 3109 485 2).
3147 416 3245 469 Hic
3267 416 3443 470 solam
3474 419 3543 472 de

1842 500 2236 555 Incarnatione
2292 501 2691 573 quaestionem,
2751 518 2823 555 ne
2880 502 3174 556 brevitatis
3224 504 3543 573 epistolaris

1842 589 2047 643 oblitus
2094 589 2372 656 videatur,
2414 590 2683 661 proponit
2729 606 2742 645 :
2785 591 2884 645 sed
2933 590 3254 645 Marcellino
3304 592 3542 663 aliisque

1841 676 2106 747 plurimis
2131 677 2431 747 fatebatur,
2454 696 2568 733 non
2592 695 2771 748 pauca
2793 695 3109 749 superesse,
3134 696 3262 751 quae
3296 680 3403 734 sibi
3434 682 3545 734 vel-

1840 766 1919 819 let
1939 766 2253 820 enucleata.
2280 768 2754 837 Hujusmodierat
2774 768 3098 823 immutatio
3112 775 3281 840 atque
3308 769 3542 823 abolitio

1842 860 2329 910 sacramentorum
2362 857 2566 909 veteris
2593 857 2940 911 Testamenti
2964 874 2976 911 :
3002 874 3225 912 necnon
3255 862 3310 911 et
3342 859 3545 912 doctri-

1841 960 1931 997 nas
1965 944 2271 1014 Evangelii,
2307 945 2493 1015 quoad
2521 951 2810 1016 praecepta
2840 947 3103 1016 quaedam
3134 948 3372 1017 majora,
3408 964 3539 1001 cum

1840 1033 1953 1086 vita
1980 1032 2128 1086 civili
2178 1049 2239 1086 ac
2271 1035 2498 1103 publico
2528 1050 2839 1104 regnorum
2871 1035 3045 1101 bono,
3076 1039 3140 1088 ut
3167 1036 3276 1105 ipsi
3307 1036 3539 1106 quidem

1839 1106 2595 1192 videbatuiﬁrepugnantia.
2633 1125 2761 1176 Haec
2801 1124 2993 1177 omnia
3032 1124 3383 1177 Marcellinus
3423 1127 3538 1178 Au-

1841 1208 2068 1279 gustino
2102 1209 2457 1280 signiﬁcavit,
2492 1211 2779 1281 simulque
2821 1215 2887 1265 ut
2929 1228 3046 1265 non
3086 1212 3156 1265 iis
3184 1212 3376 1279 modo,
3411 1230 3539 1283 quae

1839 1303 2216 1368 proposuerat
2245 1299 2600 1369 Volusianus,
2636 1300 2733 1353 sed
2764 1299 2982 1353 caeteris
3012 1317 3239 1370 quoque
3270 1302 3539 1372 quaestio-

1840 1386 2009 1439 nibus
2040 1386 2407 1453 satisfaceret,
2441 1387 2753 1440 obsecravit
2785 1415 2795 1440 :
2831 1387 3087 1441 futurum
3120 1390 3295 1455 enim,
3327 1395 3388 1443 ut
3419 1391 3540 1460 ejus

1840 1491 2178 1545 responsum
2198 1476 2256 1528 in
2286 1476 2600 1529 multorum
2628 1491 2831 1529 manus
2851 1475 3163 1546 perveniat,
3194 1494 3335 1548 quos
3366 1478 3539 1532 iidem

1838 1563 1923 1617 illi
1956 1564 2353 1618 difﬁcultatum
2385 1564 2573 1635 laquei
2605 1564 2926 1635 implicatos
2952 1565 3368 1636 impeditosque
3390 1571 3541 1620 tene-

1842 1656 1987 1706 rent.
2018 1654 2201 1722 Rogat
2230 1653 2494 1722 inprimis
2524 1658 2589 1706 ut
2618 1654 2757 1706 illud
2792 1658 3049 1707 accurate
3079 1653 3348 1721 revincat,
3383 1656 3536 1725 quod

1843 1741 2127 1795 Christum
2149 1741 2514 1795 afﬁrmabant
2534 1741 2756 1795 Ethnici
2777 1742 2916 1795 nihil
2943 1759 3219 1813 unquam,
3236 1744 3385 1814 quod
3412 1745 3541 1798 alio—

1833 1846 1968 1893 rum
2000 1830 2299 1885 hominum
2328 1830 2477 1884 vires
2509 1835 2823 1901 superaret,
2858 1830 3127 1897 effecisse,
3161 1837 3331 1902 atque
3363 1832 3537 1886 etiam

1841 1920 2079 1989 majora,
2121 1936 2294 1989 quam
2333 1919 2518 1987 illum,
2560 1918 2837 1972 miracula
2874 1924 3124 1989 patrasse
3171 1922 3538 1990 Apollonium

1840 2009 2195 2076 Thianaeum,
2236 2008 2565 2080 Apuleium,
2604 2012 2659 2062 et
2696 2007 2839 2062 alios
2886 2024 2915 2061 e
2955 2023 3255 2079 magorum
3294 2025 3539 2064 numero

1841 2097 1986 2152 bene
2020 2098 2232 2151 multos
2263 2099 2459 2168 (Epist.
2496 2100 2617 2163 136,
2648 2113 2742 2151 nn.
2775 2100 2828 2163 2,
2863 2098 2936 2166 3).

1912 2189 1962 2240 2.
2027 2187 2199 2240 Batus
2267 2191 2351 2239 est
2411 2185 2763 2256 Augustinus
2821 2185 3329 2240 commentationes
3378 2187 3536 2251 alias,

1841 2271 2047 2342 quibus
2076 2271 2405 2333 desudabat,
2426 2288 2622 2324 omnes
2652 2272 3111 2326 intermittendas
3137 2277 3203 2327 ut
3232 2273 3539 2327 Volusiano

1840 2360 1961 2413 sine
1998 2360 2512 2429 procrastinatione
2559 2361 2673 2413 ulla
2719 2360 3110 2430 responderet,
3142 2365 3312 2432 atque
3362 2361 3421 2415 in
3472 2378 3540 2415 eo

1841 2449 2151 2503 multorum
2202 2465 2429 2520 quoque
2478 2448 2724 2503 aliorum
2770 2449 3121 2503 institutioni
3167 2450 3538 2520 prospiceret.

1843 2538 2027 2603 Quare
2069 2538 2336 2593 laudibus
2382 2538 2590 2608 quibus
2644 2538 2712 2591 ab
2761 2538 2858 2592 illo
2907 2543 3141 2593 ornatus
3191 2539 3394 2608 fuerat,
3440 2556 3545 2610 per

1842 2643 2128 2682 summam
2177 2627 2514 2682 modestiam
2555 2627 2806 2695 elevatis,
2843 2644 3065 2681 necnon
3106 2628 3409 2682 altitudine
3455 2645 3541 2684 sa-

1842 2731 2075 2769 crorum
2094 2713 2453 2769 voluminum
2469 2714 2579 2785 ipsi
2603 2715 2672 2768 ob
2696 2716 2891 2769 oculos
2915 2715 3120 2786 posita,
3142 2717 3541 2787 quaestionem,

1843 2822 1970 2877 quae
2000 2803 2353 2858 discutienda
2380 2810 2519 2869 erat,
2545 2804 2895 2874 aggreditur,
2918 2804 3101 2875 deque
3132 2806 3545 2859 Incarnationis

1842 2893 2110 2965 mysterio
2141 2909 2314 2963 quam
2358 2892 2805 2946 luculentissima
2838 2893 3091 2962 disputat
3128 2910 3139 2946 :
3172 2898 3295 2946 tum
3340 2894 3409 2947 de
3444 2896 3543 2948 Ec-

1843 2979 2013 3034 clesia
2042 2996 2365 3034 sermonem
2390 2980 2721 3049 instituens,
2744 2997 2869 3034 eam
2890 2980 3113 3035 ratione
3131 2998 3264 3035 sane
3283 2982 3544 3053 pulcher-

1842 3067 2009 3135 rima,
2030 3072 2082 3122 et
2109 3084 2247 3138 qua),
2262 3068 2334 3121 sit
2359 3068 2523 3139 quasi
2546 3069 2741 3139 magni
2767 3068 2855 3123 sui
2876 3069 3064 3140 operis
3090 3070 3159 3124 de
3187 3070 3419 3125 Civitate
3445 3071 3541 3126 Dei

1844 3156 2278 3226 compendium,
2315 3155 2557 3210 adstruit
2581 3156 2913 3228 asseritque.
2948 3157 3048 3210 Hic
3076 3157 3247 3212 etiam
3286 3158 3543 3212 Volusia-

1845 3261 1986 3299 num
2017 3246 2286 3300 inducere
2318 3246 2542 3313 nititur,
2575 3251 2639 3301 ut
2667 3245 2774 3301 sibi
2795 3246 3178 3301 dubitationes
3199 3264 3330 3301 suas
3350 3264 3547 3302 omnes

1845 3334 2147 3405 signiﬁcet,
2181 3335 2326 3390 nihil
2355 3336 2567 3391 veritus
2597 3353 2667 3390 ne
2695 3335 2969 3391 usitatum
3000 3336 3235 3391 modum
3276 3338 3542 3408 epistola-

1841 3441 1972 3479 rum
2015 3429 2297 3492 transeat;
2330 3425 2496 3479 illum
2541 3425 2788 3496 denique
2841 3425 3077 3479 Possidii
3124 3426 3329 3489 verbis,
3368 3442 3540 3497 quem

1840 3513 1975 3569 hinc
2005 3514 2472 3585 Hippone-Regio
2506 3514 2563 3569 id
2593 3514 2865 3585 temporis
2885 3514 3163 3568 exstitisse
3194 3514 3401 3569 merito
3431 3516 3544 3569 col-

1842 3602 2069 3673 legeris,
2122 3604 2328 3657 salutat
2395 3604 2590 3672 (Epist.
2656 3606 2798 3671 137).
2855 3602 3127 3657 Sufﬁcere
3186 3602 3540 3673 Augustinus

1842 3691 2204 3757 existimavit,
2230 3691 2277 3745 si
2296 3690 2626 3757 Volusiano,
2653 3690 2722 3746 de
2745 3690 2952 3762 quibus
2973 3690 3356 3762 interrogatus
3378 3691 3448 3745 ab
3474 3707 3540 3745 eo

1840 3780 2045 3848 fuerat,
2099 3796 2442 3852 responsum
2501 3780 2663 3834 daret
2712 3780 2912 3852 :quod
2960 3784 3155 3835 autem
3195 3780 3265 3834 ad
3296 3779 3539 3851 reliqua,

1841 3870 2046 3942 quibus
2071 3874 2127 3924 et
2156 3870 2320 3924 illum
2345 3874 2399 3924 et
2415 3869 2555 3924 alios
2585 3869 2795 3924 multos
2817 3869 2973 3940 angi,
2994 3886 3060 3924 ex
3082 3869 3286 3924 litteris
3317 3870 3543 3926 Marcel-

1841 3959 1941 4013 lini
1985 3965 2351 4031 cognoverat,
2397 3959 2507 4030 ipsi
2551 3959 2878 4014 Marcellino
2928 3976 3090 4013 suam
3139 3976 3312 4032 super
3359 3976 3427 4014 ea
3480 3976 3541 4014 re

1841 4048 2178 4102 sententiam
2207 4048 2518 4103 rescribere
2550 4048 2785 4115 maluit;
2818 4052 2901 4116 ut,
2948 4048 2995 4102 si
3023 4048 3082 4103 id
3111 4049 3193 4104 ita
3221 4049 3537 4103 conducere

1832 4136 2129 4205 judicaret,
2159 4137 2463 4207 epistolam
2487 4137 2669 4209 ipsius
2692 4137 3122 4207 ostenderetiis,
3147 4139 3247 4209 qui
3268 4139 3377 4193 sibi
3410 4154 3538 4191 mo-

1838 4225 2064 4280 lestiam
2110 4226 2245 4280 talia
2292 4230 2569 4296 perpetuo
2613 4227 2964 4298 objectantes
3010 4227 3399 4293 facescebant;
3440 4232 3539 4281 aut

1840 4313 1945 4368 sibi
1984 4314 2144 4385 prius
2194 4315 2563 4385 signiﬁcaret,
2603 4316 2880 4386 quidnam
2932 4315 3036 4383 illi,
3082 4316 3235 4386 quod
3281 4314 3539 4369 sufﬁcere

1837 4406 2048 4474 posset,
2080 4403 2408 4457 addendum
2447 4404 2738 4460 videretur
2764 4406 2962 4476 (Epist.
2996 4408 3114 4471 138,
3154 4420 3212 4457 n.
3250 4406 3316 4472 1).
3352 4404 3536 4459 Visuri

1839 4508 2035 4547 sumus
2061 4492 2129 4547 ad
2160 4508 2378 4547 annum
2399 4494 3035 4566 quadringentesimum
3059 4492 3400 4563 vigesimum
3423 4493 3537 4564 pri-

1836 4597 2013 4648 mum,
2044 4581 2353 4636 Volusiano
2382 4583 2547 4638 Urbis
2575 4583 2843 4654 praefecto
2875 4582 3230 4653 rescriptum,
3267 4600 3380 4654 quo
3413 4585 3536 4638 Cm-

1836 4670 2031 4725 lestius
2059 4686 2122 4724 ac
2142 4671 2407 4742 Pelagius
2437 4671 2499 4726 in
2528 4672 2791 4727 exsilium
2814 4670 3291 4738 amandabantur,
3315 4672 3487 4727 fuisse
3506 4690 3537 4726 a

1837 4758 2165 4813 Constantio
2213 4759 2559 4815 destinatum
2612 4761 2873 4830 (Photius,
2904 4759 3162 4814 Biblioth.
3203 4761 3377 4816 codice
3419 4762 3534 4833 53).

1837 4848 1941 4902 Cui
1969 4865 2136 4903 suum
2181 4865 2410 4921 quoque
2456 4848 2797 4903 Volusianus
2846 4847 3059 4902 addens
3095 4848 3363 4917 edictum,
3412 4852 3537 4906 Coe-

1835 4938 2064 4992 lestium
2106 4938 2314 4993 divinm
2352 4937 2490 4992 ﬁdei
2532 4942 2588 4991 et
2636 4936 2843 5007 quietis
2886 4937 3132 5007 publica;
3180 4939 3531 4994 turbatorem

1836 5032 1994 5081 vocat
2021 5027 2265 5096 (Baron.,
2289 5027 2363 5080 ad
2382 5042 2510 5080 ann.
2543 5027 2666 5091 420,
2700 5042 2754 5079 η.
2790 5026 2864 5097 3).
2897 5026 3007 5080 Sed
3038 5027 3192 5081 enim
3214 5028 3345 5083 hinc
3371 5028 3533 5082 illum

1837 5116 2060 5170 Christo
2111 5132 2327 5169 nomen
2366 5114 2584 5168 dedisse
2628 5114 2784 5169 haud
2831 5132 3121 5187 quaquam
3169 5117 3445 5188 sequitur,
3489 5118 3534 5171 si

1834 5205 2005 5259 modo
2062 5204 2215 5259 idem
2264 5204 2359 5257 ille
2409 5203 2502 5271 sit,
2545 5205 3029 5274 quemadmodum
3071 5206 3223 5277 apud
3271 5206 3533 5260 Photium

1834 5293 2027 5364 legere
2077 5297 2181 5360 est,
2213 5292 2313 5365 qui
2353 5296 2560 5346 sanctas
2602 5294 2854 5349 Melaniae
2900 5296 3247 5361 avunculus;
3282 5295 3535 5365 quando-

1837 5382 2071 5454 quidem
2100 5382 2169 5449 is,
2201 5386 2263 5437 ut
2294 5381 2549 5437 animam
2589 5383 2877 5455 Baptismo
2916 5384 3186 5455 expiaret,
3220 5384 3289 5437 ab
3321 5384 3536 5439 sororis

1834 5471 1953 5526 ﬁlia
1982 5471 2233 5527 multum
2271 5475 2486 5539 oratus,
2520 5471 2766 5529 instante
2797 5474 3031 5528 demum
3061 5472 3241 5539 obitu,
3273 5472 3534 5544 abjurato

1837 5560 2143 5616 Gentilium
2174 5578 2364 5617 errore
2394 5561 2687 5618 traductus
2717 5566 2799 5618 est
2836 5561 2907 5615 ad
2940 5558 3229 5615 Christum
3256 5565 3312 5617 et
3350 5562 3533 5634 bapti-
