3912 6174
267 245 372 299 435

269 381 387 419 non
419 363 551 417 satis
576 367 813 417 constat.
841 361 948 416 Sed
988 361 1050 414 in
1079 361 1184 414 hac
1223 376 1322 413 eos
1350 359 1504 429 ipsos
1543 357 1850 428 Scripturae
1886 357 1970 411 lo-

271 468 387 512 cos,
420 450 519 522 qui
558 451 680 520 jam
724 448 785 502 in
833 447 1144 504 Collatione
1196 444 1432 501 discussi
1482 445 1727 511 fuerant,
1777 459 1972 498 rursus

268 539 527 610 proferre
558 555 673 592 non
705 537 1045 591 verebantur
1070 553 1081 590 :
1108 536 1280 588 istum
1315 533 1579 587 videlicet
1606 549 1672 586 ex
1698 533 1971 603 Apostolo

271 627 537 698 petitum,
566 627 742 682 Nolite
773 627 968 694 jugum
1010 624 1202 678 ducere
1231 639 1349 676 cum
1388 621 1698 692 inﬁdelibus
1740 622 1812 690 (Il
1849 622 1969 677 Cor.

271 733 345 776 v1,
393 716 499 785 14),
543 715 796 784 aliosque
837 711 1205 782 hujusmodi;
1252 710 1349 764 sed
1391 709 1680 780 praecipue
1723 713 1972 763 ostenta-

270 805 410 859 bant
439 804 601 857 illum
632 802 848 872 Aggaei,
895 802 1229 872 Quicumque
1257 799 1539 852 accesserit
1573 799 1686 864 illo,
1715 800 1975 866 inquina-

273 896 419 950 bitur
464 894 676 962 (Aggaei
723 909 780 958 ιι,
836 892 950 959 14).
1003 888 1217 943 Ibidem
1265 887 1620 941 conabantur
1667 888 1970 959 explicare,

272 983 422 1054 quod
452 982 511 1034 in
553 979 861 1034 Collatione
895 978 1180 1044 dixerant,
1225 977 1466 1031 Causam
1503 993 1708 1045 causae,
1750 983 1806 1030 et
1846 993 1966 1047 per-

271 1086 468 1125 sonam
499 1085 615 1122 non
641 1066 1026 1138 p’razjudicare
1057 1081 1319 1136 personae
1358 1065 1468 1134 (Ad
1507 1067 1815 1119 Donatistas
1853 1072 1977 1134 post

272 1159 496 1219 Collat.,
543 1173 599 1210 η.
641 1157 750 1224 25).
806 1154 1202 1208 Causabantur
1245 1152 1584 1207 sententiam
1634 1158 1809 1206 noctu
1849 1169 1977 1222 pro-

272 1246 593 1301 nuntiatam
637 1260 757 1298 esse
790 1244 984 1314 (Ibid.,
1033 1259 1127 1297 nn.
1185 1245 1270 1301 l6,
1318 1243 1409 1308 20,
1462 1243 1582 1309 58);
1618 1258 1676 1294 se
1718 1241 1870 1312 ipsos
1916 1241 1977 1294 in

274 1334 604 1390 Collationis
643 1334 766 1387 loco
802 1331 963 1402 quasi
1011 1331 1074 1384 in
1119 1347 1343 1384 carcere
1391 1330 1672 1396 inclusos;
1722 1334 1976 1400 ereptam

275 1423 383 1476 sibi
413 1421 740 1476 facultatem
771 1420 967 1482 libere,
1000 1435 1130 1489 qua:
1159 1419 1393 1484 vellent,
1423 1418 1483 1472 in
1508 1418 1763 1473 medium
1787 1418 1976 1489 profe-

274 1511 468 1577 rendi;
504 1515 559 1564 et
589 1509 740 1580 quod
770 1525 900 1562 cum
922 1507 1097 1578 judex
1129 1507 1304 1562 ﬁdem
1321 1507 1658 1562 catholicam
1679 1508 1975 1577 profitere-

275 1605 387 1666 tur,
438 1599 613 1653 etiam
662 1596 1033 1668 propensiore
1075 1596 1268 1650 animo
1308 1595 1507 1650 fuisset
1553 1596 1613 1649 in
1661 1596 1978 1650 Catholicos

277 1691 381 1759 (De
431 1689 602 1745 Gestis
650 1702 770 1741 cum
816 1688 1078 1752 Emerita,
1125 1701 1187 1739 η.
1243 1685 1326 1754 2).
1385 1685 1665 1738 Emeritus
1716 1685 1980 1739 defensor

279 1793 481 1831 eorum
500 1775 561 1829 in
586 1773 901 1828 Collatione
927 1772 1254 1843 praecipuus
1280 1773 1598 1840 (Possidius,
1628 1775 1683 1826 in
1708 1776 1842 1827 Vita
1863 1774 1976 1827 Au-

277 1867 505 1934 gustini,
545 1881 590 1918 c.
631 1864 740 1930 14),
782 1861 1005 1932 aliquot
1047 1866 1176 1931 post
1215 1861 1401 1928 annis,
1443 1860 1687 1915 fueritne
1726 1862 1979 1915 auctori-

277 1955 393 2006 tate
427 1951 628 2016 victus,
670 1966 743 2003 an
783 1949 1043 2020 potentia
1091 1965 1416 2020 oppressus,
1465 1949 1698 2004 cuilibet
1745 1967 1810 2004 ex
1843 1950 1981 2021 ipsis

279 2040 416 2096 actis
456 2046 650 2111 patere
697 2039 924 2094 dicebat
971 2040 1063 2109 (De
1111 2039 1288 2094 Gestis
1317 2054 1438 2092 cum
1484 2037 1764 2105 Emerito.,
1795 2053 1858 2091 η.
1907 2038 1978 2104 3).

276 2133 421 2185 Tum
459 2146 594 2184 vero
633 2128 774 2199 ipse,
816 2144 949 2183 cum
987 2127 1086 2181 alii
1120 2127 1375 2198 judicem
1428 2143 1458 2180 a
1501 2126 1803 2181 Catholicis
1842 2143 1981 2180 auro

281 2223 617 2288 corruptum
667 2209 840 2271 fuisse
891 2217 950 2269 in
997 2218 1200 2286 vulgus
1247 2220 1579 2284 sparserunt
1609 2214 1796 2285 (Ibid.,
1825 2231 1860 2268 η
1912 2217 1977 2281 2;

281 2307 373 2362 Ad
400 2308 711 2361 Donatistas
736 2309 858 2374 post
899 2306 1117 2372 σοαπ,
1163 2320 1262 2358 nn.
1307 2308 1353 2371 l,
1389 2307 1474 2372 39,
1506 2307 1593 2370 57,
1639 2304 1759 2370 etc.)
1789 2304 1980 2367 Quan-

283 2411 456 2467 quam
498 2410 629 2448 vero
683 2396 1094 2463 Imperatorem
1143 2392 1572 2463 appellaverint,
1611 2391 1984 2446 nihilominus

281 2490 474 2538 tamen
505 2482 688 2536 tertiae
720 2481 1046 2536 Collationis
1074 2486 1196 2534 acta
1225 2480 1482 2552 perinde,
1517 2487 1691 2552 atque
1721 2481 1981 2552 superio-

284 2588 414 2627 rum
443 2573 706 2637 duarum,
739 2570 1194 2641 subscripserant
1227 2587 1239 2624 :
1274 2571 1371 2625 sed
1410 2586 1694 2642 nusquam
1721 2570 1838 2624 fere
1869 2587 1982 2624 non

284 2660 492 2726 addito,
537 2661 687 2714 salva
720 2659 1104 2730 appellatione
1146 2673 1205 2713 se
1250 2658 1627 2713 subscribere.
1678 2658 1984 2714 Marcellini

284 2749 640 2820 subscriptio,
673 2747 901 2802 tametsi
939 2747 1192 2817 primum
1242 2763 1302 2801 se
1351 2746 1806 2816 subscripturum
1859 2764 1985 2817 spo-

283 2837 598 2909 pondisset,
629 2841 820 2891 tamen
849 2836 1086 2890 omnino
1117 2836 1177 2889 in
1207 2835 1382 2890 trium
1415 2836 1637 2890 dierum
1668 2836 1804 2890 actis
1833 2836 1982 2890 desi-

287 2929 542 2983 deratur.
579 2931 650 2981 At
673 2925 799 2980 fieri
822 2941 956 2979 sane
981 2925 1186 2996 potuit,
1220 2930 1284 2980 ut
1309 2925 1564 2996 partibus
1585 2925 1645 2980 in
1670 2925 1730 2980 id
1754 2942 1985 2980 consen-

284 3017 558 3071 tientibus
588 3017 693 3070 hoc
721 3031 895 3069 onere
924 3014 1196 3069 liberatus
1226 3013 1415 3068 fuerit.

357 3109 408 3159 5.
439 3105 587 3168 Quin
609 3107 731 3158 acta
754 3102 1106 3169 Collationis,
1131 3102 1227 3156 ubi
1251 3102 1502 3172 primum
1524 3104 1682 3157 fuere
1703 3104 1987 3175 descripta

287 3192 642 3258 concinnius,
675 3191 902 3262 publice
932 3191 1224 3262 proposita
1253 3191 1486 3258 fuerint,
1519 3192 1662 3245 nulli
1693 3209 1986 3246 censemus

289 3279 714 3350 ambigendum.
751 3280 816 3332 Et
845 3278 957 3330 huc
985 3277 1221 3331 indubie
1251 3277 1610 3332 referendum
1639 3284 1724 3332 est
1754 3279 1988 3349 subjun-

288 3372 442 3424 ctum
474 3371 741 3422 extrema:
773 3366 1073 3421 Collationi
1097 3367 1418 3436 Cognitoris
1449 3367 1717 3421 edictum.
1742 3368 1847 3422 Sed
1872 3385 1988 3423 non

288 3456 365 3510 ita
395 3456 760 3528 perspicuum
791 3460 892 3524 est,
935 3471 1006 3509 an
1037 3456 1141 3508 hoc
1167 3454 1364 3508 haberi
1396 3455 1599 3510 debeat
1629 3473 1731 3526 pro
1762 3460 1989 3511 senten-

287 3546 368 3600 tia
414 3546 724 3600 secundum
765 3544 1082 3600 Catholicos
1122 3544 1508 3615 pronuntiata,
1541 3561 1654 3615 qua
1683 3544 1798 3610 ille,
1849 3551 1988 3599 teste

288 3635 626 3704 Augustino,
672 3633 867 3687 omnia
932 3649 1060 3704 quae
1114 3633 1182 3687 de
1249 3635 1472 3703 prolixa
1527 3633 1701 3687 trium
1765 3634 1989 3689 dierum

291 3723 509 3777 actione
525 3721 714 3792 potuit
736 3722 1032 3782 recordari,
1055 3723 1385 3792 complexus
1411 3727 1495 3775 est
1527 3723 1760 3790 (Brevic.
1798 3725 1986 3778 Collat.

289 3817 340 3878 3,
373 3828 430 3864 η.
463 3813 572 3880 43).
604 3812 719 3864 Hoc
749 3814 939 3864 autem
967 3810 1027 3862 in
1047 3810 1236 3864 edicto
1267 3810 1565 3880 sequentia
1597 3811 1844 3865 declarat
1872 3816 1992 3864 tan-

292 3915 463 3970 quam
486 3897 908 3953 evidentissime
930 3899 1169 3968 probata
1191 3898 1406 3968 (Labbe,
1425 3903 1548 3952 tom.
1566 3901 1615 3962 2,
1629 3915 1760 3967 pag.
1792 3903 1941 3967 1505)
1974 3917 1986 3954 :

291 3987 476 4041 Alieni
525 3985 748 4039 sceleris
788 4001 934 4038 noxa
982 3986 1158 4039 alium
1207 3985 1332 4039 fieri
1379 4001 1541 4039 reum
1592 3987 1828 4040 omnino
1875 4004 1992 4043 non

291 4091 483 4146 posse;
517 4079 690 4145 atque
720 4073 862 4127 adeo
895 4089 1011 4126 non
1049 4073 1302 4144 potuisse
1344 4073 1649 4128 Ecclesiam
1686 4076 1901 4130 collatis
1931 4076 1990 4130 in

294 4162 657 4218 Caecilianum
705 4161 1042 4216 criminibus
1099 4162 1284 4229 infici;
1334 4179 1522 4233 neque
1583 4168 1775 4218 tamen
1827 4165 1991 4220 illum

291 4252 522 4307 admissi
549 4249 866 4321 cujuspiam
897 4248 1218 4304 convictum
1248 4251 1364 4304 ullo
1387 4251 1557 4305 modo
1579 4251 1783 4320 fuisse;
1809 4268 1988 4324 quan-

293 4341 604 4413 doquidem
638 4339 692 4395 ei
713 4339 1049 4406 Concilium,
1074 4355 1106 4393 a
1127 4355 1240 4411 quo
1266 4339 1374 4394 fuit
1398 4340 1684 4394 inauditus
1714 4346 1768 4396 et
1788 4343 1991 4396 absens

290 4431 720 4497 condemnatus,
745 4429 971 4484 officere
993 4429 1147 4483 haud
1167 4428 1348 4498 magis
1362 4430 1556 4493 valuit,
1579 4447 1748 4501 quam
1773 4431 1992 4486 absenti

292 4535 518 4590 quoque
559 4518 850 4572 Primiano
881 4516 1430 4574 Maximianistarum
1471 4519 1721 4588 synodus
1761 4535 1773 4572 :
1821 4520 1991 4574 fuisse

293 4613 485 4662 autem
506 4608 747 4662 crimine
768 4609 1075 4664 liberatum
1095 4607 1154 4662 in
1186 4606 1381 4661 multis
1403 4607 1816 4676 posterioribus
1835 4609 1990 4680 judi-

292 4697 420 4762 ciis;
451 4699 738 4751 Donatum
769 4714 902 4751 vero
935 4701 1222 4752 auctorem
1255 4695 1477 4750 discidii
1507 4696 1942 4766 pronuntiatum
1974 4715 1986 4752 :

295 4785 533 4839 Felicem
590 4787 1021 4856 Aptungensem
1070 4787 1139 4839 de
1188 4784 1543 4838 calumniosa
1591 4785 1989 4841 criminatione

291 4872 553 4926 similiter
583 4871 641 4925 in
674 4873 918 4926 solemni
940 4871 1157 4943 judicio
1186 4877 1496 4943 purgatum
1529 4888 1671 4928 esse.
1708 4874 1990 4928 Perstrin-

291 4963 374 5034 git
403 4961 483 5017 ibi
505 4961 930 5017 Donatistarum
954 4961 1354 5032 pertinaciam,
1378 4961 1585 5032 quibus
1609 4962 1797 5032 perire
1821 4962 1881 5016 in
1910 4980 1991 5016 er-

291 5068 421 5106 rore
452 5069 575 5119 suo,
609 5068 782 5122 quam
826 5051 1003 5105 libere
1044 5051 1105 5105 in
1147 5051 1298 5106 viam
1329 5051 1528 5105 salutis
1570 5051 1779 5117 redire,
1813 5053 1991 5106 satius

290 5141 628 5197 videbatur:
669 5144 846 5211 utque
874 5139 1193 5210 periculum
1227 5140 1414 5206 faciat,
1457 5156 1596 5194 num
1632 5141 1796 5206 forte,
1839 5141 1991 5210 quod

292 5231 362 5287 ab
389 5231 469 5287 eis
498 5229 755 5285 obtinere
786 5229 870 5282 vis
897 5229 1149 5284 veritatis
1181 5246 1296 5283 non
1327 5229 1522 5296 valuit,
1557 5227 1628 5282 sit
1658 5243 1993 5299 expressura

292 5319 586 5388 severitas;
621 5323 718 5373 aut
757 5319 958 5372 saltem
985 5317 1307 5388 prohibeat,
1338 5334 1410 5371 ne
1460 5333 1633 5388 quam
1672 5317 1798 5385 sibi,
1831 5333 1988 5371 eam-

291 5407 421 5462 dem
452 5424 678 5480 quoque
701 5407 826 5462 aliis
854 5405 1164 5478 perniciem
1196 5406 1455 5472 afferant,
1478 5405 1811 5477 gravissima
1843 5406 1989 5459 mul-

292 5499 380 5549 cta
401 5497 692 5568 proposita
720 5496 908 5564 edicit,
936 5501 1002 5551 ut
1037 5510 1237 5550 omnes
1275 5494 1535 5549 omnium
1573 5495 1842 5550 ordinum
1885 5494 1986 5548 viri

1471 235 1640 289 Vl'l‘A
1698 235 1751 289 S.
1817 233 2198 290 AUGUSTINI
2258 233 2597 290 EPISCOPL
3683 235 3780 288 436

2083 356 2419 428 provideant
2447 371 2552 428 pro
2583 371 2686 409 sua
2708 355 2877 421 virili,
2911 371 2982 408 ne
3012 359 3321 410 conventus
3351 356 3584 410 illorum
3606 360 3708 409 aut
3726 356 3781 411 in

2081 444 2340 508 urbibus,
2381 449 2479 499 aut
2517 442 2743 514 uspiam
2781 441 3016 497 omnino
3056 441 3251 498 sinant
3287 443 3478 511 coire;
3527 445 3783 514 itemque

2082 533 2218 588 dent
2246 549 2502 604 operam,
2535 537 2597 586 ut
2643 531 2894 586 ecclesias
2923 547 3026 584 suo
3057 529 3235 602 ipsius
3269 531 3435 602 jussu
3477 532 3786 586 Donatistis

2084 625 2213 675 ante
2248 620 2623 676 Collationem
2670 619 2930 686 reddita},
2963 635 3138 690 quam
3185 620 3440 690 primum
3486 622 3789 676 tradantur

2085 707 2410 764 Catholieis.
2451 711 2748 763 Persancte
2777 709 3044 768 aﬂirmat,
3069 724 3166 762 eos
3187 708 3290 779 qui
3313 711 3435 780 jam
3460 710 3710 765 istorum
3734 711 3786 764 in

2085 797 2388 852 factionem
2428 797 2827 868 transfugiant,
2859 812 3088 866 poenam
3123 797 3349 868 legibus
3394 814 3568 868 super
3607 814 3681 852 ea
3735 815 3788 852 re

2084 886 2486 957 promulgatis,
2536 886 2633 940 sed
2678 885 2924 940 necdum
2978 890 3172 940 tamen
3227 885 3397 957 plene
3451 887 3790 953 observatis,

2087 975 2455 1030 constitutam
2475 975 2650 1029 vitare
2680 973 2919 1028 ulterius
2950 991 3063 1028 non
3085 991 3272 1045 posse.
3300 977 3444 1030 Item
3466 975 3786 1041 universos,

2088 1065 2187 1136 qui
2218 1063 2708 1119 Circumcelliones
2739 1063 2798 1117 in
2828 1064 2943 1117 suis
2967 1064 3199 1134 prmdiis
3228 1065 3557 1131 habuerint,
3588 1082 3792 1120 eorum

2087 1157 2324 1206 conatus
2362 1153 2656 1207 seditiosos
2694 1168 2949 1206 coercere
2983 1152 3147 1223 jubet
3179 1170 3190 1207 :
3229 1153 3329 1224 qui
3365 1153 3424 1207 ni
3468 1153 3793 1224 paruerint,

2089 1241 2210 1294 loca
2239 1241 2335 1294 illa
2358 1259 2390 1295 a
2417 1241 2550 1295 fisco
2579 1257 2714 1297 mox
2744 1241 3106 1311 occupanda;
3142 1241 3353 1312 quippe
3378 1241 3482 1295 hoc
3513 1257 3634 1296 non
3667 1241 3794 1295 ﬁdei

2089 1329 2376 1384 catholicae
2428 1334 2668 1396 tantum,
2704 1331 2804 1384 sed
2845 1330 3015 1384 etiam
3063 1329 3310 1401 publica:
3357 1330 3794 1402 tranquillitatis

2086 1419 2381 1474 interesse.
2425 1421 2692 1472 Attamen
2737 1435 3060 1473 concessam
3111 1419 3294 1473 edicto
3342 1436 3446 1474 suo
3495 1420 3795 1491 superiore

2089 1506 2397 1562 Donatistis
2427 1511 2779 1561 commeatus
2800 1507 3162 1561 securitatem
3189 1507 3559 1576 confirmans,
3585 1525 3664 1562 ne
3687 1525 3796 1579 qua

2090 1595 2302 1650 reditus
2331 1595 2443 1650 illis
2482 1596 2912 1662 intercludatur,
2965 1600 3132 1663 vetat,
3167 1596 3345 1651 donec
3389 1596 3508 1651 suis
3553 1597 3796 1668 quisque

2091 1684 2320 1738 sedibus
2349 1684 2552 1739 redditi
2581 1685 2891 1750 declarent,
2924 1691 3120 1739 utrum
3147 1686 3216 1738 ad
3244 1685 3552 1739 Ecclesiam
3579 1686 3791 1751 redire,

2093 1779 2263 1844 atque
2295 1787 2390 1826 eas
2419 1773 2792 1840 conditiones,
2817 1789 2957 1844 quas
2982 1773 3096 1827 illis
3119 1774 3243 1844 jam
3263 1777 3394 1827 ante
3422 1775 3798 1828 Collationem

2092 1862 2435 1930 obtulerant,
2466 1877 2530 1915 ac
2575 1861 2746 1916 etiam
2789 1866 2926 1916 tunc
2961 1862 3280 1916 offerebant
3319 1862 3621 1928 Catholici,
3660 1863 3799 1917 acci-

2091 1967 2228 2021 pere
2272 1951 2508 2005 demum
2549 1949 2833 2004 sententia
2876 1955 3044 2004 esset.
3107 1951 3366 2005 Testatur
3419 1967 3654 2022 quoque
3678 1953 3796 2022 jam

2092 2041 2321 2108 peracta
2364 2037 2678 2093 Collatione
2723 2039 3102 2110 Augustinus,
3147 2039 3454 2110 episcopali
3511 2040 3792 2111 dignitate

2092 2126 2218 2180 illos
2245 2143 2358 2181 non
2388 2126 2658 2194 abdicari,
2682 2127 2781 2198 qui
2802 2143 2860 2181 se
2879 2127 2951 2181 ad
2972 2127 3307 2182 catholicam
3329 2129 3797 2184 communionem

2092 2215 2400 2283 referrent;
2423 2215 2670 2285 tametsi,
2695 2215 2791 2286 qui
2816 2216 3115 2286 praefracto
3138 2216 3331 2269 animo
3352 2219 3796 2286 perseverabant

2093 2305 2153 2358 in
2192 2320 2404 2372 errore,
2435 2304 2571 2358 hinc
2601 2304 2970 2375 superbiendi
3003 2320 3200 2358 ansam
3239 2309 3514 2375 caperent
3555 2306 3673 2376 (Ad
3711 2310 3799 2361 D0-

2093 2397 2325 2448 natistas
2361 2399 2483 2463 post
2521 2395 2736 2464 σοαπ,
2772 2411 2828 2448 n.
2863 2398 2969 2465 58).
3011 2395 3365 2450 Marcellinus
3396 2397 3796 2466 appellationis

2096 2483 2518 2536 Donatistarum
2549 2499 2651 2537 suo
2681 2482 2740 2536 in
2771 2483 2951 2538 edicto
2984 2483 3210 2538 disertis
3228 2483 3413 2537 verbis
3446 2500 3567 2538 non
3599 2485 3795 2538 memi~

2095 2573 2180 2627 nit
2211 2589 2224 2627 :
2257 2573 2363 2626 hoc
2388 2572 2665 2626 nimirum
2696 2572 2837 2626 nihil
2868 2573 3044 2640 aliud,
3076 2589 3249 2644 quam
3271 2573 3601 2644 superiores
3633 2574 3795 2644 leges,

2097 2661 2221 2732 ipso
2254 2660 2622 2732 Imperatoris
2651 2661 2720 2715 de
2761 2661 3021 2716 habenda
3063 2661 3374 2716 Collatione
3405 2663 3685 2716 mandato
3713 2679 3793 2716 re-

2094 2754 2349 2816 novatas,
2380 2749 2668 2804 observari
2692 2749 2885 2820 jubet.
2933 2751 3253 2804 Marcellino
3285 2750 3409 2820 jam
3449 2749 3572 2804 vita
3616 2751 3797 2804 functo

2101 2837 2377 2892 Bonorius
2395 2843 2554 2909 gesta
2576 2837 2906 2893 Collationis
2931 2839 3055 2909 lege
3077 2837 3242 2892 tertio
3263 2838 3548 2892 kalendas
3569 2846 3798 2910 septem-

2096 2926 2214 2981 bris
2235 2925 2370 2980 anni
2383 2942 2553 2998 supra
2574 2926 3203 2998 quadringentesimum
3227 2927 3435 2981 decimi
3453 2929 3654 2998 quarti
3684 2929 3799 2982 data

2096 3014 2470 3082 confirmavit,
2504 3018 2560 3069 et
2587 3019 2710 3069 rata
2739 3019 2911 3086 atque
2942 3015 3201 3086 legitima
3229 3015 3429 3070 haberi
3469 3016 3660 3071 voluit
3692 3018 3798 3087 (Co-

2098 3103 2216 3158 dice
2249 3103 2466 3169 Theod.,
2500 3103 2565 3156 de
2587 3105 2888 3170 Heereticis,
2925 3105 3036 3173 lege
3062 3104 3166 3173 55).

2169 3195 2220 3246 6.
2258 3192 2462 3246 Eadem
2487 3193 2650 3246 Gesta
2678 3190 3100 3263 vigilantissimi
3130 3191 3342 3264 quique
3373 3191 3796 3264 episcoporum,

2100 3295 2162 3333 ac
2217 3279 2579 3350 potissimum
2633 3280 3113 3352 Carthaginensis,
3167 3280 3572 3351 Hipponensis,
3630 3283 3798 3351 Taga-

2099 3369 2323 3436 stensis,
2358 3374 2409 3424 et
2451 3369 2957 3440 Constantinensis,
2989 3385 3092 3441 per
3130 3369 3630 3441 quadragesimale
3654 3371 3798 3441 jeju-

2099 3456 2279 3521 nium,
2322 3473 2434 3527 quo
2483 3463 2740 3528 tempore
2785 3459 2932 3512 hanc
2976 3458 3177 3513 audire
3217 3458 3526 3513 lectionem
3586 3462 3797 3530 populo

2099 3545 2281 3617 magis
2312 3546 2560 3614 vacabat,
2593 3563 2626 3600 a
2656 3546 2839 3614 capite
2866 3547 2939 3601 ad
2977 3547 3186 3600 calcem
3217 3547 3495 3601 curabant
3525 3547 3754 3602 recitari
3785 3563 3796 3599 :

2100 3634 2336 3706 ipseque
2384 3635 2526 3690 adeo
2572 3635 2945 3706 Augustinus,
2977 3651 3106 3690 cum
3157 3651 3308 3689 anno
3351 3635 3798 3706 quadringente-

2101 3724 2244 3777 simo
2276 3724 2495 3778 decimo
2527 3729 2722 3778 octavo
2761 3730 2910 3779 esset
2940 3724 3230 3788 Caesarem,
3265 3725 3537 3778 Deuterio
3566 3725 3798 3795 hujusce

2101 3811 2339 3866 civitatis
2363 3812 2623 3878 antistiti,
2661 3812 2731 3866 ad
2755 3811 3099 3868 imitandum
3132 3813 3400 3868 eumdem
3431 3829 3676 3880 morem,
3708 3831 3795 3867 au-

2101 3905 2316 3954 ctorem
2347 3917 2406 3954 se
2442 3904 2612 3971 atque
2652 3901 3005 3956 hortatorem
3042 3901 3292 3972 praebuit
3339 3905 3431 3971 (De
3471 3903 3648 3958 Gestis
3684 3917 3792 3956 cum

2103 3991 2355 4057 Emerita,
2391 3991 2548 4058 11.4).
2603 3989 2801 4060 Signat
2846 3991 3001 4044 haud
3049 3990 3220 4045 dubie
3268 3995 3426 4061 gesta
3476 3991 3578 4045 illa
3614 4006 3718 4044 suo
3747 3992 3797 4043 in

2103 4078 2378 4132 Chronico
2408 4077 2644 4145 ldacius,
2677 4078 2776 4133 ubi
2806 4079 2874 4133 ad
2914 4095 3129 4132 annum
3172 4079 3798 4150 quadringentesimum

2103 4167 2502 4220 duodecimum
2527 4168 2990 4236 aitzAugustinus
3007 4167 3234 4222 habetur
3249 4170 3485 4236 insignis
3510 4185 3522 4222 :
3549 4171 3694 4223 inter
3719 4183 3799 4221 cu-

2094 4257 2190 4326 jus
2225 4256 2410 4310 studia
2460 4259 2767 4326 magniﬁca,
2812 4259 3131 4312 Donatistas
3172 4257 3239 4310 ab
3279 4272 3335 4310 eo
3378 4259 3477 4311 Dei
3526 4257 3798 4326 aab'utorio

2101 4349 2381 4414 superatos
2424 4344 2659 4414 probata
2695 4345 2829 4414 ﬁdes
2875 4345 3205 4400 demonstrat
3251 4346 3532 4400 Actorum.
3583 4346 3694 4399 Nec
3739 4360 3800 4397 ea

2104 4449 2237 4487 sane
2264 4434 2496 4487 fuerunt
2524 4433 2816 4504 incognita
2842 4433 3046 4488 Graecis
3079 4451 3090 4488 :
3126 4433 3356 4505 quando
3400 4433 3605 4505 quinta
3634 4449 3795 4503 syno-

2105 4521 2208 4578 dus
2239 4537 2306 4573 ex
2337 4519 2645 4574 centesimo
2677 4520 3027 4591 octogesimo
3059 4520 3300 4592 septimo
3331 4521 3516 4574 tertiae
3543 4519 3801 4576 Collatio-

2103 4608 2195 4662 nis—
2217 4609 2454 4663 articulo
2495 4609 2667 4663 verba
2696 4609 2962 4680 quasdam
2993 4608 3298 4678 Augustini
3323 4609 3564 4678 profert,
3599 4609 3799 4681 quibus

2103 4697 2270 4751 licere
2315 4697 2616 4751 anathema
2662 4697 2722 4751 in
2771 4698 3141 4753 demortuum
3181 4698 3390 4764 dicere,
3423 4698 3797 4752 demonstret.

2102 4787 2239 4838 Acta
2268 4784 2520 4855 priorum
2552 4785 2796 4840 duarum
2837 4786 3231 4853 Collationum,
3265 4803 3396 4841 cum
3425 4792 3591 4857 parte
3625 4786 3799 4841 tertiae

2103 4873 2174 4926 ad
2204 4878 2453 4928 nostram
2499 4879 2723 4929 aetatem
2769 4877 2965 4946 usque
3000 4880 3402 4947 pervenerunt,
3453 4876 3552 4931 sed
3585 4874 3802 4930 mendis

2101 4963 2309 5016 fcedata
2333 4964 2722 5032 compluribus
2777 4965 2916 5019 Cum
2965 4981 3032 5018 ea
3069 4981 3240 5035 porro
3287 4964 3623 5036 longissima
3668 4964 3798 5029 sint,

2103 5055 2159 5105 et
2202 5050 2656 5122 impeditissimis
2702 5068 2896 5107 rerum
2926 5053 3264 5124 ambagibus
3307 5053 3604 5124 implicata
3633 5057 3796 5122 atque

2103 5140 2172 5194 ad
2203 5141 2511 5210 legendum
2542 5142 2810 5208 molesta;
2848 5143 3141 5196 Marcellus
3167 5141 3425 5213 quidam,
3453 5158 3633 5212 quem
3659 5156 3798 5195 non-

2104 5229 2247 5283 nihil
2268 5229 2618 5285 auctoritatis
2639 5230 2701 5284 in
2730 5230 2838 5284 hoc
2862 5230 3079 5302 judicio
3101 5228 3457 5285 Marcellinus
3479 5229 3684 5283 habere
3703 5242 3800 5279 vo-

2103 5318 2306 5386 luerat,
2341 5319 2398 5372 in
2439 5320 2842 5390 compendium
2873 5319 3000 5390 ipsa
3027 5319 3308 5390 redigere,
3338 5335 3372 5372 a
3410 5316 3709 5372 Severiano
3741 5319 3797 5368 et

2099 5406 2340 5471 Juliano,
2378 5407 2696 5462 Catholicus
2735 5407 2995 5462 videlicet
3041 5425 3069 5462 a
3101 5406 3403 5463 Catholicis
3435 5411 3663 5476 rogatus
3687 5408 3790 5456 est.

2104 5497 2289 5550 Exstat
2321 5495 2506 5551 adhuc
2531 5497 2789 5568 epistola,
2817 5513 2931 5568 qua
2960 5497 3230 5552 certiores
3267 5511 3365 5550 eos
3393 5496 3680 5550 Marcellus
3707 5491 3792 5547 fa-
