3912 6174
118 254 204 304 437
775 299 781 302 _
1508 237 1723 294 LIBER
1765 237 2039 298 SEXTUS
2051 282 2065 296 .

116 371 196 435 cit,
210 383 332 434 sese,
346 364 494 436 quod
512 364 862 434 optaverant,
883 359 1232 432 praestitisse,
1259 375 1484 415 necnon
1504 359 1776 414 arithme-

121 459 236 513 ticas
257 459 403 510 notas
432 451 685 508 articulis
714 449 930 522 ubique
977 449 1282 517 addidisse,
1333 465 1448 520 quo
1493 447 1775 520 quidquid

123 545 260 603 fuerit
295 542 517 598 libitum
548 539 867 595 inveniatur
910 537 1269 592 commodius
1313 537 1526 608 (Labbe,
1560 542 1686 591 tom.
1719 541 1772 602 2,

124 651 226 706 pag.
257 630 413 702 I337).
450 632 653 686 Utrum
683 633 876 682 autem
907 627 1097 698 Opella
1134 626 1255 680 haec
1291 624 1534 681 Marcelli
1574 626 1773 679 eadem

125 720 326 796 putanda
349 719 441 787 sit,
469 723 639 790 atque
670 716 1043 771 articulorum
1060 714 1390 770 Collationis
1415 713 1589 782 tituli,
1631 729 1773 784 quos

122 814 236 867 illius
252 809 493 879 epistolae
525 807 806 877 subjectos
837 809 894 858 et
923 803 1134 876 cuique
1171 802 1474 858 Collationi
1505 801 1773 873 praeﬁxos

118 899 284 965 videas,
314 913 427 950 non
460 895 803 962 deﬁnimus;
865 893 953 947 his
993 896 1145 947 certe
1190 896 1444 946 actorum
1501 907 1772 962 compen-

113 991 240 1044 dium
265 985 546 1058 quoddam
578 983 891 1038 exhibetur.
942 983 1153 1036 Verum
1199 997 1327 1035 cum
1373 980 1525 1034 idem
1571 980 1775 1050 perob-

109 1092 303 1132 scurum
329 1075 399 1128 sit
422 1078 596 1144 atque
620 1071 1042 1143 imperfectum,
1062 1085 1429 1140 nequaquam
1457 1067 1772 1139 prohibuit,

109 1167 222 1239 quin
246 1162 594 1234 Augustinus
623 1160 799 1225 aliud,
832 1159 985 1230 quod
1018 1157 1190 1212 etiam
1221 1173 1373 1211 nunc
1393 1173 1497 1227 pro
1527 1171 1770 1210 numero

107 1254 386 1309 scssionum
417 1249 750 1306 Collationis
777 1247 1127 1320 tripartitum
1145 1250 1346 1312 exstat,
1381 1244 1769 1312 concinnaret,

111 1343 348 1400 Laborem
377 1340 532 1395 hunc
572 1354 741 1393 suum
788 1354 856 1392 ea
881 1353 945 1391 re
974 1335 1286 1391 utilitatem
1315 1335 1622 1388 allaturum
1653 1349 1773 1387 esse

107 1430 428 1496 existimavit,
451 1428 594 1502 quia
620 1428 682 1482 in
711 1444 777 1482 eo
800 1427 1014 1490 liceret,
1047 1425 1331 1498 quidquid
1360 1423 1421 1478 in
1453 1423 1767 1478 Collatione

106 1525 292 1592 gestum
315 1524 484 1586 esset,
526 1532 902 1588 cognoscere;
937 1530 1162 1570 necnon
1189 1513 1387 1568 eadem
1419 1528 1592 1584 opcra
1621 1528 1770 1582 quo-

105 1613 185 1665 ties
216 1610 426 1671 liberet,
459 1612 587 1662 acta
626 1608 746 1677 ipsa
775 1606 1091 1670 consulere,
1142 1619 1518 1657 numerorum
1564 1601 1775 1656 scilicet

104 1698 359 1764 beneﬁcio,
391 1696 493 1768 qui
521 1697 592 1750 ad
609 1695 796 1766 operis
827 1694 1062 1765 hujusce
1089 1692 1410 1764 marginem
1428 1691 1601 1758 (unde
1622 1706 1774 1745 nunc

106 1788 295 1861 quidem
324 1784 552 1854 absunt)
587 1783 879 1854 adscripti,
921 1781 1250 1837 Collationis
1281 1780 1550 1835 articulos
1593 1780 1772 1834 deno-

103 1875 280 1928 tabant.
309 1876 574 1929 Testatur
603 1876 830 1927 sanctus
867 1873 1073 1926 Doctor
1101 1869 1560 1926 lucubrationem
1589 1869 1769 1936 illam,

105 1978 243 2032 quem
258 1961 619 2016 Breviculum
634 1959 967 2016 Collationis
1003 1960 1250 2043 appellat
1280 1959 1769 2029 (Retractationum

106 2052 179 2105 lib.
202 2055 250 2116 2,
276 2066 387 2120 cap.
430 2050 545 2120 39),
585 2065 730 2120 opus
760 2047 926 2104 multi
953 2048 1181 2103 sudoris
1219 2047 1428 2114 fuisse;
1471 2063 1657 2118 neque
1686 2050 1771 2100 ta-

109 2154 212 2193 men
238 2139 334 2193 sibi
359 2139 615 2194 liberum
645 2138 704 2193 id
747 2154 867 2193 non
910 2137 1218 2207 suscipere,
1258 2140 1561 2207 propterea
1598 2135 1767 2205 quod,

108 2228 183 2297 qui
221 2228 425 2299 prolixa
455 2227 608 2282 adeo
637 2228 800 2282 Gesta
830 2225 1141 2297 perlegere,
1186 2230 1331 2279 esset
1367 2239 1537 2278 nemo
1579 2226 1771 2293 (Epist.

113 2319 206 2383 139,
239 2332 291 2372 n.
321 2317 390 2386 3).
449 2315 814 2370 Bonifacium
847 2314 1115 2368 comitem
1145 2313 1213 2367 ad
1257 2313 1410 2367 idem
1459 2311 1598 2366 illud
1647 2313 1776 2365 Bre-

110 2403 309 2458 viarium
334 2404 584 2458 remittit
614 2406 807 2474 (Epist.
845 2406 964 2471 185,
996 2419 1053 2456 n.
1087 2401 1166 2474 6).
1206 2401 1373 2472 Atqui
1417 2418 1533 2455 non
1579 2400 1631 2454 ei
1679 2400 1769 2454 de-

115 2489 177 2544 dit
198 2507 429 2563 operam,
471 2491 595 2546 nisi
623 2497 756 2563 post
778 2491 954 2546 libros
975 2491 1044 2545 de
1075 2490 1365 2560 Baptismo
1395 2490 1769 2561 parvulorum

111 2580 370 2646 absolutos,
401 2580 688 2636 nimirum
719 2597 874 2635 anno
903 2579 1243 2634 duodecimo
1287 2595 1457 2650 supra
1501 2577 1773 2649 quadrin-

110 2668 441 2736 gentesimum
477 2685 492 2724 :
545 2669 633 2725 uti
674 2671 789 2724 Deo
845 2669 1016 2725 dante
1073 2671 1272 2739 postea
1301 2683 1500 2721 sumus
1527 2667 1770 2722 demon-

111 2757 320 2813 slraturi.

161 2849 203 2898 7.
230 2847 419 2900 Verum
451 2863 615 2901 anno
664 2845 798 2899 huic
857 2845 1428 2917 quadringentesimo
1471 2845 1771 2898 undecimo

109 2935 467 2990 adscribendus
497 2934 735 2989 videtur
759 2935 957 2988 Sermo
987 2934 1047 2988 in
1077 2935 1413 3005 Apostolum
1443 2933 1510 2987 ad
1530 2933 1770 2996 Galatas,

108 3036 244 3090 quem
278 3024 489 3079 fortean
558 3022 899 3093 Carthagine
950 3023 1323 3095 Augustinus,
1358 3038 1487 3077 cum
1523 3022 1772 3092 ‘jamjam

111 3111 293 3180 publice
319 3113 612 3185 afﬁgenda
638 3116 802 3166 erant
829 3112 1160 3168 Collationis
1198 3118 1340 3178 acta,
1381 3111 1776 3184 pronuntiavit

110 3199 262 3267 (Serm.
307 3204 506 3269 164,n.
552 3202 655 3273 t3).
707 3202 770 3256 ln
817 3218 885 3256 eo
939 3218 1168 3256 causam
1226 3202 1372 3256 hanc
1430 3201 1579 3256 inter
1637 3200 1774 3254 alias

113 3302 252 3343 uuam
279 3307 388 3345 esse
419 3291 664 3359 indicat,
713 3307 815 3344 cur
859 3291 1280 3346 Donatistarum
1325 3290 1599 3361 praesules
1651 3287 1773 3342 ani-

111 3392 240 3432 mum
264 3379 315 3434 in
341 3380 663 3435 secessione
675 3379 1068 3447 obﬁrmarent,
1091 3379 1365 3434 nimirum
1390 3380 1543 3451 quod
1573 3394 1774 3432 eorum

112 3463 338 3522 timerent
379 3468 784 3536 offensionem,
837 3467 1045 3539 quibus
1094 3467 1396 3522 falsitatem
1457 3466 1774 3522 diutissime

113 3555 454 3611 vendiderant.
486 3555 679 3610 Simul
722 3555 893 3609 etiam
943 3555 1200 3625 explicat,
1247 3569 1420 3626 quam
1460 3555 1572 3609 illis
1613 3571 1771 3609 men-

115 3644 221 3707 tem,
237 3659 352 3714 qua
376 3645 555 3699 verba
585 3644 656 3698 ad
683 3643 902 3714 plebes,
945 3659 1085 3715 quas
1116 3643 1476 3712 seduxerunt,
1523 3643 1775 3698 veritatis

119 3744 265 3794 amor,
293 3731 336 3786 si
376 3733 534 3788 hanc
563 3732 625 3787 in
668 3737 898 3803 pectore
938 3733 1295 3800 habuissent,
1341 3748 1646 3804 suggerere
1677 3733 1774 3787 de-

114 3814 292 3874 buerat.
317 3823 535 3888 Dicant,
575 3821 784 3892 inquit,
824 3824 972 3876 suis:
1015 3822 1189 3877 Simul
1237 3824 1561 3890 erravimus,
1613 3822 1775 3876 simul

117 3903 171 3956 ab
195 3921 350 3964 errore
375 3911 710 3966 recedamus.
745 3913 913 3966 Duces
933 3911 1082 3966 vobis
1120 3913 1332 3978 fuimus
1373 3910 1446 3964 ad
1464 3913 1696 3978 foveam,
1725 3915 1775 3964 et

116 3998 252 4048 secuti
277 4001 394 4053 estis
424 4015 554 4054 cum
602 3999 914 4054 duceremus
943 3999 1018 4053 ad
1030 4001 1280 4066 foveam;
1321 4003 1370 4052 et
1408 4015 1548 4053 nunc
1589 4000 1775 4068 sequi—

116 4084 225 4135 mini
255 4099 363 4140 cum
389 4088 644 4142 ducimus
675 4088 750 4141 ad
785 4089 1097 4143 Ecclesium.
1125 4088 1316 4144 Melius
1333 4087 1549 4156 quidem
1569 4092 1705 4148 erat,
1729 4091 1778 4142 si

117 4182 350 4239 nunquam
375 4191 713 4231 erraremus:
745 4176 841 4230 sed
867 4177 950 4230 vel
980 4175 1124 4244 quod
1160 4175 1448 4230 secundum
1494 4180 1571 4228 est
1597 4175 1775 4242 facia-

118 4271 227 4326 mus,
254 4269 308 4316 ut
334 4280 568 4319 errorem
612 4265 911 4334 aliquando
941 4265 1272 4319 emendemus
1327 4263 1504 4332 (Ibid,
1553 4278 1609 4316 n.
1668 4260 1773 4331 14).

119 4346 233 4402 Tum
302 4352 644 4424 subjungit:
723 4356 942 4408 Possent
991 4355 1099 4408 ista
1152 4352 1325 4405 dicere
1370 4367 1382 4405 :
1435 4351 1777 4417 indignanti-

121 4433 196 4489 bus
221 4438 457 4510 dicerent,
489 4443 656 4496 iratis
686 4442 942 4510 dicerent,
994 4440 1296 4510 aliquando
1325 4444 1375 4494 et
1412 4440 1499 4494 illi
1519 4443 1778 4508 ponerent

121 4523 530 4598 indignationem,
562 4535 809 4586 amarent
836 4531 920 4585 vel
956 4545 1072 4584 sero
1100 4531 1389 4582 unitatem.
1435 4530 1513 4582 Ac
1545 4527 1778 4581 demum

120 4611 177 4664 ad
208 4614 507 4673 Catholicos
556 4635 829 4673 conversa
872 4618 1130 4672 oratione
1162 4617 1242 4670 sic
1293 4633 1391 4670 eos
1421 4615 1773 4687 alloquitur;

121 4701 206 4756 Nos
230 4709 413 4775 tamen,
451 4711 678 4775 fratres,
706 4710 974 4777 patientes
1019 4708 1164 4761 circa
1188 4708 1308 4760 illos
1344 4708 1549 4772 simus;
1579 4707 1635 4759 in
1663 4707 1778 4772 fer-

119 4803 219 4843 vore
240 4800 357 4848 sunt
383 4800 431 4848 et
462 4801 667 4850 tumore
693 4797 834 4850 oculi
862 4810 993 4864 quos
1013 4810 1281 4849 curamus.
1309 4796 1429 4850 Non
1467 4793 1585 4848 dico
1610 4799 1670 4848 ut
1699 4809 1782 4848 cu-

119 4895 220 4933 rare
251 4897 537 4951 cessemus;
567 4885 659 4939 sed
686 4890 744 4939 ut
783 4901 889 4939 non
932 4883 1376 4939 insultationibus
1426 4884 1501 4937 ad
1548 4883 1779 4952 majores

120 4972 475 5028 nmaritudines
499 4989 878 5042 provocemus:
924 4975 1186 5027 rationem
1233 4974 1421 5027 leniter
1464 4973 1776 5038 reddamus,

118 5070 205 5108 non
225 5058 284 5111 de
308 5063 532 5116 uictoria
555 5062 780 5132 superbe
808 5063 1135 5116 exsultemus
1167 5061 1352 5133 (Ibid,
1386 5078 1442 5115 η.
1476 5061 1584 5132 15).
1618 5064 1777 5115 Atta-

123 5157 233 5198 men
258 5155 474 5218 sperato
503 5167 759 5205 successu
789 5167 909 5205 non
940 5151 1108 5222 plane
1139 5149 1319 5204 caruit
1365 5149 1619 5221 prudens
1659 5149 1777 5218 illa,

121 5245 267 5299 quam
295 5238 640 5309 Augustinus
665 5239 870 5309 tenuit,
893 5239 1100 5311 agendi
1126 5239 1270 5293 ratio
1297 5255 1309 5293 :
1335 5237 1620 5309 siquidem
1652 5239 1777 5293 Col-

122 5319 361 5379 lationem
398 5328 679 5382 consecuti
708 5333 842 5382 sunt
868 5329 1204 5396 multorum,
1237 5327 1409 5381 etiam
1440 5326 1780 5381 Circumcel-

124 5404 334 5480 “onum,
373 5415 442 5469 ad
469 5416 723 5472 Ecclesiae
755 5417 923 5471 iidem
957 5415 1188 5470 reditus.
1223 5417 1300 5470 De
1339 5415 1428 5468 his
1457 5430 1780 5468 sermonem

124 5493 313 5552 habens
378 5505 727 5575 Augustinus
781 5506 1096 5560 Emercenda
1174 5508 1271 5569 est,
1334 5504 1430 5567 ait,
1517 5504 1781 5570 charitas,

3479 247 3583 300 438

1888 365 2115 419 amandi
2142 370 2191 419 et
2221 367 2346 434 ipsi.
2383 366 2548 419 Multi
2572 368 2794 420 correcti
2827 369 3106 436 μενεῖ-τινα,
3133 368 3290 422 multi
3331 373 3579 424 correcti:

1885 468 1980 507 nos
2010 456 2274 520 nouimus,
2302 454 2376 508 ad
2397 469 2492 508 nos
2536 458 2794 508 venerunt
2832 455 2896 508 de
2938 471 3153 509 numero
3206 458 3446 525 ipsorum
3490 461 3582 524 fu-

1886 543 2168 597 riosorum.
2201 544 2352 597 Flent
2381 543 2622 611 quotidie
2647 546 2926 612 praeterita
2955 559 3076 607 sua,
3098 560 3190 599 nec
3210 548 3486 599 satiantur
3504 548 3584 600 la-

1886 635 2102 700 crymis,
2155 633 2485 687 attendentes
2543 649 2721 688 eorum
2768 637 3028 701 furorem,
3075 637 3171 704 qui
3227 650 3332 688 non
3377 636 3588 700 digesta

1885 719 2138 774 ebrietate
2165 723 2427 774 vanitatis
2457 721 2633 775 adhuc
2675 723 2903 776 sariunt
2936 723 3125 792 (Serm.
3158 725 3280 788 359,
3314 739 3368 776 η.
3403 726 3470 784 8).
3509 725 3586 777 De

1884 807 2090 862 iisdem
2114 809 2287 863 habet
2318 809 2452 863 alibi
2475 809 2775 879 sequentia
2799 826 2811 863 :
2836 813 2923 864 Ea:
2953 813 3048 864 hoc
3077 827 3267 878 genere
3293 813 3415 882 quis
3436 813 3586 878 igno-

1883 902 1971 950 rat
1999 913 2161 966 quam
2199 899 2360 952 multi
2379 902 2539 952 antea
2566 914 2663 967 per
2689 899 2930 952 diversas
2958 903 3151 953 mortes
3177 899 3352 967 ibant,
3375 904 3424 952 et
3441 903 3583 970 peri-

1885 986 2050 1051 bant;
2088 991 2135 1040 et
2165 1002 2302 1040 nunc
2320 989 2376 1040 in
2407 988 2620 1040 illorum
2656 989 3071 1055 comparatione,
3095 1003 3259 1055 quam
3288 989 3451 1055 pauci
3472 990 3585 1041 suis

1883 1074 2101 1142 ignibus
2122 1075 2398 1143 ardeant?
2428 1075 2532 1130 Sed
2561 1077 2611 1128 si
2635 1079 2800 1144 putas
2829 1077 3031 1128 moveri
3051 1091 3145 1129 nos
3170 1079 3429 1144 oportere,
3455 1079 3587 1144 quia

1882 1165 1985 1218 isto
2017 1165 2169 1218 modo
2199 1168 2274 1218 tot
2305 1165 2480 1217 millia
2506 1167 2812 1218 moriuntur
2838 1184 2852 1231 ;
2885 1170 3147 1233 quantum
3178 1168 3462 1219 existimas
3491 1182 3584 1219 nos

1884 1253 2080 1307 habere
2107 1251 2504 1320 consolationis,
2538 1252 2683 1320 quod
2713 1269 2748 1305 a
2780 1257 2934 1306 tanta
2963 1253 3231 1306 dementia
3264 1255 3445 1322 partis
3483 1257 3584 1307 Do-

1883 1345 2023 1408 nati,
2057 1342 2150 1395 ubi
2170 1357 2276 1395 non
2292 1341 2460 1395 solum
2473 1343 2700 1407 nefaria
2723 1340 3008 1394 divisionis
3034 1357 3202 1400 error,
3217 1357 3402 1396 verum
3422 1344 3586 1395 etiam

1881 1430 2042 1496 furor
2057 1431 2157 1483 iste
2171 1430 2255 1483 lem
2269 1431 2421 1496 facta
2439 1434 2535 1495 est,
2555 1430 2705 1496 longe
2721 1433 2882 1496 atque
2898 1430 3412 1498 imcomparabiliter
3423 1431 3587 1498 plura

1883 1518 2061 1571 millia
2084 1518 2384 1572 liberantur
2403 1519 2432 1571 ?
2459 1517 2794 1588 Nequejenim
2824 1520 2939 1583 isti,
2974 1521 3070 1586 qui
3084 1523 3333 1587 pereunt,
3367 1520 3586 1572 illo-rum

1882 1608 2072 1661 saltem
2102 1622 2318 1661 numero
2355 1611 2662 1676 aequantur,
2692 1609 2790 1675 qui
2816 1623 2883 1661 ea:
2907 1609 3026 1676 ipso
3071 1623 3258 1675 genere
3302 1623 3444 1661 nunc
3466 1608 3587 1676 jam

1886 1699 2132 1750 tenentur
2180 1696 2369 1750 ordine
2409 1697 2733 1764 disciplinae,
2790 1696 3128 1763 colendisque
3165 1699 3336 1766 agris,
3389 1699 3586 1750 amisso

1885 1785 2382 1840 Circumcellionum
2411 1788 2461 1838 et
2481 1799 2635 1853 Opere
2660 1789 2708 1837 et
2730 1785 2963 1851 nomine,
2997 1786 3320 1849 inserviunt,
3369 1789 3588 1838 servant

1885 1875 2208 1940 castitatem,
2245 1877 2422 1927 tenent
2450 1875 2750 1926 unitatem:
2783 1877 2984 1942 quanto
3029 1875 3209 1926 minus
3239 1877 3586 1942 cowquantur

1884 1964 1982 2016 isti
2002 1961 2214 2031 perditi
2241 1977 2459 2015 numero
2489 1963 2772 2029 utriusque
2801 1975 2981 2027 sexus,
3034 1976 3139 2015 non
3178 1962 3348 2014 solum
3386 1977 3584 2030 puero-

1883 2065 2003 2104 rum
2036 2055 2085 2104 et
2109 2050 2436 2118 puellarum,
2474 2050 2737 2118 juvenum
2759 2053 2808 2102 et
2853 2051 3147 2117 uirginum,
3188 2065 3374 2103 rerum
3421 2051 3585 2104 etiam

1884 2140 2298 2208 conjugatorum
2325 2142 2377 2192 et
2407 2153 2591 2192 senum
2619 2157 2634 2205 ;
2665 2153 2912 2206 quorum,
2938 2139 3357 2192 innumerabiles
3379 2154 3445 2191 ea:
3479 2142 3583 2192 Do-

1883 2229 2214 2282 natistarum
2241 2228 2458 2293 nefaria
2487 2227 2819 2281 dissensione
2844 2228 2900 2280 in
2936 2242 3125 2296 pacem
3156 2228 3360 2283 Christi
3404 2243 3587 2280 veram

1885 2320 1935 2368 et
1963 2316 2278 2369 catholicam
2310 2319 2590 2370 transeunt
2615 2317 2642 2369 ?
2670 2316 2770 2370 Isti
2814 2317 3033 2385 quippe,
3068 2318 3162 2384 qui
3191 2331 3244 2368 se
3275 2316 3582 2381 incendunt,

1883 2419 1977 2458 nec
2007 2408 2082 2458 tot
2127 2406 2364 2459 homines
2413 2410 2562 2474 sunt,
2596 2410 2723 2474 quot
2780 2405 2894 2458 loca
2945 2410 3072 2459 sunt
3131 2405 3351 2474 populis
3405 2406 3584 2474 plena,

1886 2509 2003 2561 qum
2032 2493 2100 2546 ab
2127 2494 2346 2547 emitiali
2385 2498 2534 2563 peste
2571 2495 2768 2548 erroris
2802 2494 2954 2548 illius
2984 2497 3034 2547 et
3060 2494 3269 2560 furoris
3310 2509 3412 2562 per
3450 2493 3586 2546 hanc

1884 2584 2206 2637 instantiam
2229 2583 2570 2652 perﬁcicmdae
2615 2585 2847 2638 unitatis
2881 2587 3145 2637 eruuntur
3177 2582 3392 2651 (Contra
3441 2582 3585 2638 Gau-

1884 2673 2143 2734 dentium,
2179 2672 2275 2725 lib.
2306 2674 2353 2734 l,
2382 2687 2438 2724 n.
2482 2671 2589 2742 33).

1955 2764 2005 2815 8.
2050 2759 2390 2814 Nominatur
2417 2759 2569 2813 inter
2615 2775 2730 2825 eos,
2791 2757 2894 2830 qui
2933 2774 2992 2813 se
3025 2775 3055 2812 a
3084 2757 3288 2812 Donati
3338 2757 3585 2813 factione

1884 2854 2187 2914 retraxere,
2219 2847 2278 2901 in
2318 2847 2520 2918 primis
2549 2847 2798 2902 Gabinus
2828 2846 3081 2918 quidam,
3123 2850 3186 2900 ut
3207 2845 3294 2898 vir
3331 2861 3448 2916 prae
3479 2862 3584 2898 cm-

1884 2937 2020 2992 teris
2058 2937 2276 2990 honore
2316 2935 2554 2989 illustris
2603 2936 2784 3002 (Ibid,
2833 2951 2926 2988 nn.
2986 2938 3067 3002 1'2,
3119 2937 3203 3000 13,
3251 2935 3373 3002 43).
3420 2935 3584 2986 Anno

1885 3024 2453 3098 quadringentesimo
2487 3024 2706 3079 decimo
2729 3027 2925 3078 octavo
2946 3023 3372 3078 Donatistarum
3398 3023 3585 3077 Cassa-

1884 3114 2171 3170 reensium
2200 3113 2292 3168 vix
2312 3112 2615 3184 quisquam
2648 3117 2786 3179 erat,
2838 3112 2939 3184 qui
2988 3128 3046 3166 se
3087 3111 3146 3165 in
3176 3105 3460 3182 gremium
3491 3111 3584 3163 Ec-

1883 3203 2065 3258 clesiae
2087 3202 2377 3258 catholicae
2399 3218 2513 3256 non
2540 3201 2860 3268 retulisset;
2887 3200 3146 3271 quamvis
3167 3204 3359 3254 tamen
3385 3213 3584 3253 eorum

1882 3292 2146 3366 plurimis
2174 3292 2418 3347 necdum
2443 3291 2612 3362 plane
2644 3291 2874 3362 cognita
2913 3295 3061 3344 esset
3091 3293 3262 3361 atque
3292 3291 3586 3360 perspecta

1881 3381 2090 3436 veritas
2122 3381 2216 3453 (De
2246 3381 2420 3438 Gestis
2471 3395 2591 3434 cum
2638 3382 2896 3445 Emerito,
2949 3395 3004 3433 η.
3075 3379 3148 3448 2).
3209 3380 3402 3449 Neque
3451 3393 3585 3430 sane

1882 3470 2009 3525 ﬁeri
2020 3474 2263 3541 poterat,
2289 3468 2426 3539 quin
2441 3468 2499 3522 in
2512 3472 2598 3522 tot
2613 3472 3018 3538 tantorumque
3045 3467 3387 3538 populorum
3411 3466 3585 3536 agmi-

1882 3559 2052 3613 nibus
2078 3561 2266 3612 essent
2292 3557 2475 3611 adhnc
2505 3555 2768 3610 nonnulli
2788 3555 2913 3626 ipsa
2940 3554 3188 3609 novitate
3222 3553 3461 3619 turbati;
3487 3554 3586 3607 sed

1884 3651 1940 3701 et
1966 3647 2073 3717 ipsi
2100 3646 2379 3718 paulatim
2408 3645 2478 3699 ab
2509 3645 2616 3699 hac
2645 3643 2980 3698 inﬁrmitate
3013 3643 3379 3697 sanabuntur.
3427 3641 3492 3694 Et
3538 3639 3585 3694 si

1883 3734 1998 3790 ﬁcti
2029 3733 2207 3806 aliqui
2255 3737 2700 3804 perseverarent,
2733 3748 2851 3787 non
2900 3731 3099 3803 utique
3145 3734 3380 3802 propter
3434 3728 3585 3800 ipsos

1882 3841 2000 3880 non
2031 3823 2262 3878 fuerant
2307 3822 2617 3893 colligendi
2656 3838 2884 3876 veraces
2938 3821 3163 3890 (Contra
3201 3819 3584 3883 Gaudentium,

1884 3913 1978 3968 lib.
2008 3917 2058 3976 l,
2089 3929 2150 3967 n.
2185 3911 2297 3982 2'7).
2333 3912 2523 3965 Exstat
2547 3914 2823 3981 praeterea
2854 3910 3004 3964 inter
3032 3908 3338 3980 Augustini
3367 3908 3587 3962 Sermo-

1884 4017 1983 4055 nes
2008 3999 2196 4054 brevis
2226 3999 2490 4071 queedam
2511 3998 2580 4053 ad
2606 3999 2889 4070 populum
2925 3995 3129 4064 oratio,
3161 3997 3324 4067 cujus
3356 3994 3588 4049 initium

1886 4093 2005 4143 est:
2036 4092 2141 4143 Deo
2179 4089 2414 4156 gratias,
2444 4089 2669 4153 fratres,
2711 4087 3168 4155 congratulamini
3205 4087 3380 4151 fratri
3413 4088 3588 4137 vestro

1887 4177 2073 4245 (Serm.
2135 4178 2277 4240 360).
2340 4176 2414 4229 Ex
2472 4176 2594 4246 ejus
2666 4179 2859 4229 autem
2915 4173 3288 4244 inscriptione
3339 4187 3403 4224 ac
3459 4169 3588 4223 stilo

1887 4263 2035 4318 haud
2056 4262 2266 4332 injuria
2287 4263 2413 4332 quis
2430 4263 2757 4333 conjecerit,
2790 4263 2945 4317 illam
2968 4263 3139 4316 fuisse
3171 4261 3239 4314 ab
3271 4257 3586 4329 Augustino

1887 4351 2260 4422 compositam
2286 4371 2301 4417 ;
2332 4351 2426 4405 sed
2457 4351 2690 4405 nomine
2721 4351 3027 4406 Donatista:
3057 4349 3232 4414 illius,
3265 4346 3366 4418 qui
3395 4345 3586 4416 publi-

1887 4457 1978 4494 cas
2010 4442 2122 4494 Deo
2151 4439 2387 4510 gratias,
2419 4440 2575 4512 quod
2622 4457 2680 4494 se
2735 4440 2804 4494 ab
2847 4455 3037 4493 errore
3085 4436 3404 4501 liberasset,
3447 4433 3584 4505 agit.

1888 4529 2044 4584 Idem
2073 4528 2164 4582 hic
2194 4545 2381 4583 sermo
2409 4533 2766 4600 praenotatur
2792 4529 2860 4582 ad
2890 4525 3113 4597 vigilias
3139 4523 3465 4580 Maximiani
3488 4538 3590 4576 seu

1890 4618 2178 4673 Maximini
2200 4618 2448 4685 habitus,
2481 4618 2541 4672 id
2562 4617 2743 4683 esl,ni
2756 4616 3035 4684 fallimur,
3067 4614 3220 4668 inter
3248 4616 3590 4667 nocturnum

1890 4706 2152 4761 Ofﬁcium
2184 4706 2432 4761 Africani
2462 4705 2753 4774 cujusdam
2772 4703 3037 4774 martyris
3050 4719 3116 4757 eo
3144 4702 3420 4756 vocabulo
3441 4716 3589 4754 nun-

1888 4795 2101 4866 cupati,
2135 4795 2233 4850 sed
2247 4797 2406 4866 cujus
2419 4793 2668 4864 cognitio
2684 4793 2755 4846 ad
2770 4797 3024 4847 nostram
3034 4791 3384 4863 :memoriam
3409 4805 3590 4860 usque

1890 4899 2007 4938 non
2038 4883 2312 4954 pervenit.
2337 4882 2425 4936 Sic
2445 4882 2729 4952 psalmum
2761 4879 3246 4951 septuagesimum
3279 4877 3589 4933 secundum

1893 4970 2154 5042 exposuit
2182 4970 2243 5024 in
2271 4969 2572 5040 pervigilio
2599 4970 2778 5023 sancti
2820 4969 3109 5040 Cypriani,
3145 4985 3215 5022 an
3241 4972 3432 5022 autem
3465 4967 3590 5021 Car-

1887 5059 2138 5130 thagine,
2175 5075 2292 5113 non
2319 5057 2594 5128 explicat:
2636 5057 2778 5112 illud
2810 5059 2994 5113 solum
3025 5061 3182 5111 extra
3211 5054 3449 5109 dubium
3485 5055 3590 5119 est,

1887 5148 2335 5218 haudquaquam
2368 5146 2546 5200 multo
2563 5147 2957 5218 postelapsum
2982 5148 3326 5218 praesentem
3373 5155 3591 5194 annum

1889 5237 1944 5290 id
1977 5237 2230 5303 factum;
2275 5235 2741 5307 quandoquidem
2804 5238 3153 5290 Honoratum
3199 5229 3440 5300 epistola
3491 5243 3591 5280 sua

1892 5326 2080 5381 medio
2137 5324 2359 5380 circiter
2403 5341 2553 5381 anno
2623 5322 3182 5397 quadringentesimo
3253 5315 3591 5372 duodecimo

1894 5415 2027 5470 data
2078 5413 2147 5468 ad
2207 5415 2463 5468 eamdem
2501 5414 2913 5485 expositionem
2960 5408 3199 5463 remittit
3233 5400 3434 5475 (Epist.
3470 5405 3588 5469 140,

1898 5517 1953 5557 n.
1983 5502 2231 5573 l3).Quo
2263 5503 2452 5558 studio
2492 5501 2599 5556 sibi
2639 5501 2886 5572 populus
2942 5511 3104 5550 aures
3147 5494 3453 5566 praeberet,
3512 5491 3591 5546 ibi
