4038 6182
375 195 478 248 439

371 311 675 384 signiﬁcat,
727 327 899 384 seque
936 316 1108 385 negat
1141 314 1264 386 ejus
1304 314 1494 370 ardori
1533 329 1735 386 parem
1787 327 1908 367 esse
1959 311 2080 381 jam

372 417 540 473 posse
565 418 576 456 :
611 417 675 455 ac
705 401 937 456 demum
962 403 1033 456 ab
1063 419 1130 458 eo
1161 403 1270 458 sibi
1291 405 1404 459 vim
1437 403 1696 459 adhiberi
1723 400 1926 457 blande
1947 414 2082 470 que-

374 489 522 545 ritur
554 492 768 559 (Enarr.
803 493 860 544 in
884 493 1030 545 Psal.
1060 508 1232 557 Lxxu,
1265 509 1321 547 n.
1373 493 1481 564 34).
1517 495 1583 547 In
1631 507 1827 545 eorum
1873 503 2080 543 nume-

375 597 527 649 rum,
559 596 701 651 quos
733 581 880 634 Deus
906 581 1088 636 voluit
1113 598 1146 635 a
1177 571 1352 636 servis
1382 583 1500 638 suis
1529 581 1850 652 compulsos
1889 578 1949 632 in
1989 594 2083 631 au-

376 671 492 723 lam
523 667 839 738 nuptialem
870 668 1114 739 ingredi,
1141 669 1300 740 virgo
1334 670 1597 740 quaedam
1627 668 1854 722 nomine
1879 665 2086 722 Felicia

375 757 637 824 refertur,
672 772 844 828 quam
877 756 1134 811 Christus
1181 758 1527 828 virginitatis
1577 757 1686 812 sibi
1737 760 2083 826 nuncupatas

374 847 561 900 fructu
586 849 936 916 perstantem
967 845 1026 898 in
1059 846 1364 900 schismate
1396 846 1631 901 destitui
1687 862 1797 898 non
1837 850 1920 899 est
1951 862 2083 916 pas-

378 951 494 989 sus.
528 935 660 988 Eam
691 934 750 987 in
781 937 1074 1004 posterum
1104 934 1457 1006 Augustinus
1505 935 1566 988 in
1607 951 1708 988 sua
1737 933 1984 999 dioecesi,
2025 941 2085 988 ut

374 1023 681 1079 verisimile
711 1022 946 1094 quidem
987 1027 1090 1090 est,
1147 1028 1616 1089 commorantem,
1667 1039 1769 1095 pro
1815 1022 1933 1076 ﬁlia
1979 1021 2085 1076 sibi

379 1112 608 1184 egregie
629 1112 818 1178 chara,
853 1116 909 1166 et
927 1111 1252 1166 honorabili
1279 1113 1536 1184 corporis
1567 1112 1772 1168 Christi
1803 1111 2082 1178 membro;

379 1217 601 1256 necnon
629 1199 875 1272 Spiritus
903 1201 1082 1255 sancti
1119 1202 1426 1273 praesentia
1455 1201 1581 1256 vivo
1618 1201 1836 1258 habuit.
1869 1201 1955 1254 Ad
1985 1217 2087 1254 nos

379 1305 562 1361 usque
592 1289 852 1362 pervenit
900 1289 1166 1361 cpistola,
1217 1307 1333 1362 qua
1379 1291 1539 1345 illam
1590 1291 1790 1344 oborto
1840 1290 2088 1361 quodam

384 1379 651 1434 seandalo
693 1379 1089 1449 perturbatam
1139 1379 1375 1446 solatur,
1428 1380 1810 1450 hortaturque
1858 1384 1921 1433 ut
1973 1394 2089 1433 uno

387 1470 523 1536 Deo,
565 1483 683 1522 non
709 1467 1061 1530 hominibus,
1083 1467 1320 1536 nitatur,
1344 1485 1408 1522 ac
1440 1468 1609 1522 simul
1642 1485 1712 1522 ne
1742 1467 1932 1522 minus
1957 1467 2088 1522 inde

1573 1682 2088 1805 LIBER

1556 191 1731 245 VlTA
1783 191 1836 244 s.
1899 187 2286 244 AUGUSTINI
2349 190 2685 245 EPISCOPI.
3544 152 3545 155 γ
3716 208 3792 260 ω,

2191 311 2514 382 Ecclesiam,
2545 311 2606 366 in
2633 313 2796 384 cujus
2827 311 3015 375 sinum
3067 327 3125 366 se
3168 319 3454 384 receperat,
3483 334 3646 375 amare
3695 341 3793 394 per.

2191 405 2306 470 gat.
2342 401 2526 472 Rogat
2553 417 2698 466 eam,
2721 406 2801 469 ut,
2825 417 2943 473 quo
2975 399 3168 456 animo
3198 400 3402 458 litteras
3430 403 3537 459 illas
3555 413 3796 481 acceperit,

2193 487 2494 544 certiorem
2530 490 2721 561 ipsum
2767 490 2938 544 faciat
2993 490 3280 562 rescriptis
3327 493 3450 561 suis,
3503 513 3625 562 sese,
3651 506 3706 554 ut
3749 505 3800 556 ad

2193 577 2377 650 ipsam
2407 579 2697 649 scriberet,
2737 580 2935 634 salutis
2988 579 3141 633 illius
3189 579 3366 635 studio
3409 588 3460 637 et
3492 587 3802 644 sollicitudine

2195 667 2506 722 adductum
2537 684 2864 722 asseverans
2895 668 3093 738 (Epist.
3134 668 3277 739 208).
3325 671 3444 726 Post
3485 673 3799 731 Collationem

2195 771 2453 810 reversus
2484 758 2805 828 Hipponem
2824 756 3176 827 Augustinus
3205 758 3433 826 curavit,
3461 765 3518 814 ut
3541 768 3646 816 acta
3666 763 3806 817 Colla-

2196 843 2369 898 tionis
2398 846 2609 917 pupulo
2642 846 3037 912 recitarentur,
3073 847 3136 899 Et
3162 846 3268 900 hoc
3290 846 3467 918 ipsum
3500 849 3711 904 fortassis
3737 852 3804 906 in-

2198 933 2366 1000 dicat,
2399 951 2530 988 cum
2559 934 2621 988 in
2660 951 2924 989 sermone
2957 935 3324 1005 nonagesimo
3359 953 3498 990 nono
3532 955 3620 1009 per
3641 940 3816 993 aestivos

2199 1024 2411 1076 calores
2444 1039 2558 1077 non
2584 1023 2753 1094 longe
2784 1028 2914 1094 post
2943 1023 3166 1079 ﬁnitam
3215 1025 3566 1081 Collationem
3608 1043 3812 1097 pronun-

2199 1109 2360 1177 tiato,
2385 1112 2649 1181 quaedam
2675 1111 2928 1166 referens
2953 1128 3080 1184 qum
3113 1112 3174 1167 in
3198 1114 3392 1168 eadem
3410 1115 3527 1170 ﬁeri
3543 1116 3818 1186 contigerat,

2201 1199 2392 1253 addit:
2459 1201 2611 1266 Quod
2664 1203 2828 1274 etiam
2887 1203 2948 1256 in
3014 1203 3185 1258 Gestis
3251 1205 3382 1273 ipsis
3443 1205 3594 1272 legere
3644 1209 3818 1274 potestis

2203 1288 2390 1357 (Serm.
2425 1293 2510 1357 99,
2545 1307 2601 1344 n.
2634 1290 2705 1358 8).
2741 1291 2806 1344 1n
2847 1291 3167 1346 Donatistas
3196 1292 3499 1363 plurimum
3533 1309 3593 1349 ea
3629 1292 3682 1346 in
3720 1311 3821 1348 con-

2200 1376 2366 1433 cione
2386 1378 2703 1434 invehitur.

2185 1680 3050 1805 SEPTIMUS.

453 1863 631 1913 Annos
661 1865 1025 1930 complectitur
1057 1871 1176 1918 octo
1209 1882 1240 1916 a
1270 1865 1784 1930 quadringentesimo
1819 1864 2113 1922 undecimo.
2138 1853 2214 1912 ex
2242 1878 2344 1927 quo
2374 1878 2508 1913 anno
2539 1878 2650 1912 rem
2689 1863 2882 1912 habere
2915 1863 3076 1927 coepit
3107 1862 3430 1927 Augustinus
3458 1876 3567 1911 cum
3597 1859 3786 1910 inimicis

1977 1950 2162 2013 gratiae
2192 1947 2312 1997 Dei.

957 2183 1182 2238 CAPUT
1225 2183 1518 2239 PRIMUM.

395 2275 411 2326 l
452 2272 700 2340 Pelagius
732 2272 974 2327 haeresim
1002 2288 1157 2328 suam
1187 2276 1436 2344 proferre
1465 2275 1684 2345 incipit.
1727 2277 1760 2328 2
1789 2273 2098 2343 Discipulus

460 2361 577 2428 ejus
618 2361 890 2416 Caelestius
931 2377 967 2415 a
993 2363 1410 2429 Carthaginensi
1440 2363 1661 2418 concilio
1692 2363 2099 2417 condemnatur.

466 2451 496 2502 3
521 2449 841 2516 Pelagianos
874 2455 1154 2518 oppugnat
1183 2451 1550 2518 Augustinus,
1576 2467 1638 2505 ac
1663 2452 1827 2505 libros
1849 2451 1922 2504 ad
1945 2452 2102 2505 Mar-

463 2537 712 2591 cellinum
737 2538 870 2592 duos
903 2538 968 2592 de
991 2540 1271 2608 Baptismo
1297 2542 1652 2608 parvulorum
1674 2540 1884 2594 scribit.
1914 2543 1942 2592 4
1967 2541 2101 2608 Epi-

464 2626 657 2680 stolam
703 2626 778 2680 ad
806 2627 1047 2681 eumdem
1089 2643 1182 2682 seu
1228 2629 1428 2682 librum
1471 2629 1842 2699 superioribus
1888 2631 2105 2683 tertium

469 2719 655 2769 contra
678 2717 996 2784 Pelagianos
1028 2717 1306 2786 adjungit.
1340 2721 1370 2772 5
1402 2717 1562 2772 Liber
1585 2719 1755 2774 eidem
1791 2718 2104 2774 Marcellino

468 2810 812 2874 nuncupatus
842 2806 906 2860 de
933 2807 1150 2876 Spiritu
1173 2811 1223 2861 et
1245 2808 1472 2861 Littera.
1508 2810 1538 2861 6
1561 2809 1890 2874 Carthagine
1914 2811 2106 2860 contra

469 2893 884 2959 Pelagianorum
912 2911 1145 2950 errorem
1175 2911 1466 2950 sermonem
1511 2897 1670 2951 habet
1712 2897 1786 2950 ad
1819 2896 2102 2966 populum.

468 2985 497 3033 7
531 2982 746 3048 Pelagio
774 2985 1038 3038 rescribit.
1069 2987 1101 3038 8
1129 2987 1194 3039 In
1217 2987 1446 3054 epistola
1485 2985 1560 3040 ad
1594 2987 1951 3040 Anastasium
1981 2999 2109 3050 gra-

470 3069 558 3122 tim
585 3072 951 3125 necessitatem
979 3072 1054 3125 ad
1082 3073 1247 3141 legem
1294 3073 1631 3142 implendam
1657 3075 1882 3143 probat.
1921 3077 1952 3129 9
1979 3075 2106 3128 Ho-

472 3161 662 3210 norato
688 3159 1010 3226 respondens
1031 3159 1252 3214 disserit
1282 3162 1347 3214 de
1383 3164 1568 3227 gratia
1597 3165 1724 3216 novi
1754 3164 2099 3216 Testamenti.

480 3247 526 3297 l.
564 3245 715 3297 Bello
751 3245 1171 3300 Donatistarum
1201 3253 1332 3318 post
1360 3254 1593 3303 centum
1632 3255 1690 3304 et
1714 3250 1971 3322 quinque
2003 3251 2107 3304 cir-

403 3331 544 3386 citer
580 3348 780 3401 annos,
812 3349 914 3403 per
945 3350 1091 3406 quos
1139 3335 1210 3389 ab
1249 3335 1320 3390 iis
1375 3337 1742 3392 vehementer
1790 3340 2104 3394 admodum

405 3420 615 3491 agitata
661 3426 744 3475 est
783 3421 1046 3476 Africana
1102 3424 1364 3492 Ecclesia,
1408 3424 1531 3496 jam
1580 3427 1812 3481 tandem
1862 3427 2106 3482 feliciter

406 3509 682 3576 confecto,
709 3509 865 3566 aliud
889 3510 1160 3566 continuo
1185 3529 1316 3567 cum
1339 3513 1656 3584 Pelagianis
1685 3515 2108 3588 suscipiendum

405 3597 532 3664 fuit,
565 3599 719 3670 quod
750 3599 1029 3656 universa:
1061 3601 1320 3656 Ecclesim
1347 3603 1518 3674 longe
1550 3602 1649 3658 illo
1688 3604 1947 3658 futurum
1987 3609 2109 3659 erat

406 3685 781 3757 periculosius
810 3689 1238 3759 magnitudine,
1273 3707 1338 3744 ac
1361 3691 1735 3747 diuturnitate
1785 3693 2102 3748 molestius.

409 3776 618 3828 Verum
649 3780 710 3829 ut
733 3777 802 3831 de
831 3781 916 3832 tot
944 3778 1181 3847 proeliis,
1212 3796 1340 3850 quae
1370 3796 1502 3834 cum
1533 3781 1843 3836 Donatistis
1873 3799 1976 3852 pro
2014 3784 2108 3837 Ec-

406 3863 593 3917 clesiae
613 3880 749 3934 pace
781 3866 1082 3919 commissa
1111 3873 1263 3933 sunt,
1294 3869 1547 3938 palmam
1573 3871 1702 3924 tulit
1729 3873 2105 3942 Augustinus,

407 3966 512 4022 per
542 3967 712 4021 quem
731 3951 987 4006 videlicet
1011 3957 1196 4007 totum
1227 3954 1366 4009 illud
1397 3955 1726 4012 instaurata:
1755 3960 1990 4014 unitatis
2012 3961 2110 4015 bo-

407 4050 547 4090 num
578 4040 632 4089 et
660 4041 911 4106 coeptum
941 4040 996 4090 et
1021 4037 1336 4107 perfectum
1381 4045 1466 4094 est
1503 4041 1816 4110 (Possidius,
1867 4046 1925 4097 in
1982 4048 2110 4100 Vita

406 4126 730 4192 Augustini,
764 4140 809 4178 c.
843 4125 965 4193 13);
997 4125 1076 4179 sic
1102 4124 1165 4179 in
1211 4127 1412 4197 quovis
1443 4145 1573 4183 cum
1622 4131 1869 4186 inimicis
1907 4134 2108 4204 gratim

411 4214 511 4268 Dei
541 4213 871 4283 certamine,
900 4214 1022 4285 jam
1057 4214 1191 4270 inde
1219 4233 1250 4269 a
1278 4221 1536 4288 tempore
1583 4236 1696 4291 quo
1729 4221 1786 4276 in
1817 4239 1910 4276 eos
1940 4223 2107 4277 dimi-

408 4302 524 4357 cari
553 4303 738 4374 coepit,
775 4302 1049 4357 catholica
1077 4303 1224 4358 acies
1271 4305 1528 4375 ejusdem
1572 4309 1752 4364 sancti
1780 4310 1887 4364 viri
1936 4311 2108 4366 ductu

410 4397 466 4446 et
492 4396 713 4462 pugnat
739 4396 795 4446 et
822 4392 997 4446 vincit
1037 4392 1305 4463 (Prosper,
1347 4396 1545 4452 Contra
1580 4398 1914 4468 Collatorem,
1945 4417 2000 4454 n.
2029 4405 2105 4471 2).

410 4477 601 4548 Copiis
621 4477 732 4531 illis
762 4477 1007 4532 inimicis
1038 4480 1236 4550 gratia:
1269 4480 1388 4548 Dei,
1422 4498 1553 4554 quas
1585 4485 1758 4539 totius
1790 4487 1926 4540 ﬁdei
1965 4487 2108 4541 chri-

410 4565 607 4620 stianae
635 4567 1006 4622 fundamenta
1019 4573 1272 4623 evertere
1302 4570 1635 4635 moliuntur,
1669 4573 1989 4643 Pelagianis
2018 4591 2109 4629 no-

410 4669 546 4708 men
585 4670 702 4709 esse
730 4672 761 4708 a
801 4656 1030 4727 Pelagio
1061 4673 1259 4712 earum
1280 4663 1508 4713 auctore
1540 4677 1602 4713 ac
1631 4661 1793 4728 duce,
1817 4677 1985 4717 nemo
2016 4679 2109 4717 ne-

411 4741 515 4797 scit
539 4742 740 4811 (Epist.
777 4746 895 4812 176,
935 4761 1028 4799 nn.
1066 4749 1119 4813 3,
1173 4749 1249 4816 4).
1309 4747 1410 4801 Hic
1456 4748 1515 4802 in
1561 4747 1748 4803 insula
1797 4750 2105 4814 Britannia,

410 4829 565 4885 unde
593 4829 678 4884 illi
728 4830 945 4886 Britoni
989 4849 1328 4907 cognomen,
1357 4837 1581 4907 (humili
1624 4838 1749 4894 loco
1788 4844 1954 4895 natus
2002 4845 2102 4896 est.

408 4917 729 4974 Monasticae
759 4918 887 4973 vitae
916 4919 1241 4978 institutum
1271 4930 1520 4995 secutus,
1539 4926 1954 4983 existimatione
1985 4945 2107 4983 san-

373 5069 378 5074 ,
406 5007 616 5064 ctitatis
644 5007 978 5080 aliquandiu
999 5010 1193 5066 ﬂoruit
1220 5013 1372 5069 haud
1404 5015 1644 5087 vulgari.
1703 5017 1923 5072 Erroris
1991 5017 2107 5073 suis

409 5097 631 5153 semina
666 5097 736 5152 ab
777 5097 1061 5152 veteribus
1088 5099 1462 5174 philosophis,
1497 5122 1722 5161 necnon
1761 5107 1830 5161 ab
1864 5107 2107 5179 Origene

404 5187 637 5259 collegit
661 5187 870 5257 (Epist.
917 5191 1032 5256 l78,
1083 5205 1138 5242 η.
1175 5194 1228 5255 ‘2,
1276 5194 1450 5260 Epist.
1493 5199 1616 5264 157,
1669 5213 1723 5251 η.
1773 5201 1881 5264 21;
1923 5201 2104 5268 Epist.

414 5279 534 5344 175,
561 5293 617 5332 n.
653 5276 726 5347 6).
761 5278 835 5331 Ea
865 5278 1085 5345 Roma,
1109 5278 1219 5346 ,ubi
1251 5279 1567 5339 diutissime
1595 5284 1752 5354 vixit,
1808 5288 2110 5360 spargebat

410 5379 541 5418 cum
571 5364 630 5418 in
660 5365 900 5436 scriptis,
942 5370 1064 5420 tum
1091 5366 1149 5420 in
1181 5371 1540 5425 sermonibus
1570 5378 1624 5426 et
1645 5376 2110 5431 contentionibus

408 5451 644 5523 privatis
669 5470 682 5522 ;
715 5453 940 5510 tametsi
969 5454 1032 5510 in
1060 5455 1150 5511 his
1187 5455 1410 5522 timide,
1441 5465 1496 5514 et
1527 5462 1694 5518 vitato
1724 5470 2004 5536 quantum
2037 5465 2108 5522 li-

2198 2181 2362 2237 cebat
2398 2180 2640 2252 strepitu
2669 2185 2989 2236 versaretur
3007 2182 3097 2252 (De
3130 2183 3346 2237 Peccato
3374 2181 3639 2249 originali,
3676 2195 3724 2232 n.
3750 2179 3832 2244 '24).

2205 2270 2366 2326 Prius
2405 2270 2652 2325 absentis
2672 2275 2728 2325 et
2755 2271 2950 2326 Romae
2980 2269 3278 2325 constituti
3306 2269 3518 2342 Pelagii
3545 2282 3734 2323 nomen
3747 2281 3843 2319 cum

2205 2376 2415 2431 magna
2443 2360 2565 2430 ejus
2595 2359 2760 2414 laude
2785 2360 3055 2430 cognovit
3091 2360 3447 2429 Augustinus
3473 2377 3486 2427 ;
3535 2365 3711 2430 postea
3747 2371 3844 2408 vero

2209 2449 2374 2520 coepit
2395 2449 2468 2503 ad
2497 2464 2629 2503 eum
2652 2448 2805 2503 fama
2835 2448 3106 2520 perferre.
3143 2449 3303 2519 quod
3334 2449 3598 2503 adversus
3639 2444 3724 2499 Dei
3747 2459 3844 2515 gra-

2206 2537 2347 2592 tiam
2377 2537 2698 2609 disputaret
2725 2538 2820 2608 (De
2846 2538 3020 2594 Gestis
3050 2539 3281 2606 Pelagii,
3328 2553 3382 2592 η.
3437 2539 3544 2604 46).
3594 2535 3684 2589 llla
3715 2530 3848 2586 sancti

2208 2626 2458 2681 Doctoris
2485 2627 2672 2693 verba,
2701 2629 2782 2682 Da
2811 2627 2955 2696 quod
2975 2627 3156 2696 jubes,
3179 2631 3230 2680 et
3254 2626 3389 2696 jube
3421 2625 3561 2695 quod
3597 2626 3692 2691 vis,
3727 2621 3845 2675 Pela-

2207 2715 2334 2787 gius
2367 2717 2562 2770 Romaa
2601 2732 2731 2770 cum
2769 2732 2802 2770 a
2833 2716 3080 2788 quodam
3119 2715 3391 2786 episcopo
3435 2714 3604 2770 fuisse
3646 2729 3706 2766 eo
3745 2725 3852 2780 pne-

2209 2808 2366 2859 sente
2396 2810 2859 2872 commemorata,
2893 2805 3040 2859 ferre
3058 2821 3174 2858 non
3200 2804 3417 2875 potuit,
3442 2807 3498 2858 et
3525 2799 3853 2858 contradicens

2210 2893 2501 2964 aliquanto
2532 2893 2890 2960 commotius,
2914 2908 3059 2964 pene
3080 2909 3210 2946 cum
3233 2909 3301 2948 eo
3334 2893 3436 2965 qui
3463 2892 3558 2946 illa
3574 2902 3856 2945 commem-

2210 2985 2431 3035 raverat
2449 2981 2696 3053 litigavit
2725 2982 2820 3049 (De
2838 2984 2982 3036 Dono
3008 2984 3452 3051 perseverantiae,
3480 2997 3533 3035 n.
3578 2983 3676 3048 53).
3705 2978 3860 3031 Postea

2211 3084 2342 3122 vero
2371 3084 2545 3140 quam
2574 3068 2634 3122 in
2654 3068 2912 3123 Africam
2943 3068 3120 3135 venit,
3155 3068 3519 3141 Hipponensi
3544 3068 3734 3131 littore,
3761 3077 3859 3122 cum

2209 3157 2558 3228 Augustinus
2586 3156 2744 3211 illinc
2772 3158 3013 3226 abesset,
3039 3162 3314 3228 exceptus
3345 3163 3452 3226 est,
3471 3173 3638 3222 anno,
3661 3159 3714 3208 ut
3737 3152 3852 3207 vide-

2211 3251 2324 3312 tur,
2344 3245 2909 3316 quadringentesimo
2933 3245 3186 3301 decimo:
3207 3248 3308 3302 sed
3323 3246 3481 3319 quod
3494 3246 3612 3317 ejus
3644 3239 3860 3300 haeresim

2211 3339 2451 3406 saperet,
2485 3335 2563 3389 ibi
2593 3335 2830 3390 omnino
2855 3336 3000 3391 nihil
3038 3337 3109 3392 ab
3138 3338 3238 3393 illo
3266 3339 3534 3394 auditum
3561 3339 3643 3390 est
3665 3354 3679 3402 ;
3698 3331 3808 3404 quia
3824 3333 3867 3380 8‘-

2211 3424 2376 3478 citius
2409 3440 2582 3494 quam
2612 3425 2941 3495 putabatur,
2982 3425 3117 3479 inde
3169 3427 3466 3496 profectus
3514 3429 3615 3479 est.
3660 3423 3867 3477 Postmo-

2211 3513 2346 3568 dum
2380 3514 2502 3582 ejus
2522 3513 2726 3568 faciem
2757 3515 3098 3586 Carthagine
3129 3517 3311 3571 semel
3333 3521 3394 3572 et
3421 3515 3629 3571 iterum
3656 3509 3868 3565 viditAu-

2209 3602 2492 3673 gustinus,
2525 3619 2676 3657 anno
2717 3602 2932 3658 scilicet
2973 3603 3554 3676 quadringentesimo
3592 3595 3867 3656 undecimo.

2212 3691 2441 3761 quando
2463 3697 2697 3765 propter
2721 3692 3108 3759 collationem,
3140 3708 3323 3764 quam
3358 3689 3633 3749 Catholici
3661 3685 3869 3777 cuni‘Do-

2212 3780 2434 3835 natistis
2462 3782 2714 3836 habituri
2751 3786 2932 3849 erant,
2957 3782 3229 3836 maximis
3257 3779 3724 3855 occupationibus
3747 3772 3868 3828 disti-

2212 3870 2476 3926 nebatur.
2507 3871 2770 3942 Pelagius
2798 3887 2932 3926 vero
2963 3875 3102 3926 tunc
3131 3871 3456 3928 abscedens
3486 3865 3798 3937 Carthagine
3821 3858 3870 3912 ad

2213 3961 2595 4017 transmarina
2623 3961 2746 4014 loca
2774 3961 3106 4032 properavit
3135 3963 3227 4032 (De
3255 3962 3438 4018 Gestis
3464 3960 3687 4029 Pelagii,
3714 3971 3763 4009 η.
3788 3949 3870 4017 46).

2282 4055 2336 4104 2.
2371 4051 2591 4104 Interea
2615 4066 2718 4120 per
2747 4066 2850 4104 ora
2874 4065 3080 4104 eorum
3109 4049 3209 4120 qui
3246 4050 3478 4122 Pelagii
3505 4043 3753 4116 discipuli
3775 4041 3878 4095 fere-

2214 4140 2441 4205 bantur,
2474 4139 2743 4209 dogmata
2772 4139 3014 4192 recentis
3049 4139 3288 4194 hzeresis
3325 4139 3626 4194 fervebant
3649 4135 3705 4189 in
3729 4128 3878 4186 Aﬂ'iet

2216 4228 2398 4298 (Ibid.)
2441 4228 2608 4280 Erant
2646 4226 2729 4280 ibi
2775 4226 3030 4298 quidam,
3079 4226 3180 4299 qui
3232 4228 3593 4300 ubicumque
3640 4219 3875 4294 poterant,

2213 4316 2334 4370 hare
2364 4315 2453 4369 sui
2478 4314 2685 4369 erroris
2724 4331 2871 4369 nova
2899 4315 3120 4370 semina
3142 4321 3514 4388 spargerent.
3539 4316 3677 4370 Nam
3704 4314 3878 4399 etunuf

2213 4421 2414 4460 eorum
2444 4404 2676 4460 nomine
2704 4405 3016 4472 Caelestius,
3057 4405 3218 4477 isque
3245 4406 3672 4478 discipulorum
3707 4393 3880 4464 Pelagii

2212 4492 2374 4547 facile
2403 4493 2686 4563 princeps,
2719 4492 2820 4563 qui
2853 4492 2914 4547 in
2944 4493 3186 4547 civitatis
3229 4489 3704 4564 Carthaginensis
3730 4484 3880 4541 Eccle-

2213 4579 2296 4634 sia
2319 4579 2437 4650 jam
2465 4579 2535 4633 ad
2556 4578 2898 4650 presbyterii
2923 4579 3202 4634 honorem
3249 4581 3577 4652 subrepere
3623 4575 3840 4648 coeperat
3861 4583 3885 4619 ι

2213 4667 2502 4722 catholicis
2529 4667 2664 4721 viris
2701 4667 3026 4723 christianaa
3072 4668 3207 4724 ﬁdei
3236 4686 3446 4724 amore
3475 4665 3753 4729 animatis,
3778 4674 3884 4732 pto-

2211 4763 2340 4829 pter
2367 4758 2468 4811 has
2505 4757 2658 4827 ipsas
2690 4762 2886 4812 contra
2935 4758 3141 4814 Christi
3192 4759 3449 4830 gratiam
3499 4752 3887 4830 disputationes»

2213 4849 2288 4903 ad-
2329 4845 2605 4917 judicium
2654 4845 2979 4917 episcopale
3033 4847 3350 4918 perductus
3411 4853 3502 4902 est
3558 4848 3744 4917 (Epist.
3796 4839 3888 4892 I57.

2211 4938 2401 5003 11.22).
2448 4933 2765 4989 Concilium
2805 4952 2872 4990 ea
2908 4935 2978 4990 de
3033 4952 3093 4990 re
3141 4937 3292 5008 apud
3355 4933 3756 5008 Carthaginem
3791 4938 3892 4981 cum

2211 5023 2444 5094 collegis
2484 5023 2602 5077 suis
2648 5024 2845 5079 babuit
2898 5024 3165 5080 Aurelius
3210 5024 3342 5096 ipso
3394 5023 3654 5080 fortassis
3694 5019 3890 5075 ineunte

2213 5129 2363 5166 anno
2395 5112 2960 5184 quadringentesimo
2991 5113 3359 5183 duodecimo,
3392 5118 3548 5169 certe
3570 5109 3729 5166 annis
3750 5106 3894 5162 ferme

2217 5199 2471 5273 quinque
2501 5205 2632 5255 ante
2663 5200 2834 5255 aliam
2866 5201 3388 5273 Carthaginensem
3429 5200 3711 5273 synodum
3735 5195 3786 5248 in
3813 5193 3895 5246 Pe-

2215 5289 2351 5361 lagii
2379 5294 2436 5344 et
2466 5289 2713 5344 leestii
2762 5289 3020 5361 ejusdem
3066 5306 3235 5344 causa
3274 5305 3440 5345 anno
3493 5283 3896 5361 quadringenta.

2217 5377 2359 5432 simo
2387 5379 2607 5433 decimo
2635 5383 2792 5433 sexto
2823 5378 3164 5433 celebratam
3193 5380 3405 5449 (Epist.
3446 5383 3575 5447 175,
3606 5395 3659 5430 n.
3696 5370 3894 5442 l).Con-

2215 5466 2346 5521 cilio
2383 5466 2583 5534 libelli,
2630 5467 2840 5539 quibus
2887 5467 3272 5524 accusationes
3319 5468 3597 5524 Calestio
3643 5461 3896 5520 intentata
