3912 6174
128 212 230 266 ait

134 332 579 399 continerentur,
612 332 787 386 oblati
825 334 957 386 sunt
999 331 1134 398 duo,
1179 332 1444 404 stetitque
1487 332 1548 387 in
1587 349 1718 387 eum
1759 349 1828 388 ex

133 423 358 479 adversa
383 426 545 493 parte
576 421 847 475 Paulinus
876 420 1165 475 diaconus.
1201 422 1607 492 Fragmentum
1640 438 1704 475 ex
1736 438 1828 492 ge-

135 512 231 567 stis
269 512 505 581 hujusce
550 509 775 564 concilii
822 510 1035 581 profert
1074 510 1447 582 Augustinus,
1479 511 1633 565 unde
1673 527 1825 565 com-

136 604 403 656 monstrat
419 599 749 655 Coelestium
770 599 829 653 in
849 600 957 653 hoc
984 599 1289 670 episcopali
1310 599 1529 669 judicio
1554 601 1826 654 damnare

134 688 372 744 noluisse
401 703 501 741 eos
541 688 640 758 qui
688 686 902 754 dicunt,
948 687 1103 753 Quod
1140 690 1423 756 peccatum
1465 688 1603 742 Adae
1646 690 1827 756 ipsum

126 780 295 834 solum
323 779 539 842 laeserit,
570 781 620 830 et
658 792 761 830 non
791 792 956 844 genus
984 778 1308 843 humanum;
1341 782 1409 843 et,
1445 777 1601 842 Quod
1632 779 1826 842 infan-

125 873 198 921 tes
232 869 331 935 qui
356 870 673 931 nascuntur,
710 868 768 918 in
808 882 863 918 eo
908 870 1056 919 statu
1085 868 1215 932 sint,
1250 868 1307 918 in
1352 882 1454 933 quo
1494 865 1676 920 Adam
1713 867 1828 931 fuit

120 961 246 1010 ante
270 953 776 1025 pravaricationem
812 953 913 1024 (De
949 956 1167 1009 Peccato
1211 955 1490 1022 originali,
1532 969 1625 1008 nn.
1659 956 1711 1019 2,
1748 955 1822 1021 3).

120 1046 284 1099 Idem
323 1052 516 1099 tamen
556 1044 846 1098 Caelestius
891 1060 989 1097 ora
1030 1044 1338 1098 christiana
1371 1060 1491 1098 non
1540 1043 1826 1097 sustinens

115 1135 345 1205 (Contra
376 1135 674 1197 Iulianum,
707 1134 801 1187 lib.
838 1136 889 1198 3,
920 1149 974 1188 η.
1011 1135 1082 1200 9),
1113 1132 1174 1187 in
1201 1132 1397 1187 libello
1429 1149 1529 1187 suo
1560 1131 1824 1186 brevissi-

114 1238 214 1276 mo
253 1222 519 1277 conﬁteri
546 1227 773 1276 coactus
805 1227 909 1287 est,
942 1226 1179 1292 propter
1216 1222 1587 1291 baptizandos
1614 1237 1825 1291 parvu-

114 1313 221 1373 los,
259 1312 414 1382 quod
446 1316 503 1365 et
532 1311 670 1382 ipsis
700 1310 1017 1381 redemptio
1057 1311 1130 1365 sit
1160 1312 1477 1365 necessaria
1504 1312 1603 1381 (De
1630 1313 1826 1365 Pecca-

115 1407 301 1454 torum
342 1402 575 1467 meritis,
619 1400 714 1453 lib.
766 1404 813 1464 l,
854 1416 911 1454 n.
956 1403 1055 1469 62;
1100 1403 1279 1469 Epist.
1318 1404 1439 1460 157,
1476 1416 1530 1453 n.
1564 1401 1654 1465 22,
1687 1404 1735 1453 et
1763 1400 1828 1453 de

110 1491 341 1543 Peccato
383 1489 659 1557 originali,
700 1504 755 1542 n.
802 1487 915 1558 21),
960 1488 1094 1543 licet
1132 1488 1381 1543 uoluerit
1425 1488 1707 1551 conﬁteri,
1761 1504 1826 1541 ex

112 1577 305 1631 Adam
335 1577 398 1631 in
427 1593 523 1632 eos
566 1576 855 1632 transiisse
889 1581 1185 1647 peccatum
1214 1579 1307 1648 (De
1344 1581 1689 1632 Peccatorum
1717 1592 1826 1631 me-

112 1668 265 1733 ritis,
300 1666 402 1720 lib.
442 1670 496 1732 2,
530 1682 584 1719 n.
622 1667 710 1732 58,
741 1670 792 1719 et
815 1668 886 1719 De
911 1668 1131 1720 Peccato
1160 1668 1440 1734 originali,
1475 1682 1533 1720 n.
1574 1668 1684 1736 21).
1717 1665 1827 1719 Sed

112 1770 440 1824 quanquam
468 1756 702 1809 noluerit
733 1755 799 1808 de
826 1757 1088 1823 originali
1110 1762 1329 1824 peccato
1354 1755 1571 1824 aliquid
1608 1771 1827 1825 expres-

110 1846 232 1898 sius
265 1844 465 1913 dicere,
484 1848 661 1899 tamen
685 1846 801 1913 ipso
830 1844 1216 1913 redemptionis
1246 1847 1476 1912 nomine,
1498 1844 1576 1898 ait
1597 1848 1828 1899 sanctus

110 1933 347 1998 Doctor,
379 1948 487 1987 non
529 1948 730 2002 parum
771 1933 879 1987 sibi
906 1934 1273 2003 praseripsit.
1319 1934 1467 1988 Unde
1507 1935 1650 1987 enim
1687 1933 1827 1987 redi-

112 2020 305 2073 mendi
336 2023 529 2079 essent,
562 2021 672 2073 nisi
708 2036 744 2072 a
780 2019 989 2073 diaboli
1014 2024 1296 2089 potestate,
1328 2022 1388 2074 in
1435 2035 1545 2090 qua
1574 2035 1683 2074 esse
1722 2035 1830 2074 non

111 2112 337 2176 possent
358 2110 469 2161 nisi
487 2108 772 2174 originalis
796 2108 1121 2175 obligatione
1144 2111 1397 2177 peccati?
1414 2114 1510 2163 aut
1531 2125 1634 2177 quo
1652 2111 1829 2177 pretio

114 2196 492 2265 redimuntur,
532 2198 642 2251 nisi
690 2196 897 2251 Christi
936 2199 1219 2263 sanguine,
1253 2197 1318 2251 de
1358 2213 1461 2265 quo
1490 2199 1831 2266 apertissime

113 2286 388 2354 scriptum
412 2290 511 2353 est,
543 2284 689 2354 quod
716 2287 775 2338 in
811 2286 1178 2340 remissionem
1219 2286 1420 2355 effusus
1468 2289 1540 2341 sit
1581 2292 1829 2356 peccato-

116 2390 245 2429 rum
282 2375 488 2445 (Epist.
521 2378 641 2442 157,
673 2391 730 2428 n.
770 2374 901 2445 22)?
936 2374 1066 2428 Fuit
1102 2374 1162 2427 in
1202 2375 1588 2445 Diospolitana
1617 2376 1829 2446 synodo

118 2464 393 2528 relatum,
441 2467 653 2533 praeter
695 2467 1017 2517 memorata
1065 2463 1179 2518 duo
1238 2464 1446 2535 capita,
1505 2469 1830 2519 accusatum

122 2567 361 2623 quoque
421 2551 748 2606 Ccelestium
795 2551 946 2622 apud
999 2552 1446 2624 Carthaginense
1500 2552 1827 2619 concilium,

122 2641 281 2712 quod
314 2640 566 2705 doceret,
597 2641 783 2697 Adam
820 2642 1099 2696 mortalem
1126 2643 1335 2708 factum
1364 2643 1562 2708 fuisse,
1595 2644 1692 2711 qui
1719 2644 1831 2697 sive

114 2732 386 2796 peccaret,
435 2730 548 2780 sive
590 2742 697 2781 non
729 2732 995 2796 peccaret.
1027 2731 1322 2783 moriturus
1362 2734 1526 2795 esset;
1576 2735 1646 2795 et,
1696 2729 1829 2795 Quo-

118 2818 269 2871 niam
295 2818 415 2871 Lea:
441 2819 518 2870 sic
544 2818 727 2871 mittat
747 2817 821 2871 ad
839 2831 1084 2883 regnum,
1108 2817 1556 2886 quemadmodum
1576 2822 1626 2872 et
1653 2820 1829 2871 Evan-

117 2906 353 2973 gelium;
381 2910 454 2968 et,
489 2908 752 2975 Quoniam
780 2911 904 2959 ante
946 2906 1238 2960 adventum
1268 2907 1472 2962 Christi
1496 2907 1706 2973 fuerint
1733 2907 1827 2959 ho-

116 2997 285 3049 mines
316 2996 439 3049 sine
476 2999 719 3062 peccato;
751 2998 820 3061 et,
854 2996 1121 3059 Quoniam
1148 3011 1315 3064 neque
1352 3011 1454 3064 per
1489 3000 1708 3049 mortem
1749 2996 1830 3048 vel

114 3083 631 3152 praevaricationem
670 3083 805 3137 Adae
843 3099 994 3138 omne
1025 3099 1190 3152 genus
1229 3085 1504 3138 hominum
1537 3085 1826 3149 moriatur,

114 3188 288 3241 neque
315 3187 422 3240 per
450 3172 891 3225 resurrectionem
923 3173 1131 3227 Christi
1169 3188 1319 3227 omne
1359 3187 1525 3241 genus
1556 3174 1829 3226 hominum

115 3265 378 3327 resurgat
420 3263 511 3329 (De
548 3262 768 3315 Peccato
807 3261 1086 3329 originali,
1132 3277 1187 3315 n.
1235 3264 1341 3329 12).
1385 3263 1515 3315 Haec
1552 3259 1829 3331 Augusti—

116 3365 222 3403 nus
255 3349 489 3403 duobus
514 3347 574 3401 in
606 3347 762 3415 locis,
796 3365 1044 3419 quorum
1071 3348 1308 3420 quidem
1340 3351 1517 3404 altero
1546 3350 1829 3404 nonnulla

118 3455 183 3492 ex
209 3439 305 3493 his
336 3437 619 3508 capitibus
646 3454 765 3492 esse
795 3442 1054 3506 testatur,
1085 3456 1213 3510 quae
1239 3455 1355 3493 non
1390 3439 1658 3493 meminit
1686 3456 1829 3493 con-

116 3532 276 3582 tenta
309 3526 488 3597 gestis
519 3526 911 3582 ecclesiasticis
946 3527 1170 3582 concilii
1208 3529 1379 3599 hujus
1416 3528 1828 3600 Carthagiueu-

118 3617 227 3684 sis;
260 3616 363 3671 cui
390 3616 513 3686 ipse
543 3616 779 3687 quidem
810 3632 926 3671 non
964 3617 1324 3685 interfuerat,
1352 3617 1453 3672 sed
1481 3634 1612 3671 cum
1641 3617 1827 3672 venis-

119 3712 198 3760 set
230 3705 671 3776 Carthaginem,
706 3705 904 3760 eadem
943 3709 1099 3776 gesta
1136 3710 1500 3760 recensuerat
1529 3708 1617 3776 (De
1658 3707 1828 3762 Gestis

118 3796 356 3862 Pelagii,
402 3810 459 3848 π.
505 3794 616 3864 23).
662 3794 836 3865 Atqui
884 3794 1214 3850 Calestium
1260 3794 1320 3849 in
1371 3811 1439 3849 eo
1497 3795 1828 3849 convincere

116 3899 238 3938 non
266 3882 503 3939 diﬂicile
533 3883 657 3948 fuit,
689 3883 977 3954 corrigere
1005 3900 1139 3938 vero
1169 3900 1552 3955 nequaquam.
1578 3886 1836 3955 Quapro-.

117 3978 247 4043 pter
268 3988 405 4026 cum
427 3972 677 4043 auditus,
695 3973 1123 4045 convictusque,
1140 3977 1311 4044 atque
1334 3973 1507 4028 etiam
1529 3974 1829 4044 opiniones

116 4079 251 4115 suas
280 4062 578 4115 confessus
612 4067 776 4125 esset,
813 4062 1084 4116 damnata
1120 4070 1272 4129 sunt,
1306 4079 1556 4134 quorum
1584 4062 1829 4117 insimu-

116 4150 269 4205 latus
303 4150 514 4219 fuerat,
542 4152 811 4221 dogmata
848 4154 1050 4223 (Epist.
1088 4155 1212 4219 l57,
1244 4169 1300 4206 n.
1332 4151 1454 4222 22);
1485 4152 1607 4222 ipse
1639 4156 1828 4206 autem

116 4239 441 4310 reportavit
486 4239 723 4310 dignam
766 4256 870 4294 sua
917 4240 1291 4311 perversitate
1338 4241 1684 4295 sententiam
1739 4243 1830 4311 (De

116 4327 298 4383 Gestis
353 4328 586 4395 Pelagii,
631 4344 687 4383 η.
740 4328 850 4400 46),
911 4328 1513 4384 excommunicationis
1568 4329 1834 4385 videlicet

114 4432 292 4486 paena
333 4416 644 4470 mulctatus
672 4416 1161 4487 (ltelractationum
1189 4419 1285 4473 lib.
1319 4422 1375 4484 2,
1407 4433 1528 4489 cap.
1560 4420 1672 4490 33).
1708 4420 1830 4483 Quo

116 4503 270 4557 facto
290 4502 515 4573 judicio
546 4503 814 4558 abscessit
854 4503 1106 4572 infamis,
1140 4510 1197 4560 et
1238 4505 1495 4578 profugit
1538 4523 1606 4561 ex
1644 4507 1832 4561 Africa

115 4589 395 4660 (Orosius,
424 4594 484 4646 in
507 4592 823 4664 Apologia).

189 4686 244 4735 3.
282 4680 398 4734 Etsi
435 4680 535 4752 qui
566 4682 871 4753 Pelagiano
902 4681 1083 4737 errori
1117 4698 1238 4737 sese
1268 4683 1609 4739 imbuendos
1647 4684 1827 4738 tradi-

114 4769 360 4840 dissent,
393 4769 695 4841 pauciores
723 4771 874 4826 haud
906 4770 1078 4826 dubie
1108 4771 1498 4843 reperirentur
1527 4773 1590 4828 in
1616 4775 1825 4839 Africa,

112 4858 283 4931 iique
312 4858 565 4914 Ccelestii
581 4859 1062 4915 coudemnatione
1086 4860 1362 4931 deterriti,
1380 4862 1503 4933 jam
1526 4879 1643 4917 non
1662 4864 1831 4919 aude-

113 4953 253 5002 rent
271 4952 477 5002 coutra
506 4948 769 5002 Ecclesiae
800 4949 1258 5004 fundatissimam
1278 4950 1451 5005 ﬁdem
1473 4951 1582 5005 nisi
1613 4954 1829 5007 occulte

113 5036 431 5091 mussitare
459 5036 660 5108 (Epist.
700 5041 819 5105 157,
850 5054 906 5093 n.
944 5040 1030 5108 22)
1063 5056 1075 5093 :
1123 5043 1377 5094 attamen
1420 5040 1671 5095 decrevit
1699 5058 1828 5095 san-

110 5130 245 5179 ctus
281 5125 537 5179 Antistes
578 5142 783 5180 novam
810 5126 1097 5195 haeresim,
1138 5127 1322 5198 ipsius
1359 5128 1591 5199 quidem
1615 5130 1829 5199 judicio

107 5213 456 5284 pestiferam
487 5230 651 5286 aeque
673 5219 845 5287 atque
866 5215 1127 5287 impiam,
1159 5215 1439 5271 instanter
1464 5233 1826 5288 oppugnare;

109 5304 390 5374 quamvis
421 5303 529 5358 hoc
552 5304 713 5375 prius
737 5321 853 5359 non
880 5310 1075 5376 ageret
1104 5305 1214 5359 nisi
1241 5305 1600 5360 sermonibus
1634 5311 1689 5360 et
1716 5309 1828 5362 col-
1864 5309 1874 5318 ’

110 5392 534 5460 locationibus,
581 5394 678 5449 ubi
728 5395 1093 5449 commodum
1141 5399 1311 5466 atque
1362 5395 1501 5449 utile
1545 5395 1831 5451 videretur

111 5482 615 5550 (Retractationum
644 5484 742 5540 lib.
782 5488 837 5555 2,
863 5500 984 5565 cap.
1018 5483 1129 5557 33).
1159 5484 1265 5539 Sed
1293 5484 1491 5539 oborta
1519 5500 1648 5539 mox
1675 5501 1827 5557 quae-

1548 210 1761 265 LIBER
1818 211 2187 268 SEPTIMUS.

3537 219 3638 273 442

1938 335 2070 389 dam
2111 335 2412 389 necessitas
2451 351 2584 389 eum
2621 336 2693 389 ad
2736 335 2894 409 illam
2935 336 3143 406 scripto
3189 352 3416 407 quoque
3467 338 3638 391 refel-

1939 424 2167 478 lendam
2215 423 2460 478 induxit.
2512 423 2869 479 Marcellinus
2917 423 3154 495 quippe,
3203 423 3354 477 idem
3399 423 3496 477 ille
3540 423 3642 494 qui

1937 512 2257 566 collationis
2291 512 2753 583 Carthaginensis
2792 512 3053 583 cognitor
3076 512 3281 576 fuerat,
3315 528 3444 565 cum
3486 512 3637 582 ejus-

1938 600 2069 655 dem
2098 600 2334 655 haeresis
2365 601 2755 667 sectatoribus,
2786 617 2930 671 quos
2958 600 3078 671 ipse
3106 599 3358 671 quotidie
3391 600 3641 669 disputa-

1936 694 2089 744 tores
2111 690 2542 745 molestissimos
2560 690 2909 761 patiebatur,
2927 689 3243 743 refutandis
3264 688 3450 759 impar
3471 695 3636 756 esset,

1937 779 2283 848 quaestiones
2304 780 2533 833 illorum
2557 780 2625 833 ab
2645 779 2786 832 urbe
2809 778 3148 849 Carthagine
3168 778 3239 831 ad
3254 778 3638 848 Augustinum

1936 885 2039 940 per
2088 869 2305 923 litteras
2362 870 2577 938 retulit,
2633 886 2865 941 rogans‘
2888 870 3232 923 solutionem
3282 886 3480 923 earum
3531 870 3641 923 sibi

1937 933 2183 1012 scribere
2223 975 2295 1011 ne
2333 933 2666 1029 gravaretur
2696 933 2791 1029 (De
2820 933 2993 1014 δεθείς
3031 960 3263 1026 Pelagii,
3296 974 3349 1012 n.
3393 957 3502 1027 25).
3534 960 3640 1012 Ex-

1938 1044 2135 1116 plicari
2156 1044 2387 1116 petebat
2407 1045 2468 1098 in
2492 1044 2693 1114 primis
2711 1045 3087 1115 quaestionem
3111 1045 3177 1099 de
3204 1044 3490 1115 Baptismo
3512 1062 3640 1114 par-

1936 1134 2202 1187 vulorum
2220 1150 2231 1187 :
2251 1133 2385 1204 quia
2405 1134 2825 1187 contendebant
2840 1133 2947 1201 illi,
2966 1134 3148 1187 Adam
3166 1133 3380 1188 etiamsi
3400 1149 3505 1187 non
3520 1150 3643 1202 pec-

1937 1228 2125 1290 casset,
2157 1225 2332 1290 fuisse
2361 1226 2703 1289 moriturum,
2735 1240 2828 1278 nec
2854 1240 2922 1277 ea:
2947 1226 3062 1293 ejus
3089 1230 3307 1294 peccato
3338 1225 3637 1292 quidquam

1937 1312 2011 1365 ad
2039 1312 2155 1380 ejus
2178 1316 2421 1381 posteros
2450 1313 2809 1383 propagando
2842 1316 3122 1367 trunsiisse
3165 1315 3257 1382 (De
3303 1316 3641 1368 Peccatorum

1936 1403 2163 1467 meritis,
2200 1402 2295 1455 lib.
2330 1404 2384 1470 3,
2410 1417 2466 1455 η.
2503 1404 2572 1471 1).
2604 1403 2747 1455 Nam
2769 1401 2874 1455 etsi
2897 1401 3373 1471 faterenturjam,
3401 1401 3481 1454 uti
3506 1402 3641 1455 Mar-

1937 1489 2174 1543 cellinus
2206 1490 2410 1544 litteris
2449 1490 2566 1544 suis
2595 1490 2918 1556 intimabat,
2958 1490 3133 1544 etiam
3162 1489 3223 1542 in
3269 1489 3513 1559 parvulis
3540 1506 3642 1558 per

1940 1579 2294 1648 Baptismum
2338 1578 2734 1633 remissionem
2774 1579 2901 1633 ﬁeri
2949 1582 3345 1649 peccatorum;
3388 1579 3507 1634 Non
3558 1581 3639 1631 ta-

1938 1666 2453 1738 men:originaliter,
2486 1667 2845 1738 inquiebant,
2874 1668 2967 1721 sed
3012 1670 3071 1721 in
3111 1669 3221 1720 vita
3240 1669 3362 1736 jam
3385 1668 3637 1736 prepria,

1932 1761 2288 1825 posteaquam
2314 1759 2433 1810 nati
2461 1762 2605 1824 sunt,
2635 1762 2913 1825 peccatum
2940 1757 3133 1810 habere
3161 1760 3431 1825 cwperunt
3451 1756 3594 1825 (Ibid
3625 1796 3640 1823 ,

1940 1845 2035 1898 lib.
2072 1850 2120 1912 1,
2143 1860 2196 1898 n.
2225 1845 2333 1916 62).
2358 1846 2667 1900 Nuntiabat
2693 1849 2974 1915 praeterea
3000 1845 3381 1910 Marcellinus,
3413 1847 3639 1914 aposto-

1940 1932 2115 1987 licum
2135 1933 2279 1988 illud
2308 1934 2726 2000 testimonium,
2750 1937 2852 1988 Per
2875 1950 3041 1988 unum
3074 1936 3337 1988 hominem
3356 1938 3637 2002 peccatum

1939 2024 2175 2077 intravit
2202 2024 2262 2077 in
2290 2023 2571 2091 mundum,
2593 2028 2643 2077 et
2658 2040 2759 2092 per
2778 2029 3055 2092 peccatum
3077 2038 3218 2077 mors
3244 2023 3413 2094 (Rom.
3443 2039 3498 2087 v,
3525 2020 3635 2090 12),

1940 2110 2001 2163 in
2029 2110 2199 2164 aliam
2230 2111 2539 2181 quamdam
2569 2127 2777 2165 novam
2798 2111 3130 2182 opinionem
3151 2128 3256 2181 per
3279 2112 3433 2182 ipsos
3456 2110 3642 2165 detor-

1941 2200 2129 2270 queri.
2169 2201 2279 2254 Nec
2312 2199 2537 2255 silentio
2568 2200 2829 2256 mittebat
2847 2200 3246 2271 quaestionem,
3269 2217 3381 2271 qua
3403 2199 3641 2254 suadere

1942 2293 2303 2355 conarentur,
2337 2290 2487 2361 quod
2531 2293 2587 2343 in
2617 2290 2717 2344 hac
2756 2292 2872 2345 vita
2914 2293 3042 2355 sint,
3095 2292 3324 2357 fuerint,
3354 2290 3643 2356 futurique

1942 2379 2052 2432 sint
2076 2378 2188 2448 ﬁlii
2212 2379 2486 2432 hominum
2515 2392 2620 2432 non
2650 2378 2901 2433 habentes
2926 2380 3098 2433 ullum
3123 2380 3341 2432 omnino
3361 2382 3642 2448 peccatum

1945 2469 2034 2531 (De
2059 2468 2402 2521 Peccatorum
2431 2469 2658 2533 meritis,
2692 2468 2767 2521 lib
2799 2471 2851 2534 3,
2884 2483 2939 2521 n.
2982 2470 3056 2536 1).
3091 2467 3154 2521 1d
3197 2466 3468 2537 temporis
3511 2482 3639 2519 san-

1942 2560 2063 2609 ctus
2104 2556 2306 2609 Doctor
2346 2555 2618 2609 molestiis
2661 2556 2945 2627 curisque,
2994 2556 3063 2610 ob
3107 2556 3339 2626 negotia
3370 2571 3499 2626 quae
3530 2554 3640 2625 ipsi

1941 2650 2284 2715 peccatores,
2326 2649 2382 2698 et
2410 2644 2451 2697 ii
2488 2644 2728 2699 forsitan
2759 2645 3082 2709 Donatistae,
3117 2644 3485 2709 facessebant,
3525 2660 3641 2697 ma-

1942 2734 2233 2804 ximopere
2282 2733 2774 2804 prmpediebatur;
2825 2733 2977 2804 quod
3025 2733 3166 2804 ipse,
3217 2749 3346 2803 quze
3386 2748 3489 2785 sua
3522 2736 3641 2784 erat

1942 2823 2121 2877 animi
2152 2822 2437 2888 demissio,
2470 2826 2835 2893 peccatorum
2865 2837 3103 2875 suorum
3136 2820 3356 2875 meritis
3392 2820 3643 2890 imputat

1942 2912 2123 2982 (Ibid,
2148 2911 2240 2965 lib.
2282 2915 2326 2977 1,
2350 2927 2404 2964 n.
2431 2911 2473 2981 l)
2499 2927 2511 2964 :
2541 2926 2657 2964 non
2685 2908 2867 2981 potuit
2886 2914 3079 2963 tamen
3100 2906 3477 2973 committere,
3499 2905 3640 2976 quin

1943 2998 2067 3065 viri,
2101 3014 2346 3068 quocum
2377 3002 2497 3051 erat
2524 3012 2736 3067 magna
2764 3002 2821 3051 et
2850 3001 3043 3050 sancta
3065 2992 3480 3049 necessitudine
3509 3007 3640 3045 con-

1934 3086 2187 3157 junctus,
2218 3091 2337 3140 tam
2380 3086 2651 3140 laudabili
2694 3084 2973 3140 desiderio
3013 3100 3237 3138 morem
3276 3084 3517 3153 gereret.
3564 3080 3640 3134 Ea

1941 3175 2196 3246 insuper,
2241 3192 2413 3247 quam
2458 3191 2593 3246 erga
2640 3174 2946 3229 Ecclesium
2995 3172 3202 3228 Christi
3243 3171 3457 3226 habere
3505 3185 3637 3223 eum

1941 3264 2254 3333 oportebat,
2286 3263 2573 3318 charitatis
2604 3264 2923 3319 sollicitudo
2946 3263 3184 3317 minime
3205 3260 3551 3332 patiebatur,
3575 3262 3641 3312 ut

1942 3354 2079 3407 dum
2108 3353 2346 3407 istarum
2376 3353 2786 3407 sententiarum
2817 3350 3348 3407 contentiosissimis
3379 3347 3637 3402 assertio-

1941 3442 2109 3497 nibus
2132 3443 2255 3513 jam
2276 3458 2686 3514 usquequaque
2707 3442 3055 3496 ferventibus
3076 3440 3394 3494 multorum
3417 3435 3638 3490 animos

1940 3531 2305 3585 inﬁrmorum
2349 3531 2708 3601 perturbatos
2752 3533 3029 3595 cerneret,
3064 3528 3171 3583 sibi
3202 3526 3433 3581 interim
3465 3525 3636 3578 silen-

1941 3618 2086 3673 tium
2127 3619 2438 3689 imperaret
2482 3621 2572 3687 (De
2616 3619 2788 3674 Gestis
2831 3619 3062 3683 Pelagii,
3104 3633 3159 3670 n.
3202 3615 3290 3686 25)
3333 3630 3346 3668 :
3393 3612 3638 3667 maxime

1941 3725 2073 3762 vero
2101 3725 2230 3762 cum
2262 3707 2397 3762 novi
2424 3707 2508 3761 illi
2537 3706 2792 3761 haeretici
2821 3706 3091 3761 doctrina:
3111 3722 3228 3760 suae
3246 3705 3397 3759 virus
3412 3702 3639 3775 publice

1944 3814 2005 3851 ac
2035 3797 2322 3867 privatim,
2363 3813 2480 3850 non
2518 3796 2643 3851 viva
2680 3812 2814 3850 voce
2854 3800 3098 3863 tantum,
3122 3788 3232 3851 Ased
3280 3794 3451 3849 etiam
3482 3792 3639 3847 libris

1942 3891 2297 3957 spargerent,
2329 3886 2533 3958 hisque
2563 3902 2629 3941 eo
2662 3885 2845 3957 magis
2874 3885 3077 3955 noxiis,
3108 3901 3222 3956 quo
3251 3882 3453 3954 majori
3482 3882 3637 3936 calli-

1943 3974 2116 4030 ditate
2148 3979 2318 4044 atque
2358 3974 2596 4029 artiﬁcio
2637 3979 2800 4029 erant
2831 3974 3027 4044 scripti
3065 3974 3386 4040 (Possidius,
3420 3975 3479 4025 in
3515 3974 3642 4026 Vita

1943 4066 2263 4132 Augustini,
2293 4079 2349 4117 n.
2383 4066 2491 4133 21).
2525 4066 2700 4117 Porro
2726 4063 2878 4117 inter
2907 4063 3029 4131 illa,
3052 4079 3181 4133 quae
3201 4060 3515 4116 refutandis
3544 4062 3641 4114 Pe-

1944 4151 2206 4223 lagianis,
2241 4152 2638 4223 solvendisque
2677 4152 2989 4207 Marcellini
3028 4151 3440 4222 qumstionibus
3478 4165 3638 4203 com-

1944 4244 2227 4294 mentatus
2257 4245 2359 4305 est,
2403 4241 2666 4295 ordinem
2703 4242 2919 4295 ducunt
2957 4241 3089 4295 libri
3120 4241 3233 4295 duo
3277 4243 3351 4294 Dc
3389 4242 3635 4293 Peccato-

1942 4346 2065 4385 rum
2092 4331 2298 4384 meritis
2323 4333 2373 4384 et
2403 4332 2733 4388 remissione.
2765 4330 2854 4384 Sic
2879 4330 3029 4384 enim
3061 4346 3156 4383 eos
3186 4328 3241 4382 in
3275 4326 3640 4383 Retractatio-

1943 4419 2113 4473 nibus
2142 4424 2435 4488 nuncupat
2465 4419 2948 4489 (Retractationum
2980 4420 3075 4472 lib.
3106 4421 3161 4486 2,
3188 4434 3304 4486 cap.
3337 4416 3424 4487 33)
3462 4433 3474 4470 :
3504 4414 3639 4469 alibi

1944 4513 2158 4575 tamen,
2206 4512 2278 4563 De
2324 4510 2599 4577 Baptismo
2632 4509 3018 4577 parvulorum;
3049 4524 3162 4578 quo
3203 4506 3432 4559 eosdem
3476 4504 3640 4558 titulo

1946 4597 2321 4666 Hieronymus
2346 4597 2597 4667 appellat
2619 4600 2835 4665 (Contra
2862 4598 3069 4662 Pelag,
3097 4595 3311 4661 dialogo
3338 4597 3390 4658 3,
3414 4610 3534 4663 cap.
3564 4594 3637 4664 6).

1944 4688 2133 4740 Primo
2165 4686 2307 4740 libro
2349 4686 2719 4753 demonstrat,
2756 4684 3002 4738 mortem
3049 4684 3300 4737 hominis
3347 4682 3541 4737 venire
3572 4699 3639 4736 ex

1944 4774 2151 4828 merito
2180 4774 2395 4845 peccati
2424 4776 2579 4842 Adae,
2613 4791 2678 4828 eo
2708 4774 2878 4829 etiam
2912 4778 3140 4843 peccato
3170 4778 3350 4827 totam
3374 4772 3526 4826 illius
3556 4776 3637 4824 te-

1944 4862 2070 4916 neri
2100 4862 2333 4933 stirpem
2362 4862 2722 4929 obstrictam;
2755 4865 2928 4933 atque
2959 4862 3168 4916 idcirco
3199 4860 3477 4931 baptizari
3506 4876 3638 4930 par-

1941 4952 2123 5018 vulos,
2159 4954 2220 5005 ut
2244 4950 2459 5022 peccati
2489 4951 2572 5004 sui
2602 4951 2895 5022 originalis
2913 4951 3313 5006 remissionem
3338 4950 3637 5020 accipiant.

1942 5040 2202 5096 Secundo
2233 5045 2425 5094 autem
2455 5039 2638 5105 docet,
2670 5040 2967 5094 hominem
2998 5039 3057 5093 in
3085 5040 3192 5094 hac
3220 5040 3335 5093 vita
3363 5039 3486 5093 sine
3511 5052 3639 5107 pec-

1942 5132 2065 5187 .cato
2093 5144 2212 5183 esse
2242 5144 2405 5199 posse
2434 5144 2538 5198 per
2568 5128 2667 5182 Dei
2696 5128 2935 5198 gratiam
2965 5133 3023 5184 et
3057 5128 3305 5183 liberum
3332 5143 3499 5180 suum
3540 5141 3636 5178 ar-

1943 5216 2201 5283 bitrium,
2232 5232 2351 5270 non
2381 5219 2571 5269 tamen
2599 5232 2719 5269 esse
2758 5232 3110 5287 quemquam
3138 5215 3199 5269 in
3237 5216 3341 5269 hac
3369 5213 3483 5267 vita
3514 5212 3635 5266 sine

1945 5306 2060 5360 ullo
2091 5321 2324 5375 prorsus
2350 5308 2612 5375 peccato;
2640 5305 2775 5376 quia
2794 5321 2965 5359 nemo
2998 5304 3071 5359 sit
3099 5303 3198 5375 qui
3231 5307 3451 5356 tantum
3478 5301 3633 5368 velit,

1943 5397 2220 5463 quantum
2249 5410 2337 5447 res
2380 5394 2573 5465 exigit,
2603 5394 2739 5449 dum
2781 5395 2867 5447 vel
2916 5394 3055 5448 latet
3099 5393 3252 5462 quod
3279 5392 3497 5461 justum
3529 5394 3632 5455 est,

1943 5483 2029 5537 vel
2059 5483 2243 5539 facere
2271 5500 2391 5539 non
2419 5484 2694 5551 delectat;
2727 5483 2973 5555 denique
3015 5498 3128 5537 uno
3160 5485 3391 5551 excepto
3423 5481 3635 5536 Media-
