3912 6174
371 272 477 326 443

375 399 502 449 tore
535 393 756 450 Christo
785 395 1008 448 nullum
1036 410 1180 461 esse,
1212 394 1297 448 vel
1326 393 1520 456 fuisse,
1551 393 1639 448 vel
1668 393 1931 447 futurum
1959 408 2079 445 esse

377 483 677 539 hominem
701 483 772 538 ab
803 481 962 537 omni
992 487 1220 554 peccato
1252 482 1591 536 immunem.
1615 482 1675 535 In
1706 481 1813 536 hoc
1833 480 2079 535 secundo

378 571 524 626 libro
553 570 811 626 libellum
840 589 873 625 a
897 571 1156 628 Caelestio
1187 569 1427 624 concilio
1459 568 1894 652 Carthaginensi
1922 569 2078 623 obla-

383 666 530 727 tum,
565 676 677 732 quo
710 660 1161 730 redemptionem
1187 659 1434 730 parvulis
1456 675 1598 730 opus
1627 675 1748 712 esse
1770 657 2078 725 fatebatur,

386 750 623 803 obscure
653 748 841 818 signat
880 748 974 818 (De
1010 750 1353 802 Peccatorum
1390 749 1620 813 meritis,
1649 747 1745 800 lib.
1779 749 1832 809 2,
1871 762 1928 801 η.
1971 744 2076 814 58).

386 841 594 892 Verum
627 842 819 908 aperte
858 837 1163 906 profitetur
1189 837 1248 889 in
1287 835 1822 902 Retractationibus,
1857 851 1915 887 se
1954 839 2078 888 tan-

382 932 510 982 tum
542 931 673 997 post
713 926 864 980 istud
900 925 1228 996 concilium,
1271 925 1432 994 cujus
1472 923 1754 978 sententia
1790 923 1946 978 idem
1984 922 2079 988 ille

384 1015 909 1070 excommunicatus
939 1015 1144 1082 fuerat,
1176 1013 1466 1084 scripsisse
1495 1014 1599 1067 hos
1628 1013 1804 1067 libros
1825 1014 2076 1082 (Retract.

388 1106 486 1158 lib.
519 1108 572 1171 2,
602 1120 723 1173 cap.
753 1105 865 1174 33),
895 1103 951 1157 id
982 1108 1066 1157 est
1094 1119 1244 1157 anno
1276 1101 1842 1173 quadringentesimo
1874 1101 2083 1156 duode-

385 1194 554 1247 cimo.
591 1193 653 1246 In
681 1192 770 1246 his
815 1195 1010 1245 tamen
1039 1191 1277 1245 tacenda
1304 1190 1489 1244 adhuc
1524 1190 1829 1244 arbitratus
1870 1193 1952 1244 est
1982 1188 2080 1243 ad-

376 1281 762 1336 versariorum
788 1280 1026 1334 nomina
1049 1297 1061 1346 ;
1089 1280 1243 1350 quod
1272 1295 1365 1333 eos
1396 1280 1500 1332 hac
1523 1278 1734 1348 agendi
1763 1277 1983 1332 ratione
2007 1277 2082 1331 fa-

378 1370 544 1424 cilius
592 1385 757 1438 posse
793 1368 1004 1438 corrigi
1035 1371 1308 1438 speraret.
1340 1369 1457 1421 Hoc
1497 1366 1559 1420 in
1601 1381 1772 1437 opere
1818 1366 2082 1420 meminit

379 1452 735 1524 Augustinus
761 1451 1056 1521 cujusdam
1078 1466 1145 1503 ex
1176 1465 1242 1503 eo
1272 1465 1481 1520 genere
1511 1449 1824 1515 fatuorum,
1854 1448 1953 1520 qui
1983 1463 2076 1502 re-

379 1541 554 1612 liquis
597 1541 762 1594 ludos
804 1539 1080 1610 praebent,
1124 1539 1411 1592 moriones
1454 1539 1623 1608 vulgo
1670 1537 1828 1594 dicti.
1866 1539 2082 1592 Talium

380 1630 628 1699 quidam,
663 1629 758 1694 ait,
790 1630 904 1694 fuit
931 1630 1012 1682 ita
1040 1628 1393 1686 christianus,
1435 1631 1494 1681 ut
1523 1642 1641 1681 cum
1670 1630 1804 1680 esset
1841 1627 2077 1680 omnium

381 1721 712 1788 injuriarum
740 1732 963 1772 suarum
993 1718 1135 1770 mira
1158 1719 1423 1782 fatuitate
1445 1717 1904 1784 patientissimus,
1935 1715 2079 1781 inju-

381 1811 526 1862 riam
556 1811 733 1861 tamen
775 1807 982 1862 Christi
1012 1807 1267 1872 nominis,
1306 1805 1390 1859 vel
1426 1807 1485 1858 in
1522 1819 1577 1859 se
1613 1806 1731 1874 ipso
1778 1805 2079 1875 religionis,

382 1912 492 1967 qua
521 1895 758 1949 imbutus
784 1899 920 1960 erat,
951 1895 1028 1948 sic
1055 1895 1200 1960 ferre
1229 1909 1334 1947 non
1353 1897 1552 1963 posset,
1573 1896 1632 1945 ut
1653 1893 2080 1962 blasphemantes

378 1986 631 2040 videlicet
659 1983 926 2048 cordatos,
953 1999 988 2036 a
1017 1983 1211 2051 quibus
1241 1983 1370 2047 haec,
1396 1986 1455 2036 ut
1471 1985 1874 2051 provocaretur,
1897 1981 2081 2035 audie-

381 2076 494 2140 bat,
526 2073 786 2127 insectari
815 2072 1090 2141 lapidibus
1122 2087 1229 2126 non
1267 2072 1564 2138 desisteret,
1593 2086 1686 2124 nec
1729 2072 1788 2124 in
1824 2086 1888 2124 ea
1916 2086 2081 2125 causa

382 2165 467 2218 vel
495 2163 726 2217 dominis
751 2165 1017 2231 parceret.
1056 2161 1212 2215 Tales
1249 2175 1373 2226 ergo
1396 2160 1786 2229 pra’destinari
1813 2163 1864 2214 et
1904 2162 2082 2213 creari

380 2253 635 2313 arbitror,
665 2257 728 2305 ut
753 2252 850 2320 qui
876 2254 1122 2319 possunt,
1149 2250 1459 2316 intelligant
1479 2250 1577 2302 Dei
1603 2250 1866 2318 gratiam,
1884 2252 1934 2303 et
1961 2250 2081 2318 Spi-

384 2345 554 2396 ritum
583 2342 679 2410 qui
707 2340 801 2393 ubi
827 2340 945 2394 vult
973 2341 1169 2408 spirat,
1203 2339 1266 2392 ob
1294 2339 1388 2391 hoc
1417 2353 1568 2392 omne
1593 2339 1802 2405 ingenii
1829 2352 1994 2405 genus
2024 2338 2081 2390 in

383 2430 521 2500 ﬁliis
552 2427 938 2483 misericordiae
978 2441 1084 2481 non
1108 2428 1412 2496 praeterire,
1445 2427 1675 2494 itemque
1701 2441 1852 2479 omne
1879 2427 2083 2492 ingenii

390 2533 558 2587 genus
597 2518 660 2574 in
684 2519 934 2584 gehennae
960 2517 1091 2586 ﬁliis
1133 2517 1432 2585 praterire,
1456 2520 1517 2569 ut
1555 2516 1656 2583 qui
1697 2514 1982 2582 gloriatur.
2025 2515 2083 2567 in

385 2610 612 2663 Domino
640 2608 902 2674 glorietur
923 2605 1022 2675 (De
1043 2607 1384 2660 Peccatorum
1408 2605 1634 2668 meritis,
1666 2602 1759 2656 lib.
1798 2606 1847 2668 1,
1877 2618 1932 2655 η.
1968 2603 2080 2670 32).

382 2696 583 2752 Paucis
612 2695 817 2750 deinde
847 2693 1157 2765 interjectis
1187 2691 1362 2758 addit,
1394 2693 1616 2746 fatuum
1645 2691 1810 2745 illum
1840 2691 1896 2746 in
1929 2690 2085 2746 Chri-

385 2785 458 2840 sti
489 2784 674 2856 gratia
696 2782 891 2838 multis
923 2781 1262 2837 acutissimis
1289 2781 1728 2852 praeferendum.

458 2877 510 2929 4.
545 2875 669 2928 Jam
709 2877 902 2926 autem
941 2871 1214 2926 absolutis
1251 2870 1404 2924 hisce
1443 2869 1602 2923 libris
1631 2873 1802 2939 atque
1842 2868 1910 2922 ad
1941 2867 2083 2922 Mar-

391 2961 660 3017 cellinum
707 2959 1075 3026 transmissis,
1127 2958 1528 3029 Carthaginem
1586 2957 1906 3028 profectum
1963 2971 2084 3010 esse

389 3053 624 3107 beatum
656 3048 1004 3118 Antistitem,
1043 3047 1352 3101 verisimile
1393 3051 1496 3101 est.
1531 3047 1790 3116 Namque
1820 3045 2086 3100 eumdem

387 3139 552 3194 illum
584 3136 975 3192 Marcellinum
1005 3135 1086 3190 ita
1111 3135 1422 3206 alloquitur
1457 3151 1471 3188 :
1498 3135 1688 3189 Libros
1718 3135 1783 3188 de
1811 3136 2086 3203 Baptismo

387 3227 773 3298 parvulorum,
793 3241 912 3278 cum
927 3226 1048 3294 jam
1070 3223 1299 3278 codicem
1317 3226 1497 3292 ipsum
1509 3225 1846 3278 Praestantiae
1867 3227 1972 3277 tum
1992 3225 2088 3277 mi-

388 3319 595 3381 sissem,
627 3329 724 3368 cur
762 3313 858 3367 abs
892 3317 940 3366 te
977 3327 1167 3367 rursus
1197 3315 1510 3380 acceperim,
1550 3313 1747 3366 oblitus
1785 3327 1948 3366 sum:
1976 3314 2088 3366 nisi

390 3407 534 3472 forte
559 3419 678 3458 cum
718 3403 1059 3472 inspicerem,
1091 3400 1368 3454 mendosos
1396 3415 1479 3454 eos
1505 3401 1699 3469 reperi,
1729 3403 1780 3453 et
1807 3399 2089 3454 menda-re

386 3495 561 3559 volui;
591 3491 736 3563 quod
771 3490 1097 3545 mirabiliter
1125 3489 1435 3559 impeditus,
1461 3489 1637 3544 adhuc
1657 3503 1822 3557 usque
1850 3504 1955 3543 non
1983 3491 2090 3555 feci

388 3583 587 3653 (Epist.
639 3584 755 3647 139,
786 3597 842 3636 n.
891 3580 966 3649 3).
1017 3578 1216 3634 Paucis
1264 3581 1395 3649 post
1441 3577 1662 3642 diebus,
1694 3593 1824 3630 cum
1871 3576 1934 3630 in
1968 3577 2089 3647 ejus

387 3687 594 3726 manus
623 3670 907 3725 venissent
936 3667 1152 3739 Pelagii
1179 3666 1562 3738 expositiones
1589 3665 1650 3720 in
1681 3664 1837 3719 Pauli
1867 3664 2089 3736 Episto-

393 3761 494 3822 las,
519 3756 1077 3830 argumentationem
1093 3756 1174 3811 ibi
1195 3755 1505 3826 quamdam
1526 3755 1792 3809 adversus
1813 3753 2088 3825 originale

393 3854 690 3918 peccatum
727 3845 960 3915 reperit,
992 3862 1024 3898 a
1055 3861 1114 3899 se
1153 3843 1390 3898 minime
1429 3842 1782 3897 confutatam
1815 3859 1827 3897 :
1857 3859 1988 3896 nam
2030 3842 2090 3896 in

397 3938 647 3990 mentem
688 3933 798 3987 sibi
835 3931 1071 3987 omnino
1111 3949 1226 3986 non
1260 3935 1511 3998 venerat,
1539 3946 1888 4001 quemquam
1928 3947 2090 4001 posse

396 4023 533 4078 talia
559 4021 811 4093 cogitare
841 4022 929 4075 vel
955 4020 1140 4074 dicere
1162 4023 1252 4091 (De
1279 4022 1619 4074 Peccatorum
1647 4021 1874 4087 meritis,
1909 4020 2002 4074 lib.
2035 4023 2088 4088 3,

395 4128 452 4168 π.
489 4111 557 4182 1).
591 4113 950 4180 Quapropter
981 4125 1112 4162 cum
1142 4108 1532 4180 superioribus
1561 4107 1721 4162 libris
1751 4108 1823 4163 ad
1853 4109 2092 4163 umbili-

396 4217 527 4255 cum
557 4199 848 4272 perductis
892 4197 1032 4253 nihil
1079 4198 1212 4253 addi
1255 4214 1420 4268 posse
1453 4197 1755 4268 judicaret,
1788 4197 2090 4268 epistolam

399 4291 503 4344 hac
533 4290 601 4344 de
633 4305 694 4344 re
715 4288 1011 4359 propriam
1041 4287 1363 4342 Marcellino
1387 4286 1628 4358 scripsit,
1653 4303 1825 4358 quam
1857 4290 1910 4341 et
1937 4285 2093 4357 operi

396 4395 498 4433 suo
528 4377 682 4433 tertii
708 4377 842 4434 libri
864 4377 1047 4432 instar
1065 4376 1340 4431 annexuit
1362 4377 1614 4443 (Retract.
1638 4377 1733 4431 lib.
1756 4379 1808 4441 2,
1835 4391 1952 4445 cap.
1983 4375 2089 4443 33).

401 4467 467 4522 Id
499 4467 770 4538 temporis
796 4465 1135 4538 Carthagine
1165 4465 1372 4537 agebat
1401 4464 1756 4520 Marcellinus
1784 4464 1877 4534 (De
1904 4467 2094 4519 Pecca-

397 4561 575 4611 torum
601 4559 830 4620 meritis,
867 4558 961 4612 lib.
998 4559 1049 4619 3,
1081 4573 1137 4610 τι.
1178 4556 1289 4627 10).
1331 4553 1508 4624 Atqui
1544 4553 1807 4622 Pelagius
1839 4552 2094 4607 Ecclesiae

393 4643 569 4697 tidem
598 4659 716 4698 non
742 4660 810 4698 ex
841 4660 943 4699 sua
972 4659 1220 4714 persona
1259 4641 1652 4713 impugnabat,
1683 4641 1781 4696 sed
1820 4646 2093 4712 tanquam

394 4731 580 4787 aliena
627 4733 850 4804 objecta
900 4735 1150 4788 referens
1199 4750 1214 4788 :
1266 4733 1467 4788 eadem
1513 4737 1727 4792 tamen,
1776 4731 1876 4786 ubi
1919 4732 2092 4786 semel

399 4821 678 4876 haereseos
707 4837 826 4876 suae
855 4823 1084 4893 signum
1115 4822 1363 4890 sustulit,
1390 4819 1844 4893 pertinacissima
1873 4819 2092 4874 animo-

395 4909 558 4964 sitate
588 4909 843 4965 defendit
859 4913 1117 4979 (Retract.
1142 4913 1237 4967 lib.
1269 4915 1322 4976 2,
1347 4927 1467 4980 cap.
1499 4911 1609 4979 33).
1634 4909 1782 4974 Quin
1805 4908 1975 4963 etiam
1997 4910 2096 4964 Ro-

396 5016 530 5069 mae,
562 5009 677 5071 qua
706 4998 766 5052 in
796 5000 938 5053 urbe
967 5001 1134 5054 multi
1167 5001 1282 5071 jam
1311 5000 1491 5070 probe
1521 5002 1799 5054 noverant
1829 5014 1974 5069 quos
1995 5014 2092 5069 ge-

397 5093 549 5145 reret
561 5087 754 5143 animo
769 5102 991 5153 sensus,
1005 5088 1171 5142 illum
1181 5088 1356 5143 veluti
1377 5089 1482 5144 sub
1497 5089 1605 5142 hoc
1617 5087 1789 5158 pallio
1802 5087 2094 5158 propriam

395 5181 649 5232 mentem
671 5174 965 5230 insinuare
989 5191 1100 5228 non
1126 5175 1463 5231 dubitabant
1479 5175 1572 5248 (De
1588 5178 1827 5231 Peccato.
1850 5177 2012 5244 orig.,
2035 5192 2093 5230 η.

393 5268 511 5337 24).
539 5264 925 5322 Nihilominus
941 5268 1134 5318 tamen
1150 5265 1521 5334 Augustinus,
1541 5265 1727 5320 adhuc
1747 5263 2096 5319 moderatius

397 5372 527 5410 eum
550 5356 649 5412 illo
671 5354 958 5428 agendum
978 5357 1206 5425 putans,
1223 5353 1484 5408 eamdem
1497 5354 1732 5409 omnino
1746 5358 1926 5409 artem
1940 5369 2002 5407 ac
2017 5369 2098 5408 ra-

397 5443 634 5507 tionem,
655 5462 769 5517 qua
790 5445 885 5498 ille
907 5443 1120 5498 abusus
1143 5442 1348 5507 fuerat,
1372 5442 1432 5496 in
1457 5459 1522 5498 eo
1543 5443 1852 5498 refellendo
1875 5447 2098 5497 secutus

399 5537 518 5586 est:
549 5533 666 5587 imo
697 5550 827 5588 cum
857 5531 1122 5604 Pelagius
1151 5531 1224 5584 ob
1256 5530 1610 5585 sanctitatem
1640 5547 1866 5586 morum
1887 5531 2095 5602 praedi-

1582 271 1754 325 VITA
1809 270 1864 325 S.
1909 268 2292 327 AUGUSTINI
2352 267 2690 324 EPISCOPI.
3702 285 3772 340 μή

2187 395 2413 446 caretur
2440 408 2475 446 a
2524 388 2738 456 multis,
2770 404 2903 444 eum
2945 405 3059 444 non
3099 389 3363 447 dubitavit
3395 395 3777 458 honoriﬁcentius

2189 481 2498 553 appellare.
2533 481 2659 534 Hinc
2689 479 2785 533 illa
2816 483 2901 532 est
2930 480 3183 549 profecto
3225 481 3294 534 ad
3333 483 3668 542 Marcellinum
3697 493 3778 561 epi-

2189 571 2353 638 stola,
2385 585 2556 640 quam
2580 567 2929 639 Augustinus
2959 566 3311 639 Carthagine,
3332 574 3392 623 ut
3410 572 3655 642 prioribus
3677 577 3781 632 duo-

2189 660 2293 715 bus
2350 657 2509 713 libris
2555 659 2916 728 jungeretur,
2979 657 3276 727 incoeptam
3331 661 3558 715 nondum
3601 665 3782 720 omnino

2187 747 2519 819 perfecerat,
2545 762 2659 818 quo
2685 749 2940 816 tempore
2973 744 3041 798 de
3063 745 3445 817 pervulgandis
3472 751 3616 820 gestis
3635 759 3786 806 contra

2191 835 2508 891 Donatistas
2584 833 2855 888 confectis
2920 832 3060 887 alias
3125 832 3302 888 eidem
3374 835 3565 891 litteras
3613 839 3787 911 scripsit

2185 926 2390 997 (Epist.
2420 925 2540 989 139,
2568 938 2624 976 n.
2659 922 2730 994 3).

2260 1018 2307 1068 5.
2346 1014 2409 1067 In
2439 1011 2686 1066 secundo
2717 1010 2863 1066 libro
2896 1010 3186 1075 docuerat,
3217 1010 3335 1066 ﬁeri
3375 1027 3523 1078 posse
3545 1017 3598 1067 ut
3621 1013 3680 1069 sit
3705 1016 3787 1069 ho-

2189 1119 2284 1158 mo
2317 1102 2436 1156 sine
2465 1105 2715 1172 peccato,
2742 1100 2789 1154 si
2818 1099 2973 1168 velit,
3000 1116 3130 1153 cum
3163 1099 3259 1154 Dei
3281 1100 3538 1171 adjutorio
3559 1104 3787 1173 ;quamvis

2189 1192 2406 1258 nullus,
2440 1194 2677 1260 excepto
2711 1188 2952 1255 Christo,
2985 1193 3102 1243 tam
3137 1189 3394 1260 perfectae
3413 1189 3623 1260 justitia'.
3647 1191 3728 1244 hac
3749 1192 3787 1245 in

2188 1281 2303 1334 vita
2333 1280 2424 1334 sit.
2458 1280 2573 1332 Hoc
2601 1283 2928 1348 permotum
2974 1293 3032 1331 se
3076 1277 3246 1332 fuisse
3282 1277 3552 1348 rescripsit
3575 1279 3788 1332 Marcelli-

2187 1386 2318 1438 nus,
2350 1369 2502 1440 quod
2532 1367 2767 1422 dixisset
2791 1367 2916 1422 ﬁeri
2947 1383 3110 1438 posse
3141 1382 3265 1421 eam
3295 1382 3431 1433 rem,
3459 1367 3601 1437 cujus
3624 1367 3789 1421 nullum

2189 1462 2431 1513 exstaret
2457 1457 2802 1528 exemplum.
2849 1456 3018 1510 Novae
3065 1455 3200 1509 huic
3241 1455 3527 1526 quaestioni
3563 1455 3791 1525 respondit

2187 1546 2540 1616 Augustinus
2565 1561 2709 1600 novo
2742 1544 2905 1610 libro,
2938 1542 3029 1598 cui
3060 1543 3289 1598 titulum
3315 1543 3462 1609 fecit,
3492 1546 3553 1597 De
3578 1545 3746 1612 Spiritu
3761 1548 3794 1596 et

2188 1637 2400 1690 Littera
2433 1651 2446 1688 :
2476 1633 2612 1704 quia
2651 1633 3029 1704 quaestionem
3069 1631 3374 1703 explicans,
3407 1631 3713 1686 occasionem
3735 1648 3792 1683 ce-

2186 1721 2272 1793 pit
2303 1720 2635 1791 disputandi
2665 1723 2861 1774 contra
2900 1719 3236 1790 Pelagianos
3263 1719 3329 1773 de
3359 1717 3618 1788 adjutorio
3653 1716 3795 1787 gratia

2189 1809 2310 1877 Dei,
2356 1808 2660 1862 ostendens
2703 1806 2988 1874 videlicet,
3019 1823 3135 1860 non
3164 1823 3230 1860 eo
3262 1822 3359 1860 nos
3402 1822 3433 1858 a
3463 1807 3567 1859 Deo
3608 1802 3797 1874 adjuvari

2186 1898 2258 1952 ad
2282 1898 2634 1968 operandam
2651 1895 2960 1967 justitiam,
2983 1895 3138 1966 quod
3165 1895 3347 1966 legem
3374 1894 3518 1949 dedit
3534 1895 3726 1964 plenam
3739 1892 3798 1944 bo.

2189 1984 2274 2039 nis
2301 1985 2619 2056 sanctisque
2641 1983 2955 2055 praeceptis,
2977 1984 3074 2038 sed
3096 1983 3252 2054 quod
3276 1983 3396 2054 ipsa
3413 1982 3648 2036 voluntas
3665 1985 3800 2034 nostra

2189 2075 2489 2144 adjuvetur
2507 2072 2796 2144 impertito
2827 2072 3030 2143 spiritu
3060 2072 3287 2143 gratiae;
3312 2072 3428 2126 sine
3451 2087 3556 2142 quo
3583 2067 3799 2140 adjutorio

2188 2163 2443 2218 doctrina
2484 2162 2628 2234 legis
2676 2161 2866 2216 littera
2909 2165 2994 2214 est
3039 2161 3325 2228 occidens,
3357 2159 3487 2231 quia
3525 2175 3634 2212 reos
3665 2156 3802 2228 potius

2187 2251 2669 2324 praevaricationis
2699 2254 2874 2318 tenet,
2911 2266 3084 2320 quam
3110 2249 3384 2320 justiﬁcat
3402 2248 3594 2319 impios
3613 2247 3800 2316 (Retrart.

2190 2342 2284 2395 lib.
2315 2344 2368 2408 2,
2399 2357 2520 2411 cap.
2554 2343 2655 2407 37;
2688 2343 2763 2394 De
2812 2341 3025 2408 Spiritu
3054 2344 3105 2393 et
3142 2341 3372 2405 Littera,
3400 2353 3454 2392 η.
3510 2339 3575 2407 1).
3615 2336 3806 2390 Testatur

2191 2447 2266 2495 se,
2301 2430 2407 2484 hoc
2438 2429 2494 2482 in
2523 2444 2717 2499 Opere,
2743 2432 3026 2498 quantum
3048 2428 3196 2481 Deus
3219 2426 3450 2497 adjuvit,
3477 2430 3650 2478 contra
3673 2419 3804 2475 inimi-

2145 2528 2166 2540 ‘
2190 2535 2282 2573 cos
2312 2517 2510 2590 gratiae
2541 2515 2662 2582 Dei,
2694 2533 2807 2586 qua
2831 2514 3176 2585 justiﬁcatur
3207 2515 3438 2585 impius,
3470 2512 3651 2566 acriter
3673 2509 3807 2578 dispu-

2194 2611 2338 2661 tasse
2388 2609 2642 2676 (Retract.
2696 2604 2791 2658 lib.
2827 2608 2880 2671 2,
2928 2620 3048 2673 cap.
3083 2603 3170 2674 37)
3208 2621 3221 2658 :
3255 2603 3416 2674 atqui
3444 2601 3501 2656 in
3529 2601 3639 2654 illos
3674 2605 3807 2651 tamen

2193 2712 2319 2749 eam
2348 2695 2532 2748 adhuc
2561 2692 3015 2747 moderationem
3044 2693 3252 2759 tenuit,
3289 2697 3349 2746 ut
3379 2690 3648 2745 neminem
3669 2685 3808 2739 adver-

2194 2783 2475 2838 sariorum
2507 2781 2847 2836 nominatim
2877 2781 3278 2852 appellaverit.

2265 2876 2314 2927 6.
2358 2871 2510 2936 Quin
2557 2871 2730 2925 etiam
2778 2869 3157 2924 immoderato
3203 2869 3454 2941 quodam
3497 2865 3664 2921 studio
3702 2876 3812 2916 revo-

2195 2961 2362 3017 candi
2393 2960 2652 3016 homines
2696 2960 2766 3014 ab
2810 2975 3021 3024 errore,
3068 2963 3297 3013 tantum
3350 2957 3483 3029 ipsis
3528 2955 3615 3008 Vir
3654 2954 3815 3006 sanctus

2194 3049 2548 3120 indulgebat,
2580 3049 2645 3102 ut
2671 3047 2957 3119 patienter
2985 3046 3118 3100 ferri
3143 3047 3399 3116 juberet,
3431 3043 3592 3098 etiam
3617 3055 3721 3094 cum
3744 3034 3815 3106 ipsi

2197 3139 2516 3196 Catholicos
2561 3137 2810 3208 antiquae
2861 3135 2991 3191 ﬁdei
3033 3136 3367 3190 defensores
3412 3149 3522 3189 non
3561 3129 3819 3185 vererentur

2196 3229 2346 3284 inter
2362 3227 2771 3298 disputandum
2803 3225 3014 3279 habere
3037 3229 3320 3295 tanquam
3348 3221 3628 3278 haareticos
3648 3220 3693 3270 et
3709 3227 3819 3267 nora-

2196 3322 2370 3373 tores.
2402 3319 2604 3372 Parum
2633 3319 2710 3370 est
2740 3317 2902 3380 enim,
2934 3313 3033 3380 ait,
3067 3316 3202 3382 quia
3222 3315 3323 3369 isti
3343 3313 3606 3369 disserunt
3629 3311 3670 3362 et
3689 3305 3821 3371 dispu-

2199 3410 2318 3460 tant
2346 3408 2522 3460 nescio
2553 3419 2688 3473 quas
2720 3404 2920 3472 impias
2948 3404 3215 3457 novitates
3247 3419 3259 3456 :
3296 3407 3347 3455 et
3381 3417 3475 3455 nos
3505 3401 3731 3454 conantur
3758 3403 3820 3441 ar-

2197 3510 2374 3562 guere,
2409 3494 2554 3562 quod
2583 3492 2799 3562 aliquid
2822 3507 3013 3546 novum
3041 3491 3293 3546 dicamus
3326 3490 3516 3561 (Serm.
3546 3487 3657 3549 294,
3681 3498 3727 3535 n.
3755 3478 3822 3541 l9?-

2198 3583 2286 3638 Sie
2317 3583 2552 3637 omnino
2583 3581 2925 3652 loquebatur
2949 3581 3018 3633 ad
3051 3579 3560 3652 Carthaginensem
3586 3573 3766 3646 plebem
3787 3565 3824 3617 in

2198 3685 2483 3736 sermone,
2515 3684 2686 3740 quem
2733 3667 2951 3721 Aurelii
2993 3666 3250 3739 episcopi
3301 3665 3552 3737 impulsu
3590 3663 3669 3732 (De
3706 3653 3826 3712 Gestis

2199 3760 2429 3825 Pelagii,
2461 3774 2518 3812 η.
2550 3758 2670 3828 25),
2702 3756 2994 3828 aliquanto
3031 3760 3159 3828 post
3192 3757 3380 3812 editos
3417 3753 3626 3825 priores
3651 3747 3708 3802 ad
3731 3744 3826 3828 Plat-

2198 3847 2467 3901 cellinum
2498 3847 2694 3915 libros,
2711 3827 2816 3899 nec
2843 3827 3049 3899 tamen
3067 3849 3201 3900 ante
3231 3859 3473 3912 annum,
3499 3846 3560 3896 ut
3582 3836 3722 3894 nobis
3743 3827 3826 3902 qui-

2199 3937 2332 3991 dem
2361 3935 2680 4004 videbatur,
2715 3933 2922 3990 Christi
2949 3933 3590 4006 quadringentesimum
3617 3924 3830 4006 decimum

2197 4024 2437 4080 tertium
2478 4024 2642 4093 (Vide
2682 4026 2907 4091 Prwfat.
2943 4004 3072 4077 tomi
3102 4027 3188 4090 10,
3209 4004 3256 4096 ξ
3288 4026 3368 4093 6),
3411 4010 3762 4092 pronuntiavit
3793 4004 3830 4057 in

2198 4113 2431 4169 basilica
2453 4114 2755 4183 Majorum,
2778 4113 2838 4166 in
2859 4112 3036 4166 natali
3057 4113 3330 4184 martyris
3353 4106 3675 4171 Guddentis,
3693 4099 3835 4184 quinto

2201 4203 2471 4258 kalendas
2495 4201 2629 4273 julii
2657 4218 2670 4255 :
2701 4201 2799 4256 ubi
2824 4206 3199 4272 posteaquam
3218 4201 3602 4272 quaestionem
3624 4194 3683 4248 de
3703 4183 3834 4279 Bap”:

2201 4309 2323 4347 smo
2351 4291 2532 4346 fusius
2564 4290 2844 4359 tractavit,
2874 4290 3125 4361 primum
3157 4290 3400 4362 quidem
3430 4288 3640 4345 divinas
3665 4282 3838 4362 auctorr

2201 4386 2344 4436 tates
2372 4380 2692 4451 proferens,
2723 4379 2857 4433 dein
2887 4384 3118 4450 gestans
3148 4361 3388 4451 quoque
3421 4379 3480 4432 in
3507 4372 3741 4431 manibus
3763 4361 3838 4451 ePl'

2201 4448 2403 4523 stolam
2429 4467 2829 4539 gloriosissimi
2859 4448 3125 4539 martyris
3157 4448 3439 4539 Cypriani
3471 4481 3597 4538 qum
3617 4465 3691 4516 est
3716 4455 3767 4510 ad
3784 4448 3840 4505 Ὲὶ·

2201 4558 2358 4618 dum.
2391 4561 2446 4612 et
2487 4557 2557 4612 de
2598 4557 2703 4611 hac
2733 4572 2794 4611 re
2823 4557 2997 4611 verba
3027 4558 3148 4628 ejus
3178 4556 3438 4611 recitans
3478 4559 3641 4624 atque
3681 4547 3842 4618 pertra-

2201 4651 2382 4710 ctans,
2443 4650 2509 4701 ut
2564 4661 2726 4700 error
2776 4645 3030 4699 nefarius
3077 4645 3147 4700 de
3204 4644 3599 4718 quorumdam
3645 4629 3846 4718 cordibus

2202 4734 2556 4802 auferretur;
2601 4735 2670 4788 ad
2718 4737 3039 4789 extremum
3086 4716 3237 4805 pius‘
3265 4734 3528 4788 Antistes
3559 4725 3746 4785 claudit
3777 4716 3847 4772 dis-

2202 4822 2561 4893 putationem
2592 4822 2652 4876 in
2685 4823 2808 4877 haec
2835 4823 3004 4877 verba
3039 4836 3051 4878 :
3088 4825 3457 4893 Impetremus
3483 4835 3621 4890 ergo.
3652 4817 3694 4871 si
3711 4820 3848 4883 possu-

2201 4927 2339 4978 mus,
2365 4927 2399 4965 a
2428 4905 2705 4978 fratribus
2735 4914 2958 4977 nostris,
2981 4928 3048 4966 ne
3074 4927 3168 4966 nos
3198 4914 3434 4981 insuper
3463 4907 3717 4980 appellent
3741 4901 3853 4952 Ιικτΐ·

2203 5003 2362 5064 τίεοεξ
2394 5000 2542 5068 quod
2567 5015 2652 5054 eos
2685 5002 2820 5056 talia
2849 5001 3191 5070 disputantes
3220 5015 3322 5055 nos
3349 4999 3628 5069 appellare
3652 4989 3852 5063 possimus

2200 5090 2461 5156 forsitan,
2497 5091 2548 5144 si
2595 5090 2842 5157 velimus,
2874 5106 2968 5144 nec
3007 5095 3185 5144 tamen
3231 5089 3607 5160 appellamus.
3647 5077 3857 5139 Sestium!

2202 5191 2286 5231 eos
2318 5182 2492 5232 mater
2525 5179 2641 5247 piis
2673 5179 2968 5233 visceribus
2997 5178 3297 5248 sanandos,
3325 5183 3515 5248 portet
3539 5168 3786 5230 docendos,
3817 5172 3857 5209 ηε

2200 5268 2433 5335 plangat
2463 5272 2722 5322 mortuos.
2755 5269 2994 5323 Nimium
3025 5271 3104 5322 est
3133 5283 3237 5338 quo
3267 5266 3728 5336 progrediuntur;
3756 5249 3858 5307 mul-

2205 5359 2319 5409 tum
2345 5361 2446 5422 est,
2475 5359 2571 5411 via;
2600 5357 2886 5424 ferendum
2909 5360 3005 5423 est,
3025 5371 3236 5426 magna:
3253 5357 3550 5424 patientiae
3566 5351 3728 5407 adhuc
3743 5338 3854 5410 ferti-

2205 5446 2320 5501 Non
2351 5446 2656 5500 abutantur
2685 5447 2784 5500 hac
2811 5448 3083 5516 patientia
3113 5447 3390 5509 Ecclesia,
3425 5441 3772 5512 corrigantur,
3797 5429 3862 5481 δο-

2210 5548 2339 5588 num
2379 5537 2479 5587 est.
2528 5537 2595 5588 Ut
2625 5536 2788 5588 amici
2814 5535 3184 5602 exhortamur,
3223 5549 3334 5589 non
3382 5538 3448 5588 ut
3494 5528 3694 5587 inimici
3729 5522 3862 5582 lititI'J'
