3912 6174
135 272 242 325 445

135 422 279 462 mus.
312 409 616 463 Detrahunt
642 410 817 475 nobis,
846 411 1075 477 ferimus
1108 430 1120 466 :
1154 417 1348 468 canoni
1382 432 1487 470 non
1528 417 1842 486 detrahant,

135 494 363 547 veritati
390 507 497 546 non
526 492 848 561 detrahant;
891 496 1141 551 Ecclesiae
1169 504 1369 553 sanctae
1402 516 1505 569 pro
1534 505 1845 557 remissione

127 583 346 651 peccati
362 582 652 649 originalis
670 584 1024 651 parvulorum
1046 587 1287 654 quotidie
1311 588 1585 643 laboranti
1603 606 1709 645 non
1728 607 1844 645 con-

134 670 437 723 tradicunt.
456 671 709 724 Fundata
738 674 847 726 ista
885 689 968 726 res
998 678 1094 728 est.
1129 677 1398 731 Ferendus
1428 683 1505 732 est
1535 679 1845 748 disputator

133 774 327 813 errans
348 761 407 812 in
436 760 565 814 aliis
591 762 977 829 questionibus
1003 778 1109 816 non
1139 763 1429 830 diligenter
1458 766 1843 833 digestis,non-

134 848 271 901 dum
314 849 482 916 plena
526 850 771 903 Ecclesia:
815 853 1137 905 auctoritate
1176 856 1437 920 ﬁrmatis;
1480 855 1562 907 ibi
1586 857 1843 920 ferendus

137 940 214 990 est
245 951 399 990 error
432 953 443 989 :
478 952 580 989 non
612 942 823 991 tantum
851 940 1115 1007 progredi
1144 941 1314 1006 debet,
1347 946 1406 995 ut
1445 945 1608 996 etiam
1631 944 1841 1010 funda-

138 1030 375 1079 mentum
406 1027 583 1093 ipsum
615 1027 864 1081 Ecclesiae
902 1032 1123 1096 quatere
1154 1031 1428 1086 moliatur.
1462 1034 1575 1087 Non
1603 1033 1841 1101 expedit.

133 1113 337 1167 Adhuc
355 1116 501 1180 forte
525 1119 711 1168 nostra
732 1131 836 1169 non
862 1122 940 1170 est
961 1118 1398 1185 reprehendenda
1424 1122 1692 1187 patientia
1717 1138 1729 1174 :
1752 1121 1846 1175 sed

133 1201 253 1254 debv
272 1218 392 1255 mus
424 1204 610 1256 timere
637 1219 703 1257 ne
740 1206 985 1273 culpetur
1012 1209 1175 1261 etiam
1206 1208 1555 1275 negligentia.
1590 1210 1845 1277 Sufﬁcith

136 1292 419 1347 Charitati
443 1297 659 1359 vestrm;
703 1293 889 1348 habete
914 1296 988 1348 ad
1018 1297 1138 1349 illos
1166 1299 1263 1364 qui
1290 1300 1458 1351 nostis
1486 1300 1626 1365 illos,
1662 1300 1847 1353 habete

139 1396 263 1434 cum
293 1382 407 1434 illis
436 1383 623 1447 amice,
669 1385 930 1448 fraterne,
974 1385 1210 1453 placide,
1252 1391 1517 1453 amanter,
1564 1388 1841 1443 dolenter:

137 1469 418 1538 quidquid
445 1474 617 1537 potest
634 1471 812 1535 faciat
827 1473 1005 1540 pietas
1029 1492 1043 1538 ;
1074 1476 1205 1540 quia
1225 1480 1415 1542 postea
1441 1476 1720 1542 diligenda
1740 1493 1846 1530 non

135 1560 239 1610 erit
268 1560 518 1625 impietas
550 1556 742 1627 (Serm.
776 1560 901 1624 294,
932 1576 986 1613 n.
1021 1560 1135 1629 20).

206 1650 261 1699 7.
298 1645 524 1699 Litteris
553 1646 726 1699 etiam
759 1646 981 1701 circiter
1010 1647 1119 1702 hoc
1148 1649 1302 1703 idem
1333 1654 1557 1721 tempus
1574 1653 1642 1707 ad
1664 1669 1722 1706 se
1746 1653 1843 1707 da-

137 1733 209 1786 tis
254 1750 286 1785 a
332 1732 565 1803 Pelagio
597 1734 916 1788 rescribens
963 1736 1338 1806 Augustinus,
1371 1739 1595 1792 tametsi
1627 1740 1695 1793 ab
1723 1740 1844 1809 ejus

138 1822 406 1875 laudibus
426 1823 849 1892 temperaverit,
884 1822 1049 1877 illum
1079 1825 1450 1880 nihilominus
1478 1832 1592 1881 tam
1617 1829 1847 1883 honori-

137 1911 243 1964 fice
287 1910 509 1977 habuit,
556 1916 619 1964 ut
657 1910 840 1981 ipsius
878 1911 974 1965 ille
1014 1913 1313 1982 epistolam
1353 1916 1412 1968 in
1448 1915 1847 1987 Diospolytana

138 2000 380 2070 synodo,
414 2004 476 2053 ut
496 1999 823 2067 testimonio
854 2000 999 2055 tanti
1030 2001 1156 2068 viri,
1191 2002 1539 2057 intentatum
1567 2005 1845 2059 haereseos

139 2085 360 2139 crimen
380 2102 413 2139 a
430 2104 488 2139 se
509 2088 1147 2161 depelleret,legendam
1173 2092 1496 2161 protulerit.
1523 2095 1653 2147 Haec
1672 2111 1844 2165 porro

140 2175 474 2245 hujusmodi
504 2182 625 2230 erat
657 2194 669 2231 :
700 2180 922 2232 Domino
949 2179 1296 2234 dilectissimo
1316 2186 1366 2234 et
1388 2182 1845 2238 desideratissime

141 2266 313 2329 fratri
334 2265 574 2332 Pelagio,
613 2266 977 2332 Augustinus,
1004 2271 1060 2321 in
1088 2271 1311 2323 Domino
1339 2271 1585 2325 salutem.
1624 2272 1845 2327 Gratias

143 2367 242 2418 ago
252 2353 573 2421 plurimum,
589 2354 733 2422 quod
746 2370 827 2407 me
841 2356 1042 2410 litteris
1055 2358 1162 2411 tuis
1176 2358 1488 2412 exhilarare
1499 2360 1754 2426 dignatus
1768 2378 1841 2426 es,

144 2446 192 2493 et
214 2445 419 2494 certum
448 2443 629 2506 facere
655 2442 720 2495 de
746 2444 921 2497 salute
942 2449 1139 2499 vestra.
1164 2446 1445 2500 Retribuat
1468 2448 1570 2501 tibi
1590 2451 1845 2504 Dominus

146 2532 298 2597 bona,
334 2533 532 2600 quibus
571 2548 777 2603 semper
803 2537 879 2590 sis
910 2536 1098 2603 bonus,
1130 2543 1180 2591 et
1209 2554 1327 2592 cum
1355 2540 1446 2592 illo
1467 2544 1661 2595 eterna
1691 2543 1845 2595 vivas

144 2622 199 2673 in
225 2626 507 2687 internum,
540 2622 751 2675 domine
780 2623 1125 2679 dilectissime
1148 2631 1197 2679 et
1228 2626 1686 2683 desideratissime
1721 2634 1844 2696 fra-

146 2714 239 2764 ter.
281 2712 399 2778 Ego
428 2715 626 2776 autem,
652 2712 754 2765 etsi
782 2715 838 2765 in
864 2729 945 2767 me
976 2729 1082 2768 non
1111 2730 1338 2781 agnosco
1362 2720 1638 2785 praconia
1663 2719 1730 2773 de
1766 2735 1847 2773 me

145 2803 256 2867 tua,
288 2814 409 2866 quas
443 2803 546 2852 tuae
573 2802 935 2866 Benignitatis
954 2804 1182 2870 epistola
1208 2807 1469 2871 continet;
1495 2806 1738 2861 benevolo
1770 2812 1849 2859 ta-

144 2902 257 2939 men
300 2889 484 2940 animo
523 2904 654 2955 erga
695 2890 1047 2957 exiguitatem
1084 2906 1254 2945 meam
1294 2894 1544 2959 ingratus
1587 2909 1696 2949 esse
1741 2911 1848 2949 non

136 2990 361 3045 possum
402 2991 415 3029 :
460 2978 623 3029 simul
666 2977 956 3032 admonens
1000 2984 1062 3033 ut
1097 2982 1283 3048 potius
1331 2996 1446 3035 ores
1481 2998 1584 3051 pro
1614 2998 1714 3049 me,
1744 2999 1846 3051 quo

144 3065 268 3118 talis
302 3080 337 3116 a
368 3066 587 3119 Domino
612 3065 770 3132 ﬁam.
800 3068 1013 3134 qualem
1045 3082 1130 3121 me
1148 3068 1270 3136 jam
1297 3084 1409 3123 esse
1437 3070 1747 3124 arbitraris.
1785 3073 1849 3126 Et

142 3152 253 3206 alia
282 3168 462 3206 manu
499 3168 511 3207 :
555 3155 755 3208 Memor
799 3158 976 3209 nostri
1024 3158 1305 3212 incolumis
1352 3161 1568 3213 Domino
1607 3161 1845 3229 placeas,

141 3242 358 3295 domine
400 3242 747 3297 dilectissime
801 3249 851 3297 et
906 3244 1367 3300 desideratissime
1412 3249 1593 3313 frater
1650 3250 1842 3318 (Epist.

148 3333 291 3399 146).
330 3330 417 3384 lbi
456 3330 596 3385 dixit
642 3347 774 3386 eum
804 3332 912 3386 sibi
943 3349 1063 3388 esse
1102 3334 1670 3399 desideratissimam,
1703 3353 1846 3408 quo-

142 3420 302 3473 niam
335 3420 496 3473 valde
528 3420 793 3489 cupiebat
822 3437 952 3475 cum
984 3428 1266 3492 praesente
1300 3423 1516 3493 aliquid
1549 3425 1798 3496 colloqui
1832 3443 1846 3480 :

136 3510 259 3579 jam
286 3508 446 3562 enim
476 3510 752 3576 audierat,
785 3517 981 3565 contra
1012 3512 1273 3582 gratiam,
1308 3529 1421 3583 qua
1443 3514 1845 3583 justiticamur,

143 3596 377 3668 quando
399 3596 533 3650 hinc
562 3597 754 3668 aliqua
774 3599 1239 3654 commemoratio
1272 3600 1454 3667 ﬁeret,
1491 3607 1684 3671 aperta
1717 3618 1849 3657 eum

142 3685 515 3740 contentione
562 3687 775 3741 conari.
825 3688 952 3741 Alia
990 3688 1206 3759 pariter
1244 3690 1413 3759 hujus
1443 3690 1699 3761 epistola:
1731 3708 1848 3745 suae

144 3775 316 3829 verba
346 3773 574 3845 singula
603 3776 948 3845 expendens,
978 3776 1121 3831 nihil
1162 3794 1345 3832 causa;
1376 3778 1549 3833 fuisse
1580 3780 1846 3847 ostendit,

142 3880 243 3918 cur
274 3880 402 3917 eam
433 3880 537 3934 pro
572 3880 629 3917 se
660 3865 728 3918 ad
758 3865 1026 3919 intentati
1056 3866 1311 3921 criminis
1339 3868 1734 3939 depulsionem
1759 3886 1851 3923 va-

144 3953 259 4005 lere
292 3952 557 4023 Pelagius
589 3958 931 4008 autumaret.
976 3956 1115 4009 Nam
1153 3956 1342 4026 ipsum
1374 3958 1474 4024 ibi,
1506 3959 1693 4029 quoad
1724 3959 1846 4012 sine

144 4042 321 4111 ipsius
347 4041 681 4108 offensione,
714 4047 811 4096 aut
840 4044 1172 4114 quaastionis
1204 4045 1374 4099 ullius
1400 4046 1748 4101 discussione
1778 4048 1847 4100 1i-

140 4135 319 4198 ceret,
369 4131 439 4185 de
489 4131 586 4184 Dei
631 4132 815 4202 gratia
842 4138 994 4187 recte
1026 4149 1223 4203 sapere
1254 4136 1619 4189 admonebat.
1652 4137 1849 4200 Quan-

142 4236 319 4291 quam
349 4225 547 4290 postea
568 4226 825 4274 sanctum
849 4222 1044 4276 Virum
1070 4223 1360 4293 paenituit,
1385 4224 1536 4294 quod
1560 4229 1695 4279 tunc
1716 4242 1847 4279 cum

144 4310 407 4363 dolorem
436 4309 619 4363 facere
646 4309 894 4379 timeret,
922 4315 1210 4366 tumorem
1241 4312 1470 4379 ulceris,
1505 4312 1587 4366 uti
1607 4314 1729 4383 jam
1759 4314 1847 4369 in-

144 4396 439 4467 telligebat
476 4397 722 4452 auxisset
748 4398 849 4469 (De
879 4401 1052 4455 Gestis
1080 4402 1311 4470 Pelagii,
1337 4417 1394 4455 n.
1419 4404 1631 4471 50-52).

212 4486 265 4537 8.
302 4484 679 4540 Revincendis
707 4486 880 4541 etiam
910 4487 1229 4557 Pelagianis
1256 4488 1467 4560 scripta
1495 4494 1580 4543 est
1609 4489 1848 4559 epistola

144 4572 210 4626 ad
250 4574 620 4629 Anastasium
642 4576 844 4645 (Epist.
884 4577 1025 4647 145).
1055 4577 1195 4629 Nam
1224 4581 1531 4649 postquam
1562 4577 1622 4631 in
1649 4593 1714 4630 ea
1744 4577 1846 4630 do-

144 4661 281 4727 cuit,
327 4678 445 4715 non
484 4678 588 4732 per
630 4664 837 4735 legem,
884 4664 981 4718 sed
1012 4681 1115 4735 per
1144 4665 1407 4735 gratiam,
1441 4682 1626 4737 neque
1659 4664 1848 4719 servili

144 4749 374 4817 timore,
405 4751 502 4804 sed
534 4752 713 4805 libera
742 4752 1014 4807 charitate
1045 4753 1271 4824 impleri
1294 4754 1579 4824 justitiam
1614 4771 1627 4808 :
1660 4754 1844 4808 decla-

142 4844 229 4892 rat
254 4856 314 4893 se
338 4839 507 4894 istam
538 4857 669 4895 cum
699 4858 764 4895 eo
786 4842 1162 4913 quzestionem
1186 4858 1288 4912 per
1314 4843 1531 4897 litteras
1553 4847 1843 4908 tractasse,

142 4943 257 4981 non
287 4934 527 4999 propter
554 4929 765 5000 ipsum,
788 4931 887 4985 sed
908 4935 1145 5000 propter
1169 4932 1449 5002 quosdam
1478 4932 1575 5003 qui
1602 4932 1846 4986 nimium

142 5023 420 5089 arrogant
462 5018 731 5073 humanae
767 5019 1065 5087 voluntati,
1098 5035 1272 5090 quam
1303 5021 1427 5090 lege
1459 5020 1591 5075 data
1619 5010 1844 5092 putant,

140 5108 212 5161 ad
241 5122 373 5161 eam
396 5106 747 5177 implendam
770 5107 882 5162 sibi
900 5125 1068 5178 posse
1098 5109 1377 5163 sutlicere.
1413 5110 1567 5163 Hanc
1590 5109 1847 5180 profecto

140 5196 468 5265 epistolam,
494 5196 553 5249 in
578 5212 692 5267 qua
714 5196 899 5266 parcit
920 5198 1105 5251 adhuc
1128 5198 1584 5253 adversariorum
1605 5198 1847 5267 nomini,

139 5284 373 5356 scripsit
416 5290 549 5340 ante
605 5302 823 5340 annum
878 5286 1508 5357 quadringentesimum
1563 5287 1849 5342 decimum

142 5378 391 5439 sextum,
443 5390 555 5445 quo
587 5375 710 5445 jam
740 5378 996 5447 tempore
1041 5375 1343 5429 nominare
1390 5376 1684 5446 Pelagium
1733 5392 1848 5430 non

142 5461 459 5516 dubitabat.
493 5462 822 5516 Anastasius
853 5467 1043 5517 autem
1069 5462 1165 5517 ille
1187 5463 1392 5518 mediis
1424 5464 1485 5518 in
1506 5463 1849 5519 tumultibus

141 5556 315 5623 atque
347 5551 785 5620 calamitatibus,
818 5568 948 5625 qua:
977 5568 1081 5623 per
1103 5552 1257 5607 idem
1285 5558 1509 5624 tempus
1540 5553 1842 5621 mundum,

1590 278 1801 335 LIBER
1842 280 2213 340 SEPTIMUS.

3548 289 3652 342 446

1951 402 2012 456 in
2059 404 2339 475 Hispaniis
2368 406 2624 473 fortasse,
2662 406 3085 478 opprimebant,
3120 406 3466 462 constitutus
3496 415 3641 463 erat.

1955 493 2338 556 Quamobrem
2382 511 2448 548 ex
2478 511 2545 549 eo
2588 494 2902 549 sciscitatur
2937 495 3312 567 Augustinus,
3346 512 3458 567 quo
3504 502 3651 551 statu

1954 596 2044 633 res
2074 582 2194 652 ejus
2226 586 2431 653 essent,
2465 600 2603 637 anve
2636 585 2782 637 Deus
2810 584 3059 656 quietem
3091 584 3343 655 aliquam
3370 584 3477 655 ipsi
3510 600 3647 639 con-

1955 686 2168 724 cessam
2199 672 2465 726 voluisset
2504 690 2515 727 :
2566 673 2851 745 simulque
2885 675 3236 740 adhortatur,
3272 679 3337 727 ut
3368 679 3425 728 et
3454 673 3655 727 mundi

1955 759 2321 815 adversitates
2349 762 2624 816 charitate
2652 767 2900 832 superet,
2933 768 2989 816 et
3018 780 3143 817 eam
3170 762 3441 817 virtutem
3462 779 3493 815 a
3515 764 3649 829 Deo,

1956 846 2055 917 qui
2094 850 2244 902 solus
2276 850 2457 919 ipsam
2478 850 2757 921 impertiri
2786 855 2986 921 potest,
3015 852 3314 922 efflagitet.
3346 854 3655 922 Acceperat

1956 941 2179 991 sanctus
2228 940 2438 993 Praesul
2483 941 2552 993 ab
2600 941 2894 995 Anastasio
2943 942 3177 1007 litteras,
3221 942 3428 1013 quibus
3458 959 3529 994 an
3562 958 3650 995 re-

1956 1041 2250 1095 sponsum,
2286 1044 2459 1081 necne
2508 1028 2774 1095 dedisset,
2809 1029 3016 1083 fatetur
3046 1030 3280 1084 omnino
3310 1029 3528 1083 nescire
3559 1045 3647 1095 se;

1956 1130 2137 1184 usque
2167 1115 2310 1169 adeo
2337 1116 2486 1169 curis
2509 1132 2572 1169 ea
2597 1120 2928 1187 tempestate
2956 1117 3426 1187 distringebatur.

2028 1206 2079 1255 9.
2115 1204 2260 1257 Dum
2290 1203 2587 1273 epistolam
2620 1206 2689 1259 ad
2729 1206 3118 1259 Marcellinum
3162 1223 3334 1276 supra
3363 1221 3651 1260 memora-

1955 1295 2072 1344 tam
2113 1292 2309 1362 (Epist.
2350 1297 2467 1359 139,
2498 1310 2554 1347 n.
2587 1297 2659 1361 3),
2694 1311 2864 1365 quam
2896 1294 3053 1347 libris
3086 1296 3155 1348 de
3188 1296 3473 1365 Baptismo
3504 1295 3650 1364 adje-

1956 1379 2051 1448 cit,
2084 1380 2351 1434 scriberet
2370 1382 2739 1453 Augustinus,
2770 1382 2938 1435 simul
2973 1382 3148 1436 etiam
3178 1382 3235 1435 in
3260 1383 3525 1437 manibus
3553 1383 3651 1435 ha-

1952 1468 2123 1522 bebat
2148 1470 2443 1540 epistolam
2469 1471 2541 1524 ad
2584 1473 2954 1538 Honoratum,
2997 1471 3156 1540 cujus
3183 1470 3651 1541 inquisitionibus

1955 1561 2085 1611 ante
2117 1558 2307 1611 omnia
2340 1558 2519 1612 facere
2551 1560 2684 1612 satis
2710 1560 2970 1612 voluntas
3000 1564 3122 1612 erat
3153 1560 3350 1629 (Epist.
3396 1560 3519 1623 :40;
3558 1561 3651 1613 Re-

1957 1651 2113 1700 tract.
2150 1648 2241 1701 lib.
2285 1651 2338 1717 2,
2364 1665 2486 1718 cap.
2522 1650 2628 1717 36).
2673 1649 2923 1704 Charitas
2953 1650 3110 1714 enim,
3144 1648 3350 1719 inquit,
3384 1664 3501 1716 qua:
3530 1652 3650 1701 tan-

1957 1753 2120 1805 quam
2140 1740 2331 1791 nutria:
2358 1740 2507 1804 fovet
2533 1740 2671 1806 ﬁlios
2696 1753 2837 1802 suos,
2861 1752 2966 1791 non
2987 1738 3175 1790 ordine
3195 1736 3440 1802 amandi,
3462 1736 3556 1789 sed
3568 1750 3655 1789 or-

1957 1826 2081 1879 dine
2111 1827 2479 1893 subveniendi,
2510 1829 2833 1895 inﬁrmiores
2862 1826 3182 1892 fortioribus
3204 1828 3499 1893 anteponit,
3520 1838 3650 1893 quos

1957 1916 2088 1969 tales
2136 1916 2252 1968 vult
2288 1931 2418 1981 esse,
2467 1917 2650 1985 quales
2674 1916 2795 1984 jam
2831 1917 2915 1968 illi
2943 1919 3089 1975 sunt,
3124 1930 3253 1982 quos
3280 1928 3386 1966 non
3415 1918 3651 1967 contem—

1954 2003 2148 2073 nendo,
2189 2004 2282 2057 sed
2329 2004 2394 2058 de
2440 2005 2524 2057 his
2568 2002 2903 2075 conﬁdendo,
2932 2004 3149 2055 interim
3172 2004 3419 2071 praeterit
3447 2000 3647 2069 (Epist.

1961 2095 2082 2161 l39,
2106 2108 2158 2145 n.
2195 2096 2263 2161 3).
2300 2093 2438 2146 Cum
2465 2097 2610 2146 esset
2647 2092 2821 2163 igitur
2852 2093 3171 2145 Honoratus
3200 2090 3260 2143 in
3290 2090 3649 2143 catechume-

1955 2197 2164 2234 norum
2208 2197 2468 2248 numero,
2513 2183 2770 2235 nondum
2816 2180 3103 2250 Baptismo
3147 2178 3407 2232 initiatus
3448 2180 3646 2247 (Epist.

1960 2271 2079 2336 140,
2112 2286 2166 2323 n.
2200 2270 2308 2340 48),
2354 2270 2578 2339 scripsit
2626 2269 2964 2339 Carthagine
3005 2268 3074 2322 ad
3119 2267 3505 2337 Augustinum
3543 2264 3652 2318 sibi

1956 2357 2314 2424 familiarem,
2339 2361 2510 2428 atque
2542 2357 2624 2411 illi
2651 2357 2995 2428 qumstiones
3015 2355 3268 2427 quinque
3290 2353 3653 2425 explicandas

1955 2448 2270 2519 proposuit.
2304 2448 2379 2500 Eo
2415 2462 2548 2499 sane
2575 2451 2831 2517 tempore
2857 2444 3209 2517 Augustinus
3237 2448 3435 2498 contra
3466 2444 3652 2497 Dona-

1954 2536 2114 2589 tistas
2153 2536 2521 2589 vehementer
2562 2535 2931 2589 exercebatur
2978 2551 2991 2588 :
3039 2537 3290 2588 attamen
3330 2532 3504 2586 satius
3534 2548 3653 2585 esse

1956 2625 2315 2692 existimavit,
2350 2625 2600 2679 oblatam
2632 2624 2739 2678 sibi
2769 2625 2837 2677 ab
2872 2626 3157 2678 Honorato
3185 2622 3523 2693 Pelagianos
3552 2621 3653 2674 im-

1955 2714 2249 2784 pugnandi
2298 2713 2654 2767 occasionem
2707 2712 2981 2782 arripere.
3035 2710 3461 2776 Quasstionibus
3518 2726 3653 2779 ergo

1957 2802 2212 2872 quinque
2244 2801 2357 2854 illis
2385 2801 2688 2872 pr0positis
2719 2801 2788 2853 ab
2821 2802 3129 2867 Honorati),
3161 2804 3375 2851 sextam
3408 2798 3527 2867 ipse
3554 2798 3653 2850 ad-

1958 2890 2121 2956 didit,
2164 2890 2438 2944 nimirum
2472 2905 2737 2960 quaanam
2762 2889 3022 2942 habenda
3050 2888 3122 2941 sit
3150 2886 3279 2940 novi
3309 2884 3654 2939 Testamenti

1957 2979 2140 3049 gratia
2173 2996 2184 3033 :
2213 2980 2471 3049 hancque
2502 2978 2641 3031 adeo
2673 2976 2965 3047 praecipua
2989 2976 3237 3046 quadam
3267 2989 3402 3027 cura
3434 2989 3495 3026 ac
3526 2971 3654 3025 dili-

1958 3068 2151 3139 gentia
2171 3066 2451 3134 discussit,
2477 3071 2644 3137 atque
2669 3066 2737 3119 ad
2760 3065 2918 3119 illam
2940 3064 3188 3136 reliquas
3216 3078 3413 3117 omnes
3433 3076 3654 3115 revoca-

1958 3155 2051 3209 vit.
2089 3156 2305 3220 Quibus
2334 3159 2390 3209 et
2417 3155 2874 3225 explanationem
2907 3154 3114 3208 Psalmi
3157 3152 3420 3224 vigesimi
3458 3148 3655 3222 primi,

1959 3246 2121 3316 cujus
2150 3244 2314 3299 initio
2347 3262 2460 3299 una
2490 3261 2558 3298 ex
2590 3244 2861 3298 Honorati
2890 3243 3302 3315 quaestionibus
3328 3241 3655 3295 contineba-

1960 3339 2071 3398 tur,
2106 3334 2364 3388 innexuit
2392 3335 2650 3403 (Retract.
2682 3334 2775 3387 lib.
2822 3337 2876 3399 2,
2919 3350 3039 3402 cap.
3076 3332 3185 3403 36).
3215 3333 3289 3385 Ea
3320 3329 3655 3393 lucubratio,

1960 3438 2132 3493 quam
2156 3423 2313 3476 libris
2344 3424 2459 3476 suis
2488 3427 2830 3476 annumerat
2854 3422 3098 3491 (lbid.,et
3132 3423 3309 3490 Epist.
3348 3422 3467 3484 139,
3499 3434 3553 3471 η.
3581 3419 3658 3486 3),

1959 3528 2023 3566 ac
2054 3512 2203 3576 libri,
2238 3512 2410 3565 etiam
2440 3511 2663 3581 prolixi,
2706 3511 2869 3564 sicuti
2908 3526 3105 3563 revera
3137 3514 3240 3574 est,
3274 3507 3659 3579 appellatione

1960 3602 2135 3655 donat
2182 3602 2383 3672 (Epist.
2436 3603 2552 3667 140,
2602 3616 2659 3653 n.
2693 3600 2805 3670 85),
2838 3600 3027 3651 locum
3058 3598 3209 3651 inter
3240 3597 3361 3666 ejus
3392 3594 3660 3665 epistolas

1960 3689 2180 3761 pridem
2213 3689 2480 3743 obtinuit.
2518 3691 2653 3743 Post
2682 3688 2862 3756 illam,
2902 3686 3243 3757 opusculum
3272 3684 3433 3755 cujus
3458 3682 3657 3737 inscri-

1958 3778 2080 3848 ptio
2132 3785 2233 3844 est,
2286 3782 2359 3833 De
2395 3779 2608 3847 Spiritu
2637 3782 2686 3831 et
2715 3779 2945 3843 Littera,
2980 3774 3277 3845 subjungit
3304 3772 3659 3844 Augustinus

1961 3870 2211 3937 (Retract.
2246 3868 2337 3921 lib.
2370 3870 2423 3933 2,
2454 3882 2575 3936 cap.
2610 3867 2733 3937 37);
2763 3882 2866 3920 nec
2898 3864 3159 3919 dubitare
3188 3863 3441 3935 profecto
3472 3862 3656 3928 liceat,

1959 3956 2098 4028 quin
2130 3972 2196 4010 ea
2218 3957 2500 4027 posterius
2539 3955 2814 4026 scriptum
2842 3954 3032 4008 fuerit.

2648 4044 2873 4099 CAPUT
2916 4044 2987 4097 ΙΙ.

1964 4140 1981 4189 1
2038 4136 2381 4202 Augustinus
2432 4134 2507 4188 ad
2556 4136 2867 4188 Donatistas
2924 4134 3087 4186 laicos
3145 4135 3268 4201 post
3316 4131 3661 4186 Collationem

2028 4223 2231 4275 scribit.
2272 4226 2305 4275 2
2354 4222 2703 4289 Imperatoris
2752 4221 2978 4273 Honorii
3023 4220 3283 4287 rescripto
3327 4218 3660 4269 damnantur

2029 4311 2342 4365 Donatistae.
2377 4314 2406 4364 3
2445 4312 2644 4364 Eorum
2673 4310 2870 4363 rabies.
2911 4310 2944 4361 4
2974 4307 3212 4363 Οωάἰεῑιν
3241 4306 3307 4357 ab
3336 4306 3447 4358 illis
3476 4306 3657 4359 Resti-

2031 4403 2195 4453 tutus.
2226 4403 2255 4453 5
2287 4400 2462 4464 Quam
2486 4400 2817 4452 vehementer
2841 4399 2957 4464 agit
2983 4396 3416 4463 Augustinus,ne
3431 4392 3656 4445 caedium

2027 4490 2107 4541 rei
2134 4488 2309 4556 capite
2337 4488 2660 4556 puniantur.
2705 4490 2736 4539 6
2767 4486 2996 4554 Operam
3023 4484 3139 4542 dat,
3187 4486 3244 4535 ut
3284 4482 3656 4535 schismatico-

2028 4592 2149 4630 rum
2172 4578 2232 4630 in
2262 4578 2596 4646 Hipponensi
2617 4576 2831 4629 dimcesi
2859 4578 2909 4627 et
2938 4576 2995 4626 in
3016 4574 3229 4640 reliqua
3259 4571 3523 4635 Numidia
3551 4570 3659 4623 vio-

2029 4667 2204 4719 lentiae
2233 4670 2657 4733 compescantur.
2678 4668 2707 4715 7
2748 4665 2918 4716 Varia
2947 4661 3138 4715 scribit
3165 4660 3441 4727 opuscula.

2034 4760 2081 4809 l.
2121 4756 2184 4807 In
2217 4755 2417 4808 eadem
2449 4754 2519 4807 ad
2553 4751 2941 4807 Marcellinum
2982 4750 3235 4819 epistola,
3285 4764 3399 4818 qua
3441 4763 3499 4799 se
3538 4748 3657 4800 Au-

1957 4842 2219 4913 gustinus
2249 4840 2607 4912 responsioni
2639 4840 2705 4893 ad
2744 4840 3095 4892 Honoratum
3126 4836 3498 4890 concinandaa
3527 4850 3661 4904 ope-

1956 4948 2081 4987 ram
2124 4932 2257 4986 dare
2308 4931 2610 5002 significat,
2652 4926 3159 4996 Carthaginensem
3199 4925 3572 4981 Collationem
3599 4923 3660 4977 in

1957 5020 2363 5091 compendium
2410 5036 2443 5072 a
2485 5035 2541 5072 se
2591 5016 2899 5077 redactam,
2953 5030 3173 5069 necnon
3211 5015 3425 5069 litteras
3456 5014 3524 5067 de
3558 5012 3660 5065 hac

1958 5109 2082 5181 ipsa
2104 5108 2412 5165 Collatione
2434 5107 2502 5161 ad
2526 5107 2753 5177 plebem
2779 5104 3202 5158 Donatistarum
3232 5100 3508 5173 proximis
3529 5104 3659 5153 ante

1960 5200 2159 5254 diebus
2198 5198 2482 5252 absolutas
2513 5196 2685 5249 tradit
2714 5194 2919 5265 (Epist.
2974 5198 3093 5259 l39,
3128 5211 3181 5247 n.
3218 5194 3296 5262 3).
3338 5193 3459 5245 lam
3487 5204 3658 5259 supra

1958 5289 2027 5343 de
2056 5288 2229 5341 hocce
2260 5284 2586 5342 Collationis
2634 5282 2971 5354 compendio
3014 5281 3261 5335 diximus
3289 5296 3302 5333 :
3340 5278 3493 5348 quod
3526 5292 3658 5329 vero

1961 5377 2031 5431 ad
2063 5376 2359 5446 epistolam
2394 5372 2699 5428 Donatistis
2736 5372 2893 5425 laicis
2924 5376 3058 5424 tunc
3085 5369 3372 5438 scriptam,
3404 5380 3520 5418 non
3546 5363 3659 5418 alia

1960 5464 2193 5519 forsitan
2221 5463 2599 5519 existimanda
2637 5466 2720 5516 est
2750 5451 2818 5515 ab
2850 5477 2915 5514 eo
2960 5459 3124 5520 libro,
3157 5457 3317 5526 cujus
3357 5453 3656 5524 inscriptio

1960 5558 2062 5620 est,
2114 5554 2205 5609 Ad
2250 5555 2563 5608 Donatistas
2612 5555 2737 5621 post
2789 5551 3131 5606 Collationem
3178 5545 3657 5615 (Rctractationum
