3912 6174
367 248 464 302 se:

348 367 444 420 lib.
485 370 540 431 2,
572 383 692 437 cap.
725 367 840 438 40),
871 369 928 422 in
959 385 1073 439 quo
1104 370 1287 441 reipsa
1329 372 1424 425 Vir
1449 376 1674 426 sanctus
1701 387 1902 426 eorum
1937 371 2060 442 cpi»—

344 472 542 526 scopos
567 456 726 510 nullo
751 457 915 512 modo
940 458 1268 530 alloquitur.
1301 461 1415 515 Hoc
1440 460 1499 514 in
1521 476 1714 532 opere,
1738 460 1891 532 quod
1916 477 2048 516 cum

345 544 518 615 justas
550 545 718 599 molis
749 550 851 613 est,
882 552 1005 601 tum
1026 548 1333 619 diligenter
1361 553 1734 620 accurateque
1764 549 2059 602 elucubra-

353 639 500 703 tum,
533 634 832 689 calumniae
861 635 1162 690 diluuntur
1189 653 1251 690 ac
1275 654 1420 691 vana
1449 642 1794 702 commenta,
1831 653 2060 708 qua,ne

355 723 664 779 Marcellini
728 729 993 794 parerent
1051 725 1289 794 judicio,
1336 726 1738 781 obtendebant.
1790 727 2058 781 Eamdem

360 812 532 866 etiam
562 827 704 876 rem,
735 812 830 866 sed
864 812 1090 865 brevius
1122 815 1316 878 multo,
1348 818 1550 868 tractat
1578 814 1638 868 in
1666 814 1776 868 alia
1807 815 2054 886 quadam

362 900 618 972 epistola,
653 916 825 971 quam
855 917 971 954 una
1007 918 1136 955 cum
1167 903 1381 972 synodo
1428 903 1677 957 Zertensi
1707 908 1926 973 postea,
1958 920 2059 958 seu

359 991 512 1061 quod
555 991 728 1043 habet
773 989 914 1060 ipse,
956 1005 1147 1046 rursus
1178 991 1360 1045 edidit
1389 992 1573 1060 (Ibid)
1609 1009 1620 1046 :
1658 1008 1788 1063 quae
1819 992 2055 1063 quidem

356 1078 709 1133 Zertensium
756 1081 988 1136 Patrum
1035 1079 1276 1146 epistola
1306 1081 1527 1136 decimo
1555 1086 1751 1136 octavo
1782 1081 2058 1135 kalendas

348 1167 526 1238 julias
555 1167 690 1222 anni
715 1184 888 1238 supra
908 1169 1540 1239 quadringentesimum
1564 1169 1885 1224 duodecimi
1915 1187 2059 1240 pra:-

355 1261 600 1311 notatur.
626 1258 812 1321 Quare
832 1255 877 1308 si
897 1256 1054 1327 prior
1075 1256 1357 1323 habenda,
1375 1274 1503 1328 quae
1526 1263 1610 1312 est
1639 1259 1705 1312 ad
1737 1259 2055 1312 Donatistas

349 1349 479 1416 post
521 1344 915 1411 Collationem,
971 1345 1457 1415 quemadmodum
1503 1363 1609 1402 vox
1658 1347 1778 1414 illa,
1828 1362 2051 1414 rursus,

353 1433 575 1487 videtur
617 1431 899 1499 indicare;
948 1448 1095 1498 eam,
1141 1449 1273 1487 cum
1311 1433 1436 1487 aliis
1466 1435 1732 1489 omnibus
1779 1435 2053 1506 temporis

354 1521 610 1592 ejusdem
654 1520 898 1590 scriptis,
932 1536 1126 1575 mense
1151 1522 1294 1592 julio
1327 1523 1464 1576 anni
1504 1523 2053 1594 quadringentesimi

355 1610 681 1664 duodecimi
703 1609 1058 1680 superiorem
1078 1611 1287 1664 habere
1315 1627 1543 1666 necesse
1569 1617 1670 1667 est.
1698 1613 1840 1669 Cum
1859 1617 2052 1667 autem

355 1716 419 1754 ea
449 1699 641 1752 omnia
683 1698 928 1754 Caelestii
970 1700 1505 1755 condemnationem
1552 1706 1744 1756 secuta
1785 1703 1919 1768 sint,
1961 1702 2048 1755 id-

353 1787 501 1842 circo
524 1788 672 1842 hanc
692 1788 924 1858 quidem
944 1789 1483 1844 condemnationem
1500 1806 1648 1845 anno
1671 1791 2054 1862 quadringen-

355 1877 556 1932 tesimo
577 1877 902 1944 undecimo,
927 1877 1134 1948 scripta
1160 1895 1294 1932 vero
1314 1879 1413 1932 illa
1431 1878 1698 1950 deinceps
1724 1881 1793 1935 ab
1813 1880 2050 1936 ineunte

353 1982 504 2020 anno
535 1965 1100 2036 quadringentesimo
1131 1967 1467 2022 duodecimo
1499 1968 1570 2022 ad
1602 1984 1860 2024 mensem
1890 1969 2051 2024 circi-

351 2058 440 2109 ter
474 2055 706 2126 junium
759 2055 1136 2126 disponenda,
1184 2073 1379 2111 sumus
1421 2057 1696 2112 arbitrati.
1743 2059 1807 2112 In
1852 2058 2054 2114 eodem

351 2144 500 2200 libro
533 2149 728 2216 aperte
758 2144 1041 2215 signiﬁcat
1069 2146 1443 2216 Augustinus,
1478 2146 1771 2201 decretum
1797 2163 1918 2202 esse
1949 2148 2054 2202 Ca-

355 2232 601 2298 tholicis,
636 2233 955 2288 Donatistas
982 2235 1273 2306 persequi,
1308 2251 1622 2307 eorumque
1652 2236 2054 2308 impotentiam

353 2323 526 2392 atque
573 2320 815 2391 injurias
858 2322 1196 2377 auctoritate
1241 2324 1436 2394 legum
1489 2340 1770 2392 coercere,
1825 2325 2051 2396 quando

353 2409 538 2464 verbis
583 2425 647 2462 ac
695 2409 952 2464 doctrina
991 2412 1061 2464 ab
1091 2411 1196 2465 hac
1224 2411 1432 2482 agendi
1461 2413 1685 2467 ratione
1714 2414 1966 2468 revocari
1994 2430 2054 2468 se

355 2514 470 2551 non
504 2496 757 2551 sinerent
791 2513 803 2552 :
837 2498 988 2552 nolle
1016 2503 1208 2554 tamen
1237 2500 1391 2571 ipsos
1419 2505 1656 2555 cruento
1689 2501 1968 2572 supplicio
1989 2502 2051 2556 in

353 2585 689 2657 quempiam
738 2586 1134 2655 animadverti,
1191 2589 1290 2644 sed
1331 2589 1520 2660 aliqua
1549 2589 1851 2644 mitissima
1880 2607 2052 2662 poena

356 2677 466 2746 (Ad
493 2679 806 2732 Donatistas
832 2683 958 2746 post
978 2679 1252 2746 Collat.,n.
1286 2679 1395 2748 2t).
1441 2681 1521 2735 Ex
1555 2697 1668 2751 qua
1693 2679 1924 2752 quidem
1959 2682 2055 2736 Ca-

352 2763 693 2819 tholicorum
739 2766 1032 2821 voluntate
1077 2767 1369 2838 conjicias,
1398 2767 1786 2839 Augustinum
1815 2773 1944 2839 post
1970 2771 2052 2824 1e-

350 2870 483 2925 gem
510 2853 678 2908 tertio
708 2853 980 2909 kalendas
1000 2855 1317 2910 februarias
1340 2856 1476 2910 anni
1499 2857 2052 2928 quadringentesimi

351 2942 673 2998 duodecimi
694 2943 884 2999 datam
919 2946 1124 3015 (Codice
1153 2946 1371 3014 Theod.,
1407 2947 1472 3000 de
1502 2949 1799 3015 Haretic-is,
1829 2949 1938 3017 lege
1969 2948 2052 3016 52)

353 3050 421 3088 ea
460 3031 771 3102 scripsisse.

427 3125 478 3175 2.
513 3120 872 3175 Marcellinus
900 3121 1057 3177 haud
1083 3121 1253 3178 dubie
1277 3124 1684 3193 Imperatorem
1710 3124 1778 3178 de
1795 3141 2056 3178 successu

356 3209 710 3276 Collationis,
735 3211 1224 3280 quemadmodum
1244 3211 1303 3265 in
1324 3212 1610 3267 mandatis
1635 3213 2056 3283 habuerat,cer-

354 3297 559 3353 tiorem
599 3299 838 3365 fecerat;
912 3301 970 3352 et
1012 3298 1245 3354 aliunde
1287 3299 1356 3354 ad
1398 3300 1591 3371 ipsum
1631 3301 1700 3354 de
1747 3301 2057 3356 Marcellini

356 3387 639 3442 sententia
680 3387 989 3442 Donatista
1018 3389 1476 3458 appellaverant;
1509 3404 1644 3460 ergo
1675 3405 1904 3444 necesse
1935 3394 2056 3444 erat

357 3475 671 3531 Honorium
724 3475 902 3546 loqui.
963 3477 1149 3547 Atque
1199 3477 1390 3548 ipsum
1439 3478 1647 3532 horum
1697 3479 2055 3550 respondisse

352 3564 743 3636 appellationi,
765 3565 1029 3636 illosque,
1045 3565 1129 3620 uti
1161 3582 1267 3636 par
1287 3570 1427 3635 erat,
1454 3572 1731 3637 tanquam
1757 3567 2057 3622 haereticos

352 3655 674 3721 damnasse,
727 3654 885 3709 testis
941 3659 1026 3710 est
1080 3655 1367 3711 Possidius
1425 3655 1740 3726 (Possidius,
1796 3659 1856 3710 in
1925 3659 2056 3713 Vita

354 3745 617 3812 August.,
645 3760 690 3799 c.
728 3744 833 3813 l3).
871 3745 984 3798 Nec
1003 3744 1382 3799 dubitandum
1411 3745 1654 3813 videtur,
1681 3745 1820 3816 quin
1843 3761 1910 3800 ea
1933 3745 2058 3816 ipsa

352 3833 422 3887 de
454 3848 622 3886 causa
650 3831 760 3899 lex,
809 3832 995 3903 quade
1027 3832 1269 3903 agimus,
1302 3833 1476 3887 fuerit
1505 3834 1574 3887 ab
1605 3849 1672 3886 eo
1701 3834 1814 3887 lata
1848 3834 2058 3904 (Codice

357 3919 578 3984 Theod.,
609 3919 674 3973 de
703 3921 923 3987 Haeret,
953 3921 1064 3988 lege
1090 3920 1216 3991 51>;
1242 3937 1372 3991 qua
1401 3924 1900 3991 tamen,quantum
1922 3938 2056 3976 con-

343 4007 611 4079 jectando
649 4007 780 4060 licet
805 4006 1052 4078 assequi,
1083 4008 1229 4063 nihil
1259 4009 1413 4063 aliud
1445 4025 1618 4080 quam
1642 4010 1784 4079 legis
1817 4010 2057 4081 integra:

351 4099 741 4168 fragmentum
772 4100 874 4152 est.
910 4096 1219 4168 Principio,
1254 4097 1533 4168 quidquid
1580 4114 1731 4153 anno
1782 4099 2056 4170 quadrin-

351 4185 669 4258 gentesimo
699 4202 852 4241 nono
884 4185 1188 4240 Donatistis
1209 4186 1393 4241 fuerat
1417 4203 1774 4255 concessum,
1807 4203 1872 4242 ea
1901 4205 2060 4244 revo-

352 4280 467 4343 cat;
520 4279 717 4330 contra
760 4291 918 4342 vero,
968 4275 1248 4346 quidquid
1286 4276 1555 4331 adversus
1581 4277 1712 4332 illos
1742 4278 2054 4346 decretum,

351 4367 604 4418 renovat.
624 4364 780 4438 Dein
807 4364 1004 4419 statuit
1029 4363 1310 4436 quoslibet
1336 4381 1366 4419 e
1395 4366 1728 4432 Donatistis,
1753 4367 1853 4438 qui
1873 4368 2059 4422 redire

353 4453 424 4508 ad
456 4453 792 4508 catholicam
820 4453 1151 4509 societatem
1181 4455 1588 4522 recusaverint,
1619 4461 1739 4510 tam
1769 4455 2061 4527 episcopos

357 4545 414 4596 et
456 4541 710 4616 clericos,
753 4559 925 4615 quam
969 4542 1144 4598 laicos
1189 4547 1246 4597 et
1277 4542 1792 4610 Circumcelliones,
1825 4561 1929 4615 pro
1959 4562 2062 4599 sua

353 4630 629 4702 cujusque
677 4631 973 4702 dignitate,
1008 4633 1222 4687 mulcta
1250 4631 1399 4686 attici
1435 4633 1788 4703 pecuniaria,
1828 4633 1920 4687 cui
1947 4636 2058 4688 sol-

354 4718 556 4772 vendae
587 4719 855 4774 mulieres
895 4737 1010 4775 non
1039 4737 1201 4776 secus
1232 4738 1296 4776 ac
1337 4721 1550 4790 mariti,
1582 4721 1818 4776 seorsim
1845 4723 2057 4776 conde-

364 4811 638 4861 mnentur
667 4824 680 4861 :
713 4808 812 4879 qui
841 4813 974 4879 post
1002 4810 1281 4881 ejusmodi
1308 4810 1582 4864 mulctam
1607 4810 1917 4880 irrogatam
1942 4827 2061 4866 non

367 4895 732 4966 resipuerint,
786 4913 880 4951 eos
908 4898 1268 4954 facultatibus
1301 4898 1568 4954 omnibus
1600 4898 1836 4971 spoliari
1863 4916 1876 4954 :
1910 4900 2062 4970 quis-

355 4985 485 5058 quis
528 4985 658 5040 illos
704 4987 1005 5058 receperit,
1051 4989 1445 5059 praestiteritve
1491 4989 1759 5044 adversus
1787 4988 2058 5043 constitu-

357 5079 484 5132 tum
528 5074 663 5130 huic
711 5075 796 5129 rei
839 5081 1225 5132 exsecutorem
1265 5077 1616 5150 perfugium,
1661 5077 1922 5133 eamdem
1951 5076 2061 5147 ipsi

359 5166 633 5222 mulctam
663 5163 954 5237 imperari.
987 5167 1186 5221 Servos
1214 5167 1561 5240 colonosque
1590 5182 1865 5238 corporea
1894 5183 2062 5238 paena

357 5256 429 5311 ad
461 5255 803 5327 ejurendum
823 5254 1070 5310 schisma
1091 5255 1267 5326 adigi,
1291 5273 1355 5310 ac
1373 5273 1573 5312 eorum
1597 5257 1858 5312 dominos
1885 5272 2061 5328 quan-

361 5361 535 5417 quam
585 5344 911 5414 catholicos,
950 5345 995 5398 si
1022 5345 1120 5399 illa
1148 5346 1522 5416 neglexerint,
1553 5347 1790 5418 perinde
1819 5345 2061 5418 pecunia

369 5434 649 5501 mulctari,
700 5437 870 5505 atque
902 5433 1217 5489 Donatistas
1246 5434 1540 5506 episcopos
1569 5436 1778 5491 aliosve
1805 5434 2056 5501 clericos,

365 5520 464 5591 qui
494 5523 912 5592 perseverarint
960 5522 1018 5578 in
1060 5523 1316 5592 discidio,
1349 5541 1417 5579 ex
1448 5524 1706 5578 universa
1742 5524 1926 5579 Africa
1969 5523 2059 5578 di-

1575 249 1748 304 VlTA
1789 250 1842 303 S.
1886 249 2274 309 AUGUSTINI
2327 256 2664 315 EPISL'OPI.
3713 273 3784 327 448

2171 395 2332 434 verso
2364 395 2651 452 quemque
2681 381 2803 435 loco
2845 381 3135 448 exsulare;
3176 397 3373 438 eorum
3401 385 3624 458 denique
3649 395 3788 447 eccle-

2169 467 2280 522 sias
2320 474 2420 524 aut
2467 470 2577 524 alia
2625 470 2897 542 quaelibet
2942 470 3331 526 conventicula
3377 489 3499 528 cum
3525 479 3789 547 pradiisul

2170 559 2370 613 eadem
2412 559 2831 629 pertinentibus
2889 559 3309 614 Catholicorum
3355 562 3628 636 episcopis,
3665 569 3790 638 juxta

2168 648 2459 703 decretum
2509 665 2576 703 ea
2620 649 2689 704 de
2731 665 2792 703 re
2843 665 2994 703 anno
3041 649 3581 720 quadringentesimo
3632 659 3792 726 quinto

2167 737 2403 802 factum,
2429 741 2526 792 aut
2547 739 2751 792 saltem
2771 737 2830 792 in
2853 739 2979 808 lege
3000 742 3195 793 octavo
3225 740 3490 795 kalendas
3516 742 3793 803 decemhres

2168 826 2304 879 anni
2333 826 2884 898 quadringentesimi
2907 827 3138 897 septimi
3167 827 3280 880 lata
3307 830 3793 898 propositum,attri-

2166 913 2283 967 hui.
2317 915 2382 968 Et
2412 914 2519 968 hoc
2547 920 2670 969 erat
2701 921 2890 986 caput,
2926 917 2996 971 de
3020 933 3133 988 quo
3165 919 3466 974 Donatista
3493 937 3644 992 quam
3681 923 3794 978 invi-

2165 1003 2483 1058 diosissime
2549 1006 3003 1076 expostulabant,
3059 1007 3170 1062 rati
3215 1008 3470 1064 videlicet
3509 1009 3626 1065 hinc
3668 1013 3793 1067 facile

2163 1109 2500 1163 persuasum
2527 1093 2621 1163 iri,
2652 1111 2772 1148 sese
2803 1111 2918 1149 non
2949 1095 3062 1150 alia
3104 1096 3174 1150 de
3213 1112 3380 1150 causa
3416 1098 3588 1153 vexari
3613 1099 3792 1169 agitari-

2165 1198 2277 1251 que
2316 1199 2348 1236 a
2375 1181 2695 1248 Catholicis,
2725 1183 2839 1237 nisi
2880 1188 2944 1238 ut
2977 1184 3233 1255 ipsorum
3263 1186 3452 1256 spoliis
3491 1188 3569 1241 illi
3595 1188 3790 1243 ditaren-

2165 1275 2259 1326 tur
2317 1273 2508 1340 (Epist.
2569 1274 2689 1338 185,
2745 1289 2799 1327 n.
2859 1275 2971 1341 35).
3019 1273 3213 1328 Tradit
3262 1274 3471 1343 passim
3505 1277 3792 1345 Augustinus

2163 1360 2434 1430 injustam
2477 1361 2688 1415 hancce
2733 1361 3027 1431 querelam
3071 1378 3105 1416 a
3154 1361 3475 1429 Donatistis,
3521 1363 3674 1417 etiam
3699 1369 3792 1419 ante

2166 1448 2558 1516 Collationem,
2587 1449 2856 1504 adversus
2885 1449 3190 1504 catholicos
3219 1451 3488 1522 praesules
3505 1461 3564 1504 eo
3583 1453 3792 1522 usurpari

2165 1538 2413 1603 solitam,
2459 1543 2524 1592 ut
2573 1539 2822 1608 quodam
2868 1539 3040 1593 modo
3089 1539 3148 1592 in
3191 1543 3358 1593 secta
3394 1556 3508 1594 suae
3533 1539 3790 1609 dispendio,

2163 1643 2292 1680 cum
2321 1642 2448 1680 eam
2482 1626 2541 1679 in
2583 1626 2701 1681 dies
2731 1627 2917 1698 magis
2945 1627 3246 1699 magisque
3275 1628 3623 1682 imminutam
3648 1643 3792 1681 cerne-

2164 1721 2310 1780 rent,
2358 1716 2616 1770 dolorem
2653 1720 3042 1788 temperarent
3087 1733 3276 1771 suum.
3319 1721 3467 1784 Ecce,
3500 1717 3789 1788 inquiebant,

2161 1805 2257 1859 ubi
2281 1806 2451 1861 Gaius
2480 1805 2634 1860 Seius
2663 1806 2888 1860 donavit
2916 1806 3154 1873 fundum
3200 1808 3466 1872 Ecclesia,
3509 1809 3589 1860 cui
3615 1810 3794 1874 praemi

2165 1893 2458 1947 Faustinus
2486 1894 2564 1960 (In
2590 1892 2819 1947 Joannis
2842 1893 3201 1959 Evangelium
3224 1898 3383 1946 tract.
3419 1896 3467 1959 6,
3497 1908 3547 1946 η.
3579 1895 3682 1960 25);
3712 1891 3793 1944 Do—

2163 1981 2505 2035 natistarum
2526 1980 2738 2036 scilicet
2757 1981 2909 2050 apud
2931 1981 3256 2052 Hipponem
3271 1981 3575 2052 episcopus.
3591 1982 3651 2033 At
3665 1993 3793 2048 quam

2162 2069 2391 2138 injustas
2421 2074 2604 2124 essent
2633 2069 2913 2140 ejusmodi
2944 2070 3348 2140 querimonia,
3377 2073 3432 2123 et
3459 2072 3792 2137 contra,quam

2161 2158 2232 2212 ab
2263 2158 2420 2213 omni
2467 2163 2624 2229 parte
2653 2158 2878 2228 justum
2915 2157 3289 2228 Imperatoris
3337 2157 3593 2222 edictum,
3623 2159 3794 2208 sanctus

2163 2249 2374 2302 l’rasul
2422 2247 2634 2319 ubique
2667 2247 3040 2302 demonstrat.
3081 2247 3150 2301 Ut
3179 2262 3314 2300 vero
3356 2246 3479 2300 illos
3503 2243 3703 2298 omnino
3727 2258 3790 2294 cn-

2163 2340 2260 2406 gat
2285 2336 2698 2400 obmutescere,
2727 2336 2850 2389 haec
2880 2335 3141 2390 Ecclesia
3171 2335 3352 2390 totius
3379 2335 3599 2389 nomine
3623 2326 3792 2403 pretite-

2162 2429 2255 2480 tur
2301 2442 2314 2480 :
2365 2426 2625 2494 Quisquis
2667 2440 2734 2478 ea:
2781 2427 3055 2478 occasione
3097 2425 3264 2493 hujus
3317 2426 3466 2490 legis,
3512 2437 3657 2491 quam
3684 2434 3791 2486 reges

2165 2517 2318 2568 terra
2348 2515 2569 2568 Christo
2597 2515 2904 2581 seruientes,
2955 2513 3030 2566 ad
3071 2513 3468 2568 emendandum
3495 2515 3695 2565 vestram
3717 2508 3792 2561 im-

2158 2605 2417 2671 pietatem
2450 2604 2958 2671 promulgaverunt,
3002 2616 3087 2655 res
3126 2604 3388 2671 proprias
3428 2604 3618 2653 vestras
3652 2595 3793 2665 cupide

2163 2693 2391 2760 appetit,
2415 2690 2662 2760 displicet
2691 2690 2864 2744 nobis.
2900 2690 3158 2758 Quisquis
3189 2689 3420 2757 denique
3443 2689 3581 2757 ipsas
3608 2699 3677 2738 res
3691 2698 3791 2752 pau-

2161 2794 2369 2848 perum,
2401 2779 2483 2832 vel
2515 2779 2770 2833 basilicas
2798 2779 3299 2846 congregationum,
3347 2792 3479 2845 quas
3517 2775 3603 2829 sub
3639 2774 3795 2826 nancte

2163 2868 2412 2921 Ecclesia
2458 2867 2740 2934 tenebatis,
2787 2882 2908 2934 qua
2947 2868 3161 2920 omnino
3209 2881 3313 2919 non
3364 2865 3604 2919 debentur
3640 2861 3729 2914 nisi
3762 2861 3796 2911 ei

2162 2957 2427 3022 Ecclesia,
2462 2971 2579 3024 qua
2605 2971 2737 3009 vera
2768 2955 2973 3010 Christi
3001 2956 3246 3010 Ecclesia
3283 2959 3382 3021 est,
3411 2969 3514 3008 non
3550 2967 3634 3022 per
3665 2950 3795 3018 justi-

2165 3047 2319 3110 tiam,
2351 3045 2445 3099 sed
2468 3059 2566 3113 per
2595 3045 2895 3098 avaritiam
2930 3048 3095 3109 tenet,
3143 3043 3398 3112 displicet
3437 3042 3594 3096 nobis.
3627 3038 3712 3094 Sed
3731 3051 3795 3089 nec

2162 3135 2328 3200 facile
2355 3135 2464 3187 ista
2491 3134 2839 3198 monstratis;
2863 3137 2912 3186 et
2934 3134 2984 3186 si
3005 3137 3340 3200 monstretis,
3373 3131 3630 3186 nonnullos
3657 3128 3796 3180 talem-

2163 3238 2301 3288 mus,
2355 3237 2485 3292 quos
2533 3223 2800 3288 corrigere
2846 3221 2930 3274 vel
2977 3223 3174 3289 punire
3205 3237 3314 3275 non
3340 3232 3634 3290 possumus;
3673 3227 3796 3281 neque

2160 3316 2384 3382 propter
2428 3312 2642 3380 paleam
2674 3310 3033 3377 relinquimus
3079 3325 3270 3363 aream
3311 3310 3518 3364 Domini
3543 3305 3708 3374 (Epist.
3731 3305 3792 3364 93,

2163 3417 2220 3455 n.
2254 3400 2366 3469 50).
2399 3401 2462 3452 In
2507 3398 2765 3452 eamdem
2813 3414 2937 3451 rem
2968 3397 3127 3452 addit
3152 3402 3211 3451 et
3236 3397 3346 3451 ista
3378 3414 3390 3450 :
3441 3398 3573 3459 Hac,
3615 3394 3659 3445 si
3687 3404 3795 3459 pau-

2162 3504 2352 3558 perum
2400 3501 2776 3556 compauperes
2820 3500 3028 3550 sumus,
3080 3491 3131 3539 et
3175 3490 3366 3540 nostra
3407 3488 3526 3538 sunt
3565 3485 3609 3536 et
3632 3480 3795 3534 illam

2168 3579 2304 3646 (cum
2330 3576 2591 3632 Catholici
2619 3575 2796 3643 ﬁunt).
2822 3575 2883 3629 Si
2908 3578 3087 3627 autem
3114 3576 3405 3642 privatim,
3428 3587 3540 3641 qua
3565 3569 3692 3623 nobis
3709 3567 3793 3629 suf-

2164 3668 2370 3734 ﬁciant,
2401 3663 2768 3733 possidemus;
2796 3677 2903 3716 non
2930 3665 3056 3716 sunt
3080 3662 3178 3715 illa
3207 3667 3417 3727 nostra,
3437 3659 3525 3714 sed
3535 3665 3794 3728 pauperum,

2168 3767 2394 3822 quorum
2421 3753 2856 3821 procurationem
2897 3751 3130 3820 quodam
3161 3751 3320 3806 modo
3350 3751 3684 3818 gerimus,non
3703 3754 3794 3810 pro-

2165 3839 2450 3906 prietatem
2461 3839 2614 3893 nobis
2631 3843 2980 3908 usurpatione
2997 3839 3304 3894 damnabili
3317 3839 3636 3894 vindicamus
3648 3831 3794 3901 (Epist-

2172 3929 2291 3990 185,
2339 3943 2396 3982 η.
2447 3927 2552 3997 35).
2602 3928 2755 3982 Alias
2801 3945 2859 3982 se
2905 3928 3026 3998 ipse
3067 3927 3221 3998 apud
3265 3927 3537 3998 populum
3563 3930 3796 3977 cerasum

2167 4015 2446 4070 creditum
2498 4033 2771 4088 purgans,
2813 4019 3013 4084 Nostis,
3061 4018 3272 4082 fratres
3319 4017 3440 4080 mei,
3494 4009 3676 4082 inquit,
3701 4004 3797 4076 quia

2167 4106 2309 4160 villa
2343 4109 2460 4161 ista
2507 4122 2611 4160 non
2637 4110 2764 4160 sunt
2791 4107 3094 4173 Augustini
3127 4121 3139 4159 :
3172 4111 3223 4160 et
3253 4109 3302 4159 si
3332 4120 3436 4158 non
3461 4102 3635 4163 nostis,
3661 4101 3701 4149 et
3721 4108 3794 4162 ρη-

2170 4197 2298 4249 tatis
2344 4211 2427 4250 me
2468 4194 2705 4263 gaudere
2732 4197 2791 4248 in
2815 4197 3148 4264 possessione
3183 4195 3474 4259 villarum;
3516 4193 3638 4245 Deus
3670 4182 3794 4246 north

2168 4285 2282 4352 ipse
2310 4285 2411 4338 scit
2431 4283 2563 4351 quid
2591 4299 2684 4352 ego
2713 4282 2779 4336 de
2803 4284 2916 4337 illis
2935 4284 3081 4337 villis
3102 4285 3353 4350 sentiam,
3382 4283 3463 4336 vel
3492 4277 3614 4349 quid
3631 4275 3696 4329 ibi
3709 4271 3796 4335 suf-

2165 4375 2374 4440 feram;
2405 4372 2558 4428 novit
2587 4375 2821 4441 gemitus
2850 4388 3009 4441 meos,
3043 4375 3092 4427 si
3118 4374 3260 4428 mihi
3287 4371 3501 4443 aliquid
3527 4369 3586 4423 de
3609 4359 3798 4422 columba

2169 4463 2444 4530 impertire
2473 4462 2734 4530 dignatus
2763 4467 2841 4516 est
2874 4462 2950 4532 (In
2969 4464 3194 4517 Joannis
3224 4462 3568 4528 Evangelium
3596 4457 3726 4508 tract.
3758 4450 3796 4512 6,

2169 4566 2224 4603 n.
2254 4550 2368 4617 25).
2407 4553 2709 4620 Praeterea,
2755 4567 2819 4604 ex
2861 4566 2927 4605 eo
2971 4550 3118 4621 quod
3165 4549 3465 4606 orthodoxi
3512 4546 3644 4601 circa
3681 4535 3795 4592 schi-

2169 4637 2530 4693 smaticorum
2571 4638 2989 4693 revocationem
3045 4655 3166 4710 pra
3217 4655 3274 4692 se
3322 4637 3582 4697 ferebant,
3634 4624 3797 4718 studit).

2168 4727 2296 4780 illos
2325 4731 2550 4781 sanctus
2582 4729 2788 4782 Doctor
2815 4727 3088 4781 charitate
3130 4727 3263 4781 duci
3303 4725 3512 4787 solitos,
3542 4735 3644 4776 non
3679 4727 3800 4782 ωρι-

2170 4815 2364 4881 ditate,
2415 4815 2596 4870 docet.
2638 4816 2861 4871 Etenim
2901 4816 3001 4871 ubi
3038 4816 3296 4886 primum
3327 4812 3597 4886 quispiam
3622 4822 3681 4861 ex
3704 4803 3801 4896 iste-

2169 4919 2299 4958 rum
2321 4904 2602 4976 episcopis
2633 4904 2895 4959 rediisset
2913 4905 2984 4960 ad
3017 4904 3342 4972 Ecclesiam,
3374 4903 3424 4956 ei
3456 4899 3632 4955 statim
3653 4901 3802 4983 etanta

2169 5009 2290 5056 sua,
2339 4993 2617 5064 pecuniae,
2669 4998 2870 5060 vestes,
2925 4994 3162 5060 fructus,
3213 5009 3365 5060 vasa,
3413 5005 3562 5055 rura,
3614 4978 3802 5039 edim-13

2168 5080 2617 5136 restituebantur
2643 5082 2867 5153 (Contra
2897 5082 3283 5150 Gaudentium,
3310 5081 3401 5136 lib.
3433 5083 3479 5139 1,
3505 5091 3590 5132 nn.
3614 5074 3694 5160 50,

2241 5173 2293 5224 3.
2339 5170 2624 5225 Catholica
2656 5151 2806 5241 ergo
2852 5171 3086 5225 veritate
3129 5169 3450 5226 Collationis
3486 5157 3727 5221 beneﬁcio
3747 5151 3800 5205 il-

2169 5259 2423 5325 lustrata,
2448 5275 2673 5313 necnon
2695 5260 3062 5330 Imperatoris
3088 5259 3270 5314 edicto
3293 5257 3624 5313 conﬁrmata,
3650 5245 3800 5318 plures

2171 5362 2344 5414 quam
2373 5351 2539 5402 antea
2570 5348 2995 5403 Donatistarum
3016 5347 3268 5420 episcopi
3295 5347 3354 5400 in
3384 5340 3626 5399 Ecclesia

2171 5452 2228 5489 se
2253 5452 2368 5489 una
2397 5452 2526 5490 cum
2564 5436 2783 5490 clericis
2813 5437 2928 5491 suis
2959 5453 3023 5492 ac
3051 5437 3215 5508 plebe
3246 5447 3511 5507 generose
3537 5428 3662 5483 adeo
3686 5417 3798 5510 rel?-

2173 5523 2394 5592 rebant,
2425 5530 2490 5580 ut
2516 5525 2753 5580 infracto
2786 5525 2976 5581 animo
3005 5526 3197 5581 vexari
3227 5542 3307 5594 se,
3337 5523 3450 5577 imo
3489 5523 3539 5574 et
3580 5507 3800 5570 membrli
