3912 6174
129 271 239 321 449

126 409 193 447 ac
222 394 338 447 vita
378 394 503 464 ipsa
530 394 796 449 mulctari
824 397 1159 463 paterentur
1190 394 1259 447 ab
1309 394 1396 459 iis,
1448 395 1546 466 qui
1588 400 1843 450 mentem

129 484 194 537 in
233 499 423 537 errore
454 483 821 554 pertinaciter
840 482 1240 537 obﬁrmassent
1270 483 1589 550 (Possidius,
1622 486 1680 538 in
1716 486 1846 540 Vita

130 575 391 642 August,
419 590 465 627 c.
500 573 607 643 13).
653 574 848 643 Neque
883 571 1039 626 enim
1088 572 1379 640 omnibus,
1429 578 1492 626 ut
1539 572 1843 643 resipisce-

131 669 281 729 rent,
313 680 341 714 a
375 663 489 715 Deo
518 678 868 729 concessum.
913 662 1182 726 Quinimo
1215 666 1374 715 tanta
1415 663 1525 716 fuit
1566 679 1844 733 quorum-

129 753 263 805 dam
302 751 639 821 pervicacia,
672 756 737 805 ut
784 769 843 805 se
874 756 1152 822 negarent
1181 767 1433 822 unquam
1479 769 1510 805 a
1540 752 1845 805 schismate

127 841 521 906 abducendos,
546 840 719 895 etiam
742 842 1133 895 demonstrata
1166 840 1275 893 sibi
1294 840 1569 894 catholica
1591 841 1846 909 veritate,

122 945 189 982 ac
220 928 653 984 Donatistarum
684 928 1055 999 perversitate
1074 928 1275 999 (Epist.
1308 932 1431 989 139,
1455 946 1509 983 η.
1532 931 1598 998 1).
1635 930 1845 983 Eorum

127 1016 387 1087 episcopi
423 1017 631 1088 partim
661 1018 859 1087 fugam
905 1016 1273 1086 arripuerunt
1330 1018 1547 1085 (Contra
1588 1018 1843 1073 Gauden-

123 1108 290 1174 tium,
350 1107 447 1162 lib.
511 1109 555 1173 Ι,
614 1121 671 1159 n.
714 1107 816 1173 17),
870 1106 1081 1175 partim
1130 1104 1310 1158 abditi
1362 1106 1745 1172 delituerunt,‘
1785 1108 1850 1158 ut

129 1193 442 1260 Emeritus,
477 1192 870 1259 Casareensis,
906 1208 1079 1263 quem
1111 1192 1405 1259 Catholici,
1436 1210 1564 1247 cum
1597 1194 1663 1247 ad
1694 1193 1849 1262 ipsos

129 1282 504 1353 colloquendi
534 1282 716 1353 gratia
746 1287 888 1335 esset
922 1298 1186 1352 egressus
1225 1298 1376 1336 anno
1404 1281 1850 1353 quadringente-

130 1373 282 1426 simo
311 1372 536 1426 decimo
582 1376 799 1437 octavo,
842 1371 1110 1426 dimisere
1161 1372 1348 1442 (Ibid.,
1382 1389 1438 1426 η.
1496 1373 1607 1442 41).
1655 1372 1843 1427 Multis

131 1466 349 1531 prater
380 1456 565 1528 illum,
622 1467 718 1514 sed
760 1476 877 1515 non
906 1461 1053 1514 tanti
1098 1461 1366 1524 nominis,
1400 1462 1637 1532 impune
1685 1477 1845 1515 rece-

134 1550 310 1605 dendi
333 1550 523 1603 locum
560 1549 952 1619 reliquerant;
977 1549 1233 1619 quamvis
1254 1550 1633 1620 pradicarent
1663 1550 1846 1604 Dona-

134 1640 309 1706 tista,
343 1639 601 1704 illorum,
627 1637 728 1709 qui
758 1638 818 1691 in
850 1638 958 1691 hos
978 1637 1330 1702 incidissent,
1367 1638 1586 1692 salvum
1608 1638 1848 1692 evasisse

132 1727 451 1781 neminem.
490 1726 887 1789 Querebantur
916 1742 982 1779 ea
1023 1726 1343 1795 vexatione,
1380 1742 1494 1797 qua
1540 1725 1853 1779 immanior

136 1830 438 1886 nunquam
469 1814 793 1883 exstitisset,
830 1831 951 1868 sese
987 1815 1301 1885 exagitari;
1335 1831 1438 1869 nec
1461 1816 1604 1885 jam,
1650 1831 1762 1885 quo
1792 1830 1850 1868 se

135 1904 480 1975 reciperent,
512 1904 659 1957 ullas
686 1903 794 1957 sibi
832 1919 1126 1973 superesse
1155 1904 1401 1957 latebras
1442 1904 1626 1974 (lbid.,
1662 1921 1717 1958 η.
1739 1906 1846 1971 4⁸7).

138 1993 327 2047 Nihilo
356 1998 550 2047 tamen
582 1992 762 2047 secius
792 1998 849 2047 et
874 1993 1255 2047 conciliabula
1285 1994 1586 2063 cogebant,
1620 1998 1675 2046 et
1722 1992 1847 2062 epi-

140 2098 343 2151 scopos
388 2082 449 2136 in
487 2099 710 2148 eorum,
757 2082 857 2153 qui
901 2099 960 2136 se
1001 2082 1113 2153 ipsi
1160 2083 1609 2148 combusserant,
1660 2083 1847 2136 locum

139 2171 522 2227 sufﬁciebant.
546 2172 816 2226 Coierunt
841 2171 1077 2242 quidem
1100 2176 1229 2226 ante
1254 2188 1488 2237 annum,
1517 2176 1581 2225 ut
1600 2171 1846 2233 videtur,

142 2260 781 2332 quadringentesimum
795 2262 1138 2331 vigesimum
1158 2260 1408 2331 episcopi
1425 2277 1555 2315 cum
1570 2259 1849 2315 Petiliano

144 2349 393 2420 amplius
433 2348 708 2421 triginta:
752 2366 864 2419 qua
894 2349 954 2403 in
988 2349 1205 2419 synodo
1235 2348 1599 2414 constituere,
1632 2348 1853 2418 episco-

143 2455 246 2509 pos
305 2456 373 2492 ac
419 2439 801 2510 presbyteros,
861 2438 961 2509 qui
1008 2438 1341 2492 catholicam
1390 2437 1854 2491 communionem

146 2528 308 2581 inviti
337 2531 528 2581 essent
558 2527 827 2598 amplexi,
859 2527 1041 2597 culpa
1081 2526 1233 2580 illius
1278 2526 1503 2581 veniam
1548 2526 1854 2597 impetrare

144 2633 331 2689 posse,
366 2616 623 2687 atquein
656 2615 772 2670 suis
810 2616 1127 2670 honoribus
1159 2616 1354 2685 recipi,
1398 2616 1570 2670 modo
1619 2632 1725 2669 nec
1773 2616 1855 2669 rei

145 2708 355 2761 divina
384 2706 607 2778 operati
637 2710 847 2771 essent,
878 2722 983 2760 nec
1008 2706 1237 2775 publice
1268 2705 1442 2759 verba
1488 2704 1757 2758 fecissent
1784 2705 1856 2759 ad

144 2797 429 2867 populum
464 2796 650 2864 (1bid.,
680 2812 735 2850 η.
768 2795 876 2863 43).
924 2795 1046 2859 Quo
1087 2811 1221 2848 sane
1254 2794 1483 2848 decreto
1527 2799 1695 2847 sectae
1741 2808 1856 2847 sua

144 2885 589 2939 fundamentum
609 2883 839 2953 ipsimet
869 2884 1238 2938 subruebant.
1263 2884 1474 2937 Verum
1505 2882 1859 2953 quantalibet

143 2973 431 3027 industria
478 2973 805 3027 revocandis
834 2973 904 3027 ad
951 2972 1313 3027 concordiam
1352 2971 1724 3025 schismaticis
1755 2972 1855 3025 Ca-

142 3061 355 3117 tholici
392 3061 744 3124 insudarent,
787 3061 945 3115 fuere
985 3067 1176 3116 tamen
1223 3077 1338 3115 non
1378 3060 1563 3131 pauci,
1597 3060 1695 3130 qui
1744 3076 1856 3113 non

148 3156 384 3206 tantum
408 3150 467 3204 in
496 3150 817 3205 convivium
846 3150 1044 3205 salutis
1075 3156 1305 3204 aterna
1337 3154 1391 3203 et
1422 3153 1629 3202 sancta
1669 3150 1857 3202 unita-

149 3240 218 3293 tis
253 3238 521 3293 Ecclesia
541 3238 765 3310 ingredi
794 3239 1154 3306 recusabant,
1179 3239 1277 3292 sed
1296 3238 1470 3292 etiam
1502 3237 1640 3291 diris
1673 3236 1858 3291 modis

152 3329 209 3381 in
241 3326 569 3383 Catholicos
600 3326 905 3381 saeviebant
936 3327 1139 3397 (Epist.
1180 3330 1299 3393 1'73,
1358 3344 1421 3382 η.
1464 3327 1567 3395 10),
1600 3330 1769 3397 atque
1799 3325 1860 3379 in

150 3416 359 3487 primis
414 3416 478 3470 in
510 3416 802 3487 episcopos
860 3417 1063 3487 (Epist.
1121 3418 1240 3482 185,
1300 3433 1354 3469 η.
1391 3416 1475 3485 30)
1526 3420 1581 3469 et
1626 3414 1859 3469 clericos

155 3504 377 3571 (Contra
408 3504 792 3571 Gaudentium,
823 3505 921 3559 lib.
959 3509 1005 3570 1,
1054 3520 1108 3557 n.
1144 3509 1219 3569 7).
1269 3503 1435 3558 dides
1475 3519 1669 3569 sacra,
1719 3518 1861 3573 quas

154 3593 240 3647 illi
260 3594 419 3663 apud
446 3592 857 3663 Carthaginem
883 3593 1171 3659 tenebant,
1192 3609 1323 3646 cum
1352 3593 1574 3647 tradita
1619 3592 1863 3647 fuissent

155 3681 486 3746 Catholicis,
520 3698 636 3735 non
666 3682 849 3735 multo
878 3686 1008 3752 post
1036 3682 1495 3752 conﬂagrarunt;
1538 3698 1727 3753 nequc
1759 3683 1861 3735 ha-

156 3770 404 3823 bebatur
440 3769 799 3840 ambiguum,
842 3769 983 3840 quin
1032 3786 1126 3823 eas
1174 3786 1292 3839 pra
1332 3768 1645 3823 invidentia
1688 3768 1864 3821 iidem

155 3859 566 3913 incendissent.
602 3859 745 3914 Cum
775 3858 946 3912 etiam
995 3857 1533 3913 Circumcellionum
1567 3872 1776 3927 agmen
1804 3856 1865 3910 in

156 3949 468 4018 Rogatum,
488 3964 662 4019 quem
674 3947 834 4019 prius
862 3946 973 4017 ipsi
998 3947 1330 4017 episcopum
1357 3947 1755 4000 Assuritanum
1778 3946 1863 3999 in-

156 4037 487 4106 stituerant,
515 4038 613 4091 sed
652 4038 751 4108 qui
782 4042 978 4107 postea
1002 4053 1071 4091 ex
1100 4036 1322 4091 discidii
1352 4035 1619 4089 ﬂuctibus
1666 4039 1865 4089 enata-

156 4127 568 4198 rat,impetum
596 4126 877 4193 fecissent,
902 4126 1163 4197 linguam
1188 4125 1240 4179 ei
1266 4142 1329 4179 ac
1358 4141 1591 4179 manum
1628 4125 1866 4178 alteram

158 4220 561 4286 amputarunt,
594 4214 803 4286 quibus
831 4219 1125 4270 truncatus
1146 4216 1329 4269 adhuc
1356 4230 1506 4267 anno
1531 4230 1703 4283 supra
1727 4228 1870 4284 qua-

160 4305 686 4376 dringentesimum
706 4304 925 4360 decimo
938 4310 1133 4359 octavo
1164 4303 1389 4357 vivebat
1417 4302 1514 4373 (De
1541 4303 1713 4358 Gestis
1752 4318 1870 4356 cum

162 4397 425 4457 Emerito,
456 4411 512 4449 η.
554 4394 630 4466 9).
658 4395 976 4462 Phrenetici,
1023 4394 1103 4447 ait
1130 4392 1483 4463 Augustinus
1510 4391 1569 4445 in
1608 4407 1869 4445 sermone

164 4483 233 4537 de
264 4483 542 4538 charitate
574 4489 630 4538 et
658 4484 958 4538 concordia
990 4484 1161 4554 paulo
1192 4486 1318 4554 post
1347 4480 1710 4535 collationem
1733 4496 1868 4551 pro-

168 4573 455 4639 nuntiato,
474 4574 682 4627 molesti
702 4577 849 4641 sunt,
871 4574 969 4642 qui
988 4577 1213 4626 mentem
1230 4571 1607 4640 perdiderunt,
1622 4574 1670 4623 et
1691 4571 1876 4624 insani

165 4664 760 4731 atquefuriosiarmati
774 4667 1047 4730 vagantur
1078 4663 1178 4715 hac
1208 4666 1370 4730 atque
1393 4662 1544 4727 illac,
1578 4664 1873 4729 quaerentes

162 4766 295 4820 quas
324 4751 596 4818 occidant,
629 4767 760 4820 quos
780 4756 1057 4806 emczecent.
1086 4753 1239 4806 Nova
1270 4751 1410 4803 enim
1428 4750 1582 4804 nobis
1612 4751 1871 4803 nuntiata

146 4846 318 4895 sunt:
372 4841 591 4895 cuidam
634 4842 942 4909 presbytero
986 4844 1167 4895 nostro
1221 4841 1462 4905 linguam
1502 4844 1869 4893 exsecuerunt.

166 4931 266 4983 Isti
290 4931 598 4999 phrenetici
620 4935 780 4984 sunt:
828 4929 1125 4984 exercenda
1155 4934 1231 4982 est
1258 4930 1533 4997 charitas;
1566 4928 1792 4983 amandi
1826 4932 1876 4982 et

164 5020 277 5087 ipsi
299 5020 488 5085 (Serm.
516 5022 641 5085 359,
672 5035 727 5074 η.
753 5021 829 5088 8).

235 5110 292 5162 4.
334 5108 546 5163 Eadem
589 5108 688 5162 illa
734 5111 1068 5179 tempestate
1126 5106 1271 5161 nihil
1316 5106 1593 5162 celebrius
1650 5106 1758 5159 fuit
1810 5121 1876 5159 ea

165 5196 417 5266 diritate,
444 5214 617 5268 quam
634 5197 691 5251 in
711 5198 1057 5252 Restitutum
1070 5200 1238 5267 atque
1256 5195 1648 5250 Innocentium
1677 5194 1878 5264 Hippo-

168 5284 466 5355 Regiensis
500 5285 759 5339 Ecclesia
781 5285 1141 5356 presbyteros
1170 5283 1474 5338 catholicos
1502 5287 1878 5338 exercuerunt

168 5375 367 5444 (Epist.
398 5377 518 5441 133,
543 5391 599 5429 η.
636 5375 701 5445 1).
721 5374 1064 5429 Mentionem
1087 5374 1209 5445 jam
1225 5373 1461 5427 fecimus
1490 5371 1873 5441 vexationum,

169 5479 312 5534 quas
343 5463 664 5518 Restitutus
692 5463 1029 5518 Victoriana
1066 5463 1128 5517 in
1160 5460 1648 5534 Hippo-Regiensi
1694 5465 1877 5514 tractu

170 5552 474 5623 presbyter
503 5553 574 5607 ab
613 5552 726 5607 illis
768 5552 978 5607 idcirco
1020 5552 1355 5622 pertulerat,
1398 5550 1536 5623 quia
1577 5549 1877 5605 veritatem

1595 272 1805 328 LIBER
1846 270 2215 329 SEPTIMUS.

3552 281 3660 332 θείω

1953 396 2224 451 divinitus
2278 396 2383 451 sibi
2446 398 2895 453 demonstratam
2964 404 3284 467 secuturus,
3341 400 3409 452 ab
3458 416 3659 453 eorum

1953 486 2200 540 factione
2232 486 2527 541 defecisset
2558 488 2775 556 (Supra,
2812 488 2904 542 lib.
2939 491 2991 553 ὅ,
3028 503 3147 556 cap.
3185 489 3268 553 10,
3298 502 3351 540 η.
3396 488 3471 557 3).
3506 489 3660 541 Veri-

1954 575 2138 629 simile
2164 582 2355 631 autem
2386 577 2577 643 fuerit,
2612 578 2879 631 eumdem
2912 577 3073 631 illum
3106 594 3250 645 esse,
3295 577 3395 648 qui
3423 593 3526 647 per
3552 578 3660 630 hoc

1954 669 2181 736 tempus
2212 666 2386 719 vitam
2417 683 2575 719 suam
2618 668 2838 720 honore
2868 667 3130 737 martyrii
3160 665 3475 719 coronavit.
3502 666 3661 719 Hunc

1955 754 2108 807 enim
2141 770 2270 808 cum
2304 755 2879 809 Circumcellionesac
2894 754 3537 825 Donatistapresbyteri
3556 770 3659 823 per

1954 841 2189 896 insidias
2221 844 2673 913 intercepissent,
2707 860 2826 897 non
2846 844 3031 897 solum
3064 843 3217 897 illius
3240 843 3433 908 verba,
3455 842 3661 912 quibus

1956 945 2052 982 eos
2069 930 2137 983 ad
2168 932 2621 1001 resipiscendum
2635 933 2995 1002 hortabatur,
3010 949 3127 985 non
3140 932 3441 997 admisere,
3458 946 3656 983 verum

1956 1020 2130 1072 etiam
2172 1021 2389 1089 gladios
2439 1021 2499 1073 in
2541 1022 2663 1091 ejus
2708 1022 3000 1091 adigentes
3041 1021 3334 1091 jugulum,
3383 1020 3554 1073 vitam
3608 1018 3659 1071 ei

1956 1112 2191 1161 cruenta
2236 1125 2373 1163 nece
2424 1110 2761 1179 eripuerunt
2809 1112 3004 1180 (Epist.
3054 1112 3171 1177 134,
3204 1125 3299 1163 nn.
3332 1112 3385 1174 2,
3428 1110 3500 1175 4).
3536 1109 3661 1161 Erat

1958 1210 2184 1266 quoque
2214 1197 2433 1250 ardoris
2466 1198 2725 1267 ejusdem
2755 1197 3284 1251 reuannocentius
3320 1196 3654 1266 presbyter:

1957 1284 2329 1353 quamobrem
2365 1288 2420 1338 et
2443 1285 2605 1338 illum
2634 1285 2889 1355 ejusdem
2912 1302 3133 1339 corona
3160 1284 3497 1355 participem
3530 1285 3654 1337 fieri

1956 1372 2280 1426 voluerunt.
2314 1373 2535 1443 Quippe
2552 1374 2639 1427 vel
2672 1373 2845 1427 iidem
2879 1374 3396 1439 Circumcelliones,
3429 1374 3512 1427 vel
3540 1373 3657 1440 alii,

1960 1460 2271 1514 eumdomo
2289 1478 2391 1530 per
2406 1462 2517 1515 vim
2530 1466 2866 1528 extractum,
2891 1462 3187 1515 oculorum
3226 1462 3428 1515 effosso
3453 1462 3656 1527 altero,

1957 1549 2249 1620 digitoque
2295 1567 2408 1604 uno
2448 1550 2670 1619 lapidis,
2705 1554 2767 1603 ut
2812 1549 3165 1620 Augustinus
3215 1549 3409 1617 habet,
3449 1548 3656 1602 ictibus

1958 1638 2217 1708 praciso,
2274 1633 2422 1693 fade
2467 1643 2807 1692 truncarunt
2855 1640 3036 1704 (Ibid.,
3067 1654 3124 1692 n.
3174 1640 3247 1707 2).
3298 1639 3452 1691 Inter
3492 1638 3660 1691 hosce

1960 1732 2307 1798 grassatores
2346 1745 2409 1781 ac
2437 1727 2663 1781 sicarios
2692 1728 2907 1797 primas
2934 1727 3223 1781 obtinebat
3262 1728 3513 1780 Donatus
3534 1728 3661 1798 qui-

1962 1817 2092 1870 dam
2124 1816 2262 1869 olim
2298 1816 2559 1871 Ecclesia
2609 1817 2862 1881 colonus,
2915 1816 3015 1887 qui
3061 1833 3189 1869 cum
3228 1816 3430 1869 iterato
3472 1816 3661 1885 Bapti-

1961 1909 2141 1959 smate
2181 1904 2473 1976 inquinari
2495 1922 2574 1974 se,
2605 1910 2777 1975 atque
2807 1904 2980 1959 etiam
3010 1906 3070 1958 in
3100 1905 3405 1959 diaconum
3430 1921 3460 1958 a
3482 1906 3660 1958 Dona-

1959 1994 2104 2048 tistis
2124 1994 2389 2064 adoptari
2438 2011 2637 2065 passus
2681 1998 2847 2063 esset,
2876 1993 2937 2047 in
2971 1993 3357 2047 audacissimis
3403 1992 3663 2063 perditis-

1962 2083 2234 2153 simisque
2262 2083 2390 2153 jure
2422 2083 2627 2137 merito
2657 2082 2976 2137 habebatur
3006 2082 3203 2153 (Epist.
3239 2086 3360 2148 139,
3394 2098 3452 2135 n.
3485 2084 3555 2151 2).

2034 2174 2063 2223 5
2096 2170 2565 2225 Crudelissimum
2629 2171 2770 2225 illud
2837 2170 3055 2224 facinus
3117 2171 3311 2239 procul
3378 2169 3552 2223 dubio
3601 2168 3662 2223 in

1964 2260 2222 2313 Ecclesia
2240 2260 2546 2314 utilitatem
2560 2260 2759 2314 cedere
2780 2262 3023 2329 poterat.
3042 2258 3257 2311 Etenim
3282 2262 3665 2329 praterquam

1964 2349 2117 2419 quod
2146 2348 2333 2418 passio
2363 2365 2656 2402 servorum
2706 2348 2807 2401 Dei
2856 2346 3259 2401 confirmandis
3302 2346 3363 2400 in
3393 2347 3669 2418 patientia

1965 2436 2335 2491 debilioribus
2382 2437 2644 2508 exemplo
2677 2440 2797 2490 erat
2849 2453 3129 2508 perquam
3171 2436 3397 2501 idoneo,
3429 2440 3486 2489 et
3536 2434 3666 2488 uni-

1964 2542 2140 2580 versa
2172 2526 2431 2580 Ecclesia
2466 2526 2622 2580 laudi
2649 2530 2818 2596 atque
2836 2526 3045 2580 honori
3070 2524 3349 2591 vertebat;
3376 2541 3490 2578 non
3512 2524 3667 2578 aliud

1966 2615 2283 2687 quidquam
2300 2616 2553 2685 reperire
2580 2614 2844 2680 licuisset,
2878 2631 2991 2685 quo
3012 2614 3253 2668 validius
3277 2614 3667 2667 obmutescere

1964 2709 2305 2775 cogerentur
2335 2704 2397 2770 ii,
2419 2704 2518 2775 qui
2550 2720 2618 2757 ne
2640 2704 2946 2757 criminum
2975 2702 3293 2757 alienorum
3326 2702 3663 2772 contagione

1965 2794 2386 2863 polluerentur,
2420 2793 2547 2847 ideo
2580 2792 2729 2846 nolle
2761 2809 2818 2846 se
2850 2792 2921 2846 ad
2971 2791 3274 2845 Ecclesiam
3322 2790 3659 2844 catholicam

1966 2884 2176 2937 reverti
2214 2882 2643 2953 pradicabant;
2676 2886 2774 2935 aut
2802 2881 3010 2933 idcirco
3045 2879 3437 2949 gloriabantur
3464 2878 3670 2932 verita-

1965 2976 2083 3025 tem
2113 2972 2211 3025 abs
2242 2988 2300 3024 se
2347 2970 2599 3037 defendi,
2643 2969 2779 3041 quia
2824 2969 3280 3039 persecutionem
3309 2967 3668 3021 sustinebant

1968 3060 2165 3131 (Epist.
2218 3064 2340 3127 133,
2388 3062 2508 3127 134,
2570 3063 2707 3129 139).
2759 3060 2956 3129 Itaque
3022 3058 3389 3112 vehementer
3438 3055 3673 3126 Optabat

1966 3150 2342 3222 Augustinus,
2371 3149 2599 3204 sceleris
2636 3148 2873 3219 hujusce
2907 3151 3027 3202 acta
3056 3146 3317 3217 legitima
3338 3145 3445 3199 sibi
3478 3144 3669 3198 venire

1967 3240 2030 3293 in
2054 3255 2277 3306 manus,
2309 3242 2375 3293 ut
2402 3238 2501 3292 illa
2528 3242 2652 3292 tum
2684 3235 3039 3308 Hipponensi
3070 3236 3350 3302 Ecclesia,
3388 3240 3512 3288 tum
3545 3233 3672 3287 aliis

1969 3324 2226 3396 ejusdem
2250 3323 2559 3378 diaceseos
2597 3320 2882 3393 frequenti
2911 3321 3123 3392 populo
3149 3321 3549 3374 recitarentur.
3574 3318 3669 3372 Ni-

1969 3414 2285 3469 hilominus
2316 3417 2512 3467 tamen
2554 3426 2739 3482 neque
2768 3410 2911 3481 ipse,
2952 3425 3139 3479 neque
3184 3409 3327 3462 alius
3365 3407 3668 3479 quisquam

1971 3499 2310 3553 clericorum
2337 3513 2572 3552 suorum
2602 3513 2699 3551 eos
2743 3492 3050 3565 postulavit
3077 3492 3408 3557 homicidii;
3442 3493 3539 3545 sed
3570 3491 3672 3561 qui

1971 3588 2164 3643 civiles
2211 3586 2597 3657 magistratus,
2656 3588 2826 3653 atque
2887 3583 3027 3637 adeo
3075 3580 3390 3652 disciplina
3433 3580 3674 3650 publica

1973 3692 2171 3731 curam
2206 3676 2499 3746 gerebant,
2524 3672 2567 3726 ii
2593 3688 2717 3726 rem
2765 3672 3093 3726 detulerunt
3126 3670 3197 3724 ad
3247 3668 3674 3735 Marcellinum;

1973 3767 2044 3820 ad
2066 3781 2238 3836 quem
2268 3770 2325 3818 et
2354 3761 2851 3819 Circumcelliones
2875 3760 3223 3829 clericosque
3254 3757 3676 3812 Donatistarum

1973 3854 2142 3910 cadis
2169 3853 2471 3925 utriusque
2500 3867 2649 3918 reos,
2673 3854 2738 3904 ut
2767 3850 2836 3904 de
2867 3848 2978 3902 illis
3004 3850 3308 3918 quareret,
3342 3862 3472 3900 cum
3494 3850 3679 3899 custo-

1974 3945 2070 3999 dia
2098 3943 2398 3997 miserunt.
2434 3942 2568 4011 Ejus
2600 3938 2752 3994 enim
2785 3937 3147 4010 potissimum
3178 3935 3497 4006 diligentia
3537 3951 3670 3989 cau-

1975 4050 2165 4088 sarum
2178 4031 2684 4087 ecclesiasticarum
2698 4029 2957 4099 injuucta
2968 4027 3153 4081 fuerat
3164 4025 3414 4097 cognitio
3432 4041 3445 4090 ;
3475 4025 3673 4095 idque,

1977 4127 2042 4178 ut
2054 4121 2362 4177 verisimile
2389 4125 2491 4188 est,
2520 4120 2644 4190 lege
2663 4118 2833 4173 tertio
2857 4117 3130 4171 kalendas
3156 4114 3429 4169 februarii
3457 4113 3675 4182 posita;

1980 4228 2045 4266 ea
2074 4211 2287 4282 quippe
2334 4209 2684 4264 Exsecutoris
2728 4212 2926 4262 contra
2968 4204 3287 4260 Donatistas
3325 4202 3677 4256 mentionem

1980 4300 2151 4365 facit;
2186 4316 2300 4370 quo
2331 4298 2502 4352 etiam
2531 4297 2699 4352 titulo
2733 4296 3008 4350 Dulcitius
3036 4294 3301 4348 tribunus
3330 4290 3591 4344 similiter
3618 4307 3681 4344 ac

1980 4388 2241 4443 notarius
2270 4391 2472 4458 postea
2501 4387 2743 4441 donatus
2773 4386 2881 4440 fuit
2912 4384 3121 4456 (Codice
3156 4380 3377 4446 Theod.,
3406 4381 3472 4434 de
3501 4383 3685 4435 Haere-

1983 4480 2125 4545 ticis,
2159 4479 2270 4545 lege
2299 4475 2409 4546 52).
2439 4476 2779 4547 Quanquam
2810 4479 2965 4529 atrox
2997 4475 3138 4538 erat,
3187 4470 3256 4524 de
3305 4485 3419 4540 quo
3460 4486 3680 4541 quare-

1983 4568 2171 4629 batur,
2216 4566 2439 4634 scelus;
2498 4564 2854 4620 Marcellinus
2913 4565 3107 4615 tamen
3158 4576 3274 4613 non
3340 4560 3678 4615 extendente

1984 4656 2249 4727 equuleo,
2282 4671 2400 4709 non
2421 4654 2767 4708 sulcantibus
2786 4648 3034 4720 ungulis,
3060 4663 3175 4702 non
3194 4648 3495 4703 urentibus
3516 4650 3678 4705 flam-

1984 4744 2230 4814 mis,sed
2262 4743 2395 4797 solis
2412 4743 2704 4812 virgarum
2733 4736 3066 4792 verberibus
3096 4736 3510 4791 confessionem
3534 4738 3681 4791 illius

1986 4850 2020 4888 a
2057 4833 2167 4887 reis
2197 4837 2368 4903 atque
2390 4829 2629 4885 consciis
2660 4826 2968 4897 expressit:
3005 4827 3101 4893 qui
3114 4825 3303 4879 modus
3332 4827 3684 4893 coercitionis,

1984 4921 2175 4992 inquit
2202 4919 2572 4991 Augustinus,
2615 4924 2663 4972 et
2698 4934 2731 4971 a
2756 4917 3035 4982 magistris
3061 4916 3265 4968 artium
3278 4914 3602 4979 liberalium,
3635 4917 3685 4966 et

1986 5012 2054 5065 ab
2084 5013 2219 5080 ipsis
2244 5007 2579 5079 parentibus,
2611 5012 2660 5060 et
2689 5021 2825 5075 sape
2865 5006 3028 5058 etiam
3074 5006 3134 5057 in
3173 4994 3415 5073 judiciis
3446 5004 3576 5057 solet
3615 5002 3683 5055 ab

1986 5102 2248 5169 episcopis
2279 5098 2529 5151 adhiberi
2564 5097 2759 5164 (Epist.
2802 5097 2920 5160 133,
2954 5110 3009 5148 η.
3050 5094 3123 5162 2).
3157 5094 3513 5164 Quapropter
3551 5106 3684 5143 eum

1988 5190 2085 5242 Vir
2113 5193 2338 5242 sanctus
2380 5185 2592 5249 laudat,
2625 5184 2779 5255 quod
2815 5184 2874 5237 in
2902 5185 3010 5239 hoc
3048 5184 3267 5237 crimen
3320 5182 3499 5237 multa
3554 5192 3685 5233 cum

1986 5278 2241 5343 lenitate,
2290 5281 2460 5347 atque
2537 5274 2674 5328 adeo
2741 5273 2919 5344 patris
2998 5274 3192 5344 potius
3276 5268 3681 5334 sollicitudine,

1988 5383 2163 5440 quam
2187 5366 2397 5436 judicis
2439 5364 2737 5419 severitate
2793 5379 2949 5429 usus,
2991 5360 3344 5432 quasivisset
3388 5358 3574 5425 (lbid.,
3634 5363 3686 5412 et

1988 5459 2163 5527 Epist.
2196 5457 2314 5523 134,
2346 5471 2405 5510 n.
2436 5454 2514 5525 2).
2538 5454 2663 5509 Jam
2700 5457 2912 5508 restare
2951 5451 3009 5505 id
3048 5464 3231 5504 unum
3258 5446 3574 5514 videbatur,
3620 5452 3687 5501 ut

1991 5546 2050 5600 in
2078 5562 2207 5601 reos
2233 5561 2336 5616 pro
2351 5544 2482 5601 facti
2507 5543 2825 5607 atrocitate,
2850 5539 3120 5595 nimirum
3138 5535 3681 5607 capitalisupplicio,
