4038 6182
408 268 501 319 451
1667 253 1840 308 VITA
1879 251 1933 307 S.
1977 248 2113 307 AUG

2224 246 2366 302 I‘INI
2406 245 2745 303 EPISCOPI.
3743 261 3818 314 is»,

408 383 974 440 animadverteretur.
1017 382 1095 434 Ac
1126 382 1352 450 poterat
1397 377 1632 449 quidem
1679 375 1924 430 Ecclesia
1978 374 2102 428 sine

411 476 525 528 ulla
555 470 957 526 intercessione
987 484 1106 522 rem
1139 467 1468 538 permittere
1509 482 1739 520 omnem
1777 464 2100 535 judicibus;

408 562 639 635 quando
670 560 808 613 istos
837 575 951 612 non
982 556 1306 624 clerici,sed
1330 555 1481 610 civili
1514 554 1826 624 disciplina:
1856 553 2106 622 praefecti

409 653 482 707 ad
506 649 789 722 judicium
817 646 1213 702 adduxissent:
1266 643 1382 698 imo
1435 660 1547 697 non
1586 642 1822 696 deerant
1867 657 1932 693 ex
1983 640 2105 711 ipso

411 739 745 797 clericorum
791 736 1011 804 ordine,
1057 734 1266 805 quibus
1296 733 1483 804 primo
1533 731 1628 785 illo
1674 731 1882 796 calore,
1936 745 2108 801 quem

412 834 568 886 tanta
592 833 827 899 tamque
858 825 1054 896 gravia
1083 823 1332 877 facinora
1371 821 1604 892 injicere
1636 821 1838 884 solent,
1889 819 2111 873 inﬂam-

414 919 601 986 matis,
620 933 716 971 eos
743 913 1051 969 levioribus
1064 912 1245 982 pcenis
1258 928 1371 965 non
1391 910 1515 964 sine
1529 910 1778 980 quodam
1796 908 2110 979 disciplinae

413 1008 755 1064 detrimento
773 1008 829 1058 et
851 1002 1115 1074 neglectu
1132 1000 1280 1054 aflici
1303 1015 1466 1070 posse
1492 998 1808 1052 videbatur.
1831 1001 1900 1052 At
1918 999 2114 1050 contra

414 1095 765 1167 Augustinus
813 1091 989 1164 probe
1020 1088 1298 1161 judicavit
1360 1087 1637 1142 damnum
1685 1087 1758 1144 ad
1809 1084 2113 1140 Ecclesiam

415 1186 735 1242 rediturum
766 1198 878 1236 non
907 1179 1232 1243 minimum,
1264 1177 1311 1230 si
1342 1176 1652 1232 Donatista»
1701 1175 1898 1246 capitis
1945 1173 2114 1245 puni-

412 1279 648 1340 rentur;
705 1288 834 1326 eam
897 1285 1031 1323 vero
1105 1266 1405 1321 commoda
1472 1269 1870 1336 percepturam
1943 1265 2112 1334 longe

412 1364 680 1426 maxima,
716 1361 762 1414 si
808 1359 912 1412 hac
941 1361 1170 1428 arrepta
1199 1356 1516 1421 occasione,
1567 1357 1782 1424 quanta
1821 1369 1923 1407 sua
1966 1355 2115 1405 esset

410 1455 679 1508 adversus
709 1446 1123 1503 infensissimos
1171 1446 1364 1498 hostes
1395 1443 1698 1497 clementia
1744 1447 1801 1497 et
1842 1441 2106 1507 Charitas,

411 1544 604 1616 palam
633 1541 860 1594 faceret.
895 1537 1054 1590 Alios
1083 1549 1312 1606 quoque
1345 1533 1404 1586 in
1418 1533 1563 1587 hanc
1590 1531 1926 1587 sententiam
1951 1547 2112 1586 suam

412 1629 570 1687 brevi
607 1626 889 1682 redituros
919 1623 1202 1694 sperabat,
1239 1621 1332 1675 ubi
1363 1619 1638 1675 nimirum
1666 1619 1842 1675 sedati
1874 1620 2116 1674 fuissent

413 1717 586 1790 primi
609 1715 692 1769 illi
713 1717 923 1779 motus,
949 1727 1094 1782 quos
1141 1709 1455 1764 recentium
1502 1709 1783 1764 factorum
1829 1708 2114 1762 horrorin

411 1822 610 1861 eorum
641 1801 846 1859 animis
890 1799 1178 1854 excitarat.
1214 1799 1277 1852 Et
1322 1815 1455 1852 sane
1497 1798 1801 1851 molestum
1855 1797 2114 1850 futurum

411 1901 553 1961 erat,
599 1894 646 1947 si
685 1889 888 1962 judicii
932 1888 1167 1957 hujusce
1213 1891 1354 1953 acta,
1399 1903 1524 1957 qua:
1576 1892 1639 1940 ut
1676 1902 1868 1940 coram
1900 1886 2114 1956 populo

411 1977 760 2046 legerentur,
795 1968 1053 2025 Ecclesiae
1074 1965 1339 2038 exigebat
1363 1967 1601 2034 utilitas,
1641 1983 1754 2022 non
1788 1975 2022 2040 possent
2042 1970 2114 2025 ad

414 2065 586 2119 finem
613 2076 792 2132 usque
815 2057 1039 2113 recitari
1069 2077 1082 2121 ;
1109 2073 1180 2110 ne
1202 2055 1466 2110 videlicet
1493 2061 1729 2111 cruento
1760 2058 1873 2113 ﬁne
1890 2059 2116 2114 animos

414 2153 740 2210 auditorum
767 2147 1143 2202 offenderent.
1170 2144 1326 2198 Adde
1359 2160 1654 2199 servorum
1686 2145 1788 2200 Dei
1823 2147 2116 2217 passiones

413 2240 690 2313 sanguine
716 2235 1086 2291 inimicorum
1113 2232 1393 2286 vindicari
1420 2250 1537 2288 non
1564 2251 1753 2305 posse,
1796 2237 1937 2307 quin
1958 2237 2116 2307 ipsa-

413 2349 540 2388 rum
571 2327 821 2402 quodam
852 2323 1022 2378 modo
1051 2321 1387 2376 obscuretur
1417 2323 1703 2392 splendor.
1746 2325 1942 2396 Itaque
1971 2326 2115 2381 veri-

412 2426 501 2476 tus
532 2420 758 2472 sanctus
788 2413 1023 2474 Praesul,
1055 2428 1127 2466 ne
1157 2412 1262 2465 hac
1291 2410 1352 2465 in
1378 2429 1546 2467 causa
1578 2431 1803 2469 summo
1819 2416 1950 2487 jure
1980 2432 2114 2487 age-

414 2514 591 2574 retur,
623 2503 1014 2561 ltlarcellinum
1043 2501 1248 2556 obnixe
1274 2501 1454 2555 oravit
1487 2519 1590 2574 per
1633 2504 1870 2572 litteras,
1907 2505 2115 2560 severi-

413 2604 589 2654 tatem
620 2609 782 2650 suam
801 2609 920 2647 non
950 2590 1122 2645 modo
1144 2595 1513 2661 temperaret,
1547 2592 1646 2648 sed
1675 2597 1741 2647 ut
1767 2593 1864 2648 alii
1886 2610 2114 2665 quoque

412 2690 566 2745 idem
610 2686 970 2756 praestarent,
1023 2680 1306 2735 efficeret:
1369 2680 1654 2752 siquidem
1718 2683 2117 2752 suspicabatur

412 2779 553 2844 fore,
587 2779 649 2829 ut
668 2771 951 2845 judicium
965 2771 1075 2824 hoc
1099 2769 1244 2824 forte
1272 2770 1343 2824 ad
1359 2769 1698 2842 Apringium
1713 2773 2113 2842 proconsulem

410 2865 746 2930 deferretur,
805 2861 1178 2918 christianum
1232 2859 1391 2913 illum
1453 2859 1688 2930 quidem
1737 2864 1794 2913 et
1858 2858 2115 2913 Ecclesiae

412 2954 618 3017 filium,
644 2957 814 3022 atque
841 2951 910 3005 ab
942 2949 1272 3020 hujusmodi
1298 2947 1550 3003 cruentis
1578 2947 1869 3020 suppliciis
1917 2953 2116 3018 suapte

416 3045 622 3094 natura
649 3040 939 3105 alienum;
981 3039 1076 3092 sed
1101 3042 1293 3092 tamen
1324 3037 1424 3108 qui
1472 3037 1772 3092 videbatur
1817 3037 1886 3092 de
1931 3037 2116 3108 capite

411 3129 673 3182 sontibus
703 3127 1051 3198 amputando
1083 3127 1362 3181 statuisse.
1407 3127 1552 3196 Ergo
1597 3132 1654 3181 et
1699 3127 2022 3197 epistolam,
2054 3131 2118 3181 ut

413 3219 467 3272 ei
497 3217 852 3281 redderetur,
877 3216 949 3269 ad
979 3214 1368 3270 Marcellinum
1389 3215 1612 3269 direxit.
1647 3215 1864 3279 Quibus
1895 3216 2117 3270 duabus

410 3307 475 3360 in
496 3303 977 3376 epistolis(Epist.
1015 3305 1132 3366 133,
1171 3303 1291 3373 139)
1321 3302 1602 3374 quidquid
1624 3303 1774 3357 inest
1811 3304 1917 3358 sibi
1951 3305 2120 3358 facul-

413 3395 546 3450 tatis
569 3392 796 3448 dicendi
827 3396 883 3446 et
907 3391 1276 3463 eloquentiae,
1304 3389 1363 3445 id
1396 3407 1566 3445 omne
1591 3407 1659 3448 eo
1687 3391 1924 3459 confert,
1945 3397 2007 3447 ut
2027 3392 2112 3448 rei

411 3499 526 3538 non
557 3481 741 3553 capite
771 3481 1135 3546 damnentur,
1168 3480 1264 3534 sed
1289 3479 1396 3534 alia
1409 3479 1679 3552 quapiam
1709 3479 1906 3535 leviori
1922 3497 2114 3552 poena.

411 3589 540 3645 quas
575 3571 742 3626 simul
772 3574 829 3625 et
857 3569 1007 3624 male
1047 3569 1290 3624 faciendi
1312 3569 1604 3624 licentiam
1633 3569 1772 3640 ipsis
1803 3570 2039 3638 adimat,
2061 3575 2118 3627 et

408 3665 605 3716 tamen
634 3658 1003 3731 resipiscendi
1031 3662 1258 3728 tempus
1284 3662 1456 3729 atque
1486 3657 1548 3711 in
1576 3657 1705 3712 utili
1735 3658 2008 3730 quopiam
2031 3659 2116 3714 la-

410 3751 550 3805 bore
577 3765 695 3803 sese
725 3747 1024 3803 exercendi
1053 3749 1393 3818 potestatem
1423 3745 1731 3816 relinquat.
1760 3746 1826 3801 Id
1857 3747 2010 3802 enim
2031 3749 2117 3804 illi

410 3838 660 3892 maxime
689 3835 846 3890 cordi
880 3839 1021 3901 erat,
1063 3840 1186 3888 tum
1231 3839 1467 3904 propter
1515 3835 1944 3904 conscientiam,
1992 3843 2116 3893 tum

410 3931 650 4000 propter
678 3924 1020 3980 catholicam
1052 3922 1517 3978 communionem
1561 3925 2103 3982 commendandam.

484 4017 537 4070 6.
571 4015 687 4069 Sub
717 4014 868 4068 idem
896 4013 1037 4068 forte
1069 4017 1317 4084 tempus,
1349 4012 1705 4067 Marcellinus
1734 4013 1799 4069 ad
1845 4015 2113 4085 Augusti-

411 4120 551 4159 num
581 4103 798 4158 litteras
819 4101 999 4167 dedit,
1031 4101 1240 4173 quibus
1261 4100 1569 4156 missurum
1598 4119 1656 4156 se
1685 4102 1759 4157 ad
1790 4119 1923 4158 eum
1950 4105 2117 4160 Gesta

409 4209 641 4248 reorum
705 4190 1124 4246 confessionem
1180 4190 1616 4261 complectentia
1695 4192 2112 4262 pollicebatur;

408 4283 696 4353 simulque
728 4279 987 4352 rogabat,
1020 4295 1159 4333 num
1190 4295 1258 4333 ea
1287 4278 1348 4332 in
1377 4279 1751 4352 Theoprepia,
1783 4297 1912 4352 quas
1943 4283 2116 4338 Colla-

408 4371 585 4424 tionis
613 4375 873 4440 tempore
903 4368 1138 4424 ecclesia
1167 4373 1289 4423 erat
1321 4369 1742 4425 Donatistarum
1772 4371 2115 4443 Carthagine

410 4458 625 4528 (Collat.
660 4459 921 4525 Carthag.
961 4461 1014 4527 3,
1042 4474 1162 4528 cap.
1217 4457 1288 4525 5),
1321 4457 1608 4528 afﬁgenda
1639 4459 2002 4528 viderentur;
2028 4467 2114 4516 at-

411 4563 524 4619 que
551 4547 724 4602 etiam
762 4551 827 4603 ut
855 4548 1028 4603 ﬁdem
1055 4547 1124 4602 de
1152 4547 1438 4618 promisso
1470 4547 1719 4618 quodam
1748 4549 1956 4621 scripto
1981 4549 2117 4605 libe-

413 4639 588 4701 raret,
609 4636 952 4690 admonebat
967 4637 1170 4706 (Epist.
1201 4637 1321 4704 139,
1345 4651 1438 4689 nn.
1459 4639 1509 4704 1,
1525 4638 1576 4702 3,
1599 4637 1677 4706 4).
1707 4637 1790 4692 Ad
1812 4655 1880 4692 ea
1906 4653 2114 4710 cupere

413 4742 472 4778 se
504 4725 794 4795 rescripsit
821 4724 1190 4796 Augustinus,
1232 4729 1297 4780 ut
1333 4723 1612 4796 promissa
1642 4725 1750 4779 sibi
1789 4726 1954 4781 Gesta
1982 4728 2114 4783 mit-

412 4817 629 4881 tantur,
662 4829 790 4884 quze
816 4813 1028 4868 scilicet
1055 4813 1484 4886 quamprimum
1499 4830 1614 4868 non
1627 4814 1870 4869 modoin
1883 4817 2117 4872 ecclesia

415 4901 794 4974 Hipponensi,
826 4918 1024 4956 verum
1056 4904 1246 4967 etiam,
1285 4903 1332 4958 si
1379 4903 1506 4958 fieri
1542 4903 1742 4974 possit,
1790 4902 1850 4958 in
1893 4906 2116 4960 caateris

415 4991 690 5046 omnibus
721 4990 978 5062 ejusdem
1007 4990 1308 5046 diceceseos
1338 4997 1500 5047 curet
1526 4993 1764 5064 legenda
1790 5008 1804 5046 :
1842 4992 1952 5047 illis
1982 5011 2115 5049 vero

412 5079 758 5150 Carthagine
773 5077 1074 5148 afﬁgendis
1087 5079 1272 5134 locum
1288 5081 1547 5135 omnium
1560 5081 2114 5154 frequentissimum,

419 5168 532 5224 sive
565 5168 625 5222 in
652 5165 1033 5237 Theoprepia,
1066 5166 1181 5221 sive
1211 5167 1367 5231 alibi,
1409 5169 1778 5241 deligendum
1810 5187 1949 5226 esse.
2004 5172 2114 5227 0b-

414 5263 655 5314 testatur
683 5257 879 5326 etiam,
921 5271 1149 5310 reorum
1197 5256 1371 5326 capiti
1417 5263 1648 5330 parcat;
1694 5260 1785 5315 sin
1816 5265 2011 5316 autem
2059 5261 2116 5316 id

414 5347 645 5404 concedi
685 5364 802 5403 non
826 5345 1022 5419 possit,
1052 5344 1216 5400 binas
1252 5345 1491 5417 litteras,
1522 5365 1664 5420 quas
1691 5350 1792 5405 hac
1821 5350 1890 5405 de
1919 5367 1980 5404 re
2006 5349 2118 5406 sin-

413 5437 577 5508 gulas
617 5437 687 5493 ad
716 5437 881 5492 illum
929 5439 988 5490 et
1025 5435 1095 5490 ad
1146 5435 1549 5492 Proconsulem
1595 5438 1771 5509 dedit,
1817 5440 2115 5495 sententiae

412 5525 660 5592 inserat;
709 5531 808 5582 aut
825 5527 1026 5583 saltem
1075 5528 1263 5581 sontes
1301 5524 1362 5580 in
1409 5526 1661 5582 custodia
1704 5529 1982 5602 tantisper
2017 5530 2116 5585 ha-

2217 369 2481 456 beantur,
2513 370 2650 424 dum
2684 369 2796 425 illis
2831 368 3058 424 veniam
3089 369 3158 424 de
3180 371 3461 428 clementia
3483 376 3820 448 lmperatorum

2214 463 2524 529 lmpetrare
2542 459 2794 515 curabit:
2821 458 3034 531 quippe
3060 458 3159 530 qui
3189 460 3364 527 sciret,
3387 463 3660 520 Gentilibus
3676 471 3822 524 Anau-

2216 547 2479 601 nensium
2511 553 2829 617 martyrum
2855 546 3308 602 interfectoribus
3325 554 3444 604 ante
3474 552 3664 624 aliquot
3687 573 3828 611 annos

2217 637 2625 706 Imperatorem
2676 639 2960 706 rogatum,
3003 652 3076 689 ne
3126 640 3306 691 morte
3343 639 3667 710 punirentur,
3704 643 3827 699 facile

2217 725 2552 778 concessise.
2588 723 2858 788 Queritur
2888 729 2945 779 et
2975 725 3043 779 de
3071 724 3296 796 injuriis
3344 742 3406 780 ac
3429 727 3700 796 violentiis,
3742 733 3832 803 qui-

2216 814 2323 868 bus
2369 813 2428 868 in
2461 813 2687 868 dioecesi
2739 829 2842 867 sua
2897 813 3261 883 schismatici,
3315 816 3574 872 Macrobio
3621 820 3830 890 episcopo

2218 903 2379 965 duce,
2413 902 2666 956 insanire
2697 918 2762 956 ac
2811 902 3146 957 debacchari
3195 905 3512 975 pergebant.
3565 907 3690 961 Nam
3728 925 3836 980 quas

2218 991 2477 1045 locorum
2509 989 2748 1056 domini,
2780 990 2976 1060 legum
3013 989 3222 1045 timore
3253 991 3422 1061 ducti,
3451 993 3728 1048 clauserant
3759 997 3836 1050 Do-

2220 1079 2556 1134 natistarum
2603 1080 2883 1146 basilicas,
2929 1079 3028 1133 bas
3090 1079 3398 1135 Macrobius
3452 1097 3835 1152 quoquoversum

2221 1168 2498 1223 cursitans
2528 1185 2658 1222 cum
2695 1167 3056 1238 perditorum
3086 1167 3387 1222 hominum
3417 1185 3475 1222 ac
3492 1170 3755 1224 mulierum
3779 1188 3836 1224 sa-

2221 1256 2443 1324 tellitio,
2475 1273 2580 1327 per
2595 1257 2711 1310 vim
2735 1256 2943 1327 aperiri
2975 1256 3083 1311 sibi
3107 1257 3362 1327 jubebat.
3390 1258 3750 1312 Hiereticorum
3766 1275 3834 1312 au-

2222 1346 2440 1400 daciam
2460 1346 2720 1400 nonnihil
2739 1346 3038 1417 Spondeus
3051 1345 3388 1411 frenaverat,
3405 1346 3732 1417 praediorum,
3745 1363 3837 1416 quae

2222 1435 2382 1489 Celer
2411 1434 2688 1506 dignitate
2732 1434 2819 1488 vir
2847 1433 3193 1489 clarissimus
3232 1433 3293 1488 in
3339 1434 3662 1505 Hipponensi
3697 1439 3836 1488 tractu

2221 1522 2566 1594 possidebat,
2599 1527 2957 1593 procurator.
3009 1523 3117 1577 Sed
3162 1538 3292 1576 cum
3338 1523 3384 1576 is
3413 1523 3768 1593 Carthaginem
3799 1538 3839 1575 se

2221 1611 2573 1678 contulisset,
2590 1612 2855 1666 reseratis
2868 1611 3060 1666 statim
3084 1611 3332 1666 ecclesiis
3345 1611 3636 1666 Macrobius
3665 1627 3840 1666 suorum

2221 1701 2612 1755 conventicula
2630 1700 2691 1754 in
2721 1700 2860 1771 ipsis
2889 1701 3100 1756 Celeris
3135 1704 3235 1754 aut
3263 1699 3502 1771 Spondei
3553 1698 3844 1769 possessioni-

2223 1789 2328 1844 bus
2358 1790 2654 1844 ha'nuerat.
2687 1791 2865 1844 Porro
2894 1806 3010 1843 non
3033 1789 3153 1843 sola
3184 1787 3745 1859 Hippone-Regiensis,
3775 1786 3843 1839 sed

2223 1878 2350 1934 alia:
2389 1895 2618 1949 quoque
2655 1894 2760 1948 per
2815 1877 3140 1932 Numidiam
3206 1877 3464 1932 Ecclesiae
3509 1877 3784 1947 graviorem
3824 1889 3846 1926 a

2223 1967 2537 2021 Donatistis
2582 1965 3400 2036 tolerabant_exagitationem.
3458 1965 3548 2019 Hae
3599 1967 3654 2017 ut
3681 1961 3843 2033 aliquid

2222 2053 2479 2126 praesidii
2511 2055 2781 2108 adversus
2810 2053 3120 2109 imminens
3144 2055 3465 2125 periculum
3495 2052 3596 2106 sibi
3614 2053 3841 2122 pararent,

2225 2145 2570 2216 Delphinum
2601 2145 2936 2216 episcopum
2977 2144 3385 2214 Carthaginem
3437 2142 3644 2196 misere.
3681 2139 3844 2192 Ibidem

2225 2239 2349 2288 erat
2377 2234 2610 2305 quidam
2631 2233 2936 2304 Augustini
2963 2233 3285 2304 presbyter,
3321 2232 3388 2286 ad
3413 2246 3576 2302 quem
3594 2229 3636 2282 is
3659 2241 3848 2282 commo-

2226 2322 2501 2378 nitorium
2529 2339 2631 2394 per
2652 2323 3026 2393 Peregrinum
3067 2321 3400 2388 diaconum,
3432 2321 3527 2393 qui
3571 2315 3846 2373 Bonifacium

2225 2411 2539 2466 antistitem
2553 2428 2619 2466 eo
2634 2411 2938 2466 comitatus
2969 2411 3174 2478 fuerat,
3211 2411 3434 2466 curavit
3465 2407 3710 2481 perferri;
3739 2402 3846 2459 aliud

2225 2506 2502 2572 prmterea
2534 2499 3048 2555 commonitorium
3079 2500 3270 2556 eidem
3301 2499 3622 2572 presbytero
3645 2512 3740 2550 una
3761 2508 3848 2546 cum

2224 2589 2394 2644 hacce
2425 2590 2492 2644 ad
2526 2590 2912 2644 Marcellinum
2967 2590 3213 2660 epistola
3259 2590 3436 2644 misit.
3494 2589 3672 2643 Utrum
3713 2588 3849 2637 autem

2223 2681 2318 2735 ille
2344 2679 2769 2750 idemjsitatque
2789 2679 3049 2734 Urbanus
3078 2681 3290 2749 (Epist.
3325 2681 3466 2747 139),
3502 2693 3530 2731 a
3555 2691 3658 2747 quo
3673 2673 3852 2745 perlatas

2224 2769 2534 2826 Marcellini
2560 2769 2776 2824 litteras
2802 2769 3413 2838 acceperat,incertum
3449 2771 3548 2821 est.
3599 2763 3748 2818 Habet
3773 2759 3848 2812 alio

2225 2861 2350 2914 loco
2381 2859 2534 2912 idem
2553 2857 2929 2929 Augustinus,
2963 2857 3446 2929 Hippone-Regio
3467 2854 3749 2927 profectum
3767 2863 3854 2901 cum

2228 2948 2472 3016 Urbano,
2504 2964 2675 3018 quem
2715 2946 3060 3018 suscipiendi
3084 2947 3454 3018 episcopatus
3482 2960 3639 2998 causa
3659 2938 3850 2998 vocabat,

2226 3037 2603 3108 Peregrinum
2635 3036 2943 3091 diaconum
2975 3037 3171 3105 (Epist.
3210 3037 3335 3102 149,
3365 3051 3420 3089 n.
3446 3033 3548 3100 34).
3573 3032 3745 3100 itaque
3763 3026 3856 3079 itar-

2226 3125 2496 3180 cellinum
2511 3125 2789 3194 obsecrat,
2804 3128 2868 3179 ut
2879 3141 3006 3178 com
3015 3123 3328 3178 monitoria
3342 3123 3444 3178 abs
3463 3138 3519 3176 se
3533 3116 3855 3185 Carthaginem

2225 3215 2440 3270 directa
2471 3215 2644 3285 legat,
2677 3218 2848 3285 atque
2879 3229 2996 3268 una
3039 3228 3170 3267 cum
3214 3211 3500 3284 Delphino
3548 3213 3599 3263 et
3639 3200 3858 3262 Bonifacio

2224 3303 2505 3376 dispiciat,
2541 3320 2656 3375 qua
2699 3302 3067 3374 potissimum
3108 3302 3340 3357 ratione
3375 3301 3560 3355 eidem
3604 3292 3858 3368 provincia,

2225 3410 2396 3464 quam
2428 3394 2549 3464 ejus
2577 3409 2728 3448 curae
2767 3409 2832 3447 ac
2860 3391 2996 3446 fidei
3031 3391 3426 3457 commendat,
3459 3384 3668 3443 consuli
3714 3378 3857 3455 possit-

2226 3485 2410 3556 Rogat
2447 3483 2620 3537 etiam
2651 3487 2876 3536 sanctus
2904 3481 3173 3545 Antistes,
3219 3485 3286 3536 ut
3316 3480 3586 3535 Rufinum
3617 3475 3859 3530 Cirtensem

2225 3573 2600 3644 Principalem
2629 3570 2896 3643 praesidio
2937 3587 3040 3625 suo
3077 3569 3315 3626 destitui
3355 3586 3428 3625 ne
3460 3566 3692 3640 patiatur
3718 3557 3858 3632 (Epist.

2229 3664 2464 3729 t39,nn.
2490 3664 2544 3726 2,
2575 3660 2649 3729 4).
3770 3733 3796 3737 η
3833 3730 3838 3737 ,

2292 3755 2346 3804 7.
2382 3749 2740 3805 Marcellinus
2778 3747 3157 3820 descriptione
3206 3746 3486 3819 quadam,
3532 3747 3594 3798 ut
3615 3741 3720 3811 jam
3757 3733 3859 3788 dixi-

2226 3857 2375 3904 mus,
2403 3839 2473 3893 ad
2505 3855 2562 3892 se
2584 3837 2867 3892 mittenda
2895 3837 3138 3908 urgebat
3156 3837 3574 3908 Augustinum.
3602 3830 3690 3886 Hic
3706 3839 3809 3880 vero
3825 3834 3862 3872 se

2225 3933 2454 3985 excusat
2467 3945 2533 3983 eo
2563 3928 2818 3993 nomine,
2847 3926 3024 3998 quod,
3047 3927 3314 3998 quamvis
3345 3926 3436 3980 vel
3463 3921 3693 3979 maxime
3705 3910 3861 3984 cupiat.

2222 4019 2279 4074 id
2311 4026 2502 4074 tamen
2533 4017 2786 4083 sibicpum
2807 4032 2909 4087 per
2932 4015 3238 4070 hominum
3263 4003 3864 4086 frequentiam,quipef‘

2222 4113 2397 4179 petuo
2429 4107 2500 4162 ad
2527 4123 2584 4161 se
2617 4107 2686 4161 de
2717 4105 2833 4161 suis
2858 4105 3116 4176 ipsorum
3147 4105 3400 4176 negotiis
3422 4102 3664 4163 adibant,
3685 4099 3782 4148 tum
3797 4097 3866 4179 ρθξ

2224 4214 2399 4270 opera
2427 4197 2604 4264 varia,
2637 4212 2766 4266 quae
2803 4211 2861 4250 se
2911 4194 2971 4248 in
3017 4195 3470 4264 praesentiarum
3518 4205 3627 4246 non
3673 4175 3868 4270 sinebalti

2223 4265 2721 4357 omitti,priestare
2737 4283 2976 4338 minime
3001 4284 3193 4339 liceat.
3223 4283 3337 4339 Sed
3379 4283 3522 4337 forte
3555 4275 3714 4332 satius
3747 4265 3868 4323 fuerit

2223 4377 2367 4432 illud
2402 4375 2659 4448 ejusdem
2705 4372 2892 4428 verbis
2923 4372 3225 4443 explicare.
3257 4373 3323 4428 Si
3357 4376 3561 4434 autem,
3603 4359 3778 4434 inquit,

2225 4468 2417 4520 tionem
2435 4445 2684 4518 omnium
2708 4463 2918 4517 dierum
2949 4467 2998 4516 et
3023 4461 3468 4516 lucubrationum
3500 4458 3622 4511 aliis
3647 4445 3869 4538 necessita-

2226 4555 2370 4610 tibus
2399 4557 2767 4623 impensarum
2797 4553 2898 4606 tibi
2919 4566 3131 4622 possem
3158 4550 3414 4616 reddere,
3455 4546 3686 4616 graviter
3718 4535 3874 4623 contris

2224 4647 2399 4697 status
2437 4642 2741 4705 mirareris,
2787 4644 2993 4708 quanta
3039 4654 3120 4693 me
3166 4638 3515 4702 distendant,
3562 4646 3673 4703 qua:
3713 4624 3870 4691 άίῙθπἻ

2225 4733 2440 4786 omnino
2464 4745 2570 4784 non
2595 4733 2842 4799 possunt,
2874 4744 2966 4782 nec
3012 4744 3170 4795 agere
3216 4729 3320 4781 illa.
3359 4722 3693 4797 permittant,
3720 4717 3768 4768 in
3793 4717 3872 4777 t1"z

2227 4837 2310 4875 me
2325 4819 2556 4890 petendo
2575 4824 2623 4873 et
2649 4817 2982 4872 admonendo
2997 4833 3155 4885 urges
3183 4817 3476 4882 volentem,
3500 4819 3549 4868 et
3567 4802 3870 4892 ine/[nbilitas

2226 4913 2360 4980 quia
2387 4924 2492 4963 non
2519 4922 2758 4978 possum,
2791 4906 3073 4960 dolentem.
3109 4907 3239 4962 Cum
3269 4908 3418 4959 enim
3451 4903 3520 4957 ab
3557 4910 3722 4956 eorum
3749 4890 3872 4942 homi-

2223 5016 2352 5054 num
2382 4995 2788 5053 necessitatibus
2810 4996 3213 5064 aliquantulum
3242 5010 3404 5063 vaco,
3437 4994 3536 5062 qui
3565 5005 3642 5044 me
3659 4987 3726 5040 sic
3750 4989 3874 5041 απρίτ·

2223 5092 2392 5154 riant,
2423 5093 2484 5142 ut
2521 5102 2605 5141 eos
2635 5085 2785 5141 nullo
2815 5083 2968 5139 modo
2997 5084 3155 5138 liceat
3195 5085 3430 5148 evitare,
3483 5096 3574 5134 nec
3615 5072 3875 5130 contemni“

2224 5182 2497 5248 oporteat;
2525 5193 2630 5231 non
2655 5177 2850 5230 desunt
2879 5189 2998 5244 quae
3026 5172 3291 5226 dictanda
3312 5184 3596 5240 praepono,
3635 5166 3704 5219 sic
3740 5161 3785 5212 in
3809 5165 3877 5248 ar-

2227 5243 2408 5320 ticulis
2436 5243 2732 5335 temporum
2769 5265 3081 5328 constituta,
3113 5266 3174 5316 ut
3218 5260 3550 5314 dilationem
3576 5269 3674 5309 non
3709 5243 3870 5316 Ῑενσηί·

2228 5353 2292 5408 Et
2315 5357 2445 5424 post
2481 5353 2776 5422 interjecta
2805 5351 3082 5405 nonnulla
3119 5347 3504 5421 prosequitur
3531 5346 3590 5400 in
3633 5343 3765 5397 hunc
3789 5343 3877 5424 mo.-

2225 5413 2399 5496 dum:
2432 5444 2504 5498 Et
2549 5413 2686 5511 quid
2729 5442 2937 5509 faciam
2990 5413 3214 5510 prorsus
3253 5413 3464 5492 nescio.
3518 5429 3736 5489 Audisti
3775 5413 3878 5475 ωυίί

2226 5546 2428 5588 mecum
2454 5531 2737 5586 Dominum
2765 5529 3064 5600 depreceris
3084 5545 3097 5584 :
3115 5527 3209 5600 sed
3221 5529 3396 5583 etiam
3419 5523 3566 5596 quod
3594 5526 3695 5576 tam
3718 5513 3880 5568 instan-
