4038 6182
186 250 285 300 453

184 376 261 426 ter
306 374 357 425 et
410 374 523 424 tam
558 368 739 423 crebre
788 382 869 422 me
906 367 1179 433 admones,
1219 367 1339 421 nolo
1378 382 1567 432 cesses,
1605 383 1710 423 non
1748 369 1886 422 nihil

182 474 341 527 agens
378 459 574 528 (Epist.
627 460 745 522 139,
774 472 866 510 nn.
900 459 953 523 3,
983 456 1057 526 4).
1090 456 1345 510 Diversas
1376 456 1885 511 commentationes

188 551 498 611 enumerat,
533 564 566 601 a
595 562 653 600 se
682 562 783 617 per
809 544 960 600 idem
990 550 1217 615 tempus
1258 546 1573 599 elaboratas
1606 562 1619 601 :
1655 546 1723 599 de
1755 545 1883 615 qui-

189 637 290 691 bus
312 635 578 691 omnibus
596 636 718 707 jam
751 652 781 688 a
814 634 979 689 nobis
1006 639 1219 703 actum,
1251 639 1641 705 praeterquam
1672 635 1739 688 de
1772 651 1886 688 me-

186 725 413 780 moratis
452 724 665 778 ibidem
707 723 914 778 litteris
959 723 1029 778 ad
1070 722 1460 777 Marcellinum
1501 726 1557 777 et
1595 723 1665 777 ad
1710 723 1882 777 Volu-

182 814 429 869 sianum.

320 908 321 911 “
852 901 1078 956 CAPUT
1118 901 1216 954 III.

183 993 202 1044 1
250 992 601 1057 Augustinus
644 995 694 1043 et
728 990 1071 1044 Marcellinus
1120 991 1472 1044 Volusianum
1512 989 1578 1042 ab
1617 989 1885 1043 idolorum

247 1082 402 1134 cultu
428 1079 501 1133 ad
530 1080 887 1133 christianum
933 1078 1092 1148 ﬁdem
1123 1078 1403 1132 traducere
1439 1078 1672 1133 student.
1703 1080 1736 1131 2
1764 1079 1883 1133 Au-

245 1172 465 1236 gustini
503 1169 577 1223 ad
613 1170 964 1224 Volusianum
988 1168 1308 1237 percelebris
1349 1169 1594 1236 epistola.
1631 1170 1660 1221 3
1699 1169 1885 1223 Conci-

247 1260 390 1312 lium
417 1261 680 1314 Zertense.
705 1260 739 1313 4
769 1258 1075 1326 Presbyteri
1104 1264 1153 1311 et
1175 1259 1357 1311 clerici
1386 1257 1609 1325 quidam
1644 1260 1885 1312 Donatis-

247 1351 320 1399 ta:
344 1361 407 1399 ac
439 1348 578 1400 cives
611 1361 819 1414 quoque
849 1345 1111 1401 Cirtenses
1140 1344 1215 1398 ad
1244 1344 1563 1398 catholicam
1594 1346 1885 1399 Ecclesium

242 1434 499 1488 redeunt.
532 1439 562 1489 5
593 1435 704 1500 Quo
743 1436 802 1487 in
830 1434 937 1488 loco
964 1438 1132 1502 ponat
1158 1434 1523 1500 Augustinus,
1550 1436 1787 1502 ponique
1817 1432 1884 1486 ab

243 1526 444 1578 amicis
472 1525 601 1579 velit
629 1539 755 1579 suas
787 1524 1200 1577 lucubrationes.

251 1616 303 1667 1.
338 1612 713 1666 Volusianum
751 1611 1104 1683 Augustinus
1145 1628 1371 1666 summa
1410 1612 1526 1679 illa,
1561 1628 1734 1682 quam
1778 1612 1884 1666 ad-

170 1717 375 1755 versus
420 1717 553 1755 eum
612 1706 891 1772 perpetuo
947 1701 1201 1767 adhibet,
1261 1702 1645 1768 observantia,
1696 1702 1882 1755 virum

170 1789 535 1859 amplissimo
564 1790 687 1843 loco
714 1794 915 1844 natum
940 1789 1105 1843 fateri
1132 1789 1301 1860 cogit.
1326 1791 1488 1844 Certe
1520 1790 1753 1861 quidem
1786 1793 1885 1845 Ba-

170 1878 381 1932 ronius
405 1878 596 1948 ipsum
626 1878 880 1934 Melaniae
906 1877 1154 1948 junioris
1185 1880 1533 1933 avunculum
1563 1878 1737 1933 fuisse
1764 1880 1886 1949 opi-

170 1971 353 2021 natur
391 1967 700 2036 (Baronius,
760 1968 833 2021 ad
882 1984 1084 2022 annum
1140 1969 1287 2035 412),
1342 1969 1449 2023 hoc
1508 1973 1611 2035 est,
1666 1968 1885 2022 Albinae

170 2055 381 2109 matris
406 2071 747 2125 germanum
767 2056 1033 2123 fratrem;
1060 2056 1344 2127 siquidem
1370 2056 1624 2110 Melaniae
1642 2056 1884 2127 junioris

170 2148 365 2213 pater,
414 2144 617 2199 unicus
663 2149 783 2199 erat
822 2145 1061 2199 senioris
1101 2145 1356 2200 Melania:
1409 2146 1581 2201 ﬁlius.
1626 2146 1785 2210 Quod
1836 2146 1883 2199 si

172 2234 348 2287 illum
384 2238 656 2303 patruum
698 2239 859 2288 vocet
904 2235 1332 2305 Metaphrastes,
1380 2234 1751 2304 imputandus
1792 2234 1884 2289 hic

172 2338 343 2376 error
372 2322 683 2377 traductori
719 2336 732 2378 :
775 2322 928 2376 idem
976 2323 1131 2376 enim
1175 2323 1407 2377 exhibet
1445 2323 1635 2377 Photii
1676 2323 1880 2390 vcrsio,

174 2410 441 2481 quamvis
471 2410 531 2463 in
562 2414 713 2465 textu
743 2419 882 2477 Θεῖος,
916 2428 1044 2483 quae
1078 2429 1181 2465 vox
1219 2411 1398 2482 patris
1429 2412 1739 2482 matrisque
1770 2412 1884 2466 fra-

174 2505 325 2552 trem
358 2515 628 2570 pereeque
667 2500 971 2571 signiﬁcat,
1003 2501 1285 2555 habeatur
1315 2501 1579 2571 (Photius,
1620 2502 1880 2556 Biblioth.

170 2588 357 2643 codice
385 2592 493 2657 53).
530 2590 661 2659 Ejus
693 2588 990 2661 ingenium
1023 2593 1079 2643 et
1108 2589 1499 2660 eloquentiam
1530 2590 1885 2660 Augustinus

172 2694 242 2731 ac
290 2682 347 2731 et
398 2678 758 2734 Marcellinus
798 2680 1026 2750 egregie
1066 2679 1471 2733 commendant
1519 2695 1531 2732 :
1578 2695 1777 2733 verum
1818 2696 1884 2733 ex

172 2765 290 2819 illis
330 2767 745 2837 quaestionibus
784 2784 923 2838 quas
962 2767 1097 2822 ﬁdei
1135 2766 1457 2821 christiana;
1497 2768 1753 2838 opponit,
1796 2768 1884 2821 in-

173 2854 441 2925 telligere
474 2860 576 2921 est,
607 2856 694 2909 vel
725 2872 851 2910 eam
890 2856 1077 2927 ipsum
1109 2856 1353 2910 necdum
1384 2856 1707 2926 professum
1739 2874 1881 2923 esse,

171 2940 265 2993 vel
297 2942 502 2995 saltem
529 2943 684 2996 nullo
707 2947 870 3014 pacto
898 2942 956 2996 in
983 2959 1049 2996 ea
1070 2942 1500 3008 conﬁrmatum;
1526 2946 1695 3012 atque
1719 2942 1883 3008 adeo,

169 3031 239 3080 ut
280 3029 406 3098 ejus
450 3029 658 3083 anima:
713 3029 1125 3094 consuleretur,
1177 3027 1516 3081 tradendam
1574 3025 1743 3079 fuisse
1801 3025 1886 3078 illi

166 3116 417 3170 uberius
459 3117 719 3171 Ecclesiae
760 3117 1097 3172 doctrinam.
1146 3117 1382 3170 Matrem
1430 3114 1716 3168 Volusiani
1756 3130 1885 3168 san-

167 3210 327 3259 ctam
360 3210 521 3259 vocat
549 3206 922 3277 Augustinus,
956 3218 1011 3260 et
1050 3206 1111 3259 in
1141 3203 1364 3259 Christo
1410 3202 1747 3273 dignissime
1778 3203 1884 3257 ho-

172 3294 508 3349 norandam
567 3297 761 3365 (Epist.
826 3298 947 3363 137,
1000 3310 1056 3349 τι.
1110 3294 1220 3363 20).
1280 3294 1410 3347 Haec
1478 3293 1718 3345 salutem
1780 3291 1887 3345 ﬁlii

167 3384 552 3438 vehementer
599 3384 902 3455 exoptabat
950 3383 1148 3455 (Epist.
1213 3383 1351 3452 132),
1401 3380 1626 3452 piisque
1683 3398 1715 3436 a
1768 3383 1884 3437 Deo

166 3473 443 3544 precibus
476 3474 703 3544 petebat
733 3473 933 3543 (Epist.
980 3475 1096 3535 137,
1138 3488 1192 3527 η.
1233 3474 1342 3535 20).
1378 3470 1524 3534 Quin
1571 3470 1743 3525 etiam
1786 3487 1883 3526 ex-

166 3568 435 3617 oraverat
448 3564 858 3629 Marcellinum,
874 3567 938 3617 ut
956 3561 1197 3616 subinde
1219 3559 1588 3614 Volusianum
1610 3559 1880 3628 invisens,

169 3669 331 3721 eum,
361 3658 642 3723 quantum
675 3652 731 3707 in
754 3668 811 3706 se
834 3656 999 3719 esset,
1022 3649 1324 3720 colloquiis
1353 3648 1469 3703 suis
1500 3648 1561 3702 in
1585 3648 1736 3703 bono
1757 3665 1884 3719 pro-

163 3742 365 3811 posito
396 3746 667 3797 statueret
700 3746 869 3812 atque
900 3741 1155 3794 ﬁrmaret
1186 3740 1381 3809 (Epist.
1422 3741 1540 3804 136,
1573 3754 1629 3792 n.
1663 3738 1737 3809 1).
1774 3738 1883 3793 Sed

168 3848 291 3885 non
319 3846 483 3901 aeque
512 3836 751 3898 constat,
780 3848 851 3885 an
881 3829 1137 3901 ejusdem
1175 3834 1382 3900 rogatu
1410 3828 1766 3899 Augustinus
1811 3829 1882 3883 ad

166 3920 598 3990 procurandam
647 3920 750 3974 ﬁlii
800 3919 1041 3973 salutem
1085 3917 1344 3971 animum
1393 3916 1665 3987 adjecerit
1715 3935 1727 3972 :
1775 3916 1883 3972 hoc

167 4016 338 4065 extra
358 4009 597 4064 dubium
618 4015 722 4072 est,
748 4025 880 4064 eum
902 4024 1019 4063 non
1043 4007 1233 4061 minus
1254 4022 1426 4077 quam
1444 4004 1601 4060 illam
1623 4006 1879 4077 ejusdem

163 4086 265 4157 rei
291 4100 603 4155 sollicitum
631 4099 822 4154 fuisse.
846 4099 931 4153 Ad
956 4098 1130 4152 istum
1155 4096 1333 4167 igitur
1362 4095 1694 4166 epistolium
1714 4096 1881 4151 dede-

167 4196 262 4245 rat
294 4192 493 4259 (Epist.
522 4192 666 4261 132),
690 4206 804 4260 quo
835 4204 968 4242 eum
998 4188 1069 4241 ad
1098 4186 1369 4257 legendas
1395 4184 1713 4255 Scripturas
1736 4185 1879 4241 divi-

163 4297 299 4347 nas,
330 4279 651 4351 praesertim
677 4295 809 4333 vero
832 4276 1098 4333 Paulinas
1120 4276 1413 4346 epistolas,
1438 4274 1876 4342 exhortabatur;

164 4369 212 4422 si
247 4367 393 4439 quid
427 4368 520 4421 ille
549 4366 897 4421 difﬁcultatis
925 4364 1090 4419 isthic
1122 4362 1454 4429 offenderet,
1477 4362 1684 4432 scripto
1720 4378 1777 4417 se
1808 4363 1880 4417 ad

163 4458 373 4511 omnia
406 4470 815 4527 responsurum
864 4452 1168 4525 pollicitus.
1203 4450 1345 4505 Huic
1375 4454 1571 4505 autem
1601 4450 1649 4504 is
1674 4449 1880 4505 rescri-

160 4546 287 4617 psit
314 4545 719 4610 urbanissima,
744 4560 872 4615 quae
904 4543 1217 4598 etiamnum
1250 4544 1452 4607 exstat,
1477 4540 1717 4610 epistola
1749 4538 1874 4611 (Ep.

168 4636 324 4704 135),
352 4634 414 4688 in
443 4650 557 4705 qua
586 4633 693 4687 sibi
723 4637 950 4704 gratum
981 4648 1099 4686 esse
1130 4631 1283 4684 illius
1312 4629 1661 4700 promissum
1693 4629 1877 4701 signi-

156 4725 306 4781 ﬁcat
356 4742 368 4777 :
424 4729 600 4795 utque
650 4723 783 4777 inde
837 4720 1029 4777 statim
1073 4720 1293 4791 aliquid
1343 4719 1608 4774 utilitatis
1663 4718 1873 4789 capiat,

156 4813 408 4883 exponit
433 4812 484 4866 ei
516 4812 865 4883 colloquium
895 4810 1185 4882 quoddam
1222 4826 1279 4864 se
1314 4814 1597 4880 prmsente
1640 4809 1874 4876 initum,

154 4904 224 4956 in
259 4918 377 4972 quo
405 4901 594 4955 nescio
624 4900 751 4973 quis
778 4904 957 4955 certas
991 4899 1059 4954 de
1092 4898 1487 4953 Incarnatione
1518 4899 1685 4953 Verbi
1715 4915 1876 4971 quaa-

151 4992 389 5046 stiones
427 4991 731 5061 objecerat,
762 5006 826 5044 ea
868 4988 1218 5044 contendens
1261 4988 1442 5043 multa
1480 4989 1597 5043 Deo
1636 4988 1877 5058 indigna

147 5079 473 5137 contineri.
515 5081 658 5151 Ergo
697 5079 1098 5150 Augustinum,
1138 5081 1203 5133 ut
1241 5094 1338 5132 eos
1388 5078 1570 5132 nodos
1612 5077 1872 5148 explicet,

146 5174 371 5242 rogat;
406 5185 647 5241 eamque
694 5169 756 5223 in
800 5185 922 5222 rem
960 5168 1144 5222 verbis
1185 5168 1382 5233 utitur,
1427 5184 1557 5238 quae
1604 5167 1710 5221 hoc
1748 5168 1873 5221 loco

141 5271 471 5311 recensere
518 5270 706 5325 operae
743 5254 995 5325 pretium
1038 5252 1227 5307 fuerit.
1269 5254 1496 5307 Interest
1535 5254 1700 5319 fama:
1749 5256 1871 5319 tuae,

144 5344 382 5417 inquit,
415 5348 474 5398 ut
512 5344 741 5413 quaesita
767 5345 1089 5398 noverimus.
1137 5344 1432 5412 Utcumque
1470 5341 1672 5410 absque
1701 5341 1873 5395 detri-

138 5439 343 5491 mento
362 5434 539 5488 cultus
552 5433 731 5488 divini
746 5435 803 5487 in
822 5432 949 5486 aliis
962 5431 1327 5487 sacerdotibus
1341 5432 1602 5486 toleratur
1616 5432 1869 5497 inscitia;

138 5531 215 5581 ut
261 5540 388 5579 cum
429 5522 501 5578 ad
543 5526 841 5579 antistitem
878 5522 1247 5589 Augustinum
1282 5522 1517 5589 venitur,
1560 5520 1665 5587 legi
1702 5519 1866 5586 deest,

1626 246 1839 303 LIBER
1881 245 2249 303 SEPTIMUS.

3594 256 3701 309 454

2001 368 2274 438 quidquid
2304 371 2591 438 contigerit
2617 372 2863 437 ignorari
2887 370 3074 439 (Ibid.,
3099 387 3156 425 η.
3189 372 3265 443 2).
3303 373 3400 426 Hic
3422 374 3598 427 solam
3631 377 3700 430 de

1996 456 2391 511 Incarnatione
2447 458 2846 529 quaestionem,
2906 475 2978 513 ne
3036 459 3329 513 brevitatis
3379 462 3700 531 epistolaris

1995 545 2202 599 oblitus
2250 546 2527 613 videatur,
2568 547 2838 617 proponit
2884 563 2897 601 :
2940 548 3039 602 sed
3089 548 3410 602 Marcellino
3459 550 3697 621 aliisque

1996 634 2260 704 plurimis
2286 635 2586 703 fatebatur,
2609 652 2722 690 non
2747 652 2927 705 pauca
2948 653 3264 706 superesse,
3290 654 3417 709 quas
3451 637 3559 691 sibi
3589 640 3700 692 vel-

1995 723 2073 776 let
2094 724 2408 778 enucleata.
2434 725 2775 794 Hujusmodi
2788 730 2909 779 erat
2930 725 3253 780 immutatio
3268 731 3437 797 atque
3463 727 3697 781 abolitio

1996 816 2484 866 sacramentorum
2516 814 2721 867 veteris
2748 814 3095 868 Testamenti
3119 831 3132 868 :
3158 831 3381 869 necnon
3411 820 3465 869 et
3497 817 3699 869 doctri-

1995 917 2085 955 nas
2118 901 2425 971 Evangelii,
2461 903 2647 973 quoad
2676 908 2964 974 praecepta
2995 904 3258 974 quaedam
3289 906 3528 974 majora,
3564 922 3694 959 cum

1993 990 2107 1043 vita
2134 990 2281 1064 civili
2332 1007 2393 1044 ac
2425 993 2653 1061 publico
2683 1008 2993 1062 regnorum
3026 993 3199 1058 bono,
3231 997 3295 1046 ut
3322 993 3431 1063 ipsi
3462 994 3695 1064 quidem

1994 1063 2750 1150 videbaturfrepugnantia.
2787 1082 2916 1134 Haec
2955 1081 3147 1135 omnia
3188 1082 3539 1135 Marcellinus
3577 1086 3693 1136 Au-

1996 1166 2223 1238 gustino
2257 1167 2612 1238 signiﬁcavit,
2647 1169 2933 1239 simulque
2975 1174 3041 1223 ut
3083 1186 3201 1223 non
3241 1170 3311 1223 iis
3338 1170 3532 1237 modo,
3566 1188 3694 1242 quae.

1994 1262 2371 1326 proposuerat
2400 1257 2754 1323 Volusianus,
2790 1258 2888 1311 sed
2918 1258 3136 1311 caeteris
3166 1275 3394 1329 quoque
3426 1260 3694 1330 quaestio-

1994 1344 2163 1397 nibus
2193 1344 2561 1411 satisfaceret,
2594 1345 2907 1399 obsecravit
2940 1374 2949 1399 ε
2985 1346 3241 1399 futurum
3275 1348 3450 1414 enim,
3482 1353 3543 1401 ut
3574 1350 3695 1419 ejus

1994 1449 2331 1503 responsum
2354 1434 2410 1486 in
2439 1434 2753 1487 multorum
2781 1450 2985 1487 manus
3006 1435 3317 1505 perveniat,
3348 1453 3490 1507 quos
3522 1437 3692 1491 iidem

1994 1521 2077 1575 illi
2110 1522 2507 1576 difﬁcultatum
2540 1522 2727 1593 laquei
2760 1523 3081 1594 implicatos
3107 1524 3522 1596 impeditosque
3544 1530 3695 1580 tene-

1997 1615 2141 1665 rent.
2172 1612 2355 1680 Rogat
2384 1611 2648 1681 inprimis
2677 1617 2742 1665 ut
2771 1612 2911 1665 illud
2945 1616 3203 1666 accurate
3233 1613 3503 1681 revincat,
3537 1616 3691 1685 quod

1997 1699 2283 1753 Christum
2304 1700 2667 1753 afﬁrmabant
2688 1700 2911 1754 Ethnici
2930 1701 3070 1755 nihil
3097 1704 3539 1773 unquam,quod
3566 1704 3695 1757 alio.

1997 1804 2123 1841 rum
2154 1788 2453 1843 hominum
2483 1788 2630 1842 vires
2662 1794 2977 1859 superaret,
3013 1789 3282 1856 eﬁ‘ecisse,
3315 1796 3485 1862 atque
3518 1792 3692 1845 etiam

1995 1878 2234 1947 majora,
2276 1894 2448 1948 quam
2488 1877 2672 1944 illum,
2715 1876 2991 1931 miracula
3028 1882 3279 1948 patrasse
3326 1881 3692 1949 Apollonium

1994 1966 2350 2033 Thianaeum,
2391 1967 2719 2038 Apuleium,
2758 1971 2813 2020 et
2851 1966 2994 2020 alios
3040 1983 3070 2020 e
3109 1982 3409 2038 magorum
3449 1984 3694 2023 numero

1994 2055 2139 2110 bene
2175 2056 2386 2109 multos
2418 2058 2613 2126 (Epist.
2652 2059 2771 2123 136,
2802 2072 2896 2109 nn.
2930 2058 2983 2122 2,
3018 2058 3090 2125 3).

2066 2147 2116 2198 2.
2181 2145 2353 2198 Batus
2421 2150 2505 2198 est
2566 2144 2918 2215 Augustinus
2976 2145 3483 2200 commentationes
3532 2147 3690 2211 alias,

1995 2229 2201 2300 quibus
2229 2229 2559 2292 desudabat,
2580 2247 2776 2284 omnes
2806 2230 3265 2285 intermittendus
3292 2238 3357 2286 ut
3387 2233 3693 2287 Volusiano

1994 2318 2114 2371 sine
2154 2318 2665 2388 procrastinatione
2713 2320 2827 2372 ulla
2874 2320 3265 2389 responderet,
3296 2324 3465 2392 atque
3516 2321 3576 2375 in
3626 2339 3693 2376 eo

1995 2408 2305 2461 multorum
2356 2423 2583 2479 quoque
2633 2408 2878 2462 aliorum
2924 2408 3274 2463 institutioni
3322 2410 3692 2481 prospiceret.

1997 2497 2181 2561 Quare
2223 2496 2489 2551 laudibus
2536 2497 2744 2567 quibus
2798 2496 2866 2550 ab
2916 2498 3012 2551 illo
3062 2503 3295 2553 ornatus
3344 2500 3549 2569 fuerat,
3595 2517 3698 2571 per

1996 2602 2283 2640 summam
2330 2586 2668 2640 modestiam
2709 2586 2960 2654 elevatis,
2996 2603 3219 2641 necnon
3260 2588 3563 2643 altitudine
3608 2606 3695 2644 sa-

1996 2690 2227 2728 crorum
2249 2672 2605 2727 voluminum
2623 2674 2732 2745 ipsi
2757 2674 2826 2727 ob
2850 2676 3045 2729 oculos
3070 2675 3274 2745 posita,
3296 2677 3694 2747 quaestionem,

1997 2780 2123 2835 quae
2154 2762 2507 2817 discutienda
2534 2769 2673 2829 erat,
2700 2764 3049 2833 aggreditur,
3072 2764 3255 2835 deque
3286 2766 3698 2820 Incarnationis

1996 2852 2264 2924 mysterio
2295 2868 2468 2922 quam
2512 2852 2959 2905 luculentissime
2992 2852 3245 2921 disputat
3282 2870 3293 2906 :
3327 2858 3449 2907 tum
3494 2854 3563 2907 de
3598 2857 3696 2908 Ec-

1997 2938 2167 2993 clesia
2196 2956 2519 2993 sermonem
2544 2940 2874 3009 instituens,
2898 2956 3023 2994 eam
3044 2939 3267 2994 ratione
3285 2958 3418 2995 sane
3438 2943 3698 3013 pulcher-

1996 3025 2163 3093 rima,
2184 3031 2236 3081 et
2263 3043 2401 3097 quae
2416 3027 2487 3080 sit
2512 3028 2678 3098 quasi
2700 3029 2895 3098 magni
2921 3028 3009 3083 sui
3030 3029 3218 3099 operis
3244 3030 3313 3084 de
3341 3031 3573 3086 Civitate
3598 3031 3695 3086 Dei

1998 3115 2432 3185 compendium,
2468 3115 2711 3170 adstruit
2735 3116 3067 3188 asseritque.
3104 3117 3202 3170 Hic
3230 3118 3401 3172 etiam
3440 3119 3696 3173 Volusia-

1998 3220 2139 3258 num
2170 3205 2439 3259 inducere
2472 3205 2696 3273 nititur,
2728 3210 2793 3260 ut
2820 3205 2927 3260 sibi
2948 3206 3332 3261 dubitationes
3353 3224 3484 3262 suas
3503 3225 3700 3262 omnes

1998 3293 2301 3364 signiﬁcet,
2334 3294 2479 3349 nihil
2508 3296 2720 3350 veritus
2750 3312 2821 3349 ne
2849 3295 3123 3350 usitatum
3154 3297 3389 3351 modum
3430 3298 3696 3369 epistola-

1994 3400 2125 3438 rum
2168 3388 2451 3451 transeat;
2484 3385 2649 3439 illum
2694 3385 2942 3456 denique
2994 3385 3230 3439 Possidii
3278 3386 3483 3450 verbis,
3521 3403 3694 3457 quem

1994 3472 2128 3527 hinc
2159 3473 2625 3544 Hippone-Regio
2659 3473 2716 3528 id
2747 3474 3018 3544 temporis
3039 3474 3316 3528 exstitisse
3347 3474 3555 3529 merito
3584 3478 3698 3529 col-

1996 3561 2222 3631 legeris,
2275 3563 2481 3616 salutat
2548 3563 2743 3630 (Epist.
2808 3565 2951 3629 137).
3008 3562 3279 3617 Sufﬁcere
3340 3563 3694 3633 Augustinus

1995 3650 2358 3716 existimavit,
2383 3650 2430 3703 si
2450 3650 2779 3716 Volusiano,
2806 3650 2875 3705 de
2898 3650 3105 3722 quibus
3126 3649 3510 3722 interrogatus
3532 3652 3602 3706 ab
3628 3668 3694 3706 eo

1993 3739 2198 3806 fuerat,
2253 3755 2595 3810 responsum
2653 3740 2816 3794 daret
2864 3740 3067 3811 :quod
3113 3744 3308 3794 autem
3348 3741 3419 3795 ad
3449 3740 3692 3812 reliqua,

1994 3829 2199 3901 quibus
2224 3833 2279 3883 et
2309 3829 2473 3883 illum
2498 3834 2553 3883 et
2568 3828 2708 3883 alios
2739 3830 2948 3883 multos
2970 3829 3125 3901 angi,
3147 3846 3214 3883 ex
3234 3829 3439 3884 litteris
3470 3830 3697 3886 Marcel-

1993 3918 2094 3972 lini
2137 3924 2504 3990 cognoverat,
2549 3918 2661 3989 ipsi
2704 3919 3031 3974 Marcellino
3081 3937 3243 3973 suam
3293 3937 3464 3992 super
3512 3937 3580 3975 ea
3633 3936 3694 3975 re

1993 4007 2331 4061 sententiam
2360 4006 2671 4061 rescribere
2703 4008 2937 4075 maluit;
2971 4013 3054 4075 ut,
3100 4009 3147 4062 si
3177 4009 3234 4063 id
3265 4009 3346 4064 ita
3374 4009 3690 4064 conducere

1984 4095 2281 4165 judicaret,
2312 4096 2616 4166 epistolam
2639 4097 2822 4168 ipsius
2845 4099 3167 4152 ostenderet
3185 4098 3275 4167 iis,
3300 4099 3399 4170 qui
3421 4099 3531 4152 sibi
3563 4115 3691 4153 mo-

1990 4184 2217 4239 lestiam
2262 4185 2398 4239 talia
2444 4190 2722 4256 perpetuo
2766 4187 3117 4257 objectantes
3162 4187 3551 4253 facescebant;
3593 4193 3692 4241 aut

1992 4273 2097 4327 sibi
2137 4273 2296 4344 prius
2346 4274 2715 4345 signiﬁcaret,
2756 4276 3033 4346 quidnam
3085 4276 3189 4342 illi,
3236 4276 3387 4346 quod
3433 4275 3691 4330 sufﬁcere

1989 4366 2200 4433 posset,
2232 4363 2561 4417 addendum
2600 4364 2890 4420 videretur
2917 4366 3115 4436 (Epist.
3148 4368 3267 4431 138,
3307 4381 3364 4419 η.
3403 4365 3469 4432 1).
3505 4366 3689 4420 Visuri

1992 4468 2187 4506 sumus
2214 4453 2282 4507 ad
2313 4469 2530 4508 annum
2552 4453 3188 4525 quadringentesimum
3212 4452 3553 4523 vigesimum
3575 4454 3690 4524 pri-

1988 4557 2166 4608 mum,
2198 4542 2505 4597 Volusiano
2535 4543 2700 4598 Urbis
2727 4544 2996 4614 praefecto
3027 4543 3381 4614 rescriptum,
3419 4560 3533 4615 quo
3566 4547 3689 4599 Coe-

1989 4630 2184 4685 lestius
2211 4647 2275 4684 ac
2294 4632 2559 4702 Pelagius
2589 4632 2651 4686 in
2681 4632 2943 4687 exsilium
2966 4631 3443 4698 amandabantur,
3467 4633 3639 4689 fuisse
3658 4651 3689 4688 a

1990 4718 2318 4774 Constantio
2366 4720 2710 4775 destinatum
2764 4721 3025 4790 (Photius,
3056 4721 3314 4776 Biblioth.
3355 4722 3529 4777 codice
3571 4724 3686 4795 53).

1990 4807 2093 4862 Cui
2122 4825 2288 4863 suum
2332 4825 2562 4881 quoque
2608 4808 2949 4863 Volusianus
2998 4809 3211 4864 addens
3247 4810 3515 4879 edictum,
3564 4814 3689 4868 C03-

1988 4898 2216 4952 lestium
2258 4898 2466 4953 divinae.
2503 4898 2642 4952 ﬁdei
2684 4903 2739 4952 et
2788 4897 2995 4968 quietis
3038 4898 3284 4969 publica:
3332 4901 3684 4957 turbatorem

1988 4991 2146 5041 vocat
2173 4988 2417 5056 (Bai-012.,
2441 4988 2515 5041 ad
2534 5003 2662 5041 ann.
2695 4988 2818 5052 420,
2852 5004 2906 5041 n.
2943 4988 3016 5059 3).
3049 4988 3160 5043 Sed
3190 4990 3343 5044 enim
3366 4990 3497 5045 hinc
3524 4991 3684 5045 illum

1990 5076 2212 5130 Christo
2264 5092 2479 5130 nomen
2517 5074 2736 5130 dedisse
2779 5076 2936 5131 haud
2984 5094 3272 5150 quaquam
3321 5080 3596 5151 sequitur,
3640 5082 3685 5134 si

1987 5165 2157 5219 modo
2215 5165 2366 5219 idem
2415 5165 2511 5219 ille
2560 5165 2653 5234 sit,
2697 5167 3181 5236 quemadmodum
3223 5170 3375 5240 apud
3423 5169 3683 5223 Photium

1987 5254 2178 5324 legere
2229 5258 2332 5321 est,
2364 5254 2464 5326 qui
2504 5257 2711 5308 sancta:
2753 5256 3006 5311 Melaniae
3052 5259 3399 5324 avunculus;
3433 5259 3687 5329 quando-

1988 5342 2223 5414 quidem
2252 5342 2319 5410 is,
2352 5347 2415 5397 ut
2445 5343 2701 5399 animam
2740 5346 3028 5417 Baptismo
3068 5347 3338 5418 expiaret,
3371 5347 3441 5401 ab
3472 5349 3686 5403 sororis

1986 5431 2105 5485 ﬁlia
2133 5432 2384 5487 multum
2422 5436 2637 5501 oratus,
2671 5433 2918 5491 instante
2949 5436 3183 5491 demum
3213 5435 3393 5502 obitu,
3425 5436 3685 5508 abjurato

1988 5520 2295 5577 Gentilium
2326 5538 2515 5578 errore
2544 5523 2838 5581 traductus
2868 5529 2951 5579 est
2987 5524 3058 5578 ad
3091 5522 3379 5579 Christum
3407 5529 3463 5580 et
3502 5527 3683 5599 bapti-
