3912 6174
376 297 479 350 455

369 429 526 478 zatus
567 422 828 492 (Phoiius,
857 419 1113 488 Biblioth.
1154 417 1330 472 codice
1367 415 1480 486 53).
1521 417 1649 471 Hinc
1699 414 1780 469 ita
1817 414 1969 484 legas
2007 413 2068 467 in

369 513 549 566 beatae
595 510 750 564 illius
787 508 1014 563 feminm
1057 507 1196 574 Vita,
1238 507 1334 560 ubi
1375 505 1526 560 diem
1573 503 1782 558 dicitur
1837 502 2067 568 obiisse,

369 620 483 674 quo
515 607 770 672 tempore
797 599 857 652 in
889 595 1518 667 Constantinopolitana
1544 593 1812 648 cathedra
1841 592 2070 646 sedebat

373 692 602 747 Proclus
642 691 879 759 (Surius,
927 687 1038 741 dec.
1088 689 1172 750 31,
1217 689 1311 738 aut
1343 684 1520 753 jan.);
1561 682 1713 754 quod
1763 681 2069 735 Baronium

372 781 617 847 induxit,
665 783 730 832 ut
766 778 929 831 illum
974 790 1125 828 anno
1168 772 1736 845 quadringentesimo
1774 769 2069 841 trigesimo

373 873 575 942 quarto
605 870 831 940 putaret
859 863 1273 919 collocandum.
1883 858 1885 860 ’

444 963 494 1014 3.
533 960 673 1014 Cum
697 957 818 1027 jam
848 954 1058 1008 librum
1086 957 1208 1022 post
1238 951 1582 1008 Collationem
1621 948 1970 1019 Augustinus
1999 947 2074 1001 ad

372 1046 684 1102 Donatistas
715 1041 1049 1113 scripsisset,
1079 1039 1342 1094 habitum
1384 1043 1468 1092 est
1499 1054 1648 1091 anno
1681 1035 2072 1108 quadringen—

373 1136 572 1190 tesimo
614 1131 947 1188 duodecimo
988 1132 1249 1185 Zertense
1281 1127 1588 1182 concilium
1622 1144 1634 1181 :
1681 1141 1747 1179 ex
1784 1141 1898 1196 quo
1930 1123 2073 1178 nihil

371 1227 652 1295 superest,
683 1227 891 1294 praeter
927 1220 1225 1292 epistolam
1267 1219 1337 1273 ad
1369 1218 1595 1272 eosdem
1627 1214 1848 1270 decimo
1880 1217 2072 1268 octavo

371 1315 646 1369 kalendas
659 1312 833 1384 julias
856 1309 1126 1380 scriptam
1145 1309 1342 1379 (Epist.
1371 1307 1514 1376 141).
1538 1307 1679 1361 Cum
1699 1304 1854 1359 enim
1872 1319 2070 1358 eorum

371 1402 625 1475 episcopi
649 1401 931 1472 jactarent
953 1397 1211 1469 judicem
1243 1413 1273 1449 a
1303 1392 1626 1462 catholicis;
1656 1397 1723 1448 ut
1751 1397 1946 1447 contra
1975 1393 2071 1448 ad-

371 1492 648 1546 versarios
695 1487 1116 1560 pronuntiaret,
1159 1485 1405 1556 pecunia
1453 1483 1627 1538 fuisse
1677 1487 2010 1552 corruptum
2057 1499 2068 1536 :

371 1581 572 1652 putida
590 1579 690 1634 illa
713 1593 777 1632 ac
801 1575 1114 1632 deridicula
1137 1574 1425 1628 calumnia
1445 1572 1594 1643 apud
1618 1571 1898 1642 imperitae
1928 1571 2072 1626 mul-

371 1667 630 1722 titudinis
658 1665 881 1720 animos
920 1664 1092 1719 ﬁdem
1124 1662 1466 1727 inveniebat,
1499 1666 1553 1716 et
1584 1660 1895 1732 quominus
1923 1660 2070 1716 veri-

373 1757 473 1811 tati
515 1758 708 1827 plures
757 1771 964 1809 manus
1012 1755 1232 1817 darent,
1281 1751 1692 1820 impedimento
1733 1754 1871 1804 erat.
1907 1749 2073 1803 Nulla

369 1845 602 1917 quidem
632 1860 692 1899 re
733 1841 1012 1898 confutari
1044 1841 1304 1908 validius,
1339 1856 1511 1909 quam
1541 1839 1918 1910 ipsorummet
1961 1839 2071 1893 Ge-

368 1940 586 1989 storum
613 1933 859 1988 lectione
882 1935 1126 2003 poterat,
1151 1931 1210 1984 in
1239 1930 1448 2001 quibus
1471 1929 1732 1984 videlicet
1753 1933 1870 1982 tam
1891 1927 2072 1980 multa

368 2040 554 2078 causae
580 2039 696 2077 suae
719 2021 1004 2077 contraria
1032 2019 1350 2074 Donatistae
1381 2018 1532 2089 ipsos
1561 2017 1891 2090 protulisse,
1920 2017 2070 2071 litte-

368 2113 443 2165 ris
483 2112 882 2182 consignatum
910 2110 1122 2176 fuerat;
1153 2111 1218 2162 ut
1249 2107 1482 2161 “etiamsi
1525 2105 1865 2175 religionem
1909 2119 2070 2158 suam

368 2202 440 2255 ab
486 2201 597 2254 illis
644 2198 934 2269 corrumpi
976 2214 1175 2269 passus
1221 2196 1419 2250 fuisset
1459 2194 1835 2259 Marcellinus,
1876 2196 2070 2247 tamen

370 2289 637 2343 adversus
686 2304 780 2342 eos
825 2303 941 2340 non
979 2286 1126 2339 ferre
1170 2284 1534 2352 sententiam,
1585 2297 1882 2352 nunquam
1926 2285 2072 2335 esset

371 2395 561 2432 ausus.
609 2379 682 2431 At
726 2392 860 2430 vero
908 2391 1039 2428 cum
1086 2390 1203 2428 non
1247 2371 1515 2427 omnibus
1561 2371 1851 2441 integrum
1901 2375 2066 2436 esset,

368 2465 571 2521 eadem
591 2467 757 2519 Gesta
774 2465 984 2535 legere,
1007 2462 1290 2532 multique
1312 2462 1474 2530 adeo,
1492 2460 1701 2531 quibus
1721 2460 1778 2514 id
1797 2459 2067 2525 licuisset,

371 2556 496 2626 ipsa
526 2569 726 2607 eorum
757 2551 1077 2622 prolixitate
1102 2567 1136 2604 a
1167 2551 1408 2620 legendo
1439 2550 1889 2614 deterrerentur;
1914 2563 2072 2618 expe-

371 2645 492 2700 dire
521 2642 809 2697 catholicis
839 2640 1117 2712 episcopis
1138 2639 1343 2706 visum,
1373 2655 1503 2693 cum
1529 2641 1592 2692 ut
1623 2639 1863 2692 salutem
1892 2653 2071 2707 popu-

373 2734 558 2787 lorum
581 2734 1005 2803 promoverent,
1025 2734 1149 2784 tum
1171 2729 1343 2783 etiam
1365 2733 1428 2782 ut
1447 2726 1833 2799 pervicacibus
1853 2726 2070 2780 nullam

367 2821 747 2877 excusationis
796 2818 1043 2891 speciem
1100 2819 1514 2890 relinquerent,
1565 2814 1845 2888 quidquid
1899 2816 2070 2886 paulo

368 2910 600 2981 majoris
631 2907 907 2963 momenti
934 2908 1145 2962 factum
1177 2906 1236 2960 in
1277 2905 1584 2961 Collatione
1613 2905 1816 2970 fuerat,
1849 2905 2069 2958 contra-

370 3000 512 3054 ctius
551 3015 750 3053 eorum
798 2996 977 3051 oculis
1019 2995 1319 3067 subjicere.
1365 2996 1482 3050 Hoc
1520 2999 1712 3048 autem
1756 2991 2071 3064 praestitere

368 3089 489 3156 ejus
520 3088 773 3158 epistolae
812 3085 1107 3151 beneﬁcio,
1138 3101 1311 3156 quam
1359 3089 1423 3139 ut
1462 3085 1528 3139 ad
1571 3084 1699 3138 illos
1737 3083 2067 3153 dirigerent,

368 3176 562 3231 divina
592 3175 866 3230 charitate
898 3174 1148 3244 permoti
1178 3177 1328 3228 sunt.
1367 3175 1504 3227 Eam
1533 3171 1885 3242 Augustinus
1915 3188 2069 3225 com-

366 3264 530 3318 muni
563 3265 735 3318 totius
765 3262 989 3317 concilii
1021 3278 1302 3316 consensu
1332 3278 1396 3316 ac
1423 3260 1659 3315 nomine
1696 3260 1922 3331 scripsit
1950 3261 2069 3329 (Re-

367 3359 528 3408 tract.
556 3354 651 3408 lib.
682 3356 737 3420 εξ,
771 3367 890 3422 cap.
927 3351 1018 3418 4?)
1054 3367 1066 3404 :
1100 3366 1162 3404 ac
1191 3351 1422 3423 praefert
1449 3349 1544 3403 illa
1576 3349 1638 3403 in
1675 3349 1858 3420 capite
1887 3349 2069 3403 Silva-

367 3459 506 3498 num
555 3443 954 3497 Summensem
1014 3439 1299 3495 Numidia:
1345 3439 1652 3507 decanum,
1705 3438 2070 3492 Valentinum

365 3534 702 3604 Vagensem,
749 3531 1044 3586 Aurelium
1105 3529 1639 3594 Macomadiensem,
1685 3526 2070 3599 Augustinum

364 3628 438 3690 et,
490 3627 700 3694 printer
749 3637 842 3676 eos
891 3636 1033 3692 quos
1080 3619 1298 3686 reticet,
1348 3618 1490 3673 alios
1521 3617 1820 3689 quosdam.
1859 3614 1985 3671 Fuit
2021 3615 2069 3669 is

364 3716 692 3778 conventus,
712 3716 776 3764 ut
795 3726 928 3764 vero
951 3708 1280 3781 proximum
1304 3711 1405 3776 est,
1425 3705 1811 3779 provincialis,
1838 3704 2068 3777 quando

365 3817 498 3855 eum
530 3799 811 3855 Numidia:
842 3798 1148 3852 concilium
1176 3801 1339 3851 vocat
1367 3796 1744 3866 Augustinus.

434 3892 488 3943 4.
521 3888 729 3943 Aberat
767 3886 1047 3956 Hippone,
1079 3885 1318 3955 hujusce
1356 3885 1597 3938 forsitan
1624 3883 1903 3938 Zertensis
1934 3899 2066 3938 con-

367 3977 482 4032 cilii
512 3993 699 4043 causa,
732 3991 859 4029 cum
908 3974 1063 4028 dedit
1109 3973 1281 4027 aliam
1330 3973 1400 4027 ad
1448 3972 1820 4027 Saturninum
1860 3976 1918 4026 et
1957 3973 2068 4026 Fu-

363 4068 565 4123 fratem
604 4064 966 4136 presbyteros
1011 4066 1068 4116 et
1102 4077 1406 4116 conversos
1437 4076 1566 4115 cum
1596 4060 1799 4115 iisdem
1827 4060 1898 4115 ad
1937 4061 2067 4114 uni-

366 4159 540 4212 tatem
569 4153 802 4209 clericos
833 4151 1131 4223 epistolam
1164 4151 1360 4222 (Epist.
1398 4151 1521 4220 142)
1544 4167 1557 4217 ;
1583 4149 1642 4204 in
1673 4166 1787 4221 qua
1809 4149 2071 4204 videlicet

361 4246 430 4301 de
461 4242 729 4299 convictis
759 4241 821 4296 in
847 4239 1278 4310 Carthaginensi
1303 4238 1619 4294 Collatione
1643 4238 2066 4293 Donatistarum

362 4333 645 4405 episcopis
675 4331 965 4404 quaedam,
997 4335 1063 4384 ut
1099 4329 1235 4383 alibi
1266 4328 1690 4384 observavimus
1729 4328 1812 4400 (In
1840 4329 2064 4396 Prae/at.

365 4425 494 4478 tomi
519 4427 595 4488 2),
624 4422 730 4476 sub
763 4420 965 4475 iisdem
987 4417 1171 4473 verbis
1203 4417 1491 4484 dicuntur,
1512 4433 1641 4489 quas
1667 4418 1727 4472 in
1752 4416 1916 4472 istius
1937 4433 2069 4471 con-

360 4511 476 4566 cilii
505 4511 746 4582 epistola
786 4509 1050 4582 legimus.
1087 4509 1302 4562 Horum
1331 4507 1488 4561 haud
1522 4507 1695 4562 dubie
1732 4506 2066 4561 reconcilia-

362 4600 444 4655 tio
476 4617 578 4671 per
604 4598 912 4671 Augustini
943 4597 1260 4652 absentiam
1291 4595 1532 4667 contigit
1559 4612 1572 4650 :
1612 4599 1960 4667 quapropter
1988 4594 2067 4648 eis

360 4687 430 4743 de
465 4705 570 4742 suo
601 4689 668 4742 ad
703 4687 1005 4742 Ecclesiam
1039 4686 1224 4741 reditu
1254 4686 1420 4741 laetus
1450 4684 1784 4754 gratulatur,
1811 4699 1874 4737 ac
1904 4699 2065 4738 suam

362 4775 547 4846 ipsius
590 4775 906 4830 absentiam
947 4778 1270 4831 excusatam
1313 4774 1583 4839 habeant,
1630 4774 1826 4842 rogat;
1861 4772 2065 4828 deinde

359 4865 536 4932 varia,
591 4865 796 4935 quibus
844 4865 1330 4920 universalitatem
1370 4861 1629 4918 Ecclesia:
1657 4867 1890 4930 asserat,
1923 4861 2064 4917 divi-

367 4973 455 5011 nae
497 4952 854 5009 auctoritatis
885 4953 1212 5009 testimonia
1254 4953 1501 5025 profert;
1534 4951 1607 5006 ad
1636 4955 1955 5007 extremum
1985 4952 2065 5007 eis

367 5051 566 5103 auctor
595 5047 700 5113 est,
722 5046 787 5097 ut
812 5059 940 5097 suas
970 5043 1209 5114 quisque
1234 5047 1426 5113 partes
1453 5045 1623 5113 atque
1649 5040 1900 5096 ofﬁcium
1932 5057 2066 5112 gna-

365 5137 512 5193 viter
542 5138 713 5206 atque
757 5130 1020 5186 alacriter
1058 5131 1311 5202 impleat.
1347 5131 1611 5186 Proximo
1641 5135 1774 5201 post
1818 5131 2065 5201 tempori

364 5225 608 5284 adscribi
659 5225 868 5296 potest,
920 5236 1047 5292 quas
1095 5221 1272 5275 sancti
1324 5219 1607 5275 Antistitis
1653 5220 2063 5292 profectionem

362 5316 671 5391 quamdam
705 5315 895 5368 secuta
926 5314 1030 5375 est,
1065 5308 1232 5364 Cirta:
1269 5309 1440 5363 totius
1470 5311 1540 5365 ad
1569 5310 1903 5364 catholicam
1933 5310 2063 5364 uni-

360 5412 536 5462 tatem
579 5401 889 5461 conversio.
925 5397 1149 5469 Quippe
1190 5397 1250 5451 in
1291 5397 1434 5451 urbe
1465 5399 1588 5464 hac,
1637 5397 1919 5452 Numidiae
1962 5397 2064 5451 do-

363 5495 538 5560 mina,
572 5511 770 5550 omnes
809 5492 876 5547 ad
923 5485 1229 5546 Ecclesiam
1271 5485 1508 5546 rediere,
1551 5487 1796 5557 exceptis
1839 5485 2063 5557 paucis-

359 5583 536 5649 simis,
586 5600 750 5657 quos_
771 5583 828 5637 in
859 5578 1096 5637 discidio
1126 5577 1215 5632 vel
1260 5589 1422 5631 amor
1466 5575 1555 5629 vel
1601 5573 1777 5629 timor
1816 5573 2064 5630 hominis

1563 290 1724 344 vm.
1768 288 1824 344 s.
1883 285 2259 343 AUGUSTINI
2313 261 2656 342 EPISCOPI.
3721 302 3795 353 ,εδ

2181 413 2352 480 (forte
2397 411 2684 482 Petiliani)
2717 409 2971 480 retinuit,
3023 410 3344 483 quibusque
3381 419 3682 486 congregari
3704 436 3797 476 cum

2179 518 2267 566 eo,
2301 501 2411 555 nisi
2440 502 2786 566 clanculum,
2833 517 2948 556 non
2985 501 3192 556 licebat
3226 517 3241 554 :
3272 503 3422 572 quod
3466 505 3674 574 quidem
3704 517 3801 578 post

2176 592 2286 645 iter
2309 591 2445 644 illuc
2475 591 2545 644 ab
2573 589 2892 661 Augustino
2923 594 3275 660 susceptum,
3307 592 3401 645 sed
3425 608 3488 645 eo
3511 598 3676 650 tamen
3703 597 3801 652 inde

2176 679 2293 749 jam
2325 696 2602 751 regresso,
2643 678 2904 749 contigit.
2949 679 3106 733 Unde
3147 679 3244 732 ille
3284 695 3472 733 ansam
3507 682 3734 753 arripuit,
3757 692 3804 741 ut

2177 769 2396 824 huncce
2435 768 2827 824 felicissimum
2856 773 3125 823 eventum
3147 785 3268 823 non
3299 769 3413 823 suis
3455 770 3710 828 laboribus
3744 791 3806 830 ar-

2177 861 2422 929 rogaret,
2455 858 2554 912 sed
2599 857 2700 912 uni
2749 859 2863 912 Deo
2909 857 3150 912 referret
3189 862 3478 929 acceptum
3523 877 3536 915 :
3579 861 3806 921 Cirtenses

2178 962 2310 1000 vero
2326 945 2586 1018 plerique
2607 962 2806 1000 omnes
2835 947 3016 1000 Deum
3045 945 3150 1000 hac
3179 945 3242 1000 in
3265 963 3326 1000 re
3347 946 3493 1002 illius
3510 965 3658 1020 opera
3671 968 3806 1010 usum

2180 1034 2593 1101 existimantes,
2641 1035 2924 1089 dederunt.
2971 1035 3040 1089 ad
3089 1035 3254 1089 illum
3303 1035 3526 1100 litteras,
3564 1039 3736 1108 quibus
3764 1048 3806 1097 et

2181 1139 2404 1194 eorum,
2449 1140 2578 1194 qua;
2617 1123 2769 1196 apud
2808 1140 2867 1178 se
2899 1127 3228 1192 evenerant,
3263 1125 3550 1181 certiorem
3590 1127 3728 1184 illum
3749 1132 3803 1186 fa-

2180 1219 2391 1278 cerent,
2443 1217 2499 1268 et
2527 1214 2717 1280 simul,
2751 1218 2816 1269 ut
2863 1230 2922 1268 se
2953 1213 3247 1284 inviseret,
3296 1219 3532 1271 orarent.
3560 1217 3803 1289 Rescripsit

2182 1305 2251 1359 ad
2302 1320 2369 1359 ea
2414 1307 2638 1358 sanctus
2689 1303 2925 1370 Praesul,
2969 1318 3179 1373 cupere
3228 1319 3287 1357 se
3331 1303 3670 1359 vehementer
3701 1307 3801 1361 illud

2179 1392 2422 1461 itineris,
2449 1409 2512 1446 ac
2543 1394 2744 1459 Deum,
2776 1397 2841 1446 ut
2879 1391 2985 1446 sibi
3013 1391 3252 1462 hujusce
3282 1391 3534 1446 desiderii
3561 1393 3709 1448 ﬁnem
3731 1411 3801 1448 an-

2179 1485 2344 1550 nuat,
2375 1481 2758 1552 comprecari;
2787 1480 2958 1551 idque
2999 1496 3066 1535 eo
3097 1481 3454 1552 propensiori
3488 1483 3735 1537 voluntate
3763 1499 3803 1538 se

2181 1575 2596 1641 suscepturum,
2626 1569 2778 1642 quod
2809 1586 2923 1638 non
2951 1569 3254 1641 proprium
3281 1587 3446 1626 suum
3471 1587 3618 1643 opus,
3639 1573 3718 1626 sed
3733 1573 3804 1626 Dei

2179 1663 2578 1729 conspecturus
2608 1663 2876 1730 pergeret
2907 1661 3101 1728 (Epist.
3140 1660 3263 1726 144,
3287 1674 3343 1712 n.
3376 1658 3503 1730 1-3).

2251 1751 2302 1803 5.
2327 1748 2852 1803 Animadvertimus
2874 1765 3046 1819 supra
3068 1747 3422 1803 Bonifacium
3440 1748 3746 1820 episcopum,
3761 1765 3804 1802 ac

2179 1837 2578 1908 presbyterum
2627 1837 3074 1908 Hipponensem,
3127 1852 3264 1891 eum
3309 1837 3450 1891 forte
3495 1838 3579 1892 cui
3631 1837 3802 1892 Urbano

2181 1943 2414 1994 nomen,
2445 1930 2569 1981 tum
2600 1926 2769 1980 fuisse
2810 1926 3176 1997 Carthagine.
3210 1942 3343 1981 cum
3381 1926 3654 1996 epistolam
3687 1929 3803 1996 cujus

2179 2015 2410 2070 initium
2441 2020 2544 2082 est,
2580 2016 2739 2072 Gesta
2770 2031 2889 2084 quae
2911 2018 3171 2085 promisit
3200 2018 3516 2071 Przstantia
3544 2020 3631 2070 tua
3653 2016 3802 2084 (Epist.

2183 2107 2326 2178 139),
2360 2105 2582 2176 scripsit
2609 2104 2964 2174 Augustinus
2995 2122 3007 2159 :
3043 2105 3207 2175 atqui
3233 2105 3459 2159 illorum
3481 2108 3690 2176 uterque
3710 2104 3804 2158 inde

2179 2195 2396 2250 litteras
2436 2194 2687 2265 singulas
2716 2198 2908 2248 sancto
2952 2193 3192 2248 Praesuli
3230 2211 3264 2248 a
3306 2194 3610 2248 Marcellino
3644 2192 3804 2246 retulit.

2181 2286 2398 2351 Quibus
2426 2283 2678 2355 epistolis
2705 2283 2925 2338 duabus
2955 2282 3077 2354 ipse
3103 2282 3276 2337 unica
3306 2281 3602 2354 respondit,
3621 2296 3725 2353 quae
3746 2281 3805 2334 in-

2179 2375 2336 2447 cipit,
2367 2374 2668 2443 Epistolam
2709 2378 2857 2426 tuam
2898 2371 3104 2443 (Epist.
3142 2372 3285 2442 143).
3321 2374 3383 2426 In
3412 2389 3475 2426 ea
3503 2386 3654 2442 quem
3677 2371 3725 2424 in
3747 2371 3804 2423 lo-

2179 2480 2310 2520 cum
2356 2463 2464 2517 sibi
2508 2479 2541 2516 a
2583 2460 2871 2515 Bonifacio
2911 2461 3141 2515 allatam
3189 2461 3520 2531 imprudens
3546 2457 3800 2530 conjecerit,

2181 2553 2398 2608 nescire
2427 2569 2484 2606 se
2517 2550 2851 2622 proﬁtetur;
2880 2549 3108 2604 tametsi
3135 2551 3318 2620 probe
3354 2548 3670 2613 meminerit,
3697 2546 3739 2600 id
3759 2562 3801 2598 ex

2180 2661 2238 2697 se
2281 2642 2445 2696 isthic
2484 2639 2662 2711 quaeri
2699 2638 2954 2710 petique,
3003 2637 3304 2693 undenam
3344 2637 3520 2708 magis
3561 2633 3802 2690 Pharaonis

2181 2735 2485 2803 suppetere
2512 2745 2661 2800 aqua
2689 2727 2960 2799 potuerit,
2997 2744 3172 2798 quam
3204 2727 3266 2782 in
3291 2727 3611 2798 sanguinem
3636 2739 3804 2778 conver-

2181 2821 2376 2887 terint,
2407 2819 2526 2890 jam
2556 2833 2828 2872 conversa
2853 2816 2913 2870 in
2935 2816 3283 2887 sanguinem
3313 2820 3427 2870 tota
3456 2831 3592 2887 aqua
3615 2811 3800 2883 Egypti.

2181 2912 2246 2964 In
2274 2926 2339 2964 ea
2376 2925 2532 2975 vero,
2565 2923 2739 2978 quam
2781 2905 3039 2960 Urbanus
3069 2905 3122 2960 ei
3159 2905 3501 2970 reddiderat,
3528 2899 3802 2958 difﬁcultatis

2180 2998 2478 3071 cujusdam
2509 3014 2575 3051 ex
2604 2995 2785 3068 ipsius
2812 2995 2970 3049 libris
2997 2994 3067 3049 de
3097 2993 3299 3049 Libero
3329 2993 3565 3049 Arbitrio
3586 2988 3802 3046 enodatio

2179 3105 2314 3144 nem
2340 3085 2695 3142 Marcellinus
2725 3083 3141 3150 sciscitabatur;
3159 3084 3346 3156 .eique
3375 3082 3536 3138 simul
3565 3078 3800 3140 indicabat,

2179 3176 2449 3231 familiari
2478 3174 2705 3230 cuidam
2752 3189 2852 3227 suo
2883 3172 3051 3242 (forte
3099 3171 3212 3242 ipsi
3261 3171 3594 3239 Volusiano),
3622 3185 3723 3239 quae
3755 3166 3802 3219 de

2179 3264 2506 3335 virginitate
2538 3268 2748 3317 sanctae
2779 3261 2967 3317 Mariae
3000 3262 3237 3333 epistola
3266 3262 3337 3317 ad
3368 3259 3696 3315 Volusianum
3722 3259 3801 3310 tra-

2181 3353 2419 3418 diderat,
2448 3368 2567 3406 non
2617 3351 2852 3407 omnino
2879 3351 3246 3408 satisfecisse.
3287 3351 3371 3406 Ad
3400 3351 3575 3406 locum
3601 3361 3737 3419 porro
3759 3342 3802 3395 li-

2179 3443 2267 3497 bri
2298 3443 2387 3496 sui
2417 3440 2574 3497 tertii
2612 3441 2682 3496 de
2730 3441 2928 3495 Libero
2957 3440 3211 3495 Arbitrio
3253 3440 3589 3512 respondens
3626 3436 3802 3490 testatur

2179 3529 2238 3584 in
2270 3530 2492 3602 primis,
2516 3531 2669 3584 nolle
2696 3546 2753 3584 se
2785 3531 2862 3584 sic
2891 3530 3025 3601 legi,
3052 3533 3152 3586 aut
3173 3531 3248 3585 ab
3275 3529 3468 3584 amicis
3493 3524 3803 3589 defendi,tan-

2179 3635 2350 3690 quam
2375 3619 2516 3690 ipse,
2542 3618 2686 3673 sicut
2706 3619 3006 3690 scriptores
3033 3619 3197 3681 sacri,
3223 3619 3311 3674 illi
3337 3617 3584 3673 videlicet
3603 3610 3801 3670 homines

2180 3707 2279 3763 Dei
2310 3709 2410 3780 qui
2438 3708 2650 3779 Spiritu
2682 3711 2878 3763 sancto
2920 3708 3031 3762 acti
3060 3707 3235 3762 locuti
3268 3712 3416 3775 sunt,
3446 3705 3578 3761 nulli
3603 3701 3802 3757 credatur

2179 3798 2358 3852 errori
2390 3798 2670 3852 obnoxius
2700 3814 2712 3852 :
2753 3796 3011 3869 quinimo
3042 3797 3164 3868 jam
3196 3797 3278 3851 ibi
3311 3795 3598 3868 signiﬁcat,
3623 3799 3802 3862 operum

2178 3901 2414 3940 suorum
2429 3885 2690 3940 omnium
2705 3902 2823 3940 sese
2839 3903 2904 3940 eo
2920 3885 3113 3940 animo
3127 3903 3254 3940 reco
3267 3886 3568 3957 gnitionem
3583 3873 3802 3937 meditari,

2175 3981 2240 4031 ut
2270 3975 2482 4046 scripto
2512 3975 2582 4030 ad
2602 3974 2659 4029 id
2682 3975 2741 4028 in
2761 3975 2964 4046 vulgus
2986 3974 3212 4040 emisso,
3237 3991 3372 4047 quae
3389 3972 3490 4028 sibi
3512 3972 3677 4026 minus
3692 3967 3738 4020 in
3757 3962 3802 4015 iis

2175 4065 2514 4137 probentur,
2550 4081 2839 4137 quamque
2878 4080 3083 4135 parum
3124 4063 3231 4118 sibi
3281 4065 3398 4137 ipse
3444 4064 3637 4134 parcat,
3664 4055 3802 4128 palam

2177 4156 2551 4209 demonstret.
2597 4152 2813 4208 Deinde
2849 4157 3042 4208 tamen
3083 4152 3353 4220 afﬁrmat,
3385 4152 3521 4207 nihil
3555 4151 3609 4204 in
3636 4163 3706 4211 eo,
3733 4139 3802 4213 qui

2175 4241 2450 4310 tangitur,
2485 4242 2608 4296 loco
2649 4241 2867 4296 dictum
2907 4259 2939 4296 a
2968 4259 3046 4310 se,
3078 4242 3232 4313 quod
3261 4242 3558 4315 quisquam
3591 4240 3716 4292 recte
3739 4245 3801 4284 re-

2178 4329 2515 4402 prehendat.
2541 4332 2605 4385 Et
2626 4335 2776 4386 certe
2810 4348 2926 4386 non
2947 4332 3110 4401 alios,
3139 4347 3314 4404 quam
3337 4327 3610 4402 Pelagiani
3627 4325 3802 4393 dogma-

2175 4418 2250 4473 tis
2279 4421 2601 4485 sectatores,
2636 4420 2807 4474 verba
2837 4421 2904 4475 de
2941 4420 3149 4493 quibus
3178 4422 3470 4492 agebatur,
3503 4427 3700 4488 carpere
3729 4423 3800 4462 au-

2174 4525 2283 4577 sos,
2320 4508 2539 4580 liquido
2571 4509 2952 4579 cognoscitur.

2847 4599 3070 4654 CAPUT
3107 4601 3199 4656 IV.

2180 4689 2199 4740 l
2243 4686 2469 4741 Librum
2508 4686 2574 4740 de
2619 4687 2749 4742 Fide
2779 4692 2828 4742 et
2877 4689 3137 4758 Opes-ibus
3181 4688 3292 4745 edit
3329 4687 3663 4757 Augustinus.
3689 4669 3803 4730 2.Αά

2244 4776 2535 4830 Paulinam
2562 4777 2628 4830 de
2670 4777 2900 4832 videndo
2941 4780 3045 4831 Deo
3091 4779 3302 4843 scribit,
3333 4791 3523 4833 necnon
3549 4771 3615 4827 ad
3653 4767 3802 4824 Fortu-

2243 4867 2552 4935 natianum,
2587 4867 2744 4935 cujus
2789 4883 2885 4936 ope
2927 4870 2986 4921 in
3031 4870 3269 4936 gratiam
3297 4883 3414 4922 cum
3458 4865 3675 4934 episcopo
3705 4862 3804 4920 (Μ’

2245 4955 2395 5023 dam,
2420 4957 2518 5024 qui
2546 4955 2663 5024 ejus
2694 4955 2953 5010 adversus
2975 4971 3247 5011 erroneam
3277 4956 3563 5026 opinionem
3585 4947 3709 5001 dicta
3726 4949 3802 5026 mit

2246 5044 2361 5096 sine
2390 5042 2680 5111 offensione
2709 5049 3006 5114 acceperat,
3047 5044 3227 5099 redire
3255 5046 3417 5114 cupit.
3452 5044 3480 5096 3
3522 5036 3694 5094 Varias
3726 5023 3804 5081 sibi

2245 5136 2428 5185 mutuo
2449 5133 2702 5200 epistolas
2725 5135 2950 5188 mittunt
2978 5135 3242 5189 Paulinus
3263 5140 3311 5188 et
3339 5130 3668 5199 Augustinus.
3688 5119 3714 5172 4
3729 5114 3803 5170 Hic

2246 5221 2320 5274 ad
2363 5220 2708 5277 scribendum
2754 5237 2911 5277 suum
2942 5238 3074 5292 opus
3122 5223 3187 5278 de
3235 5225 3458 5280 Civitate
3499 5218 3589 5274 Dei
3627 5202 3804 5280 appellit

2242 5324 2502 5364 animum.

2247 5401 2294 5451 1.
2329 5398 2482 5469 Opus
2524 5413 2693 5453 suum
2724 5399 2794 5454 de
2825 5399 3038 5472 Spiritu
3077 5404 3133 5455 et
3162 5400 3367 5456 Littera
3394 5411 3507 5452 non
3533 5394 3603 5448 ita
3626 5380 3800 5472 pridem

2174 5467 2431 5541 ediderat
2469 5467 3007 5560 Augustinuchum
3038 5491 3107 5544 ad
3151 5487 3502 5545 scribendum
3532 5482 3594 5537 de
3621 5473 3730 5532 Fide
3758 5467 3803 5560 ξι

2176 5575 2458 5646 Operibus
2505 5553 2766 5634 animum
2813 5553 3037 5650 appulit
3086 5579 3176 5651 (De
3203 5580 3329 5636 Fide
3356 5583 3404 5632 et
3445 5576 3610 5643 Oper.,
3643 5553 3797 5619 11.21).
