  <div class='ocr_page' id='page_1' title='image "/cluster/home/n/w/nwhite01/storage/ocr_20150623/32/hvd.32044096580550/248.png"; bbox 0 0 3912 6174; ppageno 0'>
   <div class='ocr_carea' id='block_1_1' title="bbox 132 305 227 354">
    <p class='ocr_par' dir='ltr' id='par_1_1' title="bbox 132 305 227 354">
     <span class='ocr_line' id='line_1_1' title="bbox 132 305 227 354; baseline 0 0"><span class='ocrx_word' id='word_1_1' title='bbox 132 305 227 354; x_wconf 65' lang='lat' dir='ltr'>i5?</span> 
     </span>
    </p>
   </div>
   <div class='ocr_carea' id='block_1_2' title="bbox 122 425 1821 501">
    <p class='ocr_par' dir='ltr' id='par_1_2' title="bbox 122 425 1821 501">
     <span class='ocr_line' id='line_1_2' title="bbox 122 425 1821 501; baseline 0.002 -21"><span class='ocrx_word' id='word_1_2' title='bbox 122 432 191 480; x_wconf 88' lang='lat' dir='ltr'>ut</span> <span class='ocrx_word' id='word_1_3' title='bbox 220 426 497 479; x_wconf 87' lang='lat' dir='ltr'>nimirum</span> <span class='ocrx_word' id='word_1_4' title='bbox 529 425 871 497; x_wconf 87' lang='lat' dir='ltr'>quibusdam</span> <span class='ocrx_word' id='word_1_5' title='bbox 900 429 1268 499; x_wconf 83' lang='lat' dir='ltr'>responderet</span> <span class='ocrx_word' id='word_1_6' title='bbox 1290 429 1530 501; x_wconf 79' lang='lat' dir='ltr'>scriptis,</span> <span class='ocrx_word' id='word_1_7' title='bbox 1559 446 1688 501; x_wconf 73' lang='lat' dir='ltr'>quae</span> <span class='ocrx_word' id='word_1_8' title='bbox 1712 429 1821 484; x_wconf 91' lang='lat' dir='ltr'>sibi</span> 
     </span>
    </p>
   </div>
   <div class='ocr_carea' id='block_1_3' title="bbox 123 514 1820 590">
    <p class='ocr_par' dir='ltr' id='par_1_3' title="bbox 123 514 1820 590">
     <span class='ocr_line' id='line_1_3' title="bbox 123 514 1820 590; baseline 0.002 -22"><span class='ocrx_word' id='word_1_9' title='bbox 123 514 412 580; x_wconf 85' lang='lat' dir='ltr'>nonnulli,</span> <span class='ocrx_word' id='word_1_10' title='bbox 467 515 596 568; x_wconf 82' lang='lat' dir='ltr'>laici</span> <span class='ocrx_word' id='word_1_11' title='bbox 644 515 899 587; x_wconf 88' lang='lat' dir='ltr'>quidem,</span> <span class='ocrx_word' id='word_1_12' title='bbox 952 518 1049 571; x_wconf 91' lang='lat' dir='ltr'>sed</span> <span class='ocrx_word' id='word_1_13' title='bbox 1094 518 1421 572; x_wconf 90' lang='lat' dir='ltr'>divinorum</span> <span class='ocrx_word' id='word_1_14' title='bbox 1459 519 1820 590; x_wconf 90' lang='lat' dir='ltr'>eloquiorum</span> 
     </span>
    </p>
   </div>
   <div class='ocr_carea' id='block_1_4' title="bbox 124 604 1818 677">
    <p class='ocr_par' dir='ltr' id='par_1_4' title="bbox 124 604 1818 677">
     <span class='ocr_line' id='line_1_4' title="bbox 124 604 1818 677; baseline 0.002 -21"><span class='ocrx_word' id='word_1_15' title='bbox 124 604 364 658; x_wconf 74' lang='lat' dir='ltr'>studiosi</span> <span class='ocrx_word' id='word_1_16' title='bbox 408 604 612 657; x_wconf 77' lang='lat' dir='ltr'>fratres</span> <span class='ocrx_word' id='word_1_17' title='bbox 660 606 933 659; x_wconf 89' lang='lat' dir='ltr'>miserant</span> <span class='ocrx_word' id='word_1_18' title='bbox 977 607 1291 673; x_wconf 86' lang='lat' dir='ltr'>(Retractat.</span> <span class='ocrx_word' id='word_1_19' title='bbox 1324 609 1417 664; x_wconf 90' lang='lat' dir='ltr'>lib.</span> <span class='ocrx_word' id='word_1_20' title='bbox 1460 610 1513 673; x_wconf 89' lang='lat'>2,</span> <span class='ocrx_word' id='word_1_21' title='bbox 1546 624 1664 676; x_wconf 89' lang='lat' dir='ltr'>cap.</span> <span class='ocrx_word' id='word_1_22' title='bbox 1710 607 1818 677; x_wconf 91' lang='lat'>38).</span> 
     </span>
    </p>
   </div>
   <div class='ocr_carea' id='block_1_5' title="bbox 125 692 1822 764">
    <p class='ocr_par' dir='ltr' id='par_1_5' title="bbox 125 692 1822 764">
     <span class='ocr_line' id='line_1_5' title="bbox 125 692 1822 764; baseline 0.002 -20"><span class='ocrx_word' id='word_1_23' title='bbox 125 692 212 744; x_wconf 85' lang='lat' dir='ltr'>Ita</span> <span class='ocrx_word' id='word_1_24' title='bbox 284 708 451 761; x_wconf 87' lang='lat' dir='ltr'>porro</span> <span class='ocrx_word' id='word_1_25' title='bbox 503 692 744 746; x_wconf 87' lang='lat' dir='ltr'>istarum</span> <span class='ocrx_word' id='word_1_26' title='bbox 790 694 1166 764; x_wconf 78' lang='lat' dir='ltr'>scriptionum</span> <span class='ocrx_word' id='word_1_27' title='bbox 1219 702 1477 749; x_wconf 82' lang='lat' dir='ltr'>auctores</span> <span class='ocrx_word' id='word_1_28' title='bbox 1533 696 1705 749; x_wconf 86' lang='lat' dir='ltr'>ﬁdem</span> <span class='ocrx_word' id='word_1_29' title='bbox 1760 695 1822 748; x_wconf 90' lang='lat' dir='ltr'>in</span> 
     </span>
    </p>
   </div>
   <div class='ocr_carea' id='block_1_6' title="bbox 118 780 1820 853">
    <p class='ocr_par' dir='ltr' id='par_1_6' title="bbox 118 780 1820 853">
     <span class='ocr_line' id='line_1_6' title="bbox 118 780 1820 853; baseline 0.003 -21"><span class='ocrx_word' id='word_1_30' title='bbox 118 780 415 834; x_wconf 82' lang='lat' dir='ltr'>Christum</span> <span class='ocrx_word' id='word_1_31' title='bbox 442 780 871 853; x_wconf 89' lang='lat' dir='ltr'>distiuguebant</span> <span class='ocrx_word' id='word_1_32' title='bbox 899 800 932 837; x_wconf 90' lang='lat' dir='ltr'>a</span> <span class='ocrx_word' id='word_1_33' title='bbox 960 784 1123 838; x_wconf 91' lang='lat' dir='ltr'>bonis</span> <span class='ocrx_word' id='word_1_34' title='bbox 1148 784 1433 853; x_wconf 87' lang='lat' dir='ltr'>operibus,</span> <span class='ocrx_word' id='word_1_35' title='bbox 1470 789 1535 839; x_wconf 90' lang='lat' dir='ltr'>ut</span> <span class='ocrx_word' id='word_1_36' title='bbox 1563 784 1635 837; x_wconf 91' lang='lat' dir='ltr'>ad</span> <span class='ocrx_word' id='word_1_37' title='bbox 1656 789 1820 838; x_wconf 84' lang='lat' dir='ltr'>aeter-</span> 
     </span>
    </p>
   </div>
   <div class='ocr_carea' id='block_1_7' title="bbox 112 870 1822 943">
    <p class='ocr_par' dir='ltr' id='par_1_7' title="bbox 112 870 1822 943">
     <span class='ocr_line' id='line_1_7' title="bbox 112 870 1822 943; baseline 0.001 -21"><span class='ocrx_word' id='word_1_38' title='bbox 112 886 253 923; x_wconf 90' lang='lat' dir='ltr'>nam</span> <span class='ocrx_word' id='word_1_39' title='bbox 286 870 463 923; x_wconf 82' lang='lat' dir='ltr'>vitam</span> <span class='ocrx_word' id='word_1_40' title='bbox 494 888 611 924; x_wconf 92' lang='lat' dir='ltr'>non</span> <span class='ocrx_word' id='word_1_41' title='bbox 639 871 759 925; x_wconf 84' lang='lat' dir='ltr'>sine</span> <span class='ocrx_word' id='word_1_42' title='bbox 783 872 899 939; x_wconf 89' lang='lat' dir='ltr'>illa,</span> <span class='ocrx_word' id='word_1_43' title='bbox 931 872 1053 926; x_wconf 85' lang='lat' dir='ltr'>sine</span> <span class='ocrx_word' id='word_1_44' title='bbox 1081 873 1169 927; x_wconf 87' lang='lat' dir='ltr'>his</span> <span class='ocrx_word' id='word_1_45' title='bbox 1191 877 1379 927; x_wconf 87' lang='lat' dir='ltr'>tamen</span> <span class='ocrx_word' id='word_1_46' title='bbox 1401 872 1697 943; x_wconf 89' lang='lat' dir='ltr'>pervenire</span> <span class='ocrx_word' id='word_1_47' title='bbox 1717 887 1822 924; x_wconf 91' lang='lat' dir='ltr'>nos</span> 
     </span>
    </p>
   </div>
   <div class='ocr_carea' id='block_1_8' title="bbox 112 959 1823 1032">
    <p class='ocr_par' dir='ltr' id='par_1_8' title="bbox 112 959 1823 1032">
     <span class='ocr_line' id='line_1_8' title="bbox 112 959 1823 1032; baseline 0.001 -21"><span class='ocrx_word' id='word_1_48' title='bbox 112 975 287 1029; x_wconf 86' lang='lat' dir='ltr'>posse</span> <span class='ocrx_word' id='word_1_49' title='bbox 336 959 749 1014; x_wconf 83' lang='lat' dir='ltr'>existimarent.</span> <span class='ocrx_word' id='word_1_50' title='bbox 800 961 1090 1016; x_wconf 88' lang='lat' dir='ltr'>Docebant</span> <span class='ocrx_word' id='word_1_51' title='bbox 1136 966 1459 1032; x_wconf 85' lang='lat' dir='ltr'>propterea,</span> <span class='ocrx_word' id='word_1_52' title='bbox 1507 976 1706 1015; x_wconf 90' lang='lat' dir='ltr'>omnes</span> <span class='ocrx_word' id='word_1_53' title='bbox 1753 959 1823 1014; x_wconf 91' lang='lat' dir='ltr'>ad</span> 
     </span>
    </p>
   </div>
   <div class='ocr_carea' id='block_1_9' title="bbox 110 1047 1823 1119">
    <p class='ocr_par' dir='ltr' id='par_1_9' title="bbox 110 1047 1823 1119">
     <span class='ocr_line' id='line_1_9' title="bbox 110 1047 1823 1119; baseline 0.001 -19"><span class='ocrx_word' id='word_1_54' title='bbox 110 1047 563 1117; x_wconf 87' lang='lat' dir='ltr'>percipiendum</span> <span class='ocrx_word' id='word_1_55' title='bbox 612 1049 885 1119; x_wconf 90' lang='lat' dir='ltr'>Baptismi</span> <span class='ocrx_word' id='word_1_56' title='bbox 934 1055 1351 1103; x_wconf 83' lang='lat' dir='ltr'>sacramentum</span> <span class='ocrx_word' id='word_1_57' title='bbox 1381 1053 1434 1103; x_wconf 91' lang='lat' dir='ltr'>et</span> <span class='ocrx_word' id='word_1_58' title='bbox 1469 1049 1538 1103; x_wconf 88' lang='lat' dir='ltr'>ad</span> <span class='ocrx_word' id='word_1_59' title='bbox 1570 1048 1823 1103; x_wconf 90' lang='lat' dir='ltr'>Domini-</span> 
     </span>
    </p>
   </div>
   <div class='ocr_carea' id='block_1_10' title="bbox 110 1137 1826 1205">
    <p class='ocr_par' dir='ltr' id='par_1_10' title="bbox 110 1137 1826 1205">
     <span class='ocr_line' id='line_1_10' title="bbox 110 1137 1826 1205; baseline 0.001 -16"><span class='ocrx_word' id='word_1_60' title='bbox 110 1152 243 1191; x_wconf 88' lang='lat' dir='ltr'>cam</span> <span class='ocrx_word' id='word_1_61' title='bbox 274 1152 543 1191; x_wconf 83' lang='lat' dir='ltr'>mensam</span> <span class='ocrx_word' id='word_1_62' title='bbox 571 1138 957 1193; x_wconf 87' lang='lat' dir='ltr'>admittendos</span> <span class='ocrx_word' id='word_1_63' title='bbox 987 1154 1106 1193; x_wconf 91' lang='lat' dir='ltr'>esse</span> <span class='ocrx_word' id='word_1_64' title='bbox 1130 1156 1143 1205; x_wconf 94' lang='lat'>;</span> <span class='ocrx_word' id='word_1_65' title='bbox 1177 1154 1281 1193; x_wconf 91' lang='lat' dir='ltr'>nec</span> <span class='ocrx_word' id='word_1_66' title='bbox 1307 1138 1622 1192; x_wconf 88' lang='lat' dir='ltr'>curandum</span> <span class='ocrx_word' id='word_1_67' title='bbox 1645 1137 1826 1190; x_wconf 81' lang='lat' dir='ltr'>omni-</span> 
     </span>
    </p>
   </div>
   <div class='ocr_carea' id='block_1_11' title="bbox 108 1226 1823 1297">
    <p class='ocr_par' dir='ltr' id='par_1_11' title="bbox 108 1226 1823 1297">
     <span class='ocr_line' id='line_1_11' title="bbox 108 1226 1823 1297; baseline 0 -18"><span class='ocrx_word' id='word_1_68' title='bbox 108 1242 209 1291; x_wconf 90' lang='lat' dir='ltr'>no,</span> <span class='ocrx_word' id='word_1_69' title='bbox 257 1228 331 1280; x_wconf 92' lang='lat' dir='ltr'>de</span> <span class='ocrx_word' id='word_1_70' title='bbox 364 1226 702 1296; x_wconf 83' lang='lat' dir='ltr'>corrigenda</span> <span class='ocrx_word' id='word_1_71' title='bbox 728 1226 860 1293; x_wconf 86' lang='lat' dir='ltr'>vita,</span> <span class='ocrx_word' id='word_1_72' title='bbox 892 1243 1093 1296; x_wconf 87' lang='lat' dir='ltr'>necne,</span> <span class='ocrx_word' id='word_1_73' title='bbox 1134 1227 1482 1297; x_wconf 84' lang='lat' dir='ltr'>cogitarent;</span> <span class='ocrx_word' id='word_1_74' title='bbox 1516 1226 1631 1280; x_wconf 92' lang='lat' dir='ltr'>imo</span> <span class='ocrx_word' id='word_1_75' title='bbox 1669 1242 1823 1292; x_wconf 89' lang='lat' dir='ltr'>vero,</span> 
     </span>
    </p>
   </div>
   <div class='ocr_carea' id='block_1_12' title="bbox 116 1314 1826 1383">
    <p class='ocr_par' dir='ltr' id='par_1_12' title="bbox 116 1314 1826 1383">
     <span class='ocr_line' id='line_1_12' title="bbox 116 1314 1826 1383; baseline -0.001 -15"><span class='ocrx_word' id='word_1_76' title='bbox 116 1314 357 1368; x_wconf 86' lang='lat' dir='ltr'>etiamsi</span> <span class='ocrx_word' id='word_1_77' title='bbox 389 1314 650 1369; x_wconf 87' lang='lat' dir='ltr'>statuisse</span> <span class='ocrx_word' id='word_1_78' title='bbox 681 1331 776 1368; x_wconf 92' lang='lat' dir='ltr'>eos</span> <span class='ocrx_word' id='word_1_79' title='bbox 806 1318 1090 1369; x_wconf 87' lang='lat' dir='ltr'>constaret</span> <span class='ocrx_word' id='word_1_80' title='bbox 1120 1315 1179 1369; x_wconf 91' lang='lat' dir='ltr'>in</span> <span class='ocrx_word' id='word_1_81' title='bbox 1210 1314 1543 1369; x_wconf 87' lang='lat' dir='ltr'>criminibus</span> <span class='ocrx_word' id='word_1_82' title='bbox 1570 1331 1633 1367; x_wconf 92' lang='lat' dir='ltr'>ac</span> <span class='ocrx_word' id='word_1_83' title='bbox 1662 1314 1826 1383; x_wconf 82' lang='lat' dir='ltr'>flagi-</span> 
     </span>
    </p>
   </div>
   <div class='ocr_carea' id='block_1_13' title="bbox 110 1401 1826 1474">
    <p class='ocr_par' dir='ltr' id='par_1_13' title="bbox 110 1401 1826 1474">
     <span class='ocr_line' id='line_1_13' title="bbox 110 1401 1826 1474; baseline 0 -19"><span class='ocrx_word' id='word_1_84' title='bbox 110 1401 207 1455; x_wconf 85' lang='lat' dir='ltr'>tiis</span> <span class='ocrx_word' id='word_1_85' title='bbox 256 1401 384 1456; x_wconf 87' lang='lat' dir='ltr'>suis</span> <span class='ocrx_word' id='word_1_86' title='bbox 422 1419 822 1473; x_wconf 76' lang='lat' dir='ltr'>perseverare;</span> <span class='ocrx_word' id='word_1_87' title='bbox 863 1404 930 1457; x_wconf 89' lang='lat' dir='ltr'>de</span> <span class='ocrx_word' id='word_1_88' title='bbox 974 1404 1181 1474; x_wconf 87' lang='lat' dir='ltr'>quibus</span> <span class='ocrx_word' id='word_1_89' title='bbox 1212 1403 1582 1458; x_wconf 86' lang='lat' dir='ltr'>emendandis</span> <span class='ocrx_word' id='word_1_90' title='bbox 1613 1402 1654 1455; x_wconf 91' lang='lat' dir='ltr'>ii</span> <span class='ocrx_word' id='word_1_91' title='bbox 1682 1419 1826 1456; x_wconf 90' lang='lat' dir='ltr'>nou-</span> 
     </span>
    </p>
   </div>
   <div class='ocr_carea' id='block_1_14' title="bbox 111 1489 1829 1561">
    <p class='ocr_par' dir='ltr' id='par_1_14' title="bbox 111 1489 1829 1561">
     <span class='ocr_line' id='line_1_14' title="bbox 111 1489 1829 1561; baseline 0.001 -19"><span class='ocrx_word' id='word_1_92' title='bbox 111 1489 224 1542; x_wconf 87' lang='lat' dir='ltr'>nisi</span> <span class='ocrx_word' id='word_1_93' title='bbox 269 1494 410 1560; x_wconf 87' lang='lat' dir='ltr'>post</span> <span class='ocrx_word' id='word_1_94' title='bbox 456 1494 751 1560; x_wconf 88' lang='lat' dir='ltr'>acceptum</span> <span class='ocrx_word' id='word_1_95' title='bbox 792 1491 1071 1561; x_wconf 74' lang='lat' dir='ltr'>Baptisms</span> <span class='ocrx_word' id='word_1_96' title='bbox 1124 1496 1310 1546; x_wconf 89' lang='lat' dir='ltr'>essent</span> <span class='ocrx_word' id='word_1_97' title='bbox 1353 1490 1696 1546; x_wconf 84' lang='lat' dir='ltr'>admonendi</span> <span class='ocrx_word' id='word_1_98' title='bbox 1738 1492 1829 1558; x_wconf 84' lang='lat' dir='ltr'>(De</span> 
     </span>
    </p>
   </div>
   <div class='ocr_carea' id='block_1_15' title="bbox 114 1579 1826 1651">
    <p class='ocr_par' dir='ltr' id='par_1_15' title="bbox 114 1579 1826 1651">
     <span class='ocr_line' id='line_1_15' title="bbox 114 1579 1826 1651; baseline 0 -18"><span class='ocrx_word' id='word_1_99' title='bbox 114 1579 250 1633; x_wconf 82' lang='lat' dir='ltr'>Fide</span> <span class='ocrx_word' id='word_1_100' title='bbox 304 1582 363 1632; x_wconf 87' lang='lat' dir='ltr'>et</span> <span class='ocrx_word' id='word_1_101' title='bbox 411 1579 594 1648; x_wconf 59' lang='lat' dir='ltr'>Opera,</span> <span class='ocrx_word' id='word_1_102' title='bbox 642 1596 734 1633; x_wconf 84' lang='lat' dir='ltr'>nn.</span> <span class='ocrx_word' id='word_1_103' title='bbox 790 1584 838 1643; x_wconf 83' lang='lat'>1,</span> <span class='ocrx_word' id='word_1_104' title='bbox 892 1580 1006 1651; x_wconf 84' lang='lat' dir='ltr'>l0);</span> <span class='ocrx_word' id='word_1_105' title='bbox 1054 1596 1267 1634; x_wconf 87' lang='lat' dir='ltr'>novum</span> <span class='ocrx_word' id='word_1_106' title='bbox 1312 1581 1467 1634; x_wconf 91' lang='lat' dir='ltr'>enim</span> <span class='ocrx_word' id='word_1_107' title='bbox 1522 1579 1826 1647; x_wconf 82' lang='lat' dir='ltr'>esse,-imo</span> 
     </span>
    </p>
   </div>
   <div class='ocr_carea' id='block_1_16' title="bbox 110 1670 1827 1740">
    <p class='ocr_par' dir='ltr' id='par_1_16' title="bbox 110 1670 1827 1740">
     <span class='ocr_line' id='line_1_16' title="bbox 110 1670 1827 1740; baseline 0.001 -20"><span class='ocrx_word' id='word_1_108' title='bbox 110 1683 464 1736; x_wconf 76' lang='lat' dir='ltr'>perversum</span> <span class='ocrx_word' id='word_1_109' title='bbox 505 1672 674 1738; x_wconf 88' lang='lat' dir='ltr'>atque</span> <span class='ocrx_word' id='word_1_110' title='bbox 724 1674 1163 1740; x_wconf 66' lang='lat' dir='ltr'>praeposterum,</span> <span class='ocrx_word' id='word_1_111' title='bbox 1196 1670 1355 1739; x_wconf 89' lang='lat' dir='ltr'>prius</span> <span class='ocrx_word' id='word_1_112' title='bbox 1399 1670 1600 1723; x_wconf 90' lang='lat' dir='ltr'>docere</span> <span class='ocrx_word' id='word_1_113' title='bbox 1627 1684 1827 1739; x_wconf 91' lang='lat' dir='ltr'>quem-</span> 
     </span>
    </p>
   </div>
   <div class='ocr_carea' id='block_1_17' title="bbox 112 1756 1829 1827">
    <p class='ocr_par' dir='ltr' id='par_1_17' title="bbox 112 1756 1829 1827">
     <span class='ocr_line' id='line_1_17' title="bbox 112 1756 1829 1827; baseline 0.001 -18"><span class='ocrx_word' id='word_1_114' title='bbox 112 1756 445 1810; x_wconf 89' lang='lat' dir='ltr'>admodum</span> <span class='ocrx_word' id='word_1_115' title='bbox 471 1757 657 1810; x_wconf 79' lang='lat' dir='ltr'>vivere</span> <span class='ocrx_word' id='word_1_116' title='bbox 686 1757 891 1811; x_wconf 87' lang='lat' dir='ltr'>debeat</span> <span class='ocrx_word' id='word_1_117' title='bbox 920 1758 1283 1826; x_wconf 86' lang='lat' dir='ltr'>christianus,</span> <span class='ocrx_word' id='word_1_118' title='bbox 1315 1775 1378 1812; x_wconf 92' lang='lat' dir='ltr'>ac</span> <span class='ocrx_word' id='word_1_119' title='bbox 1407 1758 1611 1813; x_wconf 88' lang='lat' dir='ltr'>deinde</span> <span class='ocrx_word' id='word_1_120' title='bbox 1642 1757 1829 1827; x_wconf 87' lang='lat' dir='ltr'>bapti-</span> 
     </span>
    </p>
   </div>
   <div class='ocr_carea' id='block_1_18' title="bbox 114 1846 1827 1918">
    <p class='ocr_par' dir='ltr' id='par_1_18' title="bbox 114 1846 1827 1918">
     <span class='ocr_line' id='line_1_18' title="bbox 114 1846 1827 1918; baseline 0.001 -20"><span class='ocrx_word' id='word_1_121' title='bbox 114 1846 469 1913; x_wconf 85' lang='lat' dir='ltr'>zari(1bid.,</span> <span class='ocrx_word' id='word_1_122' title='bbox 514 1862 607 1899; x_wconf 86' lang='lat' dir='ltr'>nn.</span> <span class='ocrx_word' id='word_1_123' title='bbox 649 1849 737 1910; x_wconf 91' lang='lat'>33,</span> <span class='ocrx_word' id='word_1_124' title='bbox 787 1847 852 1915; x_wconf 84' lang='lat' dir='ltr'>l).</span> <span class='ocrx_word' id='word_1_125' title='bbox 902 1849 1085 1917; x_wconf 86' lang='lat' dir='ltr'>Atque</span> <span class='ocrx_word' id='word_1_126' title='bbox 1115 1847 1199 1901; x_wconf 92' lang='lat' dir='ltr'>illi</span> <span class='ocrx_word' id='word_1_127' title='bbox 1240 1848 1298 1900; x_wconf 91' lang='lat' dir='ltr'>in</span> <span class='ocrx_word' id='word_1_128' title='bbox 1329 1847 1663 1918; x_wconf 89' lang='lat' dir='ltr'>opinionem</span> <span class='ocrx_word' id='word_1_129' title='bbox 1688 1846 1827 1900; x_wconf 87' lang='lat' dir='ltr'>adeo</span> 
     </span>
    </p>
   </div>
   <div class='ocr_carea' id='block_1_19' title="bbox 114 1933 1829 2005">
    <p class='ocr_par' dir='ltr' id='par_1_19' title="bbox 114 1933 1829 2005">
     <span class='ocr_line' id='line_1_19' title="bbox 114 1933 1829 2005; baseline 0.001 -18"><span class='ocrx_word' id='word_1_130' title='bbox 114 1933 515 2004; x_wconf 86' lang='lat' dir='ltr'>perniciosam</span> <span class='ocrx_word' id='word_1_131' title='bbox 572 1934 893 2005; x_wconf 71' lang='lat' dir='ltr'>praecipites</span> <span class='ocrx_word' id='word_1_132' title='bbox 944 1936 1053 1989; x_wconf 88' lang='lat' dir='ltr'>acti</span> <span class='ocrx_word' id='word_1_133' title='bbox 1100 1940 1233 1990; x_wconf 91' lang='lat' dir='ltr'>sunt</span> <span class='ocrx_word' id='word_1_134' title='bbox 1280 1952 1471 1990; x_wconf 89' lang='lat' dir='ltr'>amore</span> <span class='ocrx_word' id='word_1_135' title='bbox 1527 1935 1829 1989; x_wconf 89' lang='lat' dir='ltr'>hominum</span> 
     </span>
    </p>
   </div>
   <div class='ocr_carea' id='block_1_20' title="bbox 114 2023 1830 2095">
    <p class='ocr_par' dir='ltr' id='par_1_20' title="bbox 114 2023 1830 2095">
     <span class='ocr_line' id='line_1_20' title="bbox 114 2023 1830 2095; baseline -0.001 -18"><span class='ocrx_word' id='word_1_136' title='bbox 114 2023 536 2093; x_wconf 85' lang='lat' dir='ltr'>quorumdam,</span> <span class='ocrx_word' id='word_1_137' title='bbox 569 2024 777 2093; x_wconf 87' lang='lat' dir='ltr'>quibus</span> <span class='ocrx_word' id='word_1_138' title='bbox 807 2040 874 2078; x_wconf 91' lang='lat' dir='ltr'>eo</span> <span class='ocrx_word' id='word_1_139' title='bbox 907 2025 1217 2095; x_wconf 88' lang='lat' dir='ltr'>denegatus</span> <span class='ocrx_word' id='word_1_140' title='bbox 1246 2026 1393 2079; x_wconf 86' lang='lat' dir='ltr'>forte</span> <span class='ocrx_word' id='word_1_141' title='bbox 1423 2025 1609 2079; x_wconf 83' lang='lat' dir='ltr'>fuerat</span> <span class='ocrx_word' id='word_1_142' title='bbox 1633 2023 1830 2094; x_wconf 88' lang='lat' dir='ltr'>Bapti-</span> 
     </span>
    </p>
   </div>
   <div class='ocr_carea' id='block_1_21' title="bbox 116 2110 1830 2183">
    <p class='ocr_par' dir='ltr' id='par_1_21' title="bbox 116 2110 1830 2183">
     <span class='ocr_line' id='line_1_21' title="bbox 116 2110 1830 2183; baseline 0 -19"><span class='ocrx_word' id='word_1_143' title='bbox 116 2127 302 2176; x_wconf 89' lang='lat' dir='ltr'>smus,</span> <span class='ocrx_word' id='word_1_144' title='bbox 338 2112 495 2182; x_wconf 90' lang='lat' dir='ltr'>quod</span> <span class='ocrx_word' id='word_1_145' title='bbox 526 2111 825 2181; x_wconf 91' lang='lat' dir='ltr'>repudiata</span> <span class='ocrx_word' id='word_1_146' title='bbox 852 2112 1042 2181; x_wconf 88' lang='lat' dir='ltr'>priore</span> <span class='ocrx_word' id='word_1_147' title='bbox 1075 2113 1315 2183; x_wconf 85' lang='lat' dir='ltr'>conjuge</span> <span class='ocrx_word' id='word_1_148' title='bbox 1345 2112 1512 2166; x_wconf 89' lang='lat' dir='ltr'>aliam</span> <span class='ocrx_word' id='word_1_149' title='bbox 1542 2112 1601 2165; x_wconf 91' lang='lat' dir='ltr'>in</span> <span class='ocrx_word' id='word_1_150' title='bbox 1632 2110 1830 2165; x_wconf 89' lang='lat' dir='ltr'>matri-</span> 
     </span>
    </p>
   </div>
   <div class='ocr_carea' id='block_1_22' title="bbox 118 2199 1831 2272">
    <p class='ocr_par' dir='ltr' id='par_1_22' title="bbox 118 2199 1831 2272">
     <span class='ocr_line' id='line_1_22' title="bbox 118 2199 1831 2272; baseline -0.001 -17"><span class='ocrx_word' id='word_1_151' title='bbox 118 2199 395 2255; x_wconf 86' lang='lat' dir='ltr'>monium</span> <span class='ocrx_word' id='word_1_152' title='bbox 434 2199 717 2254; x_wconf 84' lang='lat' dir='ltr'>duxerant</span> <span class='ocrx_word' id='word_1_153' title='bbox 748 2200 931 2270; x_wconf 84' lang='lat' dir='ltr'>(Ibid.,</span> <span class='ocrx_word' id='word_1_154' title='bbox 960 2217 1017 2255; x_wconf 82' lang='grc' dir='ltr'><strong>η.</strong></span> <span class='ocrx_word' id='word_1_155' title='bbox 1048 2202 1125 2272; x_wconf 93' lang='lat'>2).</span> <span class='ocrx_word' id='word_1_156' title='bbox 1160 2202 1296 2265; x_wconf 84' lang='lat' dir='ltr'>Quae</span> <span class='ocrx_word' id='word_1_157' title='bbox 1328 2217 1416 2254; x_wconf 90' lang='lat' dir='ltr'>res</span> <span class='ocrx_word' id='word_1_158' title='bbox 1445 2200 1831 2270; x_wconf 83' lang='lat' dir='ltr'>Augustinum</span> 
     </span>
    </p>
   </div>
   <div class='ocr_carea' id='block_1_23' title="bbox 118 2286 1832 2360">
    <p class='ocr_par' dir='ltr' id='par_1_23' title="bbox 118 2286 1832 2360">
     <span class='ocr_line' id='line_1_23' title="bbox 118 2286 1832 2360; baseline -0.002 -15"><span class='ocrx_word' id='word_1_159' title='bbox 118 2290 433 2360; x_wconf 85' lang='lat' dir='ltr'>compulit,</span> <span class='ocrx_word' id='word_1_160' title='bbox 478 2293 541 2343; x_wconf 89' lang='lat' dir='ltr'>ut</span> <span class='ocrx_word' id='word_1_161' title='bbox 579 2306 699 2345; x_wconf 91' lang='lat' dir='ltr'>non</span> <span class='ocrx_word' id='word_1_162' title='bbox 738 2290 926 2344; x_wconf 91' lang='lat' dir='ltr'>solum</span> <span class='ocrx_word' id='word_1_163' title='bbox 978 2291 1221 2357; x_wconf 90' lang='lat' dir='ltr'>doceret,</span> <span class='ocrx_word' id='word_1_164' title='bbox 1261 2306 1375 2360; x_wconf 90' lang='lat' dir='ltr'>qua</span> <span class='ocrx_word' id='word_1_165' title='bbox 1411 2286 1628 2343; x_wconf 82' lang='lat' dir='ltr'>ratione</span> <span class='ocrx_word' id='word_1_166' title='bbox 1658 2288 1832 2342; x_wconf 87' lang='lat' dir='ltr'>vitam</span> 
     </span>
    </p>
   </div>
   <div class='ocr_carea' id='block_1_24' title="bbox 122 2376 1830 2449">
    <p class='ocr_par' dir='ltr' id='par_1_24' title="bbox 122 2376 1830 2449">
     <span class='ocr_line' id='line_1_24' title="bbox 122 2376 1830 2449; baseline -0.001 -18"><span class='ocrx_word' id='word_1_167' title='bbox 122 2378 430 2433; x_wconf 88' lang='lat' dir='ltr'>instituere</span> <span class='ocrx_word' id='word_1_168' title='bbox 458 2378 720 2444; x_wconf 88' lang='lat' dir='ltr'>debeant,</span> <span class='ocrx_word' id='word_1_169' title='bbox 749 2378 849 2449; x_wconf 91' lang='lat' dir='ltr'>qui</span> <span class='ocrx_word' id='word_1_170' title='bbox 873 2378 1056 2448; x_wconf 88' lang='lat' dir='ltr'>gratia</span> <span class='ocrx_word' id='word_1_171' title='bbox 1087 2378 1295 2432; x_wconf 87' lang='lat' dir='ltr'>Christi</span> <span class='ocrx_word' id='word_1_172' title='bbox 1320 2383 1452 2432; x_wconf 89' lang='lat' dir='ltr'>sunt</span> <span class='ocrx_word' id='word_1_173' title='bbox 1478 2376 1830 2447; x_wconf 81' lang='lat' dir='ltr'>regenerati;</span> 
     </span>
    </p>
   </div>
   <div class='ocr_carea' id='block_1_25' title="bbox 122 2464 1832 2537">
    <p class='ocr_par' dir='ltr' id='par_1_25' title="bbox 122 2464 1832 2537">
     <span class='ocr_line' id='line_1_25' title="bbox 122 2464 1832 2537; baseline -0.002 -16"><span class='ocrx_word' id='word_1_174' title='bbox 122 2484 332 2521; x_wconf 83' lang='lat' dir='ltr'>verum</span> <span class='ocrx_word' id='word_1_175' title='bbox 390 2468 562 2520; x_wconf 89' lang='lat' dir='ltr'>etiam</span> <span class='ocrx_word' id='word_1_176' title='bbox 612 2468 809 2537; x_wconf 88' lang='lat' dir='ltr'>quales</span> <span class='ocrx_word' id='word_1_177' title='bbox 860 2483 978 2521; x_wconf 84' lang='lat' dir='ltr'>esse</span> <span class='ocrx_word' id='word_1_178' title='bbox 1015 2466 1329 2532; x_wconf 84' lang='lat' dir='ltr'>conveniat,</span> <span class='ocrx_word' id='word_1_179' title='bbox 1366 2465 1465 2537; x_wconf 88' lang='lat' dir='ltr'>qui</span> <span class='ocrx_word' id='word_1_180' title='bbox 1494 2464 1734 2535; x_wconf 90' lang='lat' dir='ltr'>cupiunt</span> <span class='ocrx_word' id='word_1_181' title='bbox 1762 2465 1832 2519; x_wconf 91' lang='lat' dir='ltr'>ad</span> 
     </span>
    </p>
   </div>
   <div class='ocr_carea' id='block_1_26' title="bbox 126 2554 1832 2627">
    <p class='ocr_par' dir='ltr' id='par_1_26' title="bbox 126 2554 1832 2627">
     <span class='ocr_line' id='line_1_26' title="bbox 126 2554 1832 2627; baseline -0.002 -18"><span class='ocrx_word' id='word_1_182' title='bbox 126 2558 423 2610; x_wconf 77' lang='lat' dir='ltr'>lavacrum</span> <span class='ocrx_word' id='word_1_183' title='bbox 456 2555 911 2627; x_wconf 82' lang='lat' dir='ltr'>regenerationis</span> <span class='ocrx_word' id='word_1_184' title='bbox 942 2556 1185 2609; x_wconf 88' lang='lat' dir='ltr'>admitti.</span> <span class='ocrx_word' id='word_1_185' title='bbox 1217 2556 1353 2619; x_wconf 81' lang='lat' dir='ltr'>Quae</span> <span class='ocrx_word' id='word_1_186' title='bbox 1380 2559 1497 2609; x_wconf 89' lang='lat' dir='ltr'>toto</span> <span class='ocrx_word' id='word_1_187' title='bbox 1542 2554 1832 2608; x_wconf 86' lang='lat' dir='ltr'>volumine</span> 
     </span>
    </p>
   </div>
   <div class='ocr_carea' id='block_1_27' title="bbox 126 2643 1836 2716">
    <p class='ocr_par' dir='ltr' id='par_1_27' title="bbox 126 2643 1836 2716">
     <span class='ocr_line' id='line_1_27' title="bbox 126 2643 1836 2716; baseline -0.001 -19"><span class='ocrx_word' id='word_1_188' title='bbox 126 2645 541 2716; x_wconf 82' lang='lat' dir='ltr'>disputaverat,</span> <span class='ocrx_word' id='word_1_189' title='bbox 576 2661 642 2697; x_wconf 89' lang='lat' dir='ltr'>ea</span> <span class='ocrx_word' id='word_1_190' title='bbox 669 2644 851 2715; x_wconf 87' lang='lat' dir='ltr'>capite</span> <span class='ocrx_word' id='word_1_191' title='bbox 882 2644 1087 2698; x_wconf 88' lang='lat' dir='ltr'>ultimo</span> <span class='ocrx_word' id='word_1_192' title='bbox 1118 2645 1272 2698; x_wconf 90' lang='lat' dir='ltr'>velut</span> <span class='ocrx_word' id='word_1_193' title='bbox 1301 2643 1360 2697; x_wconf 86' lang='lat' dir='ltr'>in</span> <span class='ocrx_word' id='word_1_194' title='bbox 1384 2644 1593 2697; x_wconf 89' lang='lat' dir='ltr'>fascem</span> <span class='ocrx_word' id='word_1_195' title='bbox 1614 2646 1836 2696; x_wconf 88' lang='lat' dir='ltr'>revocat</span> 
     </span>
    </p>
   </div>
   <div class='ocr_carea' id='block_1_28' title="bbox 126 2734 1282 2806">
    <p class='ocr_par' dir='ltr' id='par_1_28' title="bbox 126 2734 1282 2806">
     <span class='ocr_line' id='line_1_28' title="bbox 126 2734 1282 2806; baseline -0.003 -17"><span class='ocrx_word' id='word_1_196' title='bbox 126 2736 470 2806; x_wconf 82' lang='lat' dir='ltr'>colligitque</span> <span class='ocrx_word' id='word_1_197' title='bbox 504 2736 765 2803; x_wconf 82' lang='lat' dir='ltr'>(Retract.</span> <span class='ocrx_word' id='word_1_198' title='bbox 798 2736 898 2789; x_wconf 90' lang='lat' dir='ltr'>lib.</span> <span class='ocrx_word' id='word_1_199' title='bbox 936 2737 991 2801; x_wconf 92' lang='lat'>2,</span> <span class='ocrx_word' id='word_1_200' title='bbox 1024 2749 1144 2802; x_wconf 85' lang='lat' dir='ltr'>cap.</span> <span class='ocrx_word' id='word_1_201' title='bbox 1173 2734 1282 2802; x_wconf 89' lang='lat'>38).</span> 
     </span>
    </p>
   </div>
   <div class='ocr_carea' id='block_1_29' title="bbox 194 2820 1837 2891">
    <p class='ocr_par' dir='ltr' id='par_1_29' title="bbox 194 2820 1837 2891">
     <span class='ocr_line' id='line_1_29' title="bbox 194 2820 1837 2891; baseline -0.004 -14"><span class='ocrx_word' id='word_1_202' title='bbox 194 2828 247 2878; x_wconf 89' lang='lat'>2.</span> <span class='ocrx_word' id='word_1_203' title='bbox 288 2824 456 2878; x_wconf 90' lang='lat' dir='ltr'>Idem</span> <span class='ocrx_word' id='word_1_204' title='bbox 488 2823 692 2877; x_wconf 90' lang='lat' dir='ltr'>eodem</span> <span class='ocrx_word' id='word_1_205' title='bbox 732 2822 953 2876; x_wconf 89' lang='lat' dir='ltr'>circiter</span> <span class='ocrx_word' id='word_1_206' title='bbox 998 2826 1258 2891; x_wconf 89' lang='lat' dir='ltr'>tempore</span> <span class='ocrx_word' id='word_1_207' title='bbox 1296 2820 1462 2891; x_wconf 87' lang='lat' dir='ltr'>ponit</span> <span class='ocrx_word' id='word_1_208' title='bbox 1499 2820 1837 2890; x_wconf 88' lang='lat' dir='ltr'>opusculum</span> 
     </span>
    </p>
   </div>
   <div class='ocr_carea' id='block_1_30' title="bbox 126 2907 1831 2983">
    <p class='ocr_par' dir='ltr' id='par_1_30' title="bbox 126 2907 1831 2983">
     <span class='ocr_line' id='line_1_30' title="bbox 126 2907 1831 2983; baseline -0.002 -18"><span class='ocrx_word' id='word_1_209' title='bbox 126 2912 289 2980; x_wconf 90' lang='lat' dir='ltr'>illud,</span> <span class='ocrx_word' id='word_1_210' title='bbox 330 2911 482 2983; x_wconf 90' lang='lat' dir='ltr'>quod</span> <span class='ocrx_word' id='word_1_211' title='bbox 515 2911 769 2965; x_wconf 59' lang='lat' dir='ltr'>Paulinae</span> <span class='ocrx_word' id='word_1_212' title='bbox 796 2912 863 2965; x_wconf 89' lang='lat' dir='ltr'>de</span> <span class='ocrx_word' id='word_1_213' title='bbox 902 2910 1145 2965; x_wconf 90' lang='lat' dir='ltr'>videndo</span> <span class='ocrx_word' id='word_1_214' title='bbox 1180 2912 1292 2964; x_wconf 87' lang='lat' dir='ltr'>Deo</span> <span class='ocrx_word' id='word_1_215' title='bbox 1323 2909 1625 2979; x_wconf 87' lang='lat' dir='ltr'>scripserat</span> <span class='ocrx_word' id='word_1_216' title='bbox 1649 2907 1831 2978; x_wconf 83' lang='lat' dir='ltr'>(Ibid.,</span> 
     </span>
    </p>
   </div>
   <div class='ocr_carea' id='block_1_31' title="bbox 123 2998 1837 3070">
    <p class='ocr_par' dir='ltr' id='par_1_31' title="bbox 123 2998 1837 3070">
     <span class='ocr_line' id='line_1_31' title="bbox 123 2998 1837 3070; baseline -0.004 -16"><span class='ocrx_word' id='word_1_217' title='bbox 123 3017 242 3070; x_wconf 87' lang='lat' dir='ltr'>cap.</span> <span class='ocrx_word' id='word_1_218' title='bbox 304 3000 420 3070; x_wconf 81' lang='grc'><strong>41).</strong></span> <span class='ocrx_word' id='word_1_219' title='bbox 467 3001 583 3054; x_wconf 91' lang='lat' dir='ltr'>Hoc</span> <span class='ocrx_word' id='word_1_220' title='bbox 612 2999 671 3052; x_wconf 89' lang='lat' dir='ltr'>in</span> <span class='ocrx_word' id='word_1_221' title='bbox 707 3015 880 3069; x_wconf 90' lang='lat' dir='ltr'>opere</span> <span class='ocrx_word' id='word_1_222' title='bbox 923 3000 1090 3069; x_wconf 87' lang='lat' dir='ltr'>quale</span> <span class='ocrx_word' id='word_1_223' title='bbox 1128 2998 1200 3051; x_wconf 89' lang='lat' dir='ltr'>sit</span> <span class='ocrx_word' id='word_1_224' title='bbox 1226 2998 1483 3052; x_wconf 91' lang='lat' dir='ltr'>futurum</span> <span class='ocrx_word' id='word_1_225' title='bbox 1516 3000 1640 3066; x_wconf 89' lang='lat' dir='ltr'>post</span> <span class='ocrx_word' id='word_1_226' title='bbox 1669 3010 1837 3065; x_wconf 89' lang='lat' dir='ltr'>gene-</span> 
     </span>
    </p>
   </div>
   <div class='ocr_carea' id='block_1_32' title="bbox 124 3087 1837 3155">
    <p class='ocr_par' dir='ltr' id='par_1_32' title="bbox 124 3087 1837 3155">
     <span class='ocr_line' id='line_1_32' title="bbox 124 3087 1837 3155; baseline -0.004 -13"><span class='ocrx_word' id='word_1_227' title='bbox 124 3090 314 3143; x_wconf 82' lang='lat' dir='ltr'>ralem</span> <span class='ocrx_word' id='word_1_228' title='bbox 344 3088 821 3142; x_wconf 87' lang='lat' dir='ltr'>resurrectionem</span> <span class='ocrx_word' id='word_1_229' title='bbox 844 3087 1140 3140; x_wconf 87' lang='lat' dir='ltr'>beatorum</span> <span class='ocrx_word' id='word_1_230' title='bbox 1171 3101 1396 3155; x_wconf 90' lang='lat' dir='ltr'>corpus,</span> <span class='ocrx_word' id='word_1_231' title='bbox 1428 3088 1690 3138; x_wconf 88' lang='lat' dir='ltr'>utrumve</span> <span class='ocrx_word' id='word_1_232' title='bbox 1737 3098 1837 3136; x_wconf 90' lang='lat' dir='ltr'>na-</span> 
     </span>
    </p>
   </div>
   <div class='ocr_carea' id='block_1_33' title="bbox 126 3174 1835 3247">
    <p class='ocr_par' dir='ltr' id='par_1_33' title="bbox 126 3174 1835 3247">
     <span class='ocr_line' id='line_1_33' title="bbox 126 3174 1835 3247; baseline -0.005 -16"><span class='ocrx_word' id='word_1_233' title='bbox 126 3185 327 3232; x_wconf 89' lang='lat' dir='ltr'>turam</span> <span class='ocrx_word' id='word_1_234' title='bbox 358 3177 739 3247; x_wconf 88' lang='lat' dir='ltr'>spiritualem,</span> <span class='ocrx_word' id='word_1_235' title='bbox 774 3174 1093 3245; x_wconf 91' lang='lat' dir='ltr'>cujusmodi</span> <span class='ocrx_word' id='word_1_236' title='bbox 1124 3175 1270 3228; x_wconf 89' lang='lat' dir='ltr'>Deus</span> <span class='ocrx_word' id='word_1_237' title='bbox 1303 3178 1407 3241; x_wconf 89' lang='lat' dir='ltr'>est,</span> <span class='ocrx_word' id='word_1_238' title='bbox 1441 3188 1673 3226; x_wconf 88' lang='lat' dir='ltr'>cernere</span> <span class='ocrx_word' id='word_1_239' title='bbox 1702 3187 1835 3224; x_wconf 91' lang='lat' dir='ltr'>ocu-</span> 
     </span>
    </p>
   </div>
   <div class='ocr_carea' id='block_1_34' title="bbox 129 3259 1835 3336">
    <p class='ocr_par' dir='ltr' id='par_1_34' title="bbox 129 3259 1835 3336">
     <span class='ocr_line' id='line_1_34' title="bbox 129 3259 1835 3336; baseline -0.004 -18"><span class='ocrx_word' id='word_1_240' title='bbox 129 3266 193 3319; x_wconf 90' lang='lat' dir='ltr'>lis</span> <span class='ocrx_word' id='word_1_241' title='bbox 220 3267 438 3336; x_wconf 88' lang='lat' dir='ltr'>possit,</span> <span class='ocrx_word' id='word_1_242' title='bbox 469 3264 774 3333; x_wconf 86' lang='lat' dir='ltr'>discutere,</span> <span class='ocrx_word' id='word_1_243' title='bbox 806 3262 984 3317; x_wconf 88' lang='lat' dir='ltr'>sancti</span> <span class='ocrx_word' id='word_1_244' title='bbox 1016 3261 1269 3316; x_wconf 90' lang='lat' dir='ltr'>Doctoris</span> <span class='ocrx_word' id='word_1_245' title='bbox 1297 3278 1411 3315; x_wconf 90' lang='lat' dir='ltr'>non</span> <span class='ocrx_word' id='word_1_246' title='bbox 1435 3264 1518 3314; x_wconf 89' lang='lat' dir='ltr'>est</span> <span class='ocrx_word' id='word_1_247' title='bbox 1535 3259 1835 3313; x_wconf 88' lang='lat' dir='ltr'>consilium</span> 
     </span>
    </p>
   </div>
   <div class='ocr_carea' id='block_1_35' title="bbox 128 3347 1837 3423">
    <p class='ocr_par' dir='ltr' id='par_1_35' title="bbox 128 3347 1837 3423">
     <span class='ocr_line' id='line_1_35' title="bbox 128 3347 1837 3423; baseline -0.006 -14"><span class='ocrx_word' id='word_1_248' title='bbox 128 3355 300 3423; x_wconf 80' lang='lat' dir='ltr'>(Ibid.</span> <span class='ocrx_word' id='word_1_249' title='bbox 355 3359 406 3407; x_wconf 85' lang='lat' dir='ltr'>et</span> <span class='ocrx_word' id='word_1_250' title='bbox 449 3355 628 3422; x_wconf 88' lang='lat' dir='ltr'>Epist.</span> <span class='ocrx_word' id='word_1_251' title='bbox 686 3355 807 3420; x_wconf 83' lang='grc'><strong>147,</strong></span> <span class='ocrx_word' id='word_1_252' title='bbox 860 3369 917 3406; x_wconf 70' lang='grc' dir='ltr'>τι.</span> <span class='ocrx_word' id='word_1_253' title='bbox 971 3352 1081 3422; x_wconf 85' lang='grc'><strong>49).</strong></span> <span class='ocrx_word' id='word_1_254' title='bbox 1140 3350 1393 3420; x_wconf 87' lang='lat' dir='ltr'>Spondet</span> <span class='ocrx_word' id='word_1_255' title='bbox 1434 3352 1647 3409; x_wconf 90' lang='lat' dir='ltr'>autem,</span> <span class='ocrx_word' id='word_1_256' title='bbox 1680 3363 1737 3401; x_wconf 91' lang='lat' dir='ltr'>se</span> <span class='ocrx_word' id='word_1_257' title='bbox 1778 3347 1837 3400; x_wconf 91' lang='lat' dir='ltr'>in</span> 
     </span>
    </p>
   </div>
   <div class='ocr_carea' id='block_1_36' title="bbox 130 3437 1835 3512">
    <p class='ocr_par' dir='ltr' id='par_1_36' title="bbox 130 3437 1835 3512">
     <span class='ocr_line' id='line_1_36' title="bbox 130 3437 1835 3512; baseline -0.005 -14"><span class='ocrx_word' id='word_1_258' title='bbox 130 3443 623 3498; x_wconf 86' lang='lat' dir='ltr'>commentatione</span> <span class='ocrx_word' id='word_1_259' title='bbox 652 3441 921 3512; x_wconf 90' lang='lat' dir='ltr'>quapiam</span> <span class='ocrx_word' id='word_1_260' title='bbox 954 3457 1019 3493; x_wconf 83' lang='lat' dir='ltr'>ex</span> <span class='ocrx_word' id='word_1_261' title='bbox 1050 3440 1326 3509; x_wconf 86' lang='lat' dir='ltr'>professo,</span> <span class='ocrx_word' id='word_1_262' title='bbox 1360 3438 1406 3491; x_wconf 91' lang='lat' dir='ltr'>si</span> <span class='ocrx_word' id='word_1_263' title='bbox 1437 3439 1584 3492; x_wconf 90' lang='lat' dir='ltr'>Deus</span> <span class='ocrx_word' id='word_1_264' title='bbox 1601 3437 1835 3507; x_wconf 88' lang='lat' dir='ltr'>juverit,</span> 
     </span>
    </p>
   </div>
   <div class='ocr_carea' id='block_1_37' title="bbox 132 3528 1839 3601">
    <p class='ocr_par' dir='ltr' id='par_1_37' title="bbox 132 3528 1839 3601">
     <span class='ocr_line' id='line_1_37' title="bbox 132 3528 1839 3601; baseline -0.006 -13"><span class='ocrx_word' id='word_1_265' title='bbox 132 3536 237 3590; x_wconf 90' lang='lat' dir='ltr'>hac</span> <span class='ocrx_word' id='word_1_266' title='bbox 293 3533 367 3587; x_wconf 88' lang='lat' dir='ltr'>de</span> <span class='ocrx_word' id='word_1_267' title='bbox 407 3548 469 3585; x_wconf 89' lang='lat' dir='ltr'>re</span> <span class='ocrx_word' id='word_1_268' title='bbox 524 3531 947 3601; x_wconf 85' lang='lat' dir='ltr'>disputaturum</span> <span class='ocrx_word' id='word_1_269' title='bbox 992 3529 1187 3599; x_wconf 82' lang='lat' dir='ltr'>(Epist.</span> <span class='ocrx_word' id='word_1_270' title='bbox 1240 3531 1359 3594; x_wconf 82' lang='grc'><strong>147,</strong></span> <span class='ocrx_word' id='word_1_271' title='bbox 1388 3543 1441 3580; x_wconf 78' lang='grc' dir='ltr'><strong>η.</strong></span> <span class='ocrx_word' id='word_1_272' title='bbox 1482 3528 1589 3597; x_wconf 65' lang='lat' dir='ltr'>Si).</span> <span class='ocrx_word' id='word_1_273' title='bbox 1623 3528 1689 3580; x_wconf 89' lang='lat' dir='ltr'>Et</span> <span class='ocrx_word' id='word_1_274' title='bbox 1714 3542 1839 3579; x_wconf 90' lang='lat' dir='ltr'>eam</span> 
     </span>
    </p>
   </div>
   <div class='ocr_carea' id='block_1_38' title="bbox 132 3616 1837 3693">
    <p class='ocr_par' dir='ltr' id='par_1_38' title="bbox 132 3616 1837 3693">
     <span class='ocr_line' id='line_1_38' title="bbox 132 3616 1837 3693; baseline -0.006 -15"><span class='ocrx_word' id='word_1_275' title='bbox 132 3623 374 3693; x_wconf 86' lang='lat' dir='ltr'>quidem</span> <span class='ocrx_word' id='word_1_276' title='bbox 406 3620 553 3673; x_wconf 91' lang='lat' dir='ltr'>libro</span> <span class='ocrx_word' id='word_1_277' title='bbox 582 3619 650 3673; x_wconf 91' lang='lat' dir='ltr'>de</span> <span class='ocrx_word' id='word_1_278' title='bbox 671 3618 904 3674; x_wconf 90' lang='lat' dir='ltr'>Civitate</span> <span class='ocrx_word' id='word_1_279' title='bbox 927 3617 1027 3671; x_wconf 91' lang='lat' dir='ltr'>Dei</span> <span class='ocrx_word' id='word_1_280' title='bbox 1047 3616 1322 3687; x_wconf 89' lang='lat' dir='ltr'>vigesimo</span> <span class='ocrx_word' id='word_1_281' title='bbox 1348 3616 1594 3669; x_wconf 91' lang='lat' dir='ltr'>secundo</span> <span class='ocrx_word' id='word_1_282' title='bbox 1618 3618 1837 3669; x_wconf 87' lang='lat' dir='ltr'>tractat.</span> 
     </span>
    </p>
   </div>
   <div class='ocr_carea' id='block_1_39' title="bbox 133 3703 1837 3781">
    <p class='ocr_par' dir='ltr' id='par_1_39' title="bbox 133 3703 1837 3781">
     <span class='ocr_line' id='line_1_39' title="bbox 133 3703 1837 3781; baseline -0.005 -18"><span class='ocrx_word' id='word_1_283' title='bbox 133 3711 261 3781; x_wconf 83' lang='lat' dir='ltr'>Egit</span> <span class='ocrx_word' id='word_1_284' title='bbox 296 3724 528 3779; x_wconf 90' lang='lat' dir='ltr'>quoque</span> <span class='ocrx_word' id='word_1_285' title='bbox 576 3707 643 3760; x_wconf 92' lang='lat' dir='ltr'>de</span> <span class='ocrx_word' id='word_1_286' title='bbox 690 3706 798 3760; x_wconf 91' lang='lat' dir='ltr'>hoc</span> <span class='ocrx_word' id='word_1_287' title='bbox 833 3709 1172 3775; x_wconf 84' lang='lat' dir='ltr'>argumento</span> <span class='ocrx_word' id='word_1_288' title='bbox 1203 3704 1263 3757; x_wconf 92' lang='lat' dir='ltr'>in</span> <span class='ocrx_word' id='word_1_289' title='bbox 1292 3704 1542 3775; x_wconf 87' lang='lat' dir='ltr'>quadam</span> <span class='ocrx_word' id='word_1_290' title='bbox 1574 3703 1837 3773; x_wconf 80' lang='lat' dir='ltr'>epistola,</span> 
     </span>
    </p>
   </div>
   <div class='ocr_carea' id='block_1_40' title="bbox 132 3791 1839 3869">
    <p class='ocr_par' dir='ltr' id='par_1_40' title="bbox 132 3791 1839 3869">
     <span class='ocr_line' id='line_1_40' title="bbox 132 3791 1839 3869; baseline -0.005 -18"><span class='ocrx_word' id='word_1_291' title='bbox 132 3798 293 3869; x_wconf 89' lang='lat' dir='ltr'>quod</span> <span class='ocrx_word' id='word_1_292' title='bbox 320 3795 837 3851; x_wconf 87' lang='lat' dir='ltr'>Commonitorium</span> <span class='ocrx_word' id='word_1_293' title='bbox 877 3794 947 3847; x_wconf 88' lang='lat' dir='ltr'>ad</span> <span class='ocrx_word' id='word_1_294' title='bbox 991 3792 1323 3863; x_wconf 86' lang='lat' dir='ltr'>episcopum</span> <span class='ocrx_word' id='word_1_295' title='bbox 1348 3791 1679 3857; x_wconf 26' lang='lat' dir='ltr'>,Sicceusem</span> <span class='ocrx_word' id='word_1_296' title='bbox 1713 3791 1839 3843; x_wconf 84' lang='lat' dir='ltr'>For-</span> 
     </span>
    </p>
   </div>
   <div class='ocr_carea' id='block_1_41' title="bbox 135 3880 1839 3952">
    <p class='ocr_par' dir='ltr' id='par_1_41' title="bbox 135 3880 1839 3952">
     <span class='ocr_line' id='line_1_41' title="bbox 135 3880 1839 3952; baseline -0.006 -10"><span class='ocrx_word' id='word_1_297' title='bbox 135 3886 505 3942; x_wconf 86' lang='lat' dir='ltr'>tunatianum</span> <span class='ocrx_word' id='word_1_298' title='bbox 530 3887 693 3937; x_wconf 83' lang='lat' dir='ltr'>vocat</span> <span class='ocrx_word' id='word_1_299' title='bbox 720 3884 1038 3952; x_wconf 84' lang='lat' dir='ltr'>(Retractat.</span> <span class='ocrx_word' id='word_1_300' title='bbox 1072 3882 1167 3936; x_wconf 88' lang='lat' dir='ltr'>lib.</span> <span class='ocrx_word' id='word_1_301' title='bbox 1199 3884 1253 3947; x_wconf 88' lang='lat'>2,</span> <span class='ocrx_word' id='word_1_302' title='bbox 1287 3896 1407 3950; x_wconf 86' lang='lat' dir='ltr'>cap.</span> <span class='ocrx_word' id='word_1_303' title='bbox 1439 3882 1501 3935; x_wconf 87' lang='grc'>41</span> <span class='ocrx_word' id='word_1_304' title='bbox 1530 3899 1544 3946; x_wconf 85' lang='grc'><strong>;</strong></span> <span class='ocrx_word' id='word_1_305' title='bbox 1574 3884 1623 3933; x_wconf 83' lang='lat' dir='ltr'>ct</span> <span class='ocrx_word' id='word_1_306' title='bbox 1663 3880 1839 3947; x_wconf 84' lang='lat' dir='ltr'>Epist.</span> 
     </span>
    </p>
   </div>
   <div class='ocr_carea' id='block_1_42' title="bbox 141 3966 1846 4044">
    <p class='ocr_par' dir='ltr' id='par_1_42' title="bbox 141 3966 1846 4044">
     <span class='ocr_line' id='line_1_42' title="bbox 141 3966 1846 4044; baseline -0.007 -13"><span class='ocrx_word' id='word_1_307' title='bbox 141 3976 260 4044; x_wconf 78' lang='grc'><strong>148)</strong></span> <span class='ocrx_word' id='word_1_308' title='bbox 294 3992 307 4029; x_wconf 90' lang='lat'><strong>:</strong></span> <span class='ocrx_word' id='word_1_309' title='bbox 333 3989 559 4028; x_wconf 89' lang='lat' dir='ltr'>necnon</span> <span class='ocrx_word' id='word_1_310' title='bbox 590 3972 649 4025; x_wconf 87' lang='lat' dir='ltr'>in</span> <span class='ocrx_word' id='word_1_311' title='bbox 679 3971 787 4025; x_wconf 88' lang='lat' dir='ltr'>alia</span> <span class='ocrx_word' id='word_1_312' title='bbox 809 3971 879 4024; x_wconf 91' lang='lat' dir='ltr'>ad</span> <span class='ocrx_word' id='word_1_313' title='bbox 906 3970 1157 4026; x_wconf 85' lang='lat' dir='ltr'>Italicam</span> <span class='ocrx_word' id='word_1_314' title='bbox 1179 3970 1467 4040; x_wconf 89' lang='lat' dir='ltr'>aliquanto</span> <span class='ocrx_word' id='word_1_315' title='bbox 1489 3973 1617 4022; x_wconf 88' lang='lat' dir='ltr'>ante</span> <span class='ocrx_word' id='word_1_316' title='bbox 1639 3966 1846 4036; x_wconf 88' lang='lat' dir='ltr'>scripta</span> 
     </span>
    </p>
   </div>
   <div class='ocr_carea' id='block_1_43' title="bbox 139 4056 1847 4133">
    <p class='ocr_par' dir='ltr' id='par_1_43' title="bbox 139 4056 1847 4133">
     <span class='ocr_line' id='line_1_43' title="bbox 139 4056 1847 4133; baseline -0.006 -15"><span class='ocrx_word' id='word_1_317' title='bbox 139 4067 345 4133; x_wconf 79' lang='lat' dir='ltr'>(Epist.</span> <span class='ocrx_word' id='word_1_318' title='bbox 402 4062 510 4131; x_wconf 83' lang='lat'>92).</span> <span class='ocrx_word' id='word_1_319' title='bbox 546 4061 607 4114; x_wconf 92' lang='lat' dir='ltr'>In</span> <span class='ocrx_word' id='word_1_320' title='bbox 637 4060 744 4113; x_wconf 89' lang='lat' dir='ltr'>hac</span> <span class='ocrx_word' id='word_1_321' title='bbox 771 4059 1009 4125; x_wconf 80' lang='lat' dir='ltr'>dixerat,</span> <span class='ocrx_word' id='word_1_322' title='bbox 1042 4058 1206 4112; x_wconf 90' lang='lat' dir='ltr'>istius</span> <span class='ocrx_word' id='word_1_323' title='bbox 1238 4057 1492 4128; x_wconf 88' lang='lat' dir='ltr'>corporis</span> <span class='ocrx_word' id='word_1_324' title='bbox 1522 4056 1714 4110; x_wconf 89' lang='lat' dir='ltr'>oculos</span> <span class='ocrx_word' id='word_1_325' title='bbox 1742 4071 1847 4108; x_wconf 91' lang='lat' dir='ltr'>nec</span> 
     </span>
    </p>
   </div>
   <div class='ocr_carea' id='block_1_44' title="bbox 140 4145 1845 4225">
    <p class='ocr_par' dir='ltr' id='par_1_44' title="bbox 140 4145 1845 4225">
     <span class='ocr_line' id='line_1_44' title="bbox 140 4145 1845 4225; baseline -0.005 -19"><span class='ocrx_word' id='word_1_326' title='bbox 140 4154 338 4225; x_wconf 83' lang='lat' dir='ltr'>videre</span> <span class='ocrx_word' id='word_1_327' title='bbox 384 4152 589 4215; x_wconf 88' lang='lat' dir='ltr'>Deum,</span> <span class='ocrx_word' id='word_1_328' title='bbox 622 4164 725 4201; x_wconf 92' lang='lat' dir='ltr'>nec</span> <span class='ocrx_word' id='word_1_329' title='bbox 768 4164 887 4201; x_wconf 89' lang='lat' dir='ltr'>esse</span> <span class='ocrx_word' id='word_1_330' title='bbox 917 4147 1165 4213; x_wconf 89' lang='lat' dir='ltr'>visuros;</span> <span class='ocrx_word' id='word_1_331' title='bbox 1200 4146 1269 4200; x_wconf 90' lang='lat' dir='ltr'>ad</span> <span class='ocrx_word' id='word_1_332' title='bbox 1301 4146 1355 4199; x_wconf 89' lang='lat' dir='ltr'>id</span> <span class='ocrx_word' id='word_1_333' title='bbox 1386 4145 1752 4199; x_wconf 87' lang='lat' dir='ltr'>asserendum</span> <span class='ocrx_word' id='word_1_334' title='bbox 1778 4160 1845 4197; x_wconf 95' lang='lat' dir='ltr'>eo</span> 
     </span>
    </p>
   </div>
   <div class='ocr_carea' id='block_1_45' title="bbox 141 4233 1849 4308">
    <p class='ocr_par' dir='ltr' id='par_1_45' title="bbox 141 4233 1849 4308">
     <span class='ocr_line' id='line_1_45' title="bbox 141 4233 1849 4308; baseline -0.006 -13"><span class='ocrx_word' id='word_1_335' title='bbox 141 4242 452 4305; x_wconf 88' lang='lat' dir='ltr'>adductus,</span> <span class='ocrx_word' id='word_1_336' title='bbox 486 4238 642 4308; x_wconf 91' lang='lat' dir='ltr'>quod</span> <span class='ocrx_word' id='word_1_337' title='bbox 671 4237 992 4291; x_wconf 89' lang='lat' dir='ltr'>timendum</span> <span class='ocrx_word' id='word_1_338' title='bbox 1024 4240 1190 4302; x_wconf 88' lang='lat' dir='ltr'>esset,</span> <span class='ocrx_word' id='word_1_339' title='bbox 1214 4250 1286 4288; x_wconf 91' lang='lat' dir='ltr'>ne</span> <span class='ocrx_word' id='word_1_340' title='bbox 1317 4236 1466 4287; x_wconf 92' lang='lat' dir='ltr'>Deus</span> <span class='ocrx_word' id='word_1_341' title='bbox 1493 4233 1613 4304; x_wconf 90' lang='lat' dir='ltr'>ipse</span> <span class='ocrx_word' id='word_1_342' title='bbox 1644 4248 1849 4302; x_wconf 90' lang='lat' dir='ltr'>corpo-</span> 
     </span>
    </p>
   </div>
   <div class='ocr_carea' id='block_1_46' title="bbox 142 4321 1851 4396">
    <p class='ocr_par' dir='ltr' id='par_1_46' title="bbox 142 4321 1851 4396">
     <span class='ocr_line' id='line_1_46' title="bbox 142 4321 1851 4396; baseline -0.006 -13"><span class='ocrx_word' id='word_1_343' title='bbox 142 4346 278 4384; x_wconf 89' lang='lat' dir='ltr'>reus</span> <span class='ocrx_word' id='word_1_344' title='bbox 306 4334 368 4382; x_wconf 90' lang='lat' dir='ltr'>et</span> <span class='ocrx_word' id='word_1_345' title='bbox 399 4327 462 4381; x_wconf 92' lang='lat' dir='ltr'>in</span> <span class='ocrx_word' id='word_1_346' title='bbox 490 4325 602 4380; x_wconf 90' lang='lat' dir='ltr'>loci</span> <span class='ocrx_word' id='word_1_347' title='bbox 634 4324 814 4396; x_wconf 90' lang='lat' dir='ltr'>spatio</span> <span class='ocrx_word' id='word_1_348' title='bbox 837 4324 1250 4394; x_wconf 90' lang='lat' dir='ltr'>intervalloque</span> <span class='ocrx_word' id='word_1_349' title='bbox 1270 4321 1507 4376; x_wconf 90' lang='lat' dir='ltr'>visibilis</span> <span class='ocrx_word' id='word_1_350' title='bbox 1528 4321 1851 4375; x_wconf 87' lang='lat' dir='ltr'>crederetur</span> 
     </span>
    </p>
   </div>
   <div class='ocr_carea' id='block_1_47' title="bbox 146 4410 1851 4487">
    <p class='ocr_par' dir='ltr' id='par_1_47' title="bbox 146 4410 1851 4487">
     <span class='ocr_line' id='line_1_47' title="bbox 146 4410 1851 4487; baseline -0.006 -15"><span class='ocrx_word' id='word_1_351' title='bbox 146 4420 348 4487; x_wconf 77' lang='lat' dir='ltr'>(Epist.</span> <span class='ocrx_word' id='word_1_352' title='bbox 400 4417 522 4481; x_wconf 76' lang='grc'><strong>148,</strong></span> <span class='ocrx_word' id='word_1_353' title='bbox 566 4430 621 4468; x_wconf 83' lang='grc' dir='ltr'><strong>η.</strong></span> <span class='ocrx_word' id='word_1_354' title='bbox 676 4418 727 4483; x_wconf 89' lang='grc'>1,</span> <span class='ocrx_word' id='word_1_355' title='bbox 756 4418 806 4468; x_wconf 75' lang='lat' dir='ltr'>et</span> <span class='ocrx_word' id='word_1_356' title='bbox 838 4415 1013 4481; x_wconf 84' lang='lat' dir='ltr'>Epist.</span> <span class='ocrx_word' id='word_1_357' title='bbox 1064 4416 1152 4477; x_wconf 78' lang='lat'>92,</span> <span class='ocrx_word' id='word_1_358' title='bbox 1194 4429 1246 4465; x_wconf 75' lang='grc' dir='ltr'><strong>η.</strong></span> <span class='ocrx_word' id='word_1_359' title='bbox 1272 4410 1347 4479; x_wconf 88' lang='lat'>3).</span> <span class='ocrx_word' id='word_1_360' title='bbox 1391 4411 1467 4464; x_wconf 83' lang='lat' dir='ltr'>Ea</span> <span class='ocrx_word' id='word_1_361' title='bbox 1493 4410 1714 4463; x_wconf 87' lang='lat' dir='ltr'>ratione</span> <span class='ocrx_word' id='word_1_362' title='bbox 1752 4424 1851 4462; x_wconf 84' lang='lat' dir='ltr'>an-</span> 
     </span>
    </p>
   </div>
   <div class='ocr_carea' id='block_1_48' title="bbox 150 4497 1854 4575">
    <p class='ocr_par' dir='ltr' id='par_1_48' title="bbox 150 4497 1854 4575">
     <span class='ocr_line' id='line_1_48' title="bbox 150 4497 1854 4575; baseline -0.006 -15"><span class='ocrx_word' id='word_1_363' title='bbox 150 4506 394 4560; x_wconf 86' lang='lat' dir='ltr'>tistitem</span> <span class='ocrx_word' id='word_1_364' title='bbox 426 4502 735 4575; x_wconf 89' lang='lat' dir='ltr'>quemdam</span> <span class='ocrx_word' id='word_1_365' title='bbox 766 4518 834 4555; x_wconf 83' lang='lat' dir='ltr'>ex</span> <span class='ocrx_word' id='word_1_366' title='bbox 864 4501 1060 4554; x_wconf 89' lang='lat' dir='ltr'>amicis</span> <span class='ocrx_word' id='word_1_367' title='bbox 1095 4498 1339 4554; x_wconf 88' lang='lat' dir='ltr'>Siccensi</span> <span class='ocrx_word' id='word_1_368' title='bbox 1366 4497 1591 4553; x_wconf 68' lang='lat' dir='ltr'>dioecesi</span> <span class='ocrx_word' id='word_1_369' title='bbox 1621 4497 1681 4550; x_wconf 89' lang='lat' dir='ltr'>in</span> <span class='ocrx_word' id='word_1_370' title='bbox 1710 4499 1854 4551; x_wconf 86' lang='lat' dir='ltr'>Pro-</span> 
     </span>
    </p>
   </div>
   <div class='ocr_carea' id='block_1_49' title="bbox 148 4585 1849 4658">
    <p class='ocr_par' dir='ltr' id='par_1_49' title="bbox 148 4585 1849 4658">
     <span class='ocr_line' id='line_1_49' title="bbox 148 4585 1849 4658; baseline -0.005 -11"><span class='ocrx_word' id='word_1_371' title='bbox 148 4592 440 4648; x_wconf 88' lang='lat' dir='ltr'>consulari</span> <span class='ocrx_word' id='word_1_372' title='bbox 470 4590 893 4646; x_wconf 90' lang='lat' dir='ltr'>conterminum</span> <span class='ocrx_word' id='word_1_373' title='bbox 927 4588 1220 4643; x_wconf 88' lang='lat' dir='ltr'>refellebat</span> <span class='ocrx_word' id='word_1_374' title='bbox 1249 4587 1418 4658; x_wconf 90' lang='lat' dir='ltr'>paulo</span> <span class='ocrx_word' id='word_1_375' title='bbox 1441 4585 1849 4652; x_wconf 88' lang='lat' dir='ltr'>vehementius,</span> 
     </span>
    </p>
   </div>
   <div class='ocr_carea' id='block_1_50' title="bbox 149 4674 1856 4749">
    <p class='ocr_par' dir='ltr' id='par_1_50' title="bbox 149 4674 1856 4749">
     <span class='ocr_line' id='line_1_50' title="bbox 149 4674 1856 4749; baseline -0.006 -12"><span class='ocrx_word' id='word_1_376' title='bbox 149 4684 224 4737; x_wconf 90' lang='lat' dir='ltr'>sic</span> <span class='ocrx_word' id='word_1_377' title='bbox 253 4681 521 4736; x_wconf 85' lang='lat' dir='ltr'>videlicet</span> <span class='ocrx_word' id='word_1_378' title='bbox 550 4682 752 4735; x_wconf 90' lang='lat' dir='ltr'>ardore</span> <span class='ocrx_word' id='word_1_379' title='bbox 781 4677 1245 4749; x_wconf 85' lang='lat' dir='ltr'>reprehensionis</span> <span class='ocrx_word' id='word_1_380' title='bbox 1274 4677 1560 4747; x_wconf 88' lang='lat' dir='ltr'>abreptus,</span> <span class='ocrx_word' id='word_1_381' title='bbox 1595 4679 1659 4728; x_wconf 92' lang='lat' dir='ltr'>ut</span> <span class='ocrx_word' id='word_1_382' title='bbox 1685 4674 1856 4728; x_wconf 82' lang='lat' dir='ltr'>verba</span> 
     </span>
    </p>
   </div>
   <div class='ocr_carea' id='block_1_51' title="bbox 149 4763 1858 4837">
    <p class='ocr_par' dir='ltr' id='par_1_51' title="bbox 149 4763 1858 4837">
     <span class='ocr_line' id='line_1_51' title="bbox 149 4763 1858 4837; baseline -0.006 -11"><span class='ocrx_word' id='word_1_383' title='bbox 149 4789 249 4826; x_wconf 88' lang='lat' dir='ltr'>sua</span> <span class='ocrx_word' id='word_1_384' title='bbox 280 4771 354 4826; x_wconf 90' lang='lat' dir='ltr'>ad</span> <span class='ocrx_word' id='word_1_385' title='bbox 382 4768 801 4824; x_wconf 83' lang='lat' dir='ltr'>observantiam</span> <span class='ocrx_word' id='word_1_386' title='bbox 836 4766 1147 4837; x_wconf 90' lang='lat' dir='ltr'>episcopali</span> <span class='ocrx_word' id='word_1_387' title='bbox 1174 4765 1437 4835; x_wconf 81' lang='lat' dir='ltr'>dignitati</span> <span class='ocrx_word' id='word_1_388' title='bbox 1458 4763 1709 4819; x_wconf 89' lang='lat' dir='ltr'>debitam</span> <span class='ocrx_word' id='word_1_389' title='bbox 1738 4778 1858 4817; x_wconf 91' lang='lat' dir='ltr'>non</span> 
     </span>
    </p>
   </div>
   <div class='ocr_carea' id='block_1_52' title="bbox 153 4853 1855 4928">
    <p class='ocr_par' dir='ltr' id='par_1_52' title="bbox 153 4853 1855 4928">
     <span class='ocr_line' id='line_1_52' title="bbox 153 4853 1855 4928; baseline -0.005 -15"><span class='ocrx_word' id='word_1_390' title='bbox 153 4860 288 4913; x_wconf 90' lang='lat' dir='ltr'>satis</span> <span class='ocrx_word' id='word_1_391' title='bbox 340 4858 622 4927; x_wconf 84' lang='lat' dir='ltr'>exigeret;</span> <span class='ocrx_word' id='word_1_392' title='bbox 658 4873 767 4928; x_wconf 89' lang='lat' dir='ltr'>qua</span> <span class='ocrx_word' id='word_1_393' title='bbox 799 4856 1033 4927; x_wconf 88' lang='lat' dir='ltr'>quidem</span> <span class='ocrx_word' id='word_1_394' title='bbox 1062 4855 1187 4923; x_wconf 85' lang='lat' dir='ltr'>lege</span> <span class='ocrx_word' id='word_1_395' title='bbox 1216 4870 1282 4908; x_wconf 91' lang='lat' dir='ltr'>eo</span> <span class='ocrx_word' id='word_1_396' title='bbox 1313 4869 1370 4907; x_wconf 91' lang='lat' dir='ltr'>se</span> <span class='ocrx_word' id='word_1_397' title='bbox 1398 4853 1588 4907; x_wconf 88' lang='lat' dir='ltr'>minus</span> <span class='ocrx_word' id='word_1_398' title='bbox 1622 4857 1855 4921; x_wconf 85' lang='lat' dir='ltr'>putave-</span> 
     </span>
    </p>
   </div>
   <div class='ocr_carea' id='block_1_53' title="bbox 152 4940 1859 5015">
    <p class='ocr_par' dir='ltr' id='par_1_53' title="bbox 152 4940 1859 5015">
     <span class='ocr_line' id='line_1_53' title="bbox 152 4940 1859 5015; baseline -0.005 -14"><span class='ocrx_word' id='word_1_399' title='bbox 152 4954 237 5001; x_wconf 85' lang='lat' dir='ltr'>rat</span> <span class='ocrx_word' id='word_1_400' title='bbox 271 4946 635 5011; x_wconf 83' lang='lat' dir='ltr'>obstrictum,</span> <span class='ocrx_word' id='word_1_401' title='bbox 670 4945 822 5015; x_wconf 90' lang='lat' dir='ltr'>quod</span> <span class='ocrx_word' id='word_1_402' title='bbox 869 4943 985 4996; x_wconf 89' lang='lat' dir='ltr'>suis</span> <span class='ocrx_word' id='word_1_403' title='bbox 1015 4942 1075 4995; x_wconf 93' lang='lat' dir='ltr'>in</span> <span class='ocrx_word' id='word_1_404' title='bbox 1108 4940 1308 4995; x_wconf 85' lang='lat' dir='ltr'>litteris</span> <span class='ocrx_word' id='word_1_405' title='bbox 1337 4940 1629 4995; x_wconf 88' lang='lat' dir='ltr'>neminem</span> <span class='ocrx_word' id='word_1_406' title='bbox 1661 4956 1723 4993; x_wconf 84' lang='lat' dir='ltr'>ex</span> <span class='ocrx_word' id='word_1_407' title='bbox 1755 4955 1859 4992; x_wconf 90' lang='lat' dir='ltr'>no-</span> 
     </span>
    </p>
   </div>
   <div class='ocr_carea' id='block_1_54' title="bbox 152 5026 1861 5104">
    <p class='ocr_par' dir='ltr' id='par_1_54' title="bbox 152 5026 1861 5104">
     <span class='ocr_line' id='line_1_54' title="bbox 152 5026 1861 5104; baseline -0.006 -15"><span class='ocrx_word' id='word_1_408' title='bbox 152 5036 310 5089; x_wconf 89' lang='lat' dir='ltr'>mine</span> <span class='ocrx_word' id='word_1_409' title='bbox 344 5035 680 5104; x_wconf 89' lang='lat' dir='ltr'>appellaret.</span> <span class='ocrx_word' id='word_1_410' title='bbox 718 5030 1092 5087; x_wconf 78' lang='lat' dir='ltr'>Nihilosecius</span> <span class='ocrx_word' id='word_1_411' title='bbox 1131 5034 1323 5083; x_wconf 89' lang='lat' dir='ltr'>tamen</span> <span class='ocrx_word' id='word_1_412' title='bbox 1354 5028 1411 5082; x_wconf 89' lang='lat' dir='ltr'>id</span> <span class='ocrx_word' id='word_1_413' title='bbox 1437 5027 1734 5098; x_wconf 88' lang='lat' dir='ltr'>episcopus</span> <span class='ocrx_word' id='word_1_414' title='bbox 1768 5026 1861 5079; x_wconf 86' lang='lat' dir='ltr'>ille</span> 
     </span>
    </p>
   </div>
   <div class='ocr_carea' id='block_1_55' title="bbox 151 5112 1856 5194">
    <p class='ocr_par' dir='ltr' id='par_1_55' title="bbox 151 5112 1856 5194">
     <span class='ocr_line' id='line_1_55' title="bbox 151 5112 1856 5194; baseline -0.006 -18"><span class='ocrx_word' id='word_1_415' title='bbox 151 5123 211 5176; x_wconf 88' lang='lat' dir='ltr'>in</span> <span class='ocrx_word' id='word_1_416' title='bbox 243 5117 511 5194; x_wconf 82' lang='lat' dir='ltr'>pejorem</span> <span class='ocrx_word' id='word_1_417' title='bbox 541 5120 1007 5192; x_wconf 89' lang='lat' dir='ltr'>partem,suique</span> <span class='ocrx_word' id='word_1_418' title='bbox 1039 5118 1179 5172; x_wconf 90' lang='lat' dir='ltr'>adeo</span> <span class='ocrx_word' id='word_1_419' title='bbox 1211 5116 1616 5171; x_wconf 86' lang='lat' dir='ltr'>contumeliam</span> <span class='ocrx_word' id='word_1_420' title='bbox 1647 5112 1856 5183; x_wconf 87' lang='lat' dir='ltr'>rapuit.</span> 
     </span>
    </p>
   </div>
   <div class='ocr_carea' id='block_1_56' title="bbox 154 5202 1858 5282">
    <p class='ocr_par' dir='ltr' id='par_1_56' title="bbox 154 5202 1858 5282">
     <span class='ocr_line' id='line_1_56' title="bbox 154 5202 1858 5282; baseline -0.006 -18"><span class='ocrx_word' id='word_1_421' title='bbox 154 5211 387 5282; x_wconf 86' lang='lat' dir='ltr'>Optavit</span> <span class='ocrx_word' id='word_1_422' title='bbox 432 5208 785 5278; x_wconf 76' lang='lat' dir='ltr'>Augustinus</span> <span class='ocrx_word' id='word_1_423' title='bbox 837 5223 967 5262; x_wconf 88' lang='lat' dir='ltr'>cum</span> <span class='ocrx_word' id='word_1_424' title='bbox 1014 5208 1111 5261; x_wconf 93' lang='lat' dir='ltr'>illo</span> <span class='ocrx_word' id='word_1_425' title='bbox 1150 5206 1343 5260; x_wconf 88' lang='lat' dir='ltr'>venire</span> <span class='ocrx_word' id='word_1_426' title='bbox 1381 5204 1441 5257; x_wconf 87' lang='lat' dir='ltr'>in</span> <span class='ocrx_word' id='word_1_427' title='bbox 1481 5202 1858 5273; x_wconf 87' lang='lat' dir='ltr'>colloquium;</span> 
     </span>
    </p>
   </div>
   <div class='ocr_carea' id='block_1_57' title="bbox 155 5290 1865 5371">
    <p class='ocr_par' dir='ltr' id='par_1_57' title="bbox 155 5290 1865 5371">
     <span class='ocr_line' id='line_1_57' title="bbox 155 5290 1865 5371; baseline -0.007 -16"><span class='ocrx_word' id='word_1_428' title='bbox 155 5317 392 5371; x_wconf 88' lang='lat' dir='ltr'>sperans</span> <span class='ocrx_word' id='word_1_429' title='bbox 424 5300 566 5369; x_wconf 82' lang='lat' dir='ltr'>fore,</span> <span class='ocrx_word' id='word_1_430' title='bbox 598 5302 663 5353; x_wconf 89' lang='lat' dir='ltr'>ut</span> <span class='ocrx_word' id='word_1_431' title='bbox 694 5298 817 5369; x_wconf 86' lang='lat' dir='ltr'>ejus</span> <span class='ocrx_word' id='word_1_432' title='bbox 847 5297 1105 5351; x_wconf 90' lang='lat' dir='ltr'>animum</span> <span class='ocrx_word' id='word_1_433' title='bbox 1135 5296 1241 5350; x_wconf 90' lang='lat' dir='ltr'>sibi</span> <span class='ocrx_word' id='word_1_434' title='bbox 1270 5292 1661 5348; x_wconf 86' lang='lat' dir='ltr'>reconciliaret</span> <span class='ocrx_word' id='word_1_435' title='bbox 1688 5290 1865 5361; x_wconf 90' lang='lat' dir='ltr'>petita</span> 
     </span>
    </p>
   </div>
   <div class='ocr_carea' id='block_1_58' title="bbox 157 5380 1866 5460">
    <p class='ocr_par' dir='ltr' id='par_1_58' title="bbox 157 5380 1866 5460">
     <span class='ocr_line' id='line_1_58' title="bbox 157 5380 1866 5460; baseline -0.006 -17"><span class='ocrx_word' id='word_1_436' title='bbox 157 5388 495 5460; x_wconf 87' lang='lat' dir='ltr'>suppliciter</span> <span class='ocrx_word' id='word_1_437' title='bbox 528 5387 714 5442; x_wconf 84' lang='lat' dir='ltr'>venia.</span> <span class='ocrx_word' id='word_1_438' title='bbox 749 5386 909 5450; x_wconf 86' lang='lat' dir='ltr'>Quod</span> <span class='ocrx_word' id='word_1_439' title='bbox 953 5401 1082 5439; x_wconf 92' lang='lat' dir='ltr'>cum</span> <span class='ocrx_word' id='word_1_440' title='bbox 1131 5387 1367 5439; x_wconf 90' lang='lat' dir='ltr'>conatus</span> <span class='ocrx_word' id='word_1_441' title='bbox 1399 5385 1565 5449; x_wconf 88' lang='lat' dir='ltr'>esset,</span> <span class='ocrx_word' id='word_1_442' title='bbox 1606 5380 1866 5434; x_wconf 81' lang='lat' dir='ltr'>scribente</span> 
     </span>
    </p>
   </div>
   <div class='ocr_carea' id='block_1_59' title="bbox 160 5469 1869 5549">
    <p class='ocr_par' dir='ltr' id='par_1_59' title="bbox 160 5469 1869 5549">
     <span class='ocr_line' id='line_1_59' title="bbox 160 5469 1869 5549; baseline -0.006 -17"><span class='ocrx_word' id='word_1_443' title='bbox 160 5478 236 5532; x_wconf 81' lang='lat' dir='ltr'>ad</span> <span class='ocrx_word' id='word_1_444' title='bbox 264 5495 406 5546; x_wconf 80' lang='lat' dir='ltr'>eum,</span> <span class='ocrx_word' id='word_1_445' title='bbox 425 5476 769 5549; x_wconf 77' lang='lat' dir='ltr'>inquit,viro</span> <span class='ocrx_word' id='word_1_446' title='bbox 792 5474 1107 5542; x_wconf 65' lang='lat' dir='ltr'>venerabili,</span> <span class='ocrx_word' id='word_1_447' title='bbox 1136 5473 1391 5541; x_wconf 82' lang='lat' dir='ltr'>nobisque</span> <span class='ocrx_word' id='word_1_448' title='bbox 1411 5470 1655 5526; x_wconf 82' lang='lat' dir='ltr'>omnibus</span> <span class='ocrx_word' id='word_1_449' title='bbox 1676 5469 1869 5522; x_wconf 81' lang='lat' dir='ltr'>honore</span> 
     </span>
    </p>
   </div>
   <div class='ocr_carea' id='block_1_60' title="bbox 161 5555 1869 5636">
    <p class='ocr_par' dir='ltr' id='par_1_60' title="bbox 161 5555 1869 5636">
     <span class='ocr_line' id='line_1_60' title="bbox 161 5555 1869 5636; baseline -0.008 -13"><span class='ocrx_word' id='word_1_450' title='bbox 161 5566 535 5636; x_wconf 70' lang='lat' dir='ltr'>praeferendo,</span> <span class='ocrx_word' id='word_1_451' title='bbox 581 5564 882 5633; x_wconf 86' lang='lat' dir='ltr'>nimirum,</span> <span class='ocrx_word' id='word_1_452' title='bbox 915 5568 980 5617; x_wconf 88' lang='lat' dir='ltr'>ut</span> <span class='ocrx_word' id='word_1_453' title='bbox 1008 5579 1112 5617; x_wconf 89' lang='lat' dir='ltr'>nos</span> <span class='ocrx_word' id='word_1_454' title='bbox 1138 5561 1604 5632; x_wconf 88' lang='lat' dir='ltr'>interpretamur,</span> <span class='ocrx_word' id='word_1_455' title='bbox 1639 5555 1869 5612; x_wconf 88' lang='lat' dir='ltr'>Aurelio</span> 
     </span>
    </p>
   </div>
   <div class='ocr_carea' id='block_1_61' title="bbox 519 5668 1102 5737">
    <p class='ocr_par' dir='ltr' id='par_1_61' title="bbox 519 5668 1102 5737">
     <span class='ocr_line' id='line_1_61' title="bbox 519 5668 1102 5737; baseline -0.007 -2"><span class='ocrx_word' id='word_1_456' title='bbox 519 5671 800 5737; x_wconf 76' lang='lat' dir='ltr'>PATROL.</span> <span class='ocrx_word' id='word_1_457' title='bbox 852 5668 1102 5736; x_wconf 83' lang='lat' dir='ltr'>XXXII.</span> 
     </span>
    </p>
   </div>
   <div class='ocr_carea' id='block_1_62' title="bbox 1548 305 2182 365">
    <p class='ocr_par' dir='ltr' id='par_1_62' title="bbox 1548 305 2182 365">
     <span class='ocr_line' id='line_1_62' title="bbox 1548 305 2182 365; baseline 0.009 -6"><span class='ocrx_word' id='word_1_458' title='bbox 1548 305 1757 361; x_wconf 81' lang='lat' dir='ltr'>LIBER</span> <span class='ocrx_word' id='word_1_459' title='bbox 1814 305 2182 365; x_wconf 81' lang='lat' dir='ltr'>SEPTIMUS.</span> 
     </span>
    </p>
   </div>
   <div class='ocr_carea' id='block_1_63' title="bbox 3525 330 3627 383">
    <p class='ocr_par' dir='ltr' id='par_1_63' title="bbox 3525 330 3627 383">
     <span class='ocr_line' id='line_1_63' title="bbox 3525 330 3627 383; baseline 0.02 -2"><span class='ocrx_word' id='word_1_460' title='bbox 3525 330 3627 383; x_wconf 82' lang='grc'>458</span> 
     </span>
    </p>
   </div>
   <div class='ocr_carea' id='block_1_64' title="bbox 1936 431 3628 504">
    <p class='ocr_par' dir='ltr' id='par_1_64' title="bbox 1936 431 3628 504">
     <span class='ocr_line' id='line_1_64' title="bbox 1936 431 3628 504; baseline 0.009 -19"><span class='ocrx_word' id='word_1_461' title='bbox 1936 431 2387 503; x_wconf 87' lang='lat' dir='ltr'>Carthaginensi,</span> <span class='ocrx_word' id='word_1_462' title='bbox 2439 437 2631 491; x_wconf 87' lang='lat' dir='ltr'>venire</span> <span class='ocrx_word' id='word_1_463' title='bbox 2677 438 2771 491; x_wconf 88' lang='lat' dir='ltr'>ille</span> <span class='ocrx_word' id='word_1_464' title='bbox 2820 438 3020 504; x_wconf 91' lang='lat' dir='ltr'>noluit,</span> <span class='ocrx_word' id='word_1_465' title='bbox 3066 440 3263 495; x_wconf 90' lang='lat' dir='ltr'>dolum</span> <span class='ocrx_word' id='word_1_466' title='bbox 3302 442 3541 499; x_wconf 85' lang='lat' dir='ltr'>forsitan</span> <span class='ocrx_word' id='word_1_467' title='bbox 3568 449 3628 501; x_wconf 92' lang='lat' dir='ltr'>in</span> 
     </span>
    </p>
   </div>
   <div class='ocr_carea' id='block_1_65' title="bbox 1933 522 3629 597">
    <p class='ocr_par' dir='ltr' id='par_1_65' title="bbox 1933 522 3629 597">
     <span class='ocr_line' id='line_1_65' title="bbox 1933 522 3629 597; baseline 0.009 -24"><span class='ocrx_word' id='word_1_468' title='bbox 1933 537 1990 573; x_wconf 92' lang='lat' dir='ltr'>se</span> <span class='ocrx_word' id='word_1_469' title='bbox 2034 522 2369 593; x_wconf 87' lang='lat' dir='ltr'>suspicatus,</span> <span class='ocrx_word' id='word_1_470' title='bbox 2411 525 2524 579; x_wconf 90' lang='lat' dir='ltr'>sive</span> <span class='ocrx_word' id='word_1_471' title='bbox 2565 525 2621 579; x_wconf 87' lang='lat' dir='ltr'>id</span> <span class='ocrx_word' id='word_1_472' title='bbox 2658 527 2974 597; x_wconf 84' lang='lat' dir='ltr'>Augustino</span> <span class='ocrx_word' id='word_1_473' title='bbox 3014 544 3132 583; x_wconf 89' lang='lat' dir='ltr'>esse</span> <span class='ocrx_word' id='word_1_474' title='bbox 3172 530 3352 584; x_wconf 90' lang='lat' dir='ltr'>animi</span> <span class='ocrx_word' id='word_1_475' title='bbox 3391 532 3629 588; x_wconf 90' lang='lat' dir='ltr'>illudere</span> 
     </span>
    </p>
   </div>
   <div class='ocr_carea' id='block_1_66' title="bbox 1932 607 3629 691">
    <p class='ocr_par' dir='ltr' id='par_1_66' title="bbox 1932 607 3629 691">
     <span class='ocr_line' id='line_1_66' title="bbox 1932 607 3629 691; baseline 0.009 -31"><span class='ocrx_word' id='word_1_476' title='bbox 1932 607 2064 678; x_wconf 91' lang='lat' dir='ltr'>ipsi,</span> <span class='ocrx_word' id='word_1_477' title='bbox 2096 615 2265 682; x_wconf 84' lang='lat' dir='ltr'>atque</span> <span class='ocrx_word' id='word_1_478' title='bbox 2307 613 2377 667; x_wconf 92' lang='lat' dir='ltr'>de</span> <span class='ocrx_word' id='word_1_479' title='bbox 2410 630 2603 667; x_wconf 90' lang='lat' dir='ltr'>errore</span> <span class='ocrx_word' id='word_1_480' title='bbox 2634 614 2907 669; x_wconf 90' lang='lat' dir='ltr'>insultare</span> <span class='ocrx_word' id='word_1_481' title='bbox 2941 633 2952 669; x_wconf 93' lang='lat'>:</span> <span class='ocrx_word' id='word_1_482' title='bbox 2988 617 3139 687; x_wconf 90' lang='lat' dir='ltr'>quod</span> <span class='ocrx_word' id='word_1_483' title='bbox 3165 618 3417 673; x_wconf 90' lang='lat' dir='ltr'>immane</span> <span class='ocrx_word' id='word_1_484' title='bbox 3448 637 3629 691; x_wconf 84' lang='lat' dir='ltr'>quan-</span> 
     </span>
    </p>
   </div>
   <div class='ocr_carea' id='block_1_67' title="bbox 1932 699 3632 772">
    <p class='ocr_par' dir='ltr' id='par_1_67' title="bbox 1932 699 3632 772">
     <span class='ocr_line' id='line_1_67' title="bbox 1932 699 3632 772; baseline 0.009 -23"><span class='ocrx_word' id='word_1_485' title='bbox 1932 700 2056 751; x_wconf 90' lang='lat' dir='ltr'>tum</span> <span class='ocrx_word' id='word_1_486' title='bbox 2100 699 2170 752; x_wconf 92' lang='lat' dir='ltr'>ab</span> <span class='ocrx_word' id='word_1_487' title='bbox 2214 701 2336 770; x_wconf 89' lang='lat' dir='ltr'>ejus</span> <span class='ocrx_word' id='word_1_488' title='bbox 2367 701 2597 772; x_wconf 87' lang='lat' dir='ltr'>ingenio</span> <span class='ocrx_word' id='word_1_489' title='bbox 2631 704 2991 759; x_wconf 85' lang='lat' dir='ltr'>abhorrebat.</span> <span class='ocrx_word' id='word_1_490' title='bbox 3023 709 3290 760; x_wconf 83' lang='lat' dir='ltr'>Attamen</span> <span class='ocrx_word' id='word_1_491' title='bbox 3321 708 3632 763; x_wconf 80' lang='lat' dir='ltr'>antistitem</span> 
     </span>
    </p>
   </div>
   <div class='ocr_carea' id='block_1_68' title="bbox 1934 785 3635 864">
    <p class='ocr_par' dir='ltr' id='par_1_68' title="bbox 1934 785 3635 864">
     <span class='ocr_line' id='line_1_68' title="bbox 1934 785 3635 864; baseline 0.008 -26"><span class='ocrx_word' id='word_1_492' title='bbox 1934 785 2098 840; x_wconf 90' lang='lat' dir='ltr'>illum</span> <span class='ocrx_word' id='word_1_493' title='bbox 2137 788 2465 844; x_wconf 90' lang='lat' dir='ltr'>adeundum</span> <span class='ocrx_word' id='word_1_494' title='bbox 2494 791 2603 845; x_wconf 92' lang='lat' dir='ltr'>sibi</span> <span class='ocrx_word' id='word_1_495' title='bbox 2631 791 2863 847; x_wconf 88' lang='lat' dir='ltr'>domum</span> <span class='ocrx_word' id='word_1_496' title='bbox 2897 809 3013 847; x_wconf 89' lang='lat' dir='ltr'>non</span> <span class='ocrx_word' id='word_1_497' title='bbox 3044 796 3286 864; x_wconf 78' lang='lat' dir='ltr'>putavit,</span> <span class='ocrx_word' id='word_1_498' title='bbox 3320 813 3404 857; x_wconf 85' lang='lat' dir='ltr'>ne,</span> <span class='ocrx_word' id='word_1_499' title='bbox 3450 797 3498 851; x_wconf 90' lang='lat' dir='ltr'>si</span> <span class='ocrx_word' id='word_1_500' title='bbox 3523 799 3635 852; x_wconf 89' lang='lat' dir='ltr'>mi-</span> 
     </span>
    </p>
   </div>
   <div class='ocr_carea' id='block_1_69' title="bbox 1936 876 3636 948">
    <p class='ocr_par' dir='ltr' id='par_1_69' title="bbox 1936 876 3636 948">
     <span class='ocr_line' id='line_1_69' title="bbox 1936 876 3636 948; baseline 0.009 -22"><span class='ocrx_word' id='word_1_501' title='bbox 1936 889 2042 926; x_wconf 90' lang='lat' dir='ltr'>nus</span> <span class='ocrx_word' id='word_1_502' title='bbox 2071 876 2493 932; x_wconf 82' lang='lat' dir='ltr'>excusationem</span> <span class='ocrx_word' id='word_1_503' title='bbox 2542 879 2632 932; x_wconf 87' lang='lat' dir='ltr'>ille</span> <span class='ocrx_word' id='word_1_504' title='bbox 2677 880 3020 948; x_wconf 85' lang='lat' dir='ltr'>admitteret,</span> <span class='ocrx_word' id='word_1_505' title='bbox 3060 882 3118 936; x_wconf 90' lang='lat' dir='ltr'>id</span> <span class='ocrx_word' id='word_1_506' title='bbox 3160 883 3531 940; x_wconf 69' lang='lat' dir='ltr'>offensionem</span> <span class='ocrx_word' id='word_1_507' title='bbox 3579 893 3636 942; x_wconf 92' lang='lat' dir='ltr'>et</span> 
     </span>
    </p>
   </div>
   <div class='ocr_carea' id='block_1_70' title="bbox 1935 963 3635 1041">
    <p class='ocr_par' dir='ltr' id='par_1_70' title="bbox 1935 963 3635 1041">
     <span class='ocr_line' id='line_1_70' title="bbox 1935 963 3635 1041; baseline 0.009 -27"><span class='ocrx_word' id='word_1_508' title='bbox 1935 963 2266 1020; x_wconf 86' lang='lat' dir='ltr'>scandalum</span> <span class='ocrx_word' id='word_1_509' title='bbox 2314 973 2541 1036; x_wconf 90' lang='lat' dir='ltr'>pareret</span> <span class='ocrx_word' id='word_1_510' title='bbox 2590 971 2783 1039; x_wconf 82' lang='lat' dir='ltr'>(Epist.</span> <span class='ocrx_word' id='word_1_511' title='bbox 2820 972 2940 1037; x_wconf 80' lang='grc'><strong>148,</strong></span> <span class='ocrx_word' id='word_1_512' title='bbox 2973 987 3030 1026; x_wconf 81' lang='grc' dir='ltr'><strong>η.</strong></span> <span class='ocrx_word' id='word_1_513' title='bbox 3064 973 3136 1041; x_wconf 81' lang='grc'>4).</span> <span class='ocrx_word' id='word_1_514' title='bbox 3184 974 3391 1028; x_wconf 87' lang='lat' dir='ltr'>Verum</span> <span class='ocrx_word' id='word_1_515' title='bbox 3421 991 3549 1029; x_wconf 92' lang='lat' dir='ltr'>cum</span> <span class='ocrx_word' id='word_1_516' title='bbox 3582 978 3635 1030; x_wconf 90' lang='lat' dir='ltr'>ei</span> 
     </span>
    </p>
   </div>
   <div class='ocr_carea' id='block_1_71' title="bbox 1936 1051 3632 1133">
    <p class='ocr_par' dir='ltr' id='par_1_71' title="bbox 1936 1051 3632 1133">
     <span class='ocr_line' id='line_1_71' title="bbox 1936 1051 3632 1133; baseline 0.009 -30"><span class='ocrx_word' id='word_1_517' title='bbox 1936 1051 2265 1121; x_wconf 89' lang='lat' dir='ltr'>contigisset</span> <span class='ocrx_word' id='word_1_518' title='bbox 2298 1055 2767 1111; x_wconf 88' lang='lat' dir='ltr'>Fortunatianum</span> <span class='ocrx_word' id='word_1_519' title='bbox 2809 1058 3139 1130; x_wconf 87' lang='lat' dir='ltr'>episcopum</span> <span class='ocrx_word' id='word_1_520' title='bbox 3168 1060 3380 1129; x_wconf 89' lang='lat' dir='ltr'>videre,</span> <span class='ocrx_word' id='word_1_521' title='bbox 3416 1068 3632 1133; x_wconf 91' lang='lat' dir='ltr'>quanto</span> 
     </span>
    </p>
   </div>
   <div class='ocr_carea' id='block_1_72' title="bbox 1936 1139 3637 1221">
    <p class='ocr_par' dir='ltr' id='par_1_72' title="bbox 1936 1139 3637 1221">
     <span class='ocr_line' id='line_1_72' title="bbox 1936 1139 3637 1221; baseline 0.01 -32"><span class='ocrx_word' id='word_1_522' title='bbox 1936 1139 1991 1190; x_wconf 87' lang='lat' dir='ltr'>et</span> <span class='ocrx_word' id='word_1_523' title='bbox 2021 1154 2194 1208; x_wconf 92' lang='lat' dir='ltr'>quam</span> <span class='ocrx_word' id='word_1_524' title='bbox 2223 1156 2354 1194; x_wconf 91' lang='lat' dir='ltr'>vero</span> <span class='ocrx_word' id='word_1_525' title='bbox 2386 1142 2580 1196; x_wconf 91' lang='lat' dir='ltr'>dolore</span> <span class='ocrx_word' id='word_1_526' title='bbox 2612 1144 2683 1197; x_wconf 92' lang='lat' dir='ltr'>ob</span> <span class='ocrx_word' id='word_1_527' title='bbox 2715 1145 2883 1199; x_wconf 89' lang='lat' dir='ltr'>amici</span> <span class='ocrx_word' id='word_1_528' title='bbox 2913 1146 3391 1203; x_wconf 89' lang='lat' dir='ltr'>abalienationem</span> <span class='ocrx_word' id='word_1_529' title='bbox 3419 1167 3637 1221; x_wconf 91' lang='lat' dir='ltr'>punge-</span> 
     </span>
    </p>
   </div>
   <div class='ocr_carea' id='block_1_73' title="bbox 1938 1227 3632 1305">
    <p class='ocr_par' dir='ltr' id='par_1_73' title="bbox 1938 1227 3632 1305">
     <span class='ocr_line' id='line_1_73' title="bbox 1938 1227 3632 1305; baseline 0.009 -27"><span class='ocrx_word' id='word_1_530' title='bbox 1938 1230 2112 1293; x_wconf 88' lang='lat' dir='ltr'>retur,</span> <span class='ocrx_word' id='word_1_531' title='bbox 2156 1227 2241 1281; x_wconf 90' lang='lat' dir='ltr'>illi</span> <span class='ocrx_word' id='word_1_532' title='bbox 2290 1230 2544 1298; x_wconf 88' lang='lat' dir='ltr'>aperuit;</span> <span class='ocrx_word' id='word_1_533' title='bbox 2582 1232 2866 1300; x_wconf 85' lang='lat' dir='ltr'>simulque</span> <span class='ocrx_word' id='word_1_534' title='bbox 2905 1236 3143 1304; x_wconf 88' lang='lat' dir='ltr'>rogavit,</span> <span class='ocrx_word' id='word_1_535' title='bbox 3178 1252 3309 1290; x_wconf 89' lang='lat' dir='ltr'>eum</span> <span class='ocrx_word' id='word_1_536' title='bbox 3342 1237 3632 1305; x_wconf 85' lang='lat' dir='ltr'>inviseret,</span> 
     </span>
    </p>
   </div>
   <div class='ocr_carea' id='block_1_74' title="bbox 1938 1315 3635 1391">
    <p class='ocr_par' dir='ltr' id='par_1_74' title="bbox 1938 1315 3635 1391">
     <span class='ocr_line' id='line_1_74' title="bbox 1938 1315 3635 1391; baseline 0.008 -23"><span class='ocrx_word' id='word_1_537' title='bbox 1938 1315 2238 1371; x_wconf 88' lang='lat' dir='ltr'>certiorem</span> <span class='ocrx_word' id='word_1_538' title='bbox 2289 1317 2358 1371; x_wconf 91' lang='lat' dir='ltr'>de</span> <span class='ocrx_word' id='word_1_539' title='bbox 2406 1318 2728 1373; x_wconf 88' lang='lat' dir='ltr'>sinceritate</span> <span class='ocrx_word' id='word_1_540' title='bbox 2776 1322 2954 1374; x_wconf 88' lang='lat' dir='ltr'>animi</span> <span class='ocrx_word' id='word_1_541' title='bbox 3003 1323 3089 1376; x_wconf 89' lang='lat' dir='ltr'>sui</span> <span class='ocrx_word' id='word_1_542' title='bbox 3133 1324 3488 1391; x_wconf 89' lang='lat' dir='ltr'>redditurus;</span> <span class='ocrx_word' id='word_1_543' title='bbox 3518 1343 3635 1381; x_wconf 91' lang='lat' dir='ltr'>non</span> 
     </span>
    </p>
   </div>
   <div class='ocr_carea' id='block_1_75' title="bbox 1938 1404 3634 1483">
    <p class='ocr_par' dir='ltr' id='par_1_75' title="bbox 1938 1404 3634 1483">
     <span class='ocr_line' id='line_1_75' title="bbox 1938 1404 3634 1483; baseline 0.007 -27"><span class='ocrx_word' id='word_1_544' title='bbox 1938 1404 2094 1458; x_wconf 90' lang='lat' dir='ltr'>enim</span> <span class='ocrx_word' id='word_1_545' title='bbox 2124 1421 2181 1458; x_wconf 90' lang='lat' dir='ltr'>se</span> <span class='ocrx_word' id='word_1_546' title='bbox 2214 1405 2377 1460; x_wconf 90' lang='lat' dir='ltr'>illum</span> <span class='ocrx_word' id='word_1_547' title='bbox 2410 1407 2721 1477; x_wconf 89' lang='lat' dir='ltr'>aspernari,</span> <span class='ocrx_word' id='word_1_548' title='bbox 2762 1409 2861 1462; x_wconf 88' lang='lat' dir='ltr'>sed</span> <span class='ocrx_word' id='word_1_549' title='bbox 2890 1409 2948 1463; x_wconf 93' lang='lat' dir='ltr'>in</span> <span class='ocrx_word' id='word_1_550' title='bbox 2978 1409 3077 1463; x_wconf 90' lang='lat' dir='ltr'>illo</span> <span class='ocrx_word' id='word_1_551' title='bbox 3112 1412 3291 1465; x_wconf 89' lang='lat' dir='ltr'>Deum</span> <span class='ocrx_word' id='word_1_552' title='bbox 3322 1412 3509 1483; x_wconf 91' lang='lat' dir='ltr'>ipsum</span> <span class='ocrx_word' id='word_1_553' title='bbox 3541 1432 3634 1468; x_wconf 85' lang='lat' dir='ltr'>ve-</span> 
     </span>
    </p>
   </div>
   <div class='ocr_carea' id='block_1_76' title="bbox 1937 1493 3636 1567">
    <p class='ocr_par' dir='ltr' id='par_1_76' title="bbox 1937 1493 3636 1567">
     <span class='ocr_line' id='line_1_76' title="bbox 1937 1493 3636 1567; baseline 0.005 -21"><span class='ocrx_word' id='word_1_554' title='bbox 1937 1493 2130 1547; x_wconf 90' lang='lat' dir='ltr'>nerari</span> <span class='ocrx_word' id='word_1_555' title='bbox 2161 1510 2222 1547; x_wconf 91' lang='lat' dir='ltr'>ac</span> <span class='ocrx_word' id='word_1_556' title='bbox 2251 1494 2472 1562; x_wconf 86' lang='lat' dir='ltr'>timere,</span> <span class='ocrx_word' id='word_1_557' title='bbox 2513 1501 2691 1567; x_wconf 90' lang='lat' dir='ltr'>utque</span> <span class='ocrx_word' id='word_1_558' title='bbox 2731 1497 2839 1551; x_wconf 88' lang='lat' dir='ltr'>sibi</span> <span class='ocrx_word' id='word_1_559' title='bbox 2868 1498 3141 1552; x_wconf 65' lang='lat' dir='ltr'>offensam</span> <span class='ocrx_word' id='word_1_560' title='bbox 3172 1500 3317 1554; x_wconf 88' lang='lat' dir='ltr'>hanc</span> <span class='ocrx_word' id='word_1_561' title='bbox 3360 1501 3457 1554; x_wconf 92' lang='lat' dir='ltr'>ille</span> <span class='ocrx_word' id='word_1_562' title='bbox 3494 1518 3636 1555; x_wconf 91' lang='lat' dir='ltr'>con-</span> 
     </span>
    </p>
   </div>
   <div class='ocr_carea' id='block_1_77' title="bbox 1939 1582 3637 1655">
    <p class='ocr_par' dir='ltr' id='par_1_77' title="bbox 1939 1582 3637 1655">
     <span class='ocr_line' id='line_1_77' title="bbox 1939 1582 3637 1655; baseline 0.005 -19"><span class='ocrx_word' id='word_1_563' title='bbox 1939 1582 2134 1647; x_wconf 87' lang='lat' dir='ltr'>donet,</span> <span class='ocrx_word' id='word_1_564' title='bbox 2197 1583 2469 1637; x_wconf 88' lang='lat' dir='ltr'>obtestari</span> <span class='ocrx_word' id='word_1_565' title='bbox 2529 1584 2716 1653; x_wconf 84' lang='lat' dir='ltr'>(Ibid.,</span> <span class='ocrx_word' id='word_1_566' title='bbox 2756 1602 2812 1639; x_wconf 85' lang='lat' dir='ltr'>n.</span> <span class='ocrx_word' id='word_1_567' title='bbox 2862 1586 2931 1655; x_wconf 90' lang='grc'>1).</span> <span class='ocrx_word' id='word_1_568' title='bbox 2983 1586 3178 1642; x_wconf 86' lang='lat' dir='ltr'>Eidem</span> <span class='ocrx_word' id='word_1_569' title='bbox 3232 1589 3637 1644; x_wconf 85' lang='lat' dir='ltr'>Fortunatiano</span> 
     </span>
    </p>
   </div>
   <div class='ocr_carea' id='block_1_78' title="bbox 1938 1673 3639 1746">
    <p class='ocr_par' dir='ltr' id='par_1_78' title="bbox 1938 1673 3639 1746">
     <span class='ocr_line' id='line_1_78' title="bbox 1938 1673 3639 1746; baseline 0.004 -21"><span class='ocrx_word' id='word_1_570' title='bbox 1938 1676 2136 1741; x_wconf 86' lang='lat' dir='ltr'>postea</span> <span class='ocrx_word' id='word_1_571' title='bbox 2166 1677 2542 1725; x_wconf 87' lang='lat' dir='ltr'>memoratam</span> <span class='ocrx_word' id='word_1_572' title='bbox 2570 1673 2873 1742; x_wconf 89' lang='lat' dir='ltr'>epistolam</span> <span class='ocrx_word' id='word_1_573' title='bbox 2901 1674 3145 1744; x_wconf 86' lang='lat' dir='ltr'>scripsit,</span> <span class='ocrx_word' id='word_1_574' title='bbox 3185 1675 3243 1729; x_wconf 88' lang='lat' dir='ltr'>in</span> <span class='ocrx_word' id='word_1_575' title='bbox 3277 1693 3390 1746; x_wconf 79' lang='lat' dir='ltr'>qua</span> <span class='ocrx_word' id='word_1_576' title='bbox 3419 1676 3639 1731; x_wconf 77' lang='lat' dir='ltr'>iteratis</span> 
     </span>
    </p>
   </div>
   <div class='ocr_carea' id='block_1_79' title="bbox 1938 1759 3638 1837">
    <p class='ocr_par' dir='ltr' id='par_1_79' title="bbox 1938 1759 3638 1837">
     <span class='ocr_line' id='line_1_79' title="bbox 1938 1759 3638 1837; baseline 0.002 -24"><span class='ocrx_word' id='word_1_577' title='bbox 1938 1759 2141 1813; x_wconf 90' lang='lat' dir='ltr'>iisdem</span> <span class='ocrx_word' id='word_1_578' title='bbox 2188 1761 2466 1829; x_wconf 82' lang='lat' dir='ltr'>precibus,</span> <span class='ocrx_word' id='word_1_579' title='bbox 2518 1765 2580 1813; x_wconf 89' lang='lat' dir='ltr'>ut</span> <span class='ocrx_word' id='word_1_580' title='bbox 2622 1777 2680 1814; x_wconf 90' lang='lat' dir='ltr'>se</span> <span class='ocrx_word' id='word_1_581' title='bbox 2725 1762 2793 1815; x_wconf 89' lang='lat' dir='ltr'>de</span> <span class='ocrx_word' id='word_1_582' title='bbox 2826 1762 3131 1831; x_wconf 85' lang='lat' dir='ltr'>impetrata</span> <span class='ocrx_word' id='word_1_583' title='bbox 3157 1764 3223 1816; x_wconf 86' lang='lat' dir='ltr'>ab</span> <span class='ocrx_word' id='word_1_584' title='bbox 3250 1765 3348 1817; x_wconf 90' lang='lat' dir='ltr'>illo</span> <span class='ocrx_word' id='word_1_585' title='bbox 3377 1767 3638 1837; x_wconf 87' lang='lat' dir='ltr'>episcopo</span> 
     </span>
    </p>
   </div>
   <div class='ocr_carea' id='block_1_80' title="bbox 1938 1847 3638 1921">
    <p class='ocr_par' dir='ltr' id='par_1_80' title="bbox 1938 1847 3638 1921">
     <span class='ocr_line' id='line_1_80' title="bbox 1938 1847 3638 1921; baseline 0.003 -19"><span class='ocrx_word' id='word_1_586' title='bbox 1938 1848 2105 1902; x_wconf 85' lang='lat' dir='ltr'>venia</span> <span class='ocrx_word' id='word_1_587' title='bbox 2152 1847 2443 1912; x_wconf 80' lang='lat' dir='ltr'>exhilaret,</span> <span class='ocrx_word' id='word_1_588' title='bbox 2480 1865 2651 1919; x_wconf 81' lang='lat' dir='ltr'>quam</span> <span class='ocrx_word' id='word_1_589' title='bbox 2695 1850 3015 1904; x_wconf 88' lang='lat' dir='ltr'>humillime</span> <span class='ocrx_word' id='word_1_590' title='bbox 3046 1857 3216 1921; x_wconf 89' lang='lat' dir='ltr'>atque</span> <span class='ocrx_word' id='word_1_591' title='bbox 3247 1854 3638 1908; x_wconf 87' lang='lat' dir='ltr'>amantissime</span> 
     </span>
    </p>
   </div>
   <div class='ocr_carea' id='block_1_81' title="bbox 1940 1937 3641 2010">
    <p class='ocr_par' dir='ltr' id='par_1_81' title="bbox 1940 1937 3641 2010">
     <span class='ocr_line' id='line_1_81' title="bbox 1940 1937 3641 2010; baseline 0.002 -21"><span class='ocrx_word' id='word_1_592' title='bbox 1940 1940 2127 2007; x_wconf 87' lang='lat' dir='ltr'>potest</span> <span class='ocrx_word' id='word_1_593' title='bbox 2195 1937 2467 1991; x_wconf 89' lang='lat' dir='ltr'>obsecrat.</span> <span class='ocrx_word' id='word_1_594' title='bbox 2528 1937 2699 2008; x_wconf 85' lang='lat' dir='ltr'>Atqui</span> <span class='ocrx_word' id='word_1_595' title='bbox 2763 1939 3123 2009; x_wconf 89' lang='lat' dir='ltr'>quantolibet</span> <span class='ocrx_word' id='word_1_596' title='bbox 3177 1940 3478 2010; x_wconf 83' lang='lat' dir='ltr'>mitigandi</span> <span class='ocrx_word' id='word_1_597' title='bbox 3533 1940 3641 1993; x_wconf 88' lang='lat' dir='ltr'>viri</span> 
     </span>
    </p>
   </div>
   <div class='ocr_carea' id='block_1_82' title="bbox 1940 2024 3641 2098">
    <p class='ocr_par' dir='ltr' id='par_1_82' title="bbox 1940 2024 3641 2098">
     <span class='ocr_line' id='line_1_82' title="bbox 1940 2024 3641 2098; baseline 0.003 -21"><span class='ocrx_word' id='word_1_598' title='bbox 1940 2024 2104 2078; x_wconf 87' lang='lat' dir='ltr'>istius</span> <span class='ocrx_word' id='word_1_599' title='bbox 2135 2024 2417 2078; x_wconf 88' lang='lat' dir='ltr'>desiderio</span> <span class='ocrx_word' id='word_1_600' title='bbox 2446 2029 2759 2091; x_wconf 87' lang='lat' dir='ltr'>teneretur,</span> <span class='ocrx_word' id='word_1_601' title='bbox 2784 2042 2849 2079; x_wconf 91' lang='lat' dir='ltr'>eo</span> <span class='ocrx_word' id='word_1_602' title='bbox 2867 2030 3059 2079; x_wconf 88' lang='lat' dir='ltr'>tamen</span> <span class='ocrx_word' id='word_1_603' title='bbox 3086 2026 3533 2098; x_wconf 87' lang='lat' dir='ltr'>haudquaquam</span> <span class='ocrx_word' id='word_1_604' title='bbox 3554 2032 3641 2081; x_wconf 88' lang='lat' dir='ltr'>est</span> 
     </span>
    </p>
   </div>
   <div class='ocr_carea' id='block_1_83' title="bbox 1941 2112 3638 2186">
    <p class='ocr_par' dir='ltr' id='par_1_83' title="bbox 1941 2112 3638 2186">
     <span class='ocr_line' id='line_1_83' title="bbox 1941 2112 3638 2186; baseline 0.002 -21"><span class='ocrx_word' id='word_1_605' title='bbox 1941 2112 2286 2183; x_wconf 86' lang='lat' dir='ltr'>prohibitus,</span> <span class='ocrx_word' id='word_1_606' title='bbox 2307 2112 2614 2183; x_wconf 89' lang='lat' dir='ltr'>quominus</span> <span class='ocrx_word' id='word_1_607' title='bbox 2636 2114 2928 2168; x_wconf 88' lang='lat' dir='ltr'>veritatem</span> <span class='ocrx_word' id='word_1_608' title='bbox 2940 2115 3059 2185; x_wconf 90' lang='lat' dir='ltr'>jam</span> <span class='ocrx_word' id='word_1_609' title='bbox 3091 2114 3190 2168; x_wconf 87' lang='lat' dir='ltr'>abs</span> <span class='ocrx_word' id='word_1_610' title='bbox 3220 2131 3277 2168; x_wconf 91' lang='lat' dir='ltr'>se</span> <span class='ocrx_word' id='word_1_611' title='bbox 3308 2131 3638 2186; x_wconf 88' lang='lat' dir='ltr'>propugna-</span> 
     </span>
    </p>
   </div>
   <div class='ocr_carea' id='block_1_84' title="bbox 1942 2200 3642 2273">
    <p class='ocr_par' dir='ltr' id='par_1_84' title="bbox 1942 2200 3642 2273">
     <span class='ocr_line' id='line_1_84' title="bbox 1942 2200 3642 2273; baseline 0.001 -18"><span class='ocrx_word' id='word_1_612' title='bbox 1942 2206 2059 2255; x_wconf 91' lang='lat' dir='ltr'>tam</span> <span class='ocrx_word' id='word_1_613' title='bbox 2089 2200 2546 2255; x_wconf 88' lang='lat' dir='ltr'>constantissime</span> <span class='ocrx_word' id='word_1_614' title='bbox 2570 2206 2845 2257; x_wconf 89' lang='lat' dir='ltr'>tueretur.</span> <span class='ocrx_word' id='word_1_615' title='bbox 2878 2203 3101 2255; x_wconf 81' lang='lat' dir='ltr'>Etenim</span> <span class='ocrx_word' id='word_1_616' title='bbox 3130 2206 3368 2257; x_wconf 88' lang='lat' dir='ltr'>testatur</span> <span class='ocrx_word' id='word_1_617' title='bbox 3397 2219 3470 2265; x_wconf 83' lang='lat' dir='ltr'>se,</span> <span class='ocrx_word' id='word_1_618' title='bbox 3485 2202 3642 2273; x_wconf 90' lang='lat' dir='ltr'>quod</span> 
     </span>
    </p>
   </div>
   <div class='ocr_carea' id='block_1_85' title="bbox 1942 2289 3644 2361">
    <p class='ocr_par' dir='ltr' id='par_1_85' title="bbox 1942 2289 3644 2361">
     <span class='ocr_line' id='line_1_85' title="bbox 1942 2289 3644 2361; baseline 0.001 -19"><span class='ocrx_word' id='word_1_619' title='bbox 1942 2289 2003 2342; x_wconf 90' lang='lat' dir='ltr'>in</span> <span class='ocrx_word' id='word_1_620' title='bbox 2063 2289 2183 2359; x_wconf 86' lang='lat' dir='ltr'>ejus</span> <span class='ocrx_word' id='word_1_621' title='bbox 2226 2289 2468 2360; x_wconf 90' lang='lat' dir='ltr'>gratiam</span> <span class='ocrx_word' id='word_1_622' title='bbox 2509 2290 2842 2360; x_wconf 90' lang='lat' dir='ltr'>scripsisset,</span> <span class='ocrx_word' id='word_1_623' title='bbox 2891 2290 3126 2344; x_wconf 90' lang='lat' dir='ltr'>minime</span> <span class='ocrx_word' id='word_1_624' title='bbox 3181 2290 3459 2361; x_wconf 82' lang='lat' dir='ltr'>poenitere</span> <span class='ocrx_word' id='word_1_625' title='bbox 3506 2307 3519 2344; x_wconf 90' lang='lat'>:</span> <span class='ocrx_word' id='word_1_626' title='bbox 3581 2306 3644 2344; x_wconf 90' lang='lat' dir='ltr'>ac</span> 
     </span>
    </p>
   </div>
   <div class='ocr_carea' id='block_1_86' title="bbox 1946 2377 3645 2449">
    <p class='ocr_par' dir='ltr' id='par_1_86' title="bbox 1946 2377 3645 2449">
     <span class='ocr_line' id='line_1_86' title="bbox 1946 2377 3645 2449; baseline 0.001 -18"><span class='ocrx_word' id='word_1_627' title='bbox 1946 2379 2146 2444; x_wconf 90' lang='lat' dir='ltr'>Deum,</span> <span class='ocrx_word' id='word_1_628' title='bbox 2198 2378 2488 2448; x_wconf 92' lang='lat' dir='ltr'>quomodo</span> <span class='ocrx_word' id='word_1_629' title='bbox 2521 2395 2623 2432; x_wconf 90' lang='lat' dir='ltr'>nos</span> <span class='ocrx_word' id='word_1_630' title='bbox 2654 2394 2783 2448; x_wconf 69' lang='lat' dir='ltr'>quae</span> <span class='ocrx_word' id='word_1_631' title='bbox 2816 2395 2983 2432; x_wconf 89' lang='lat' dir='ltr'>sensu</span> <span class='ocrx_word' id='word_1_632' title='bbox 3012 2378 3413 2449; x_wconf 87' lang='lat' dir='ltr'>percipiuntur</span> <span class='ocrx_word' id='word_1_633' title='bbox 3459 2377 3645 2433; x_wconf 85' lang='lat' dir='ltr'>cerni-</span> 
     </span>
    </p>
   </div>
   <div class='ocr_carea' id='block_1_87' title="bbox 1944 2466 3649 2539">
    <p class='ocr_par' dir='ltr' id='par_1_87' title="bbox 1944 2466 3649 2539">
     <span class='ocr_line' id='line_1_87' title="bbox 1944 2466 3649 2539; baseline -0.001 -18"><span class='ocrx_word' id='word_1_634' title='bbox 1944 2483 2094 2535; x_wconf 90' lang='lat' dir='ltr'>mus,</span> <span class='ocrx_word' id='word_1_635' title='bbox 2124 2466 2306 2520; x_wconf 88' lang='lat' dir='ltr'>videri</span> <span class='ocrx_word' id='word_1_636' title='bbox 2337 2467 2573 2521; x_wconf 90' lang='lat' dir='ltr'>omnino</span> <span class='ocrx_word' id='word_1_637' title='bbox 2606 2484 2720 2521; x_wconf 90' lang='lat' dir='ltr'>non</span> <span class='ocrx_word' id='word_1_638' title='bbox 2751 2484 2935 2537; x_wconf 89' lang='lat' dir='ltr'>posse,</span> <span class='ocrx_word' id='word_1_639' title='bbox 2966 2484 3037 2521; x_wconf 90' lang='lat' dir='ltr'>ne</span> <span class='ocrx_word' id='word_1_640' title='bbox 3068 2485 3099 2522; x_wconf 93' lang='lat' dir='ltr'>a</span> <span class='ocrx_word' id='word_1_641' title='bbox 3122 2468 3383 2539; x_wconf 91' lang='lat' dir='ltr'>gloriosis</span> <span class='ocrx_word' id='word_1_642' title='bbox 3414 2468 3649 2538; x_wconf 88' lang='lat' dir='ltr'>quidem</span> 
     </span>
    </p>
   </div>
   <div class='ocr_carea' id='block_1_88' title="bbox 1947 2554 3650 2626">
    <p class='ocr_par' dir='ltr' id='par_1_88' title="bbox 1947 2554 3650 2626">
     <span class='ocr_line' id='line_1_88' title="bbox 1947 2554 3650 2626; baseline 0.001 -18"><span class='ocrx_word' id='word_1_643' title='bbox 1947 2554 2303 2626; x_wconf 91' lang='lat' dir='ltr'>corporibus,</span> <span class='ocrx_word' id='word_1_644' title='bbox 2354 2556 2658 2609; x_wconf 86' lang='lat' dir='ltr'>confirmat</span> <span class='ocrx_word' id='word_1_645' title='bbox 2701 2556 3037 2609; x_wconf 88' lang='lat' dir='ltr'>auctoritate</span> <span class='ocrx_word' id='word_1_646' title='bbox 3068 2555 3382 2622; x_wconf 90' lang='lat' dir='ltr'>Athanasii,</span> <span class='ocrx_word' id='word_1_647' title='bbox 3414 2556 3650 2610; x_wconf 88' lang='lat' dir='ltr'>Ambro-</span> 
     </span>
    </p>
   </div>
   <div class='ocr_carea' id='block_1_89' title="bbox 1946 2642 3652 2714">
    <p class='ocr_par' dir='ltr' id='par_1_89' title="bbox 1946 2642 3652 2714">
     <span class='ocr_line' id='line_1_89' title="bbox 1946 2642 3652 2714; baseline 0.001 -18"><span class='ocrx_word' id='word_1_648' title='bbox 1946 2643 2037 2712; x_wconf 91' lang='lat' dir='ltr'>sii,</span> <span class='ocrx_word' id='word_1_649' title='bbox 2089 2642 2367 2713; x_wconf 88' lang='lat' dir='ltr'>Gregorii,</span> <span class='ocrx_word' id='word_1_650' title='bbox 2415 2660 2477 2696; x_wconf 90' lang='lat' dir='ltr'>ac</span> <span class='ocrx_word' id='word_1_651' title='bbox 2519 2644 2605 2696; x_wconf 89' lang='lat' dir='ltr'>vel</span> <span class='ocrx_word' id='word_1_652' title='bbox 2656 2643 2902 2697; x_wconf 83' lang='lat' dir='ltr'>maxime</span> <span class='ocrx_word' id='word_1_653' title='bbox 2952 2642 3298 2714; x_wconf 79' lang='lat' dir='ltr'>Hieronymi.</span> <span class='ocrx_word' id='word_1_654' title='bbox 3333 2642 3431 2698; x_wconf 90' lang='lat' dir='ltr'>Sin</span> <span class='ocrx_word' id='word_1_655' title='bbox 3461 2648 3652 2699; x_wconf 88' lang='lat' dir='ltr'>autem</span> 
     </span>
    </p>
   </div>
   <div class='ocr_carea' id='block_1_90' title="bbox 1947 2731 3649 2803">
    <p class='ocr_par' dir='ltr' id='par_1_90' title="bbox 1947 2731 3649 2803">
     <span class='ocr_line' id='line_1_90' title="bbox 1947 2731 3649 2803; baseline 0.001 -18"><span class='ocrx_word' id='word_1_656' title='bbox 1947 2748 2188 2803; x_wconf 89' lang='lat' dir='ltr'>corpora</span> <span class='ocrx_word' id='word_1_657' title='bbox 2216 2736 2343 2785; x_wconf 88' lang='lat' dir='ltr'>tam</span> <span class='ocrx_word' id='word_1_658' title='bbox 2364 2748 2544 2801; x_wconf 88' lang='lat' dir='ltr'>prope</span> <span class='ocrx_word' id='word_1_659' title='bbox 2576 2731 2643 2784; x_wconf 89' lang='lat' dir='ltr'>ad</span> <span class='ocrx_word' id='word_1_660' title='bbox 2678 2736 2941 2785; x_wconf 89' lang='lat' dir='ltr'>naturam</span> <span class='ocrx_word' id='word_1_661' title='bbox 2981 2731 3292 2801; x_wconf 90' lang='lat' dir='ltr'>spirituum</span> <span class='ocrx_word' id='word_1_662' title='bbox 3336 2748 3649 2797; x_wconf 86' lang='lat' dir='ltr'>accessura,</span> 
     </span>
    </p>
   </div>
   <div class='ocr_carea' id='block_1_91' title="bbox 1946 2818 3652 2890">
    <p class='ocr_par' dir='ltr' id='par_1_91' title="bbox 1946 2818 3652 2890">
     <span class='ocr_line' id='line_1_91' title="bbox 1946 2818 3652 2890; baseline -0.002 -15"><span class='ocrx_word' id='word_1_663' title='bbox 1946 2826 2009 2875; x_wconf 91' lang='lat' dir='ltr'>ut</span> <span class='ocrx_word' id='word_1_664' title='bbox 2040 2837 2129 2875; x_wconf 89' lang='lat' dir='ltr'>res</span> <span class='ocrx_word' id='word_1_665' title='bbox 2156 2821 2522 2890; x_wconf 89' lang='lat' dir='ltr'>incorporeas</span> <span class='ocrx_word' id='word_1_666' title='bbox 2552 2818 2729 2873; x_wconf 90' lang='lat' dir='ltr'>oculis</span> <span class='ocrx_word' id='word_1_667' title='bbox 2760 2836 3038 2889; x_wconf 89' lang='lat' dir='ltr'>usurpare</span> <span class='ocrx_word' id='word_1_668' title='bbox 3074 2820 3317 2885; x_wconf 89' lang='lat' dir='ltr'>valeant,</span> <span class='ocrx_word' id='word_1_669' title='bbox 3349 2819 3652 2889; x_wconf 88' lang='lat' dir='ltr'>episcopus</span> 
     </span>
    </p>
   </div>
   <div class='ocr_carea' id='block_1_92' title="bbox 1948 2906 3650 2977">
    <p class='ocr_par' dir='ltr' id='par_1_92' title="bbox 1948 2906 3650 2977">
     <span class='ocr_line' id='line_1_92' title="bbox 1948 2906 3650 2977; baseline -0.001 -14"><span class='ocrx_word' id='word_1_670' title='bbox 1948 2909 2041 2963; x_wconf 88' lang='lat' dir='ltr'>ille</span> <span class='ocrx_word' id='word_1_671' title='bbox 2072 2908 2387 2975; x_wconf 84' lang='lat' dir='ltr'>existimet;</span> <span class='ocrx_word' id='word_1_672' title='bbox 2414 2924 2469 2960; x_wconf 90' lang='lat' dir='ltr'>se</span> <span class='ocrx_word' id='word_1_673' title='bbox 2497 2909 2566 2962; x_wconf 90' lang='lat' dir='ltr'>ad</span> <span class='ocrx_word' id='word_1_674' title='bbox 2590 2907 2965 2973; x_wconf 88' lang='lat' dir='ltr'>audiendum,</span> <span class='ocrx_word' id='word_1_675' title='bbox 2991 2906 3199 2977; x_wconf 89' lang='lat' dir='ltr'>quibus</span> <span class='ocrx_word' id='word_1_676' title='bbox 3218 2906 3504 2961; x_wconf 88' lang='lat' dir='ltr'>rationum</span> <span class='ocrx_word' id='word_1_677' title='bbox 3526 2923 3650 2961; x_wconf 89' lang='lat' dir='ltr'>mo-</span> 
     </span>
    </p>
   </div>
   <div class='ocr_carea' id='block_1_93' title="bbox 1948 2994 3651 3067">
    <p class='ocr_par' dir='ltr' id='par_1_93' title="bbox 1948 2994 3651 3067">
     <span class='ocr_line' id='line_1_93' title="bbox 1948 2994 3651 3067; baseline -0.001 -17"><span class='ocrx_word' id='word_1_678' title='bbox 1948 2996 2154 3051; x_wconf 90' lang='lat' dir='ltr'>mentis</span> <span class='ocrx_word' id='word_1_679' title='bbox 2185 2994 2517 3067; x_wconf 90' lang='lat' dir='ltr'>opinionem</span> <span class='ocrx_word' id='word_1_680' title='bbox 2550 3011 2712 3048; x_wconf 88' lang='lat' dir='ltr'>suam</span> <span class='ocrx_word' id='word_1_681' title='bbox 2741 2994 3011 3063; x_wconf 87' lang='lat' dir='ltr'>stabiliat,</span> <span class='ocrx_word' id='word_1_682' title='bbox 3050 2994 3477 3065; x_wconf 89' lang='lat' dir='ltr'>paratissimum</span> <span class='ocrx_word' id='word_1_683' title='bbox 3529 3009 3651 3048; x_wconf 91' lang='lat' dir='ltr'>esse</span> 
     </span>
    </p>
   </div>
   <div class='ocr_carea' id='block_1_94' title="bbox 1949 3082 3653 3154">
    <p class='ocr_par' dir='ltr' id='par_1_94' title="bbox 1949 3082 3653 3154">
     <span class='ocr_line' id='line_1_94' title="bbox 1949 3082 3653 3154; baseline 0 -17"><span class='ocrx_word' id='word_1_684' title='bbox 1949 3084 2128 3152; x_wconf 88' lang='lat' dir='ltr'>(lbid.,</span> <span class='ocrx_word' id='word_1_685' title='bbox 2162 3100 2217 3137; x_wconf 77' lang='grc' dir='ltr'><strong>η.</strong></span> <span class='ocrx_word' id='word_1_686' title='bbox 2247 3084 2296 3153; x_wconf 88' lang='grc'>4)</span> <span class='ocrx_word' id='word_1_687' title='bbox 2334 3100 2346 3138; x_wconf 92' lang='lat'>:</span> <span class='ocrx_word' id='word_1_688' title='bbox 2380 3083 2617 3149; x_wconf 89' lang='lat' dir='ltr'>interea,</span> <span class='ocrx_word' id='word_1_689' title='bbox 2649 3083 2786 3137; x_wconf 91' lang='lat' dir='ltr'>dum</span> <span class='ocrx_word' id='word_1_690' title='bbox 2828 3083 2950 3137; x_wconf 59' lang='lat' dir='ltr'>haec</span> <span class='ocrx_word' id='word_1_691' title='bbox 2996 3082 3232 3154; x_wconf 57' lang='lat' dir='ltr'>quaestio</span> <span class='ocrx_word' id='word_1_692' title='bbox 3262 3086 3449 3137; x_wconf 87' lang='lat' dir='ltr'>exacte</span> <span class='ocrx_word' id='word_1_693' title='bbox 3479 3097 3653 3154; x_wconf 87' lang='lat' dir='ltr'>paca-</span> 
     </span>
    </p>
   </div>
   <div class='ocr_carea' id='block_1_95' title="bbox 1947 3170 3653 3242">
    <p class='ocr_par' dir='ltr' id='par_1_95' title="bbox 1947 3170 3653 3242">
     <span class='ocr_line' id='line_1_95' title="bbox 1947 3170 3653 3242; baseline -0.001 -16"><span class='ocrx_word' id='word_1_694' title='bbox 1947 3177 2118 3242; x_wconf 84' lang='lat' dir='ltr'>teque</span> <span class='ocrx_word' id='word_1_695' title='bbox 2144 3172 2395 3225; x_wconf 89' lang='lat' dir='ltr'>discussa</span> <span class='ocrx_word' id='word_1_696' title='bbox 2426 3170 2617 3236; x_wconf 85' lang='lat' dir='ltr'>fuerit,</span> <span class='ocrx_word' id='word_1_697' title='bbox 2650 3187 2746 3225; x_wconf 90' lang='lat' dir='ltr'>cor</span> <span class='ocrx_word' id='word_1_698' title='bbox 2765 3171 2974 3241; x_wconf 86' lang='lat' dir='ltr'>ipsum,</span> <span class='ocrx_word' id='word_1_699' title='bbox 3007 3187 3121 3241; x_wconf 90' lang='lat' dir='ltr'>quo</span> <span class='ocrx_word' id='word_1_700' title='bbox 3151 3170 3391 3225; x_wconf 89' lang='lat' dir='ltr'>dubium</span> <span class='ocrx_word' id='word_1_701' title='bbox 3421 3186 3540 3225; x_wconf 90' lang='lat' dir='ltr'>non</span> <span class='ocrx_word' id='word_1_702' title='bbox 3567 3174 3653 3224; x_wconf 86' lang='lat' dir='ltr'>est</span> 
     </span>
    </p>
   </div>
   <div class='ocr_carea' id='block_1_96' title="bbox 1948 3258 3648 3331">
    <p class='ocr_par' dir='ltr' id='par_1_96' title="bbox 1948 3258 3648 3331">
     <span class='ocr_line' id='line_1_96' title="bbox 1948 3258 3648 3331; baseline 0 -18"><span class='ocrx_word' id='word_1_703' title='bbox 1948 3260 2091 3331; x_wconf 86' lang='lat' dir='ltr'>quin</span> <span class='ocrx_word' id='word_1_704' title='bbox 2120 3261 2301 3314; x_wconf 90' lang='lat' dir='ltr'>Deum</span> <span class='ocrx_word' id='word_1_705' title='bbox 2329 3260 2506 3314; x_wconf 91' lang='lat' dir='ltr'>simus</span> <span class='ocrx_word' id='word_1_706' title='bbox 2532 3258 2727 3324; x_wconf 87' lang='lat' dir='ltr'>visuri,</span> <span class='ocrx_word' id='word_1_707' title='bbox 2762 3258 3084 3328; x_wconf 88' lang='lat' dir='ltr'>parandum</span> <span class='ocrx_word' id='word_1_708' title='bbox 3115 3258 3648 3328; x_wconf 88' lang='lat' dir='ltr'>mundandumque.</span> 
     </span>
    </p>
   </div>
   <div class='ocr_carea' id='block_1_97' title="bbox 1949 3346 3651 3418">
    <p class='ocr_par' dir='ltr' id='par_1_97' title="bbox 1949 3346 3651 3418">
     <span class='ocr_line' id='line_1_97' title="bbox 1949 3346 3651 3418; baseline -0.002 -16"><span class='ocrx_word' id='word_1_709' title='bbox 1949 3350 2193 3403; x_wconf 91' lang='lat' dir='ltr'>Innuere</span> <span class='ocrx_word' id='word_1_710' title='bbox 2215 3353 2407 3403; x_wconf 90' lang='lat' dir='ltr'>autem</span> <span class='ocrx_word' id='word_1_711' title='bbox 2432 3348 2671 3412; x_wconf 88' lang='lat' dir='ltr'>videtur,</span> <span class='ocrx_word' id='word_1_712' title='bbox 2698 3363 2816 3414; x_wconf 90' lang='lat' dir='ltr'>eos,</span> <span class='ocrx_word' id='word_1_713' title='bbox 2837 3363 3081 3418; x_wconf 89' lang='lat' dir='ltr'>quorum</span> <span class='ocrx_word' id='word_1_714' title='bbox 3103 3346 3428 3401; x_wconf 90' lang='lat' dir='ltr'>testimonio</span> <span class='ocrx_word' id='word_1_715' title='bbox 3447 3346 3651 3415; x_wconf 89' lang='lat' dir='ltr'>utitur,</span> 
     </span>
    </p>
   </div>
   <div class='ocr_carea' id='block_1_98' title="bbox 1942 3434 3651 3508">
    <p class='ocr_par' dir='ltr' id='par_1_98' title="bbox 1942 3434 3651 3508">
     <span class='ocr_line' id='line_1_98' title="bbox 1942 3434 3651 3508; baseline -0.002 -17"><span class='ocrx_word' id='word_1_716' title='bbox 1942 3439 2065 3508; x_wconf 83' lang='lat' dir='ltr'>jam</span> <span class='ocrx_word' id='word_1_717' title='bbox 2092 3438 2207 3492; x_wconf 91' lang='lat' dir='ltr'>vita</span> <span class='ocrx_word' id='word_1_718' title='bbox 2250 3438 2527 3507; x_wconf 81' lang='lat' dir='ltr'>migrasse</span> <span class='ocrx_word' id='word_1_719' title='bbox 2559 3452 2571 3490; x_wconf 89' lang='lat'><strong>:</strong></span> <span class='ocrx_word' id='word_1_720' title='bbox 2611 3436 2760 3506; x_wconf 90' lang='lat' dir='ltr'>quod</span> <span class='ocrx_word' id='word_1_721' title='bbox 2789 3435 2835 3488; x_wconf 91' lang='lat' dir='ltr'>si</span> <span class='ocrx_word' id='word_1_722' title='bbox 2864 3435 2939 3489; x_wconf 87' lang='lat' dir='ltr'>ita</span> <span class='ocrx_word' id='word_1_723' title='bbox 2970 3434 3135 3502; x_wconf 86' lang='lat' dir='ltr'>foret,</span> <span class='ocrx_word' id='word_1_724' title='bbox 3164 3434 3323 3488; x_wconf 89' lang='lat' dir='ltr'>illam</span> <span class='ocrx_word' id='word_1_725' title='bbox 3352 3435 3651 3505; x_wconf 88' lang='lat' dir='ltr'>epistolam</span> 
     </span>
    </p>
   </div>
   <div class='ocr_carea' id='block_1_99' title="bbox 1949 3522 3654 3598">
    <p class='ocr_par' dir='ltr' id='par_1_99' title="bbox 1949 3522 3654 3598">
     <span class='ocr_line' id='line_1_99' title="bbox 1949 3522 3654 3598; baseline -0.003 -17"><span class='ocrx_word' id='word_1_726' title='bbox 1949 3531 2079 3598; x_wconf 90' lang='lat' dir='ltr'>post</span> <span class='ocrx_word' id='word_1_727' title='bbox 2110 3542 2327 3596; x_wconf 87' lang='lat' dir='ltr'>annum</span> <span class='ocrx_word' id='word_1_728' title='bbox 2352 3525 2693 3595; x_wconf 89' lang='lat' dir='ltr'>vigesimum</span> <span class='ocrx_word' id='word_1_729' title='bbox 2724 3542 2757 3578; x_wconf 90' lang='lat' dir='ltr'>a</span> <span class='ocrx_word' id='word_1_730' title='bbox 2787 3522 3375 3594; x_wconf 88' lang='lat' dir='ltr'>quadringentesimo,</span> <span class='ocrx_word' id='word_1_731' title='bbox 3396 3538 3508 3592; x_wconf 90' lang='lat' dir='ltr'>quo</span> <span class='ocrx_word' id='word_1_732' title='bbox 3531 3539 3654 3577; x_wconf 91' lang='lat' dir='ltr'>san-</span> 
     </span>
    </p>
   </div>
   <div class='ocr_carea' id='block_1_100' title="bbox 1952 3610 3655 3685">
    <p class='ocr_par' dir='ltr' id='par_1_100' title="bbox 1952 3610 3655 3685">
     <span class='ocr_line' id='line_1_100' title="bbox 1952 3610 3655 3685; baseline -0.004 -15"><span class='ocrx_word' id='word_1_733' title='bbox 1952 3620 2074 3670; x_wconf 90' lang='lat' dir='ltr'>ctus</span> <span class='ocrx_word' id='word_1_734' title='bbox 2118 3615 2494 3685; x_wconf 83' lang='lat' dir='ltr'>Hieronymus</span> <span class='ocrx_word' id='word_1_735' title='bbox 2536 3612 2696 3678; x_wconf 90' lang='lat' dir='ltr'>obiit,</span> <span class='ocrx_word' id='word_1_736' title='bbox 2729 3612 2962 3681; x_wconf 88' lang='lat' dir='ltr'>rejicere</span> <span class='ocrx_word' id='word_1_737' title='bbox 2994 3613 3305 3681; x_wconf 86' lang='lat' dir='ltr'>oporteret.</span> <span class='ocrx_word' id='word_1_738' title='bbox 3338 3610 3445 3663; x_wconf 90' lang='lat' dir='ltr'>Sed</span> <span class='ocrx_word' id='word_1_739' title='bbox 3482 3611 3655 3664; x_wconf 84' lang='lat' dir='ltr'>verba</span> 
     </span>
    </p>
   </div>
   <div class='ocr_carea' id='block_1_101' title="bbox 1952 3697 3655 3772">
    <p class='ocr_par' dir='ltr' id='par_1_101' title="bbox 1952 3697 3655 3772">
     <span class='ocr_line' id='line_1_101' title="bbox 1952 3697 3655 3772; baseline -0.003 -15"><span class='ocrx_word' id='word_1_740' title='bbox 1952 3704 2049 3758; x_wconf 90' lang='lat' dir='ltr'>illa</span> <span class='ocrx_word' id='word_1_741' title='bbox 2071 3719 2185 3757; x_wconf 90' lang='lat' dir='ltr'>non</span> <span class='ocrx_word' id='word_1_742' title='bbox 2216 3708 2335 3757; x_wconf 88' lang='lat' dir='ltr'>tam</span> <span class='ocrx_word' id='word_1_743' title='bbox 2364 3701 2548 3772; x_wconf 89' lang='lat' dir='ltr'>rigide</span> <span class='ocrx_word' id='word_1_744' title='bbox 2569 3705 2839 3771; x_wconf 89' lang='lat' dir='ltr'>putamus</span> <span class='ocrx_word' id='word_1_745' title='bbox 2868 3697 3298 3769; x_wconf 90' lang='lat' dir='ltr'>interpretanda</span> <span class='ocrx_word' id='word_1_746' title='bbox 3324 3713 3336 3751; x_wconf 89' lang='lat'><strong>:</strong></span> <span class='ocrx_word' id='word_1_747' title='bbox 3372 3697 3655 3767; x_wconf 89' lang='lat' dir='ltr'>siquidem</span> 
     </span>
    </p>
   </div>
   <div class='ocr_carea' id='block_1_102' title="bbox 1958 3782 3655 3855">
    <p class='ocr_par' dir='ltr' id='par_1_102' title="bbox 1958 3782 3655 3855">
     <span class='ocr_line' id='line_1_102' title="bbox 1958 3782 3655 3855; baseline -0.006 -11"><span class='ocrx_word' id='word_1_748' title='bbox 1958 3788 2393 3844; x_wconf 80' lang='lat' dir='ltr'>Fortunatianus</span> <span class='ocrx_word' id='word_1_749' title='bbox 2429 3786 2704 3841; x_wconf 89' lang='lat' dir='ltr'>Siccensis</span> <span class='ocrx_word' id='word_1_750' title='bbox 2747 3801 2897 3838; x_wconf 89' lang='lat' dir='ltr'>anno</span> <span class='ocrx_word' id='word_1_751' title='bbox 2940 3782 3507 3855; x_wconf 85' lang='lat' dir='ltr'>quadringentesimo</span> <span class='ocrx_word' id='word_1_752' title='bbox 3547 3798 3655 3836; x_wconf 88' lang='lat' dir='ltr'>un-</span> 
     </span>
    </p>
   </div>
   <div class='ocr_carea' id='block_1_103' title="bbox 1956 3868 3658 3943">
    <p class='ocr_par' dir='ltr' id='par_1_103' title="bbox 1956 3868 3658 3943">
     <span class='ocr_line' id='line_1_103' title="bbox 1956 3868 3658 3943; baseline -0.005 -11"><span class='ocrx_word' id='word_1_753' title='bbox 1956 3878 2175 3933; x_wconf 86' lang='lat' dir='ltr'>decimo</span> <span class='ocrx_word' id='word_1_754' title='bbox 2207 3875 2507 3931; x_wconf 89' lang='lat' dir='ltr'>Collationi</span> <span class='ocrx_word' id='word_1_755' title='bbox 2532 3873 2965 3943; x_wconf 86' lang='lat' dir='ltr'>Carthaginensi</span> <span class='ocrx_word' id='word_1_756' title='bbox 2994 3871 3288 3938; x_wconf 85' lang='lat' dir='ltr'>interfuit;</span> <span class='ocrx_word' id='word_1_757' title='bbox 3312 3868 3469 3924; x_wconf 62' lang='lat' dir='ltr'>unde</span> <span class='ocrx_word' id='word_1_758' title='bbox 3500 3870 3658 3924; x_wconf 90' lang='lat' dir='ltr'>colli-</span> 
     </span>
    </p>
   </div>
   <div class='ocr_carea' id='block_1_104' title="bbox 1957 3959 3659 4037">
    <p class='ocr_par' dir='ltr' id='par_1_104' title="bbox 1957 3959 3659 4037">
     <span class='ocr_line' id='line_1_104' title="bbox 1957 3959 3659 4037; baseline -0.004 -18"><span class='ocrx_word' id='word_1_759' title='bbox 1957 3984 2054 4037; x_wconf 86' lang='lat' dir='ltr'>gas</span> <span class='ocrx_word' id='word_1_760' title='bbox 2084 3965 2136 4019; x_wconf 90' lang='lat' dir='ltr'>ei</span> <span class='ocrx_word' id='word_1_761' title='bbox 2166 3965 2493 4019; x_wconf 81' lang='lat' dir='ltr'>successisse</span> <span class='ocrx_word' id='word_1_762' title='bbox 2534 3964 2593 4017; x_wconf 91' lang='lat' dir='ltr'>in</span> <span class='ocrx_word' id='word_1_763' title='bbox 2642 3963 2973 4033; x_wconf 88' lang='lat' dir='ltr'>episc0patu</span> <span class='ocrx_word' id='word_1_764' title='bbox 3013 3960 3331 4029; x_wconf 85' lang='lat' dir='ltr'>Urbanum,</span> <span class='ocrx_word' id='word_1_765' title='bbox 3359 3975 3532 4030; x_wconf 85' lang='lat' dir='ltr'>quem</span> <span class='ocrx_word' id='word_1_766' title='bbox 3563 3959 3659 4013; x_wconf 83' lang='lat' dir='ltr'>Ec-</span> 
     </span>
    </p>
   </div>
   <div class='ocr_carea' id='block_1_105' title="bbox 1956 4045 3662 4118">
    <p class='ocr_par' dir='ltr' id='par_1_105' title="bbox 1956 4045 3662 4118">
     <span class='ocr_line' id='line_1_105' title="bbox 1956 4045 3662 4118; baseline -0.005 -11"><span class='ocrx_word' id='word_1_767' title='bbox 1956 4052 2140 4107; x_wconf 81' lang='lat' dir='ltr'>clesiae</span> <span class='ocrx_word' id='word_1_768' title='bbox 2173 4050 2419 4106; x_wconf 91' lang='lat' dir='ltr'>Siccensi</span> <span class='ocrx_word' id='word_1_769' title='bbox 2448 4066 2597 4103; x_wconf 89' lang='lat' dir='ltr'>anno</span> <span class='ocrx_word' id='word_1_770' title='bbox 2648 4047 3214 4118; x_wconf 88' lang='lat' dir='ltr'>quadringentesimo</span> <span class='ocrx_word' id='word_1_771' title='bbox 3257 4045 3477 4101; x_wconf 90' lang='lat' dir='ltr'>decimo</span> <span class='ocrx_word' id='word_1_772' title='bbox 3508 4049 3662 4099; x_wconf 84' lang='lat' dir='ltr'>sexto</span> 
     </span>
    </p>
   </div>
   <div class='ocr_carea' id='block_1_106' title="bbox 1959 4135 3661 4210">
    <p class='ocr_par' dir='ltr' id='par_1_106' title="bbox 1959 4135 3661 4210">
     <span class='ocr_line' id='line_1_106' title="bbox 1959 4135 3661 4210; baseline -0.006 -14"><span class='ocrx_word' id='word_1_773' title='bbox 1959 4158 2182 4196; x_wconf 90' lang='lat' dir='ltr'>necnon</span> <span class='ocrx_word' id='word_1_774' title='bbox 2246 4144 2302 4193; x_wconf 91' lang='lat' dir='ltr'>et</span> <span class='ocrx_word' id='word_1_775' title='bbox 2370 4136 2935 4210; x_wconf 88' lang='lat' dir='ltr'>quadringentesimo</span> <span class='ocrx_word' id='word_1_776' title='bbox 3009 4135 3228 4190; x_wconf 87' lang='lat' dir='ltr'>decimo</span> <span class='ocrx_word' id='word_1_777' title='bbox 3300 4150 3447 4188; x_wconf 89' lang='lat' dir='ltr'>nono</span> <span class='ocrx_word' id='word_1_778' title='bbox 3510 4148 3661 4202; x_wconf 70' lang='lat' dir='ltr'>prte-</span> 
     </span>
    </p>
   </div>
   <div class='ocr_carea' id='block_1_107' title="bbox 1960 4220 3662 4296">
    <p class='ocr_par' dir='ltr' id='par_1_107' title="bbox 1960 4220 3662 4296">
     <span class='ocr_line' id='line_1_107' title="bbox 1960 4220 3662 4296; baseline -0.006 -12"><span class='ocrx_word' id='word_1_779' title='bbox 1960 4231 2131 4285; x_wconf 84' lang='lat' dir='ltr'>fuisse</span> <span class='ocrx_word' id='word_1_780' title='bbox 2180 4228 2356 4282; x_wconf 82' lang='lat' dir='ltr'>visuri</span> <span class='ocrx_word' id='word_1_781' title='bbox 2400 4243 2623 4291; x_wconf 87' lang='lat' dir='ltr'>sumus;</span> <span class='ocrx_word' id='word_1_782' title='bbox 2663 4241 2852 4296; x_wconf 91' lang='lat' dir='ltr'>neque</span> <span class='ocrx_word' id='word_1_783' title='bbox 2900 4224 3073 4279; x_wconf 88' lang='lat' dir='ltr'>etiam</span> <span class='ocrx_word' id='word_1_784' title='bbox 3118 4238 3325 4293; x_wconf 88' lang='lat' dir='ltr'>parum</span> <span class='ocrx_word' id='word_1_785' title='bbox 3354 4220 3662 4274; x_wconf 88' lang='lat' dir='ltr'>verisimile</span> 
     </span>
    </p>
   </div>
   <div class='ocr_carea' id='block_1_108' title="bbox 1962 4306 3665 4385">
    <p class='ocr_par' dir='ltr' id='par_1_108' title="bbox 1962 4306 3665 4385">
     <span class='ocr_line' id='line_1_108' title="bbox 1962 4306 3665 4385; baseline -0.008 -13"><span class='ocrx_word' id='word_1_786' title='bbox 1962 4324 2066 4385; x_wconf 90' lang='lat' dir='ltr'>est,</span> <span class='ocrx_word' id='word_1_787' title='bbox 2117 4317 2383 4371; x_wconf 91' lang='lat' dir='ltr'>eumdem</span> <span class='ocrx_word' id='word_1_788' title='bbox 2422 4316 2544 4385; x_wconf 88' lang='lat' dir='ltr'>jam</span> <span class='ocrx_word' id='word_1_789' title='bbox 2594 4314 2726 4368; x_wconf 90' lang='lat' dir='ltr'>inde</span> <span class='ocrx_word' id='word_1_790' title='bbox 2771 4313 2843 4368; x_wconf 92' lang='lat' dir='ltr'>ab</span> <span class='ocrx_word' id='word_1_791' title='bbox 2892 4329 3043 4367; x_wconf 89' lang='lat' dir='ltr'>anno</span> <span class='ocrx_word' id='word_1_792' title='bbox 3103 4306 3665 4382; x_wconf 87' lang='lat' dir='ltr'>quadringentesimo</span> 
     </span>
    </p>
   </div>
   <div class='ocr_carea' id='block_1_109' title="bbox 1962 4394 3664 4473">
    <p class='ocr_par' dir='ltr' id='par_1_109' title="bbox 1962 4394 3664 4473">
     <span class='ocr_line' id='line_1_109' title="bbox 1962 4394 3664 4473; baseline -0.008 -13"><span class='ocrx_word' id='word_1_793' title='bbox 1962 4406 2181 4462; x_wconf 91' lang='lat' dir='ltr'>decimo</span> <span class='ocrx_word' id='word_1_794' title='bbox 2237 4403 2407 4458; x_wconf 87' lang='lat' dir='ltr'>tertio</span> <span class='ocrx_word' id='word_1_795' title='bbox 2460 4403 2675 4456; x_wconf 86' lang='lat' dir='ltr'>factum</span> <span class='ocrx_word' id='word_1_796' title='bbox 2740 4402 2863 4473; x_wconf 87' lang='lat' dir='ltr'>ejus</span> <span class='ocrx_word' id='word_1_797' title='bbox 2909 4400 3055 4454; x_wconf 89' lang='lat' dir='ltr'>sedis</span> <span class='ocrx_word' id='word_1_798' title='bbox 3104 4397 3454 4468; x_wconf 87' lang='lat' dir='ltr'>episcopum.</span> <span class='ocrx_word' id='word_1_799' title='bbox 3512 4394 3664 4459; x_wconf 86' lang='lat' dir='ltr'>Quo-</span> 
     </span>
    </p>
   </div>
   <div class='ocr_carea' id='block_1_110' title="bbox 1963 4483 3665 4557">
    <p class='ocr_par' dir='ltr' id='par_1_110' title="bbox 1963 4483 3665 4557">
     <span class='ocr_line' id='line_1_110' title="bbox 1963 4483 3665 4557; baseline -0.008 -8"><span class='ocrx_word' id='word_1_800' title='bbox 1963 4495 2109 4549; x_wconf 88' lang='lat' dir='ltr'>circa</span> <span class='ocrx_word' id='word_1_801' title='bbox 2152 4492 2371 4547; x_wconf 81' lang='lat' dir='ltr'>tardius</span> <span class='ocrx_word' id='word_1_802' title='bbox 2420 4490 2529 4545; x_wconf 88' lang='lat' dir='ltr'>isto</span> <span class='ocrx_word' id='word_1_803' title='bbox 2559 4506 2708 4545; x_wconf 89' lang='lat' dir='ltr'>anno</span> <span class='ocrx_word' id='word_1_804' title='bbox 2740 4491 3057 4544; x_wconf 87' lang='lat' dir='ltr'>memorata</span> <span class='ocrx_word' id='word_1_805' title='bbox 3082 4485 3323 4557; x_wconf 89' lang='lat' dir='ltr'>epistola</span> <span class='ocrx_word' id='word_1_806' title='bbox 3364 4483 3505 4555; x_wconf 89' lang='lat' dir='ltr'>poni</span> <span class='ocrx_word' id='word_1_807' title='bbox 3550 4498 3665 4537; x_wconf 91' lang='lat' dir='ltr'>non</span> 
     </span>
    </p>
   </div>
   <div class='ocr_carea' id='block_1_111' title="bbox 1964 4586 2168 4655">
    <p class='ocr_par' dir='ltr' id='par_1_111' title="bbox 1964 4586 2168 4655">
     <span class='ocr_line' id='line_1_111' title="bbox 1964 4586 2168 4655; baseline -0.015 -17"><span class='ocrx_word' id='word_1_808' title='bbox 1964 4586 2168 4655; x_wconf 88' lang='lat' dir='ltr'>potest.</span> 
     </span>
    </p>
   </div>
   <div class='ocr_carea' id='block_1_112' title="bbox 2037 4658 3666 4738">
    <p class='ocr_par' dir='ltr' id='par_1_112' title="bbox 2037 4658 3666 4738">
     <span class='ocr_line' id='line_1_112' title="bbox 2037 4658 3666 4738; baseline -0.008 -13"><span class='ocrx_word' id='word_1_809' title='bbox 2037 4675 2086 4726; x_wconf 91' lang='lat'>3.</span> <span class='ocrx_word' id='word_1_810' title='bbox 2145 4670 2437 4725; x_wconf 79' lang='lat' dir='ltr'>Urbanum</span> <span class='ocrx_word' id='word_1_811' title='bbox 2494 4668 2914 4738; x_wconf 83' lang='lat' dir='ltr'>presbyterum,</span> <span class='ocrx_word' id='word_1_812' title='bbox 2985 4662 3147 4733; x_wconf 89' lang='lat' dir='ltr'>cujus</span> <span class='ocrx_word' id='word_1_813' title='bbox 3198 4661 3553 4716; x_wconf 87' lang='lat' dir='ltr'>mentionem</span> <span class='ocrx_word' id='word_1_814' title='bbox 3610 4658 3666 4712; x_wconf 91' lang='lat' dir='ltr'>in</span> 
     </span>
    </p>
   </div>
   <div class='ocr_carea' id='block_1_113' title="bbox 1968 4751 3670 4830">
    <p class='ocr_par' dir='ltr' id='par_1_113' title="bbox 1968 4751 3670 4830">
     <span class='ocr_line' id='line_1_113' title="bbox 1968 4751 3670 4830; baseline -0.008 -16"><span class='ocrx_word' id='word_1_815' title='bbox 1968 4759 2201 4830; x_wconf 87' lang='lat' dir='ltr'>epistola</span> <span class='ocrx_word' id='word_1_816' title='bbox 2245 4759 2314 4813; x_wconf 89' lang='lat' dir='ltr'>ad</span> <span class='ocrx_word' id='word_1_817' title='bbox 2361 4758 2752 4812; x_wconf 88' lang='lat' dir='ltr'>Marcellinum</span> <span class='ocrx_word' id='word_1_818' title='bbox 2799 4759 3053 4808; x_wconf 80' lang='lat' dir='ltr'>extremo</span> <span class='ocrx_word' id='word_1_819' title='bbox 3089 4751 3314 4806; x_wconf 86' lang='lat' dir='ltr'>circiter</span> <span class='ocrx_word' id='word_1_820' title='bbox 3344 4766 3493 4803; x_wconf 88' lang='lat' dir='ltr'>anno</span> <span class='ocrx_word' id='word_1_821' title='bbox 3524 4765 3670 4819; x_wconf 90' lang='lat' dir='ltr'>qua-</span> 
     </span>
    </p>
   </div>
   <div class='ocr_carea' id='block_1_114' title="bbox 1970 4838 3668 4917">
    <p class='ocr_par' dir='ltr' id='par_1_114' title="bbox 1970 4838 3668 4917">
     <span class='ocr_line' id='line_1_114' title="bbox 1970 4838 3668 4917; baseline -0.006 -15"><span class='ocrx_word' id='word_1_822' title='bbox 1970 4846 2420 4917; x_wconf 87' lang='lat' dir='ltr'>dringentesimo</span> <span class='ocrx_word' id='word_1_823' title='bbox 2434 4844 2771 4899; x_wconf 87' lang='lat' dir='ltr'>duodecimo</span> <span class='ocrx_word' id='word_1_824' title='bbox 2792 4842 2922 4895; x_wconf 89' lang='lat' dir='ltr'>data</span> <span class='ocrx_word' id='word_1_825' title='bbox 2942 4841 3075 4894; x_wconf 80' lang='lat' dir='ltr'>fecit</span> <span class='ocrx_word' id='word_1_826' title='bbox 3094 4838 3446 4910; x_wconf 85' lang='lat' dir='ltr'>Augustinus</span> <span class='ocrx_word' id='word_1_827' title='bbox 3469 4838 3668 4905; x_wconf 85' lang='lat' dir='ltr'>(Epist.</span> 
     </span>
    </p>
   </div>
   <div class='ocr_carea' id='block_1_115' title="bbox 1974 4925 3670 5003">
    <p class='ocr_par' dir='ltr' id='par_1_115' title="bbox 1974 4925 3670 5003">
     <span class='ocr_line' id='line_1_115' title="bbox 1974 4925 3670 5003; baseline -0.008 -13"><span class='ocrx_word' id='word_1_828' title='bbox 1974 4938 2094 5001; x_wconf 75' lang='grc'><strong>143,</strong></span> <span class='ocrx_word' id='word_1_829' title='bbox 2127 4952 2184 4989; x_wconf 91' lang='lat' dir='ltr'>n.</span> <span class='ocrx_word' id='word_1_830' title='bbox 2219 4936 2295 5003; x_wconf 87' lang='lat'>2),</span> <span class='ocrx_word' id='word_1_831' title='bbox 2324 4935 2487 4987; x_wconf 87' lang='lat' dir='ltr'>illum</span> <span class='ocrx_word' id='word_1_832' title='bbox 2518 4933 2706 5003; x_wconf 89' lang='lat' dir='ltr'>ipsum</span> <span class='ocrx_word' id='word_1_833' title='bbox 2738 4946 2855 4983; x_wconf 86' lang='lat' dir='ltr'>esse</span> <span class='ocrx_word' id='word_1_834' title='bbox 2889 4945 3006 4982; x_wconf 91' lang='lat' dir='ltr'>non</span> <span class='ocrx_word' id='word_1_835' title='bbox 3048 4928 3396 4989; x_wconf 87' lang='lat' dir='ltr'>dubitamus,</span> <span class='ocrx_word' id='word_1_836' title='bbox 3442 4925 3509 4979; x_wconf 91' lang='lat' dir='ltr'>de</span> <span class='ocrx_word' id='word_1_837' title='bbox 3558 4939 3670 4994; x_wconf 90' lang='lat' dir='ltr'>quo</span> 
     </span>
    </p>
   </div>
   <div class='ocr_carea' id='block_1_116' title="bbox 1970 5016 3673 5089">
    <p class='ocr_par' dir='ltr' id='par_1_116' title="bbox 1970 5016 3673 5089">
     <span class='ocr_line' id='line_1_116' title="bbox 1970 5016 3673 5089; baseline -0.009 -12"><span class='ocrx_word' id='word_1_838' title='bbox 1970 5024 2123 5079; x_wconf 90' lang='lat' dir='ltr'>idem</span> <span class='ocrx_word' id='word_1_839' title='bbox 2155 5023 2214 5076; x_wconf 90' lang='lat' dir='ltr'>in</span> <span class='ocrx_word' id='word_1_840' title='bbox 2249 5036 2510 5077; x_wconf 88' lang='lat' dir='ltr'>sermone</span> <span class='ocrx_word' id='word_1_841' title='bbox 2542 5020 2609 5073; x_wconf 89' lang='lat' dir='ltr'>ad</span> <span class='ocrx_word' id='word_1_842' title='bbox 2643 5018 2868 5089; x_wconf 89' lang='lat' dir='ltr'>plebem</span> <span class='ocrx_word' id='word_1_843' title='bbox 2904 5016 3040 5072; x_wconf 88' lang='lat' dir='ltr'>dicit</span> <span class='ocrx_word' id='word_1_844' title='bbox 3083 5034 3095 5071; x_wconf 90' lang='lat'><strong>:</strong></span> <span class='ocrx_word' id='word_1_845' title='bbox 3136 5017 3365 5072; x_wconf 84' lang='lat' dir='ltr'>Sanctus</span> <span class='ocrx_word' id='word_1_846' title='bbox 3405 5017 3584 5081; x_wconf 78' lang='lat' dir='ltr'>frater</span> <span class='ocrx_word' id='word_1_847' title='bbox 3624 5016 3673 5063; x_wconf 77' lang='lat' dir='ltr'>et</span> 
     </span>
    </p>
   </div>
   <div class='ocr_carea' id='block_1_117' title="bbox 1973 5099 3675 5182">
    <p class='ocr_par' dir='ltr' id='par_1_117' title="bbox 1973 5099 3675 5182">
     <span class='ocr_line' id='line_1_117' title="bbox 1973 5099 3675 5182; baseline -0.011 -15"><span class='ocrx_word' id='word_1_848' title='bbox 1973 5115 2309 5182; x_wconf 81' lang='lat' dir='ltr'>coepiscopus</span> <span class='ocrx_word' id='word_1_849' title='bbox 2362 5124 2507 5163; x_wconf 84' lang='lat' dir='ltr'>meus</span> <span class='ocrx_word' id='word_1_850' title='bbox 2562 5108 2806 5163; x_wconf 62' lang='lat' dir='ltr'>L’rbanus</span> <span class='ocrx_word' id='word_1_851' title='bbox 2861 5110 3056 5171; x_wconf 79' lang='lat' dir='ltr'>noster,</span> <span class='ocrx_word' id='word_1_852' title='bbox 3117 5107 3213 5175; x_wconf 83' lang='lat' dir='ltr'>qui</span> <span class='ocrx_word' id='word_1_853' title='bbox 3260 5105 3346 5157; x_wconf 82' lang='lat' dir='ltr'>hic</span> <span class='ocrx_word' id='word_1_854' title='bbox 3390 5099 3675 5170; x_wconf 79' lang='lat' dir='ltr'>presbyter</span> 
     </span>
    </p>
   </div>
   <div class='ocr_carea' id='block_1_118' title="bbox 1972 5190 3674 5269">
    <p class='ocr_par' dir='ltr' id='par_1_118' title="bbox 1972 5190 3674 5269">
     <span class='ocr_line' id='line_1_118' title="bbox 1972 5190 3674 5269; baseline -0.009 -15"><span class='ocrx_word' id='word_1_855' title='bbox 1972 5203 2103 5269; x_wconf 83' lang='lat' dir='ltr'>fuit,</span> <span class='ocrx_word' id='word_1_856' title='bbox 2150 5205 2198 5253; x_wconf 84' lang='lat' dir='ltr'>et</span> <span class='ocrx_word' id='word_1_857' title='bbox 2228 5199 2381 5252; x_wconf 82' lang='lat' dir='ltr'>modo</span> <span class='ocrx_word' id='word_1_858' title='bbox 2411 5202 2488 5251; x_wconf 87' lang='lat' dir='ltr'>est</span> <span class='ocrx_word' id='word_1_859' title='bbox 2518 5198 2781 5252; x_wconf 75' lang='lat' dir='ltr'>Siccensis</span> <span class='ocrx_word' id='word_1_860' title='bbox 2822 5197 3099 5264; x_wconf 83' lang='lat' dir='ltr'>episcopus</span> <span class='ocrx_word' id='word_1_861' title='bbox 3145 5193 3402 5263; x_wconf 82' lang='lat' dir='ltr'>(Sermon.</span> <span class='ocrx_word' id='word_1_862' title='bbox 3436 5190 3674 5253; x_wconf 83' lang='lat' dir='ltr'>Fragm.,</span> 
     </span>
    </p>
   </div>
   <div class='ocr_carea' id='block_1_119' title="bbox 1974 5274 3676 5357">
    <p class='ocr_par' dir='ltr' id='par_1_119' title="bbox 1974 5274 3676 5357">
     <span class='ocr_line' id='line_1_119' title="bbox 1974 5274 3676 5357; baseline -0.009 -15"><span class='ocrx_word' id='word_1_863' title='bbox 1974 5305 2030 5343; x_wconf 81' lang='grc' dir='ltr'><strong>η.</strong></span> <span class='ocrx_word' id='word_1_864' title='bbox 2079 5292 2130 5356; x_wconf 86' lang='grc'>1,</span> <span class='ocrx_word' id='word_1_865' title='bbox 2174 5288 2345 5357; x_wconf 84' lang='lat' dir='ltr'>primi</span> <span class='ocrx_word' id='word_1_866' title='bbox 2390 5284 2643 5355; x_wconf 73' lang='lat' dir='ltr'>fragm).</span> <span class='ocrx_word' id='word_1_867' title='bbox 2691 5284 2796 5337; x_wconf 87' lang='lat' dir='ltr'>Sed</span> <span class='ocrx_word' id='word_1_868' title='bbox 2830 5299 2931 5336; x_wconf 89' lang='lat' dir='ltr'>nec</span> <span class='ocrx_word' id='word_1_869' title='bbox 2962 5283 3140 5335; x_wconf 89' lang='lat' dir='ltr'>alium</span> <span class='ocrx_word' id='word_1_870' title='bbox 3169 5280 3340 5333; x_wconf 88' lang='lat' dir='ltr'>etiam</span> <span class='ocrx_word' id='word_1_871' title='bbox 3373 5274 3676 5344; x_wconf 78' lang='lat' dir='ltr'>signiﬁcat,</span> 
     </span>
    </p>
   </div>
   <div class='ocr_carea' id='block_1_120' title="bbox 1979 5362 3679 5444">
    <p class='ocr_par' dir='ltr' id='par_1_120' title="bbox 1979 5362 3679 5444">
     <span class='ocr_line' id='line_1_120' title="bbox 1979 5362 3679 5444; baseline -0.009 -14"><span class='ocrx_word' id='word_1_872' title='bbox 1979 5377 2116 5430; x_wconf 88' lang='lat' dir='ltr'>dum</span> <span class='ocrx_word' id='word_1_873' title='bbox 2146 5373 2521 5444; x_wconf 86' lang='lat' dir='ltr'>Peregrinum</span> <span class='ocrx_word' id='word_1_874' title='bbox 2551 5373 2853 5427; x_wconf 88' lang='lat' dir='ltr'>diaconum</span> <span class='ocrx_word' id='word_1_875' title='bbox 2887 5371 3313 5441; x_wconf 89' lang='lat' dir='ltr'>llipponensem</span> <span class='ocrx_word' id='word_1_876' title='bbox 3352 5364 3577 5418; x_wconf 89' lang='lat' dir='ltr'>Urbano</span> <span class='ocrx_word' id='word_1_877' title='bbox 3609 5362 3679 5416; x_wconf 88' lang='lat' dir='ltr'>ad</span> 
     </span>
    </p>
   </div>
   <div class='ocr_carea' id='block_1_121' title="bbox 1980 5451 3683 5535">
    <p class='ocr_par' dir='ltr' id='par_1_121' title="bbox 1980 5451 3683 5535">
     <span class='ocr_line' id='line_1_121' title="bbox 1980 5451 3683 5535; baseline -0.01 -15"><span class='ocrx_word' id='word_1_878' title='bbox 1980 5464 2344 5520; x_wconf 85' lang='lat' dir='ltr'>subeundum</span> <span class='ocrx_word' id='word_1_879' title='bbox 2376 5463 2700 5535; x_wconf 88' lang='lat' dir='ltr'>episcopale</span> <span class='ocrx_word' id='word_1_880' title='bbox 2729 5476 2939 5515; x_wconf 89' lang='lat' dir='ltr'>munus</span> <span class='ocrx_word' id='word_1_881' title='bbox 2960 5474 3109 5513; x_wconf 90' lang='lat' dir='ltr'>anno</span> <span class='ocrx_word' id='word_1_882' title='bbox 3131 5456 3277 5509; x_wconf 84' lang='lat' dir='ltr'>forte</span> <span class='ocrx_word' id='word_1_883' title='bbox 3299 5451 3683 5524; x_wconf 90' lang='lat' dir='ltr'>quadringen-</span> 
     </span>
    </p>
   </div>
   <div class='ocr_carea' id='block_1_122' title="bbox 1981 5540 3687 5621">
    <p class='ocr_par' dir='ltr' id='par_1_122' title="bbox 1981 5540 3687 5621">
     <span class='ocr_line' id='line_1_122' title="bbox 1981 5540 3687 5621; baseline -0.009 -12"><span class='ocrx_word' id='word_1_884' title='bbox 1981 5553 2186 5611; x_wconf 89' lang='lat' dir='ltr'>tesimo</span> <span class='ocrx_word' id='word_1_885' title='bbox 2217 5552 2439 5609; x_wconf 90' lang='lat' dir='ltr'>decimo</span> <span class='ocrx_word' id='word_1_886' title='bbox 2472 5552 2638 5608; x_wconf 89' lang='lat' dir='ltr'>tertio</span> <span class='ocrx_word' id='word_1_887' title='bbox 2668 5545 3054 5621; x_wconf 84' lang='lat' dir='ltr'>proﬁciscenti</span> <span class='ocrx_word' id='word_1_888' title='bbox 3081 5542 3349 5598; x_wconf 89' lang='lat' dir='ltr'>comitem</span> <span class='ocrx_word' id='word_1_889' title='bbox 3374 5540 3545 5599; x_wconf 86' lang='lat' dir='ltr'>fuisse</span> <span class='ocrx_word' id='word_1_890' title='bbox 3576 5543 3687 5594; x_wconf 87' lang='lat' dir='ltr'>tra-</span> 
     </span>
    </p>
   </div>
   <div class='ocr_carea' id='block_1_123' title="bbox 2995 5647 3331 5732">
    <p class='ocr_par' dir='ltr' id='par_1_123' title="bbox 2995 5647 3331 5732">
     <span class='ocr_line' id='line_1_123' title="bbox 2995 5647 3331 5732; baseline 0.003 -1"><span class='ocrx_word' id='word_1_891' title='bbox 2995 5647 3331 5732; x_wconf 70' lang='grc' dir='ltr'>(Οτιὶηεθο)</span> 
     </span>
    </p>
   </div>
  </div>
