3912 6174
389 316 491 368 459

389 433 472 489 dit
511 431 707 501 (Epist.
745 430 867 494 149,
896 442 949 480 η.
986 425 1090 495 34).
1122 424 1173 477 Is
1219 423 1414 488 Roma,
1455 436 1570 491 quo
1602 419 1708 474 iter
1736 420 2079 489 susceperat,

1648 296 1817 354 VITA
1857 296 1909 350 S.
1954 290 2340 350 AUGUSTINI
2383 289 2719 346 EPISCOPI.
3724 295 3792 347 5.60

2193 418 2323 473 Cum
2352 431 2441 470 vos
2468 416 2671 482 fratres
2699 414 2872 467 nostri
2917 413 3118 481 (Epist.
3159 411 3270 481 95),
3314 410 3395 464 illi
3437 413 3793 481 transmittebat,

386 498 593 593 jamvin
619 516 864 571 Africam
884 530 1033 568 anno
1066 516 1191 583 post
1211 508 1844 582 quadringentesimum
1865 507 2084 561 decimo
2186 505 2307 575 jam
2337 511 2465 558 ante
2493 504 2829 557 tractaverat
2847 501 3040 569 (Epist.
3068 500 3191 565 149,
3213 513 3270 552 n.
3292 498 3397 568 33).
3421 499 3491 553 De
3509 500 3798 570 praedestina-

391 613 542 663 sexto
572 606 924 660 remeaverat
961 601 1151 672 (Serm.
1195 602 1435 667 Fragm,
1467 614 1526 651 τι.
1562 601 1581 650 1
1616 598 1787 666 primi
1807 595 2033 663 fragm.)
2069 610 2081 647 :

393 692 733 764 Peregrinus
785 707 938 759 vero,
993 689 1089 760 qui
1144 704 1274 741 cum
1330 703 1395 740 eo
1453 686 1668 741 Siccam
1720 684 1907 737 fuerat
1958 698 2090 752 pro-

391 785 589 847 fectus,
625 781 938 850 Hipponem
978 777 1231 831 nondum
1272 773 1599 844 repetierat,
1649 770 2089 842 cumlAugusti-

394 887 499 926 nus
543 869 860 939 epistolam,
893 865 1051 934 cujus
1081 869 1164 917 est
1192 862 1446 925 initium,
1481 861 1638 926 Quod
1662 860 1727 913 de
1753 861 2091 928 perventione

392 964 504 1013 tam
540 971 803 1028 prospera
852 953 1053 1024 (Epist.
1098 951 1240 1023 149),
1273 951 1340 1004 ad
1390 949 1694 1003 Paulinum
1727 946 1883 1002 dedit
1914 963 1928 1000 :
1962 962 2091 1017 quae

390 1045 627 1117 proinde
642 1060 745 1098 nec
765 1048 894 1097 ante
917 1056 1132 1095 annum
1154 1038 1789 1111 quadringentesimum
1805 1035 2092 1091 decimum

389 1134 647 1198 tertium,
696 1147 883 1202 neque
929 1135 1061 1201 post
1117 1127 1749 1200 quadringentesimum
1807 1124 2094 1180 decimum

393 1222 661 1294 quintum
691 1220 900 1289 scripta
925 1219 1049 1273 fuit.
1086 1219 1161 1271 Ea
1191 1222 1380 1270 autem
1416 1215 1486 1269 ad
1518 1216 1710 1285 plures
1739 1212 1961 1268 Paulini
1982 1211 2095 1283 epi-

393 1312 561 1366 stolas
629 1308 1058 1379 responsionem
1118 1305 1393 1359 continet.
1474 1304 1688 1373 Nempe
1741 1300 2094 1371 Augustinus

394 1398 693 1470 epistolam
719 1394 1057 1465 Carthagine
1086 1394 1155 1447 ad
1182 1394 1343 1446 illum
1376 1408 1479 1462 per
1504 1392 1754 1446 hiemem
1784 1390 1919 1445 anui
1948 1407 2095 1460 qua-

394 1484 825 1556 dringentesimi
854 1483 1033 1537 octavi
1063 1483 1148 1536 vel
1183 1479 1730 1552 quadringentesimi
1765 1478 1902 1532 noni
1929 1478 2095 1533 desti-

394 1578 559 1629 narat
617 1572 811 1643 (Epist.
862 1570 952 1640 95)
1006 1585 1017 1623 :
1069 1570 1240 1641 hujus
1291 1570 1583 1636 Paulinus,
1626 1584 1756 1638 quas
1802 1566 1910 1620 sibi
1949 1567 2095 1621 forte

394 1664 588 1732 elapsa
627 1665 783 1726 erat,
834 1659 941 1711 sibi
989 1658 1136 1712 mitti
1177 1658 1596 1728 apographum,
1645 1660 1743 1709 aut
1774 1655 1842 1709 de
1872 1655 2093 1725 integro

396 1747 847 1816 resurrectionis,
887 1747 955 1801 de
996 1764 1107 1817 qua
1156 1746 1216 1799 in
1256 1747 1453 1799 eadem
1486 1745 1584 1798 illa
1614 1744 1853 1815 epistola
1884 1744 2094 1813 ageba-

392 1842 507 1905 tur,
542 1837 839 1891 materiam
885 1833 1139 1900 edisseri,
1171 1834 1366 1904 cupiit.
1404 1833 1582 1887 Simul
1615 1831 1934 1902 Augustino
1962 1847 2092 1901 pro-

393 1927 555 1998 ponit
594 1926 657 1979 in
701 1926 881 1999 Vetus
908 1940 969 1977 ac
1010 1924 1227 1977 Novum
1266 1923 1717 1976 Instrumentum
1749 1920 2095 1991 quaestiones

392 2029 629 2079 novem;
677 2028 817 2082 quas
863 2028 992 2065 cum
1032 2011 1153 2082 ipse
1203 2026 1426 2063 summa
1477 2008 1743 2079 expendit
1774 2004 2089 2077 diligentia,

393 2104 517 2155 tum
558 2099 946 2170 Augustinum
995 2100 1332 2159 obtestatur,
1387 2102 1451 2151 ut
1493 2112 1655 2151 suam
1698 2096 1767 2149 de
1811 2094 1923 2147 illis
1978 2110 2096 2148 sen-

394 2188 633 2243 tentiam
659 2186 766 2240 sibi
796 2186 1087 2252 rescribat,
1115 2202 1178 2238 ae
1210 2186 1279 2240 de
1302 2201 1451 2238 nona
1472 2184 1530 2238 in
1554 2183 1772 2254 primis,
1796 2199 1927 2253 quas
1949 2182 2097 2235 circa

394 2276 673 2331 Simeonis
702 2276 771 2329 ad
802 2274 1031 2329 Mariam
1061 2274 1210 2329 dicta
1232 2273 1786 2339 versabatur.(Paul.,
1813 2272 1963 2341 apud
1980 2272 2096 2326 Au-

395 2367 564 2432 gust,
604 2365 782 2431 Epist.
818 2364 936 2425 l2l,
973 2379 1028 2416 η.
1066 2362 1169 2431 li).
1213 2362 1469 2432 Acceptis
1517 2361 1671 2415 hisce
1702 2360 1924 2426 litteris,
1968 2375 2097 2430 quas

398 2469 431 2506 a
480 2452 715 2506 Paulino
761 2451 987 2505 circiter
1029 2467 1242 2505 annum
1285 2449 1912 2521 quadringentesimum
1943 2449 2095 2504 deci-

402 2556 562 2595 mum
576 2540 796 2611 scriptae
809 2540 1060 2607 fuerunt,
1080 2540 1432 2610 Augustinus
1455 2539 1750 2593 confestim
1769 2538 1851 2591 illi
1872 2553 2097 2608 respon-

399 2630 498 2695 dit,
536 2646 599 2683 ac
630 2630 751 2700 ejus
777 2627 1122 2700 quaestiones
1152 2628 1358 2698 partim
1390 2627 1692 2697 expedivit,
1724 2626 1933 2697 partim
1961 2642 2095 2695 pro-

397 2721 634 2789 perante
679 2717 975 2773 tabellario
1018 2716 1226 2770 omisit.
1280 2718 1611 2787 Exemplum
1652 2732 1783 2770 vero
1814 2715 2093 2784 epistolas,

399 2807 554 2879 quod
578 2806 850 2861 Paulinus
867 2806 1561 2877 petierat,adjungendum
1582 2804 1714 2859 huic
1735 2803 2095 2875 responsioni

395 2896 633 2951 curavit.
668 2897 820 2949 Hanc
859 2911 1049 2965 porro,
1091 2910 1264 2965 quam
1313 2893 1723 2960 desideramus,
1770 2892 2094 2963 responsio-

395 3001 531 3040 nem
576 2983 880 3038 verisimile
924 2988 1009 3036 est
1056 2983 1247 3036 datam
1297 2982 1451 3036 haud
1502 2981 1697 3035 multis
1735 2986 1865 3035 ante
1896 2980 2095 3035 diebus

396 3072 593 3140 fuisse,
624 3087 753 3124 cum
780 3070 950 3124 aliam
977 3070 1194 3123 addidit
1225 3068 1514 3135 Paulinus,
1540 3082 1669 3139 quae
1700 3068 1961 3122 similiter
1988 3085 2095 3138 pe-

399 3159 516 3225 riit,
550 3176 664 3229 qua
694 3158 891 3212 itidem
940 3158 1009 3212 de
1056 3159 1273 3227 psalmo
1303 3163 1460 3211 sexto
1492 3156 1733 3222 decimo,
1763 3157 1946 3228 deque
1980 3173 2095 3211 ver-

396 3248 483 3301 bis
512 3246 794 3301 Simeonis
823 3246 890 3298 ad
924 3245 1153 3299 Mariam
1177 3245 1560 3314 Augustinum
1585 3245 1930 3299 consulebat.
1966 3247 2094 3299 Haec

398 3336 717 3406 Hipponem
747 3349 876 3387 cum
910 3337 993 3386 est
1020 3333 1258 3403 perlata,
1290 3337 1413 3386 tum
1445 3334 1711 3403 Cataquae
1739 3334 1889 3403 apud
1922 3334 2091 3387 Boni-

395 3424 608 3478 facium
649 3423 903 3493 ejusdem
934 3421 1090 3475 urbis
1118 3421 1449 3492 episcopum
1479 3420 1867 3475 diversabatur
1893 3424 2094 3493 Augu-

398 3512 599 3567 stinus.
643 3512 999 3581 Quapropter
1045 3510 1201 3563 illam
1252 3509 1514 3580 Hippone
1562 3509 1672 3563 sibi
1704 3508 2093 3563 transmissum

396 3600 695 3671 accipiens,
722 3600 987 3670 Cataquaa
1018 3614 1356 3668 responsum
1387 3598 1575 3666 dedit;
1602 3598 1698 3652 sed
1732 3598 1810 3652 ibi
1838 3614 2091 3670 graecum

395 3690 750 3762 psalterium,
800 3688 946 3741 unde
996 3686 1200 3758 psalmi
1239 3687 1446 3741 decimi
1493 3688 1637 3741 sexti
1680 3687 2092 3757 expositionem

393 3781 631 3847 peteret,
665 3793 779 3829 non
802 3775 1032 3845 reperit.
1059 3777 1211 3829 Istud
1240 3792 1470 3846 quoque
1493 3792 1832 3845 responsum
1855 3776 2091 3843 excidit;

394 3865 495 3918 sed
533 3880 717 3934 neque
744 3862 981 3916 Paulino
1012 3864 1299 3917 redditum
1330 3864 1472 3929 fuit;
1513 3864 1677 3917 sicuti
1707 3880 1811 3917 nec
1839 3864 1936 3917 illa
1965 3865 2092 3934 epi-

394 3954 557 4018 stola,
591 3968 703 4022 qua
728 3951 884 4022 prius
913 3951 1262 4021 Augustinus
1282 3952 1352 4005 ad
1374 3952 1494 4021 ejus
1515 3951 1862 4021 quaestiones
1886 3968 2090 4007 novem

391 4040 780 4111 responderat.
816 4040 999 4103 Quare
1025 4040 1210 4093 denuo
1243 4039 1313 4094 ad
1343 4039 1505 4093 illum
1528 4040 1772 4095 scribere
1793 4056 2089 4096 necessum

392 4129 667 4184 Paulinus
697 4129 917 4196 habuit,
943 4145 1072 4182 cum
1094 4144 1243 4181 anno
1268 4145 1438 4199 supra
1459 4129 2090 4199 quadringentesimum

391 4218 729 4274 duodecimo
760 4219 845 4271 vel
869 4216 1035 4272 tertio
1066 4217 1285 4271 decimo
1311 4217 1505 4282 Quinti
1534 4218 1854 4289 presbyteri
1879 4223 1931 4272 et
1953 4219 2090 4273 alio-

388 4324 519 4364 rum
540 4308 759 4379 aliquot
779 4307 1084 4361 adventum
1110 4306 1191 4360 illi
1213 4307 1589 4373 nuntiavit,de
1613 4322 1861 4378 quorum
1881 4308 2087 4369 itinere

386 4397 534 4451 nihil
564 4397 718 4451 aliud
748 4397 1027 4450 habemus
1050 4400 1425 4466 compertum.
1450 4396 1500 4448 Is
1528 4400 1719 4449 autem
1738 4395 1818 4449 ibi
1840 4396 2087 4451 destina-

388 4487 513 4538 tum
536 4484 637 4537 abs
666 4501 723 4538 se
755 4484 1047 4555 quoddam
1066 4482 1487 4548 misericordiae,
1523 4487 1586 4537 ut
1612 4483 1880 4553 appellat,
1905 4484 2085 4539 cousi-

388 4571 530 4625 lium
582 4572 937 4642 significabat
977 4572 1295 4643 Augustino
1327 4572 1524 4642 (Epist.
1574 4573 1692 4637 149,
1724 4589 1777 4626 n.
1816 4572 1892 4642 l);
1924 4574 2085 4643 cujus

389 4660 840 4730 contubernales,
893 4660 1082 4716 divino
1120 4660 1471 4730 mancipatos
1515 4659 1808 4731 obsequio,
1857 4661 2087 4715 univer-

387 4747 493 4801 sim
521 4747 773 4817 quidem,
818 4750 1190 4819 Peregrinum
1228 4766 1359 4803 vero
1390 4748 1690 4803 diaconum
1722 4748 2084 4818 nominatim,

386 4837 471 4891 uti
501 4836 854 4906 conjicimus,
898 4839 1179 4892 salutabat
1225 4840 1408 4908 (Ibid.,
1440 4855 1496 4893 η.
1526 4840 1632 4910 34).
1668 4842 1972 4893 Postremae
2001 4837 2084 4891 illi
2139 4909 2143 4914 η

385 4924 641 4996 epistola:
670 4925 895 4978 Paulini
919 4926 1271 4995 Augustinus
1297 4927 1483 4997 prima
1502 4928 1633 4982 data
1655 4928 1947 4981 occasione
1973 4927 2086 4981 Ru-

383 5013 487 5068 tini
516 5012 760 5080 diaconi,
792 5013 891 5083 qui
917 5030 985 5067 ex
1016 5014 1365 5085 Hipponensi
1386 5021 1555 5085 portu
1580 5016 1846 5083 solvebat,
1869 5030 2086 5070 memo-

384 5108 565 5158 ratam
609 5100 913 5173 epistolam
959 5101 1180 5155 circiter
1210 5120 1423 5157 annum
1453 5103 2083 5175 quadringentesimum

387 5196 660 5265 quartum
687 5189 969 5246 decimum
1002 5190 1307 5260 rescripsit.
1334 5192 1417 5246 Ibi
1438 5192 1848 5262 questionibus
1874 5208 1907 5245 a
1937 5194 2082 5247 Pau-

381 5282 500 5335 lino
531 5278 839 5352 propositis
861 5278 1160 5346 satisfecit;
1190 5295 1315 5333 eam
1344 5285 1532 5334 tamen
1553 5297 1682 5352 qum
1707 5281 1778 5334 ad
1804 5280 2083 5335 Simeouis

376 5370 549 5424 verba
594 5367 940 5440 pertinebat,
987 5367 1216 5422 nonnisi
1256 5368 1454 5423 leviter
1498 5369 1800 5439 attingens,
1835 5387 1901 5424 eo
1931 5369 2079 5423 scili-

379 5462 488 5520 cet,
520 5458 654 5529 quia
674 5457 817 5514 illud
837 5456 1163 5529 argumenti
1181 5454 1243 5511 in
1264 5457 1441 5511 altera
1460 5457 1699 5528 epistola
1716 5459 1783 5514 ad
1813 5458 2079 5529 eumdem

379 5544 607 5615 scripta,
639 5548 799 5618 cujus
821 5547 1148 5617 exemplum
1177 5544 1322 5600 sicut
1349 5548 1403 5599 et
1433 5545 1665 5600 alterius
1693 5562 1822 5618 quae
1852 5546 2075 5617 incipit,

2194 594 2347 646 tione
2376 592 2609 654 ibidem,
2645 604 2976 661 quanquam
2996 603 3112 641 non
3141 603 3211 640 ex
3230 586 3495 656 professo,
3514 593 3682 644 tamen
3696 593 3800 647 clare

2195 680 2503 735 admodum
2533 684 2591 734 et
2619 678 2801 733 valide
2833 677 3085 748 disputat
3113 678 3317 745 (Epist.
3343 676 3447 747 95).

2264 771 2317 824 4.
2352 769 2506 839 Opus
2535 769 2604 823 de
2631 767 2863 823 Civitate
2894 765 2994 819 Dei
3013 769 3211 818 contra
3240 764 3496 832 Gentiles,
3525 766 3613 836 qui
3640 768 3804 839 religio-

2196 873 2329 912 nem
2360 856 2738 912 Christianam
2761 853 3075 909 maledictis
3096 858 3155 906 et
3180 852 3472 907 calumniis
3496 854 3561 907 ob
3587 870 3805 927 expugna-

2198 952 2317 1001 tam
2361 946 2567 1001 Urbem
2604 942 3068 1016 proscindebant,
3108 958 3231 997 non
3270 958 3566 1012 paucorum
3591 961 3806 1000 annorum

2197 1039 2378 1109 spatio
2404 1037 2817 1096 elucubratum,
2849 1036 2954 1110 hoc
2982 1033 3239 1103 primum
3269 1048 3413 1086 anno
3440 1039 3722 1105 susceptum
3735 1043 3805 1092 est.

2200 1127 2265 1182 Id
2284 1126 2440 1181 enim
2469 1124 2694 1195 scripsit
2709 1123 3062 1194 Augustinus
3077 1122 3149 1177 ad
3172 1122 3543 1177 Marcellinum
3560 1124 3807 1194 tribunum,

2201 1215 2300 1286 qui
2330 1230 2480 1268 anno
2510 1214 2633 1285 ipso
2664 1211 3231 1284 quadringentesimo
3262 1210 3474 1266 decimo
3500 1212 3664 1280 tertio,
3677 1213 3809 1269 idibus

2200 1303 2538 1375 septembris
2587 1318 2764 1356 casus
2811 1302 2995 1355 vivere
3034 1296 3203 1355 desiit
3235 1316 3250 1354 :
3282 1316 3386 1354 nec
3410 1304 3590 1355 tamen
3613 1300 3697 1356 diu
3718 1308 3807 1356 ante

2200 1393 2354 1447 illius
2402 1392 2616 1446 caedem
2662 1406 2897 1445 manum
2935 1389 3069 1444 huic
3110 1388 3363 1443 admovit
3403 1390 3582 1459 operi;
3619 1391 3811 1460 quando-

2202 1481 2437 1553 quidem
2465 1481 2642 1535 libros
2671 1481 2794 1551 ejus
2823 1480 2989 1547 duos,
3019 1494 3148 1532 cum
3182 1477 3281 1531 illa
3308 1476 3554 1547 contigit,
3578 1477 3653 1531 vix
3677 1479 3811 1548 perte.

2201 1575 2375 1625 cerat.
2409 1571 2548 1624 Hinc
2569 1569 2722 1624 haud
2754 1568 2923 1623 dubie
2946 1568 3181 1632 factum,
3204 1571 3271 1620 ut
3288 1566 3386 1636 qui
3411 1566 3746 1620 Marcellinum
3765 1567 3811 1619 at

2202 1659 2359 1730 loqui
2383 1663 2629 1730 coeperat
2658 1657 2717 1711 in
2743 1656 2973 1711 exordio
3003 1654 3179 1726 primi
3211 1670 3276 1708 ac
3304 1653 3525 1708 secundi
3550 1652 3681 1720 libri,
3706 1669 3810 1708 nun-

2204 1764 2375 1818 quam
2415 1747 2475 1801 in
2514 1746 2748 1817 reliquis
2793 1760 3120 1799 sermonem
3148 1743 3221 1797 ad
3253 1758 3384 1796 eum
3411 1746 3688 1797 convertat.
3714 1743 3811 1796 Cum

2202 1834 2352 1889 idem
2377 1834 2497 1905 ipse
2528 1833 2880 1890 Marcellinus
2909 1833 3085 1887 libros
3113 1832 3173 1886 in
3206 1833 3314 1887 hoc
3336 1836 3702 1903 argumentum
3721 1847 3811 1885 con-

2202 1922 2295 1978 ﬁci
2326 1924 2657 1995 deprecatus
2684 1923 2884 1977 fuisset
2924 1921 3124 1993 (Epist.
3173 1924 3294 1987 l36,
3329 1937 3384 1975 η.
3415 1922 3493 1991 3);
3523 1920 3811 1990 responderat

2203 2011 2256 2066 ei
2312 2028 2461 2066 anno
2519 2010 3082 2083 quadringentesimo
3136 2008 3474 2063 duodecimo
3516 2008 3810 2078 Augustinus,

2204 2100 2483 2171 ejusmodi
2502 2100 2850 2170 quaestiones
2879 2116 2912 2152 a
2931 2115 2990 2152 se
3021 2104 3146 2152 tum
3174 2095 3519 2168 pertractari,
3548 2112 3647 2150 non
3672 2111 3811 2166 quem-

2206 2188 2509 2243 admodum
2543 2188 2612 2242 de
2642 2187 2731 2242 his
2759 2189 3047 2257 agendum
3076 2192 3163 2241 est
3209 2187 3482 2241 librorum
3510 2183 3722 2255 negotio,
3745 2182 3811 2236 sed

2206 2277 2694 2348 quemadmodum
2745 2280 2934 2347 potest
2971 2275 3267 2346 epistulari
3309 2280 3394 2328 sat
3441 2289 3552 2328 esse
3599 2271 3809 2342 colloquio

2208 2368 2402 2436 (Epist.
2439 2368 2559 2432 l38,
2586 2382 2642 2419 η.
2676 2364 2721 2435 1)
2758 2381 2771 2418 :
2804 2365 2954 2435 quod
2987 2364 3225 2434 quidem
3250 2363 3409 2417 facile
3434 2379 3533 2416 nos
3559 2360 3759 2424 adducit,
3772 2364 3811 2412 ut

2205 2470 2339 2508 eum
2369 2459 2506 2508 tunc
2535 2455 2806 2525 temporis
2831 2454 3082 2508 nondum
3103 2454 3401 2507 inchoasse
3420 2468 3552 2522 opus
3570 2450 3697 2505 istud
3711 2449 3811 2502 arbi-

2204 2545 2442 2599 tremur.
2474 2543 2584 2598 Sed
2613 2558 2743 2596 cum
2788 2542 2958 2596 simul
2989 2542 3381 2596 Marcellinum
3408 2543 3580 2611 rogat,
3608 2542 3661 2591 ut
3683 2536 3811 2590 sibisi

2206 2630 2343 2700 quid
2365 2631 2433 2684 ad
2450 2629 2870 2684 convincendos
2886 2629 3142 2684 inﬁdeles
3157 2631 3347 2685 adhuc
3366 2627 3699 2682 necessarium
3708 2623 3810 2695 judi-

2205 2724 2312 2784 cet,
2345 2718 2663 2789 significare
2686 2733 2757 2771 ne
2776 2723 3044 2788 gravetur
3062 2723 3122 2772 ut
3142 2720 3230 2774 vel
3249 2716 3669 2787 epistolis,ait,vet
3687 2714 3809 2777 tibiis,

2203 2807 2254 2860 si
2274 2806 2551 2876 adjuverit
2575 2808 2735 2871 Deus,
2768 2805 2843 2859 ad
2873 2809 3053 2860 omnia
3084 2807 3406 2876 respondere
3432 2818 3647 2860 curemus
3682 2798 3808 2871 (Ιὸίάον

2204 2910 2258 2949 n.
2290 2897 2407 2962 20);
2444 2911 2614 2949 nemo
2645 2893 2812 2949 isthic
2840 2910 2957 2948 non
2986 2894 3320 2967 videat,qua
3346 2893 3556 2948 ratione
3575 2889 3744 2945 sensim
3761 2886 3810 2940 ad

2202 2981 2375 3036 libros
2405 2982 2474 3036 de
2505 2981 2738 3036 Civitate
2762 2981 2862 3036 Dei
2882 2982 3324 3036 conscribendos
3352 2984 3563 3035 sanctus
3581 2974 3808 3032 Doctorin.

2203 3070 2405 3124 ductus
2450 3069 2542 3124 sit.
2598 3071 2742 3139 Ergo
2785 3070 2907 3123 zelo
2944 3069 3147 3124 domus
3180 3070 3303 3136 Dei,
3334 3074 3397 3124 ut
3423 3067 3667 3139 loquitur,
3693 3077 3809 3117 exar-

2203 3157 2440 3211 descens
2482 3157 2749 3211 adversus
2798 3156 3109 3211 Gentilium
3133 3156 3528 3227 blasphemiae,
3554 3164 3809 3224 propugna-

2203 3245 2417 3300 tionem
2446 3244 2600 3300 illius
2630 3244 2914 3315 suscipere
2943 3244 3094 3315 apud
3124 3245 3387 3300 animum
3411 3259 3568 3298 suum
3591 3234 3810 3295 constituit

2204 3334 2454 3405 (Retract.
2496 3334 2589 3389 tib.
2623 3337 2677 3400 2,
2707 3350 2828 3403 cap.
2862 3336 2950 3400 43,
2984 3350 3036 3389 η.
3092 3338 3162 3399 1).
3194 3334 3304 3390 Sed
3329 3334 3425 3387 abs
3452 3327 3695 3401 singulari
3716 3326 3809 3380 hoc-

2202 3438 2263 3475 ce
2293 3428 2630 3492 argumento
2650 3422 2718 3476 ad
2744 3421 3106 3477 tractandum
3121 3421 3440 3492 generatim
3463 3420 3527 3475 de
3545 3424 3743 3487 utraque
3756 3410 3810 3466 ci-

2202 3510 2391 3579 vitate,
2421 3511 2625 3566 mundi
2667 3511 2930 3566 videlicet
2957 3527 3020 3565 ac
3051 3511 3171 3579 Dei,
3221 3512 3302 3585 sic
3337 3511 3601 3565 calamum
3627 3507 3809 3560 transtu-

2201 3598 2288 3665 lit,
2318 3603 2383 3654 ut
2421 3599 2591 3653 simul
2636 3614 2937 3670 aggressus
2979 3599 3068 3664 sit,
3123 3605 3182 3654 et
3226 3597 3499 3671 quidquid
3525 3597 3580 3651 in
3608 3585 3809 3665 gentilitii

2201 3688 2385 3741 cultus
2416 3686 2804 3742 defensionem
2851 3686 3207 3758 splendidius
3246 3688 3434 3743 afferri
3459 3688 3675 3758 poterat,
3698 3692 3809 3733 ever-

2200 3782 2339 3844 tere,
2372 3781 2428 3831 et
2455 3776 2821 3832 christianam
2851 3777 3192 3847 religionem
3218 3777 3438 3832 invictis
3457 3774 3707 3830 rationum
3727 3780 3809 3820 mo-

2200 3864 2408 3920 mentis
2451 3872 2725 3920 astruere.
2776 3866 2913 3929 Quze
2961 3881 3131 3936 porro
3177 3865 3383 3936 grandi
3426 3864 3520 3918 illo
3564 3874 3707 3932 opere
3740 3866 3810 3924 per

2200 3955 2343 4009 duos
2363 3970 2534 4025 supra
2553 3954 2755 4024 viginti
2782 3954 2954 4008 libros
2983 3958 3422 4024 pertractantur,
3445 3966 3624 4007 eorum
3647 3955 3810 4000 summa

2199 4043 2383 4115 capita
2409 4044 2470 4097 in
2501 4042 3014 4098 Retractationibus
3052 4044 3301 4115 attingit.
3335 4045 3436 4098 Tot
3462 4041 3618 4096 libros
3640 4026 3809 4090 nonnisi

2197 4131 2459 4202 pluribus
2482 4132 2646 4185 annis
2676 4131 3121 4204 interruptisque
3151 4133 3366 4188 vicibus
3392 4132 3443 4186 ei
3470 4128 3612 4184 licuit
3636 4125 3695 4179 ad
3718 4133 3809 4173 um-

2196 4218 2432 4273 bilicum
2460 4219 2758 4286 adducere,
2789 4225 2982 4275 coacto
3014 4219 3281 4277 videlicet
3310 4222 3378 4276 ab
3406 4218 3511 4274 illis
3534 4213 3709 4285 saepius
3739 4205 3809 4259 sti-

2196 4309 2319 4363 lum
2346 4324 2661 4375 removere,
2684 4312 2745 4363 ut
2765 4308 2839 4362 ad
2859 4324 2925 4363 ea
2946 4325 3076 4380 quas
3106 4309 3290 4381 magis
3313 4323 3508 4379 urgere
3529 4300 3807 4359 videbantur.

2194 4398 2358 4452 illum
2388 4401 2741 4451 converteret
2780 4397 2987 4468 (Ibid)
3033 4397 3257 4452 Priores
3305 4399 3440 4453 duos
3469 4394 3548 4449 vel
3587 4397 3697 4451 tres,
3723 4388 3810 4438 ιιιᾶ

2194 4485 2361 4541 nobis
2382 4486 2504 4557 jam
2530 4485 2767 4552 dictum,
2795 4486 2901 4540 hoc
2931 4502 3105 4554 anno,
3133 4488 3416 4558 proximos
3442 4499 3564 4538 vero
3587 4477 3689 4533 istis
3708 4473 3808 4527 duos

2196 4591 2345 4629 anno
2364 4572 2929 4645 quadringentesimo
2947 4574 3167 4629 decimo
3189 4575 3390 4647 quinto
3413 4564 3808 4640 composuit:cum

2195 4680 2293 4718 eos
2321 4664 2492 4734 paulo
2541 4667 2669 4717 ante
2707 4663 3199 4734 quadragesimale
3229 4663 3506 4736 jejunium
3542 4660 3670 4713 esset
3689 4660 3809 4705 exor-

2193 4767 2289 4805 sus
2320 4750 2514 4820 (Epist.
2554 4754 2677 4820 l69,
2706 4767 2763 4807 n.
2797 4752 2875 4821 l).
2916 4752 3173 4806 Primum
3200 4751 3414 4825 vulgati
3437 4751 3559 4804 sunt
3579 4746 3642 4800 ab
3657 4756 3711 4796 eo
3729 4740 3808 4790 tres

2192 4839 2277 4892 illi
2305 4839 2479 4908 primi
2520 4859 2537 4894 :
2590 4856 2694 4893 nec
2721 4840 2803 4895 ita
2832 4841 3011 4894 multo
3056 4845 3184 4912 post
3209 4841 3271 4895 in
3301 4854 3469 4912 quam
3496 4832 3809 4909 plurimorum

2194 4943 2395 4982 manus
2444 4933 2850 4999 pervenerunt.
2899 4930 3023 4984 Non
3067 4929 3299 4984 defuere
3345 4930 3490 4983 inter
3529 4918 3807 4979 ἱὼὶοιτιιτδεν

2193 5017 2292 5088 qui
2323 5017 2392 5072 de
2420 5017 2747 5072 refellendis
2774 5018 2887 5072 illis
2914 5019 3261 5090 cogitarent;
3290 5020 3425 5088 imo,
3454 5018 3513 5070 ut
3536 5011 3807 5079 responsum

2193 5122 2363 5161 suum
2388 5106 2447 5160 in
2476 5108 2660 5161 lucem
2692 5106 3040 5174 emitterent,
3072 5108 3405 5163 dicebantur
3429 5102 3563 5159 nihil
3588 5093 3717 5152 aliud
3738 5103 3807 5143 el-

2191 5200 2466 5265 spectare,
2487 5195 2597 5249 nisi
2625 5195 3113 5266 opportunitatem
3135 5197 3405 5268 aliquam,
3430 5192 3577 5262 cujus
3591 5174 3807 5268 beneﬁcio

2190 5259 2248 5336 id
2278 5282 2390 5335 illis
2410 5259 2534 5336 sine
2563 5259 2723 5336 metu
2754 5281 2946 5352 legum
2978 5259 3358 5354 imperialium
3377 5259 3576 5335 liceret.
3601 5272 3720 5338 Quos
3737 5259 3807 5317 04‘

2189 5384 2390 5435 moneo,
2423 5368 2610 5439 inquit
2640 5369 3017 5439 Augustinus,
3047 5386 3155 5424 non
3172 5374 3351 5440 optent
3378 5364 3515 5437 quod
3536 5364 3605 5417 eis
3627 5369 3713 5412 non
3730 5363 3805 5447 ξεττ

2184 5458 2356 5527 pedit.
2386 5459 2563 5513 Facile
2595 5462 2672 5513 cst
2717 5459 2859 5513 enim
2905 5461 3161 5528 cuiquam
3196 5459 3372 5514 videri
3396 5448 3708 5525 respondisse,
3732 5450 3803 5509 αυτ

2188 5549 2361 5601 tacere
2379 5547 2628 5617 noluerit.
2648 5547 2763 5602 Aut
2778 5547 2915 5616 quid
2935 5551 3014 5603 est
3036 5549 3313 5617 loquacius
3332 5541 3591 5602 vanitate?
3612 5544 3710 5604 qus
3724 5536 3800 5581 '30”
