3912 6174
128 280 226 363 im
1573 314 1787 371 LIBER
1830 313 2195 374 SEPTIMUS.

130 432 252 487 ideo
283 435 457 501 potest
481 431 626 501 quod
650 434 876 501 veritas,
901 434 1053 501 quia,
1076 435 1128 487 si
1147 434 1396 500 voluerit,
1415 437 1579 489 etiam
1603 438 1730 505 plus
1750 451 1843 506 po-

138 524 240 575 test
270 521 503 574 clamare
532 535 698 589 quam
725 522 945 575 veritas.
984 520 1090 576 Sed
1126 522 1461 576 considerent
1500 527 1681 578 omnia
1717 525 1839 579 dili-

140 614 327 677 genter
354 627 370 662 :
403 613 453 662 et
482 612 533 663 si
558 610 702 675 forte
729 610 845 663 sine
883 609 1065 663 studio
1085 612 1332 679 partium
1362 611 1675 679 judicantes
1706 615 1843 668 talia

135 712 250 752 esse
266 700 668 767 perspexerint,
700 713 819 767 quae
852 699 1038 766 potius
1075 700 1375 765 exagitari,
1418 712 1581 765 quam
1621 696 1845 750 convelli

124 790 342 854 possint
371 786 703 852 garrulitate
739 785 1213 854 impudentissima
1240 790 1291 839 ct
1319 788 1482 855 quasi
1505 787 1735 840 satirica
1760 784 1844 838 vel

127 877 355 928 mimica
385 875 622 941 levitate,
654 875 935 929 cohibeant
962 888 1089 928 suas
1118 889 1321 941 nugas;
1354 878 1405 926 et
1426 875 1612 943 potius
1642 890 1676 927 a
1698 887 1843 942 pru-

128 962 385 1017 dentibus
410 963 705 1024 emendari,
740 978 905 1032 quam
934 962 1158 1017 laudari
1186 962 1253 1016 ab
1282 961 1716 1032 imprudentibus
1745 962 1841 1015 eli-

128 1058 296 1118 gant.
334 1053 477 1109 Nam
519 1055 570 1106 si
605 1067 711 1105 non
745 1051 820 1104 ad
856 1050 1158 1105 libertatem
1197 1066 1326 1103 cera
1363 1050 1599 1116 dicendi,
1634 1050 1728 1104 sed
1770 1050 1845 1104 ad

133 1141 416 1195 licentiam
457 1140 816 1195 maledicendi
862 1144 1069 1209 tempus
1116 1143 1465 1209 emspectant;
1500 1139 1644 1193 absit
1679 1142 1741 1193 ut
1769 1141 1842 1193 eis

127 1231 368 1291 eueniat,
401 1229 545 1297 quod
586 1231 667 1283 ait
713 1229 919 1283 Tullius
950 1228 1016 1282 de
1052 1228 1286 1297 quodam
1330 1230 1427 1296 qui
1465 1228 1731 1297 peccandi
1770 1228 1843 1281 li-

130 1322 314 1371 centia
340 1318 482 1384 retia:
511 1317 894 1386 appellabatur
924 1333 938 1371 :
972 1317 1014 1371 Ο
1037 1319 1312 1383 miserum,
1348 1318 1437 1370 cui
1460 1332 1681 1384 peccare
1710 1317 1843 1371 lice-

131 1407 267 1460 bat!
301 1407 450 1461 Unde
481 1408 729 1475 quisquis
755 1410 853 1471 est,
886 1407 983 1473 qui
1009 1405 1369 1459 maledicendi
1388 1406 1603 1459 licentia
1630 1405 1841 1471 felicem

128 1512 187 1550 se
208 1499 399 1564 putat,
439 1496 608 1549 multo
638 1497 739 1548 erit
776 1495 1009 1561 felicior,
1041 1496 1093 1548 si
1122 1494 1217 1548 hoc
1244 1494 1333 1547 illi
1369 1495 1581 1547 omnino
1621 1508 1728 1546 non
1771 1493 1840 1546 li-

129 1585 251 1636 ceat
283 1596 296 1635 :
330 1597 450 1636 cum
476 1584 651 1651 possit
678 1581 921 1650 deposita
947 1583 1215 1635 inanitate
1236 1582 1520 1651 jactantiw
1546 1583 1707 1636 etiam
1739 1583 1841 1635 isto

132 1675 373 1740 tempore
402 1674 666 1738 tanquam
703 1670 885 1725 studio
914 1670 1247 1740 consulendi,
1278 1671 1553 1738 quidquid
1589 1670 1839 1739 voluerit,

128 1760 535 1826 contradicere;
582 1764 632 1813 et
662 1764 926 1828 quantum
950 1762 1200 1827 possunt,
1242 1757 1311 1810 ab
1341 1760 1418 1812 eis
1448 1772 1579 1826 quos
1609 1758 1842 1812 consulit

129 1850 313 1901 amica
342 1846 733 1916 disputatione,
762 1847 994 1913 honeste,
1026 1848 1288 1914 graviter,
1314 1846 1492 1913 libere,
1518 1846 1662 1915 quod
1688 1861 1840 1916 opor-

131 1941 208 1991 tet
247 1936 447 1990 audire
487 1938 577 2007 (De
616 1937 778 1992 Civit.
820 1937 940 2002 Dei,
980 1936 1076 1992 lib.
1117 1939 1171 2002 5,
1212 1951 1335 2005 cap.
1375 1938 1462 2004 26,
1503 1953 1559 1991 η.
1601 1935 1675 2007 2).
1717 1936 1839 2000 Quo

92 2033 106 2044 °
128 2030 397 2096 tempore
426 2023 649 2090 Orosio,
681 2028 745 2078 ut
771 2023 1071 2078 historiam
1110 2040 1272 2078 suam
1302 2023 1702 2091 conscriberet,
1732 2041 1839 2078 au-

128 2118 258 2169 ctor
301 2113 431 2177 fuit,
465 2112 742 2168 nimirum
788 2128 941 2167 anno
989 2128 1163 2182 supra
1210 2112 1838 2183 quadringentesimum

129 2203 357 2259 decimo
408 2206 566 2256 sexto
596 2202 682 2255 vel
713 2200 933 2256 decimo
962 2200 1228 2271 septimo,
1259 2201 1381 2271 ipse
1420 2200 1655 2254 maximi
1684 2201 1839 2255 illius

129 2292 323 2363 operis
355 2290 564 2345 librum
590 2289 956 2345 undecimum
985 2289 1495 2358 commentabatur,
1529 2289 1695 2344 editis
1716 2290 1837 2360 jam

132 2382 333 2435 decem
363 2379 588 2450 primis,
617 2394 845 2448 quorum
874 2381 1102 2433 orientes
1134 2378 1302 2445 radii,
1329 2382 1390 2432 ut
1417 2377 1672 2448 ejusdem
1704 2380 1841 2434 Oro-

131 2468 201 2522 sii
228 2466 406 2522 verba
444 2468 539 2522 hic
582 2471 1080 2538 repraesentemus,
1111 2483 1239 2520 more
1283 2470 1345 2521 ut
1390 2467 1457 2521 de
1500 2468 1717 2535 specula
1754 2483 1837 2521 ec-

132 2557 450 2612 clesiasticas
473 2558 745 2611 claritatis
775 2557 906 2610 elati
931 2560 1075 2616 sunt,
1114 2559 1219 2608 toto
1249 2555 1372 2608 orbe
1391 2556 1666 2621 fulserunt
1694 2556 1840 2626 (Oro-

132 2648 266 2712 sius,
317 2648 575 2700 Historiw
624 2645 1000 2714 przfatione).
1051 2643 1252 2707 Quarti
1306 2642 1534 2710 decimi,
1589 2643 1839 2698 scribens

132 2739 332 2787 contra
357 2733 760 2797 Adversarium
785 2732 947 2802 Legis
968 2736 1025 2785 et
1056 2730 1471 2800 Prophetarum
1492 2746 1644 2784 anno
1674 2731 1837 2785 circi-

130 2827 218 2877 ter
258 2820 830 2892 quadringentesimo
877 2825 936 2874 et
981 2819 1277 2890 vigesimo,
1311 2819 1592 2874 meminit.
1646 2820 1841 2875 Tradit

131 2910 305 2966 etiam
354 2909 710 2980 Augustinus
738 2908 807 2963 ad
838 2909 1048 2962 calcem
1080 2907 1288 2962 decimi
1317 2908 1501 2962 octavi
1540 2907 1691 2975 libri,
1721 2908 1836 2979 jam

130 3016 312 3053 annos
337 3014 369 3052 a
400 2997 680 3052 Theodori
712 2997 1034 3062 consulatu,
1061 2995 1161 3065 qui
1181 2995 1240 3048 in
1266 3010 1484 3049 annum
1512 2993 1839 3048 trecentesi-

128 3102 291 3143 mum
322 3087 765 3157 nonagesimum
783 3101 999 3138 nonum
1021 3083 1242 3150 incidit,
1270 3083 1450 3137 ferme
1482 3082 1716 3154 triginta
1740 3098 1843 3137 nu-

128 3176 378 3242 merari;
412 3192 527 3246 quo
570 3191 629 3228 se
679 3174 783 3228 sub
816 3189 1031 3227 annum
1079 3171 1287 3226 Christi
1334 3170 1839 3242 quadringentesi-

127 3280 292 3319 mum
325 3262 669 3334 vigesimum
699 3267 921 3316 sextum
952 3260 1197 3314 scribere
1224 3260 1455 3314 indicat.

830 3350 1057 3404 CAPUT
1097 3350 1159 3402 V.

134 3446 148 3496 Ι
188 3443 446 3496 Marinus
471 3440 786 3494 Heracliani
812 3438 1106 3503 debellator
1128 3440 1356 3506 partam
1385 3438 1839 3491 emistimationem

197 3530 413 3584 amittit
441 3527 581 3582 caede
602 3526 937 3581 Marcellini.
976 3528 1009 3579 2
1041 3527 1193 3579 Hunc
1233 3525 1473 3579 eumdem
1513 3525 1671 3579 illum
1709 3539 1841 3593 esse,

198 3618 269 3673 de
324 3617 479 3686 cujus
517 3631 640 3670 nece
684 3620 743 3668 in
773 3615 1002 3684 epistola
1047 3614 1122 3668 ad
1168 3614 1510 3670 Caecilianum
1554 3618 1839 3668 narratur.

204 3709 237 3760 3
267 3705 619 3761 Marcellinus
648 3719 766 3758 cum
794 3719 888 3758 suo
917 3706 1094 3771 fratre
1122 3705 1181 3757 in
1201 3704 1446 3758 custodia
1474 3702 1702 3757 habetur
1729 3704 1845 3757 Ma-

200 3796 322 3848 rini
343 3796 532 3863 jussu.
572 3794 606 3847 4
635 3793 757 3862 Hic,
786 3797 847 3846 ut
879 3793 1127 3847 Ecclesiae
1153 3793 1411 3860 imponat,
1444 3791 1731 3845 mittendos
1769 3790 1845 3844 ad

202 3885 590 3951 Imperatorem
642 3881 740 3950 qui
792 3881 868 3933 eis
928 3881 1141 3933 veniam
1192 3880 1479 3948 postulent,
1529 3878 1840 3948 persuadet.

207 3974 239 4025 5
267 3973 578 4024 Damnatur
595 3984 716 4023 cum
739 3970 919 4035 fratre
937 3969 1305 4033 Marcellinus,
1336 3971 1387 4021 et
1409 3967 1594 4035 gladio
1621 3969 1839 4034 feritur.

202 4062 237 4114 6
280 4059 536 4113 Marinus
575 4058 926 4127 Imperatoris
963 4058 1151 4123 gratia
1191 4054 1399 4109 excidit
1443 4071 1456 4108 :
1498 4056 1844 4109 Marcellinus

200 4146 503 4216 probitatis
533 4150 581 4198 et
610 4147 926 4199 innocentia
943 4145 1098 4210 fama
1118 4146 1483 4213 martyriique
1509 4145 1696 4197 laurea
1714 4145 1846 4198 insi-

202 4236 360 4302 gnis.
399 4238 430 4287 7
477 4234 792 4291 Clanculum
826 4232 1165 4300 Carthagine
1202 4232 1436 4288 discedit
1480 4233 1843 4299 Augustinus,

203 4322 521 4378 Marcellini
547 4338 725 4377 necem
752 4323 994 4388 graviter
1017 4321 1221 4376 dolens.

211 4416 263 4466 l.
299 4410 571 4465 Ponenda
602 4414 688 4465 est
715 4411 823 4465 hoc
852 4426 1001 4464 anno
1032 4408 1351 4464 Heracliani
1382 4407 1613 4462 rebellio
1641 4406 1846 4462 Africae

134 4500 389 4567 comitis,
424 4498 525 4571 qui
564 4501 806 4555 Romam
847 4502 1244 4569 oppugnatum
1288 4496 1462 4559 venit,
1511 4496 1686 4550 classe
1730 4512 1847 4549 am-

136 4589 293 4658 plius
330 4588 568 4642 navium
605 4587 789 4642 tribus
827 4586 1083 4641 millibus
1122 4586 1417 4639 instructa.
1462 4585 1671 4639 Verum
1718 4583 1768 4637 is
1815 4600 1848 4637 a

134 4677 357 4731 Marino
388 4677 593 4731 comite
622 4676 782 4730 fusus
802 4676 1149 4747 fugatusque
1176 4673 1237 4727 in
1265 4673 1444 4739 Italia,
1475 4672 1847 4742 postmodum

133 4762 512 4833 Carthagine,
545 4778 659 4833 quo
698 4777 757 4815 se
786 4777 851 4816 ex
889 4760 1024 4831 fuga
1063 4763 1375 4828 receperat,
1401 4759 1523 4829 jam
1561 4762 1692 4812 ante
1724 4763 1844 4813 ter-

135 4850 283 4905 tium
313 4867 499 4905 nonas
528 4849 779 4921 augusti,
807 4854 871 4904 ut
900 4848 1135 4920 quidem
1158 4847 1394 4902 suadere
1424 4847 1687 4902 videntur
1716 4862 1848 4901 con-

126 4940 393 5009 jecturoe,
462 4942 718 4993 extremo
794 4936 1073 5009 supplicio
1138 4936 1372 4991 affectus
1437 4940 1538 4990 est.
1607 4934 1848 5006 Trajecit

134 5026 348 5082 deinde
377 5025 627 5081 Marinus
664 5025 726 5079 in
754 5025 1029 5092 Africam,
1062 5022 1164 5078 ubi
1204 5023 1327 5094 ejus
1366 5022 1618 5077 maxima
1646 5022 1846 5093 procul

132 5114 311 5169 dubio
342 5129 481 5168 cura
505 5112 566 5167 in
596 5129 664 5168 co
693 5116 916 5167 versata
940 5116 1046 5180 est,
1080 5115 1140 5165 ut
1158 5110 1394 5165 Honorii
1418 5110 1757 5181 rescriptum
1784 5110 1848 5165 in

130 5202 543 5257 'Heraclianum
597 5205 655 5256 et
706 5217 905 5256 omnes
955 5199 1368 5272 perduellionis
1422 5199 1545 5271 ejus
1597 5198 1848 5253 conscios

134 5291 307 5346 tertio
357 5306 541 5345 nonas
582 5289 717 5361 julii
769 5290 1202 5361 promulgatum
1247 5287 1460 5359 (Codice
1510 5287 1733 5356 Theod.,
1783 5287 1849 5341 de

132 5381 304 5450 Pium,
336 5381 452 5448 lege
494 5380 583 5450 2l)
616 5379 685 5434 ad
731 5379 997 5435 effectum
1024 5379 1403 5433 adduceretur
1432 5376 1692 5448 (Orosius,
1741 5378 1849 5430 Hi-

132 5471 317 5525 storiae
348 5469 448 5523 lib.
479 5473 534 5535 7,
567 5483 688 5539 cap.
736 5467 845 5540 42).
875 5469 950 5523 At
990 5483 1204 5522 nomen
1233 5482 1402 5522 suum
1440 5469 1672 5521 aeternae
1700 5464 1848 5519 infa-

134 5558 266 5614 mia:
288 5560 434 5615 nota
449 5557 564 5614 hoc
579 5557 677 5614 ille
696 5556 902 5626 affecit,
927 5556 1084 5629 quod
1102 5554 1495 5614 Marcellinum
1522 5553 1844 5624 tribunum,

3539 329 3644 380 462

1952 438 2113 508 cujus
2142 441 2227 492 tot
2254 452 2316 492 ac
2344 441 2506 494 tanta
2533 444 2696 495 erant
2735 440 2796 494 in
2828 441 3130 496 Ecclesiam
3171 442 3392 510 merita,
3423 444 3491 498 de
3520 461 3647 499 me-

1951 526 2046 579 dio
2076 526 2326 580 sustulit.
2362 527 2679 582 Fatendum
2711 529 2944 599 quidem
2966 534 3070 593 est,
3106 530 3517 601 Hieronymum
3541 538 3651 587 tra-

1949 611 2102 674 dere,
2136 611 2299 667 illum
2340 613 2511 668 fuisse
2542 616 2611 669 ab
2655 615 2939 671 haereticis
2979 618 3337 673 interfectum
3380 620 3649 690 (Hieron.,

1950 706 2137 754 contra
2161 703 2367 770 Pelag.,
2402 703 2615 770 dialogo
2648 705 2695 771 3)
2744 719 2759 756 :
2805 705 2901 759 sed
2930 722 3058 760 cum
3091 708 3215 777 ejus
3243 707 3370 761 neci
3408 708 3649 763 societa-

1949 791 2065 841 tem
2107 789 2508 843 Heraclianicze
2550 791 2886 861 tyrannidis,
2932 794 3191 863 quamvis
3237 800 3395 849 extra
3441 813 3650 851 noxam

1950 881 2116 942 esset,
2152 877 2440 931 obtentam
2474 879 2696 948 adjicit;
2731 897 2846 934 non
2876 882 3144 952 ambigue
3174 883 3476 954 signiﬁcat,
3501 901 3651 940 mor-

1948 967 2064 1018 tem
2095 965 2180 1018 illi
2211 982 2323 1020 non
2364 966 2624 1021 intulisse
2657 969 2997 1037 Donatistas,
3024 971 3135 1025 nisi
3177 971 3408 1027 illorum
3454 989 3647 1045 opera,

1920 1106 1925 1109 Α
1950 1053 2050 1124 qui
2082 1054 2237 1124 leges
2260 1055 2589 1127 judiciaquc
2622 1057 3113 1114 administrabant.
3147 1062 3212 1115 Et
3241 1066 3389 1115 certe
3418 1062 3650 1117 Orosius

1950 1141 2114 1196 illum
2145 1159 2179 1195 a
2208 1143 2425 1197 Marino
2458 1145 2664 1198 comite
2700 1161 2800 1199 seu
2838 1146 3055 1217 privata
3093 1148 3406 1204 invidentia
3447 1150 3647 1204 stimu-

1949 1229 2085 1297 lato,
2121 1245 2221 1283 seu
2259 1230 2517 1301 pecuniis
2565 1232 3012 1301 Donatistarum,
3038 1239 3103 1289 ut
3149 1237 3363 1291 creditu
3413 1224 3648 1308 quidem

1951 1317 2194 1388 proclive
2225 1322 2329 1384 est,
2362 1323 2631 1389 corrupto
2680 1320 2947 1389 punitum
2987 1322 3218 1392 capitali
3247 1325 3528 1379 sententia
3566 1341 3648 1380 as-

1949 1405 2087 1460 serit
2116 1406 2377 1476 (Orosius,
2410 1398 2663 1461 Historiae
2692 1407 2784 1462 lib.
2816 1412 2870 1473 7,
2903 1424 3017 1478 cap.
3051 1411 3162 1478 42).

2019 1496 2077 1549 2.
2119 1494 2312 1563 Multa,
2343 1510 2473 1565 quas
2504 1495 2572 1549 ad
2612 1494 2735 1565 ejus
2763 1499 3011 1549 mortem
3054 1496 3364 1566 pertinent,
3395 1498 3647 1568 reperire

1949 1588 2033 1638 est
2056 1583 2114 1637 in
2143 1583 2448 1653 Augustini
2474 1584 2543 1638 ad
2584 1584 2950 1639 Caecilianum
2979 1584 3221 1655 epistola
3249 1586 3447 1656 (Epist.
3491 1587 3648 1656 litt);

1951 1670 2048 1725 ubi
2096 1677 2290 1726 tamen
2339 1671 2680 1726 nominatim
2728 1672 2972 1743 exprimi
3016 1673 3308 1728 neminem
3350 1674 3644 1743 invenias;

1948 1761 2046 1814 sed
2090 1760 2160 1814 de
2210 1760 2479 1815 fratribus
2522 1761 2756 1823 duobus,
2808 1777 3057 1832 quorum
3102 1762 3490 1818 innocentiam
3545 1780 3646 1835 pro

1947 1848 2402 1920 compertissima
2435 1865 2662 1920 semper
2696 1849 2888 1916 habet,
2922 1849 3264 1921 Carthagine
3294 1850 3484 1921 gladio
3516 1867 3647 1921 per-

1948 1937 2147 2005 cussis,
2180 1936 2505 2007 conscripta
2536 1941 2636 1992 est.
2672 1938 2884 1991 Horum
2914 1937 3157 1992 alterum
3184 1938 3450 1993 laudibus
3477 1940 3647 2008 plane

1948 2025 2335 2096 singularibus
2365 2024 2612 2079 celebrat
2651 2029 2876 2080 sanctus
2919 2028 3141 2095 Doctor,
3170 2026 3361 2081 virum
3390 2027 3519 2081 stilo
3549 2027 3645 2081 de-

1947 2114 2189 2186 pingens
2229 2113 2389 2168 omni
2433 2113 2711 2168 virtutum
2749 2130 2958 2183 genere
3006 2115 3355 2180 decoratum,
3398 2131 3462 2169 ac
3500 2116 3646 2171 cele-

1946 2204 2108 2258 brem
2138 2202 2384 2257 multum
2406 2201 2575 2256 corde
2604 2201 2832 2273 vitaque
2861 2202 3187 2257 christiana.
3210 2204 3379 2257 Illum
3400 2202 3460 2258 in
3479 2220 3650 2258 causa

1949 2289 2210 2345 Ecclesiae
2235 2289 2458 2344 venisse
2489 2289 2550 2344 in
2597 2289 2865 2356 Africam,
2915 2294 2969 2344 et
3014 2291 3077 2345 in
3121 2307 3185 2345 eo
3230 2292 3489 2346 Ecclesiae
3535 2291 3648 2362 ipsi

1948 2377 2197 2435 maxime
2251 2379 2454 2432 factam
2513 2378 2970 2449 persecutionem
3026 2382 3334 2435 asseverat.
3395 2379 3649 2435 Gratuita

1948 2467 2303 2533 crudelitate,
2339 2467 2495 2520 nulla
2521 2467 2855 2521 necessitate
2891 2467 3167 2538 (quamvis
3198 2472 3255 2522 et
3281 2466 3408 2521 alia:
3440 2485 3647 2535 causae,

1949 2572 2090 2626 quas
2121 2555 2398 2626 suspicari
2431 2555 2659 2622 licebat,
2694 2571 2799 2610 nec
2830 2572 2973 2627 opus
3004 2560 3127 2610 erat
3163 2555 3517 2610 committere
3548 2556 3645 2610 lit-

1948 2644 2104 2707 teris,
2132 2643 2372 2697 forsitan
2397 2643 2662 2712 fuissent)
2687 2642 2967 2697 Marinum
2991 2643 3258 2697 atrociter
3282 2644 3649 2699 contristasse

1952 2730 2279 2797 Ecclesiam,
2324 2730 2518 2785 scribit
2566 2747 2580 2784 :
2616 2730 2812 2801 impiis
2849 2734 3040 2784 autem
3082 2731 3190 2784 isto
3224 2730 3503 2801 supplicio
3531 2733 3651 2802 pla-

1949 2836 2076 2874 cere
2106 2822 2375 2873 conatum
2408 2834 2529 2872 esse
2563 2817 2750 2884 illum,
2783 2819 2871 2871 vel
2905 2818 3180 2889 placuisse
3212 2818 3485 2873 lentatum.
3530 2820 3650 2874 Cte-

1949 2909 2036 2965 dis
2069 2909 2212 2963 adeo
2247 2907 2481 2962 nefariae
2515 2911 2709 2961 auctor
2738 2906 2895 2962 illam
2928 2908 2989 2961 in
3021 2907 3415 2962 necessitatem
3447 2911 3503 2962 et
3540 2910 3651 2963 Im-

1948 2996 2230 3069 peratoris
2270 3000 2623 3066 praeceptum
2665 2995 2970 3050 transferre
3004 2995 3389 3061 moliebatur;
3422 2997 3650 3052 tametsi

1949 3084 2264 3155 imperialis
2307 3082 2620 3139 Comitatus
2669 3087 2787 3136 tam
2827 3087 3138 3155 spectatam
3184 3085 3648 3157 exploratamque

1949 3174 2185 3229 haberet
2215 3173 2516 3243 utriusque
2546 3171 2790 3226 fratrum
2813 3171 3223 3241 innocentiam,
3246 3176 3435 3228 utnec
3464 3173 3652 3229 indul-

1950 3261 2143 3333 gentia
2173 3261 2287 3316 illis
2331 3261 2517 3316 danda
2565 3260 2687 3315 visa
2738 3260 2830 3328 sit,
2877 3277 2951 3315 ne
2997 3278 3111 3333 qua
3158 3261 3404 3332 suspicio
3447 3278 3648 3317 eorum

1948 3350 2118 3405 famae
2148 3366 2217 3404 ex
2245 3366 2312 3405 eo
2346 3350 2612 3405 haereret.
2648 3350 2715 3403 Et
2739 3365 2937 3404 revera
2974 3349 3282 3405 Marcellini
3315 3366 3515 3405 necem
3540 3349 3647 3404 im-

1950 3439 2252 3509 probatam
2287 3438 2355 3493 ab
2387 3439 2533 3492 Aula
2560 3437 2754 3504 fuisse,
2786 3437 2963 3491 visuri
2984 3453 3198 3491 sumus.
3222 3438 3397 3491 Erant
3423 3453 3491 3491 ea
3508 3442 3650 3492 tem-

1949 3543 2090 3597 pora
2120 3526 2420 3581 calumniae
2454 3525 2665 3579 mirum
2700 3525 2759 3578 in
2799 3525 3039 3579 modum
3071 3524 3334 3591 obnoxia,
3369 3529 3435 3579 ut
3474 3525 3647 3580 etiam

1953 3615 2120 3670 unico
2180 3617 2320 3669 teste
2368 3613 2623 3667 adhibito
2671 3613 2911 3682 impune
2954 3611 3017 3666 in
3068 3611 3402 3683 quemlibet,
3452 3615 3649 3690 utpote

1951 3719 2122 3774 quem
2171 3700 2425 3755 criminis
2466 3717 2530 3755 ex
2562 3716 2682 3755 sese
2727 3699 2994 3755 invidiosi
3024 3699 3372 3755 credibiliter
3401 3699 3649 3754 insimu-

1951 3793 2070 3846 lare
2098 3791 2259 3845 facile
2285 3794 2451 3857 esset,
2482 3794 2737 3844 extremo
2772 3788 3321 3844 animadverteretur
3347 3787 3653 3860 supplicio.

1952 3880 2115 3945 Quod
2140 3896 2274 3934 sane
2304 3878 2492 3949 aptius
2525 3879 2586 3933 in
2612 3879 2837 3933 nullum
2873 3878 3047 3944 aliud,
3084 3894 3260 3949 quam
3291 3876 3354 3932 in
3386 3877 3651 3949 perduel-

1952 3967 2121 4023 lionis
2167 3968 2403 4034 crimen,
2455 3967 2701 4021 maxime
2745 3970 2874 4038 post
2920 3970 3156 4027 tantam,
3207 3971 3419 4037 quanta
3479 3967 3652 4020 Hera-

1952 4056 2123 4111 cliani
2166 4055 2295 4125 fuit,
2343 4054 2742 4118 defectionem,
2785 4055 2987 4108 cadere
3035 4058 3235 4124 queat.
3292 4054 3428 4117 Quae
3482 4052 3655 4107 etiam

1952 4161 2164 4213 magna
2185 4149 2323 4199 tunc
2354 4148 2474 4197 erat
2498 4143 2673 4209 illius,
2708 4159 2741 4197 a
2768 4158 2881 4213 quo
2912 4142 3214 4195 damnatus
3246 4146 3351 4207 est,
3381 4143 3652 4211 potestas,

1954 4252 2020 4290 ea
2045 4235 2197 4288 intra
2227 4234 2473 4303 spatium
2509 4232 2786 4303 temporis
2813 4249 2927 4286 non
2964 4231 3045 4286 ita
3076 4231 3315 4301 longum
3347 4230 3497 4287 haud
3533 4245 3654 4283 me-

1953 4322 2221 4379 diocriter
2248 4321 2556 4376 imminuta
2581 4321 2709 4376 fuit.
2740 4322 2806 4374 Et
2832 4336 3034 4390 reapse
3064 4319 3255 4374 statim
3286 4335 3318 4373 a
3349 4334 3486 4372 nece
3517 4319 3656 4372 Mar-

1953 4410 2146 4465 cellini
2183 4409 2433 4464 Marinus
2472 4424 2539 4463 ex
2578 4407 2768 4462 Africa
2805 4411 3123 4471 revocatus,
3166 4406 3289 4459 loco
3330 4420 3432 4459 suo
3471 4422 3533 4459 ac
3571 4404 3654 4459 fa-

1952 4516 2088 4555 vore
2123 4497 2347 4552 excidit.
2380 4496 2594 4562 Quibus
2627 4495 2912 4562 omnibus,
2948 4499 3013 4549 ut
3050 4491 3437 4549 Marcellinum
3465 4491 3657 4563 ipsum

1955 4604 2022 4642 ea
2071 4586 2311 4659 epistola
2354 4584 2645 4657 designari
2689 4582 2853 4639 nobis
2904 4581 3376 4653 persuadeamus,
3425 4579 3657 4635 adduci-

1955 4691 2103 4730 mur.
2135 4676 2296 4730 Certe
2336 4674 2505 4743 nihil,
2533 4673 2683 4745 quod
2714 4671 2849 4725 huic
2879 4675 3083 4724 nostrae
3114 4668 3374 4739 opinioni
3402 4666 3659 4737 refrage—

1955 4769 2072 4831 tur,
2111 4763 2402 4829 videmus;
2438 4763 2611 4832 idque
2648 4759 2856 4813 merito
2886 4773 3189 4829 possumus
3230 4756 3535 4817 affirmare,
3568 4752 3661 4808 cui

1955 4849 2158 4905 melius
2185 4865 2275 4902 res
2302 4848 2372 4902 iis
2395 4848 2598 4903 litteris
2628 4848 2820 4901 relatae
2838 4845 3199 4909 conveniant,
3220 4842 3463 4914 reperiri
3492 4857 3658 4912 posse

1956 4938 2270 4992 neminem.
2306 4936 2561 4991 Dubium
2592 4934 2848 5006 profecto
2881 4933 3104 4988 nullum
3134 4935 3238 4999 est,
3271 4931 3412 5003 quin
3435 4934 3657 4999 tempo-

1955 5026 2114 5081 ribus
2164 5023 2479 5079 Innocentii
2526 5039 2715 5093 papee,
2755 5021 2855 5093 qui
2897 5021 3076 5075 vitam
3118 5020 3189 5074 ad
3227 5034 3444 5073 annum
3474 5031 3657 5086 usque

1956 5110 2595 5185 quadringentesimum
2654 5108 2942 5163 decimum
3005 5105 3317 5176 septimum
3374 5101 3660 5173 produxit,

1957 5201 2180 5272 scriptae
2207 5197 2443 5252 fuerint.
2477 5197 2621 5251 Sunt
2651 5200 2845 5249 autem
2872 5194 3174 5249 Caeciliano
3207 5190 3513 5261 inscriptae,
3534 5187 3658 5241 viro

1954 5291 2235 5362 provecta?
2257 5286 2376 5356 jam
2397 5289 2523 5339 tum
2542 5283 2727 5339 aetatis
2749 5288 2806 5338 et
2827 5299 3035 5354 magna
3054 5280 3357 5353 probitatis
3378 5276 3661 5332 existima-

1956 5376 2133 5442 tione,
2181 5388 2379 5427 verum
2417 5372 2604 5427 adhuc
2642 5372 3069 5426 catechumeno.
3112 5371 3243 5423 Erat
3290 5366 3339 5420 is
3376 5362 3660 5434 reipubli-

1958 5480 2039 5519 cae
2080 5458 2569 5518 administrationi
2618 5459 2963 5531 implicatus,
3003 5455 3317 5528 multisque
3354 5449 3662 5524 impeditus

1957 5549 2362 5608 communibus
2416 5548 2568 5605 curis
2612 5564 2677 5603 ac
2733 5544 2976 5619 negotiis
3032 5543 3244 5617 (Ibid).
3304 5543 3664 5614 QuaprOpter
