3912 6174
438 337 541 390 463

436 458 541 517 ιιοὲ
571 459 803 531 quidem
832 457 975 512 nihil
1015 456 1294 524 videmus,
1324 454 1636 526 quominus
1676 451 1943 508 eumdem
1974 450 2138 505 illum
2174 516 2179 521 ξ

436 566 557 605 esse
612 561 951 619 persuasum
1003 543 1338 604 habeamus,
1400 542 1501 614 qui
1538 539 1809 612 praetorio
1858 539 1962 594 sub
2002 537 2140 594 anni

438 633 984 711 quadringentesimi
1021 632 1161 687 noni
1200 632 1427 686 initium
1466 631 1764 702 praefectus
1802 628 1941 696 fuit;
1974 632 2141 699 atque

441 727 611 783 etiam
642 741 773 780 eum
803 725 1015 793 ipsum,
1047 723 1113 776 ad
1156 737 1328 792 quem
1373 722 1442 775 de
1474 718 1800 773 coercendis
1831 718 1890 771 in
1924 716 2140 788 Hippo-

440 815 604 871 nensi
633 817 815 869 tractu
847 810 1156 866 Donatistis
1189 810 1414 864 circiter
1445 825 1663 863 annum
1692 807 2139 879 quadringente-

441 904 652 959 simum
691 900 959 972 quintum
1005 899 1304 969 epistolam
1351 898 1508 953 dedit
1544 896 1896 968 Augustinus
1936 895 2137 966 (Epist.

440 993 525 1060 86)
562 1008 575 1045 :
620 992 784 1045 illum
826 989 979 1042 enim
1015 988 1105 1042 Vir
1146 991 1370 1041 sanctus
1408 990 1658 1042 veterem
1701 983 1948 1039 amicum
1982 984 2143 1035 vocat

443 1081 639 1152 (Epist.
674 1082 794 1145 151,
825 1094 882 1132 n.
922 1079 995 1145 1).

512 1172 565 1223 3.
616 1170 747 1222 Post
784 1164 1101 1220 Heracliani
1149 1164 1367 1218 cladem
1411 1162 1653 1233 contigit
1698 1165 1760 1215 ut
1807 1158 2141 1216 Caecilianus

438 1259 503 1312 in
548 1256 737 1311 Africa
784 1270 913 1308 cum
957 1253 1170 1308 Marino
1220 1252 1424 1306 comite
1463 1267 1581 1305 una
1616 1254 1780 1317 esset,
1823 1249 1995 1319 longa
2033 1245 2143 1300 sibi

440 1344 847 1408 familiaritate,
877 1346 941 1395 ut
970 1341 1244 1402 ferebant,
1279 1341 1599 1410 conjuncto.
1640 1339 1782 1393 Cum
1813 1341 2004 1391 autem
2033 1336 2139 1390 ali-

442 1433 673 1504 quando
712 1432 783 1484 ad
821 1446 954 1484 eum
985 1429 1228 1483 venisset
1267 1427 1621 1494 Caecilianus,
1655 1425 2046 1481 Marcellinum
2078 1440 2141 1479 ac

441 1522 677 1576 fratrem
712 1518 831 1588 ejus
876 1518 1077 1572 Comes
1116 1516 1407 1570 accersivit
1453 1532 1465 1569 :
1502 1514 1710 1586 quibus
1757 1512 2005 1568 dimissis
2047 1529 2138 1567 re-

441 1608 671 1675 mansit,
711 1612 776 1661 ut
815 1606 1120 1671 ferebatur,
1173 1605 1528 1671 Caecilianus,
1576 1609 1633 1658 et
1679 1608 1962 1658 secretum
2006 1619 2138 1657 cum

442 1697 540 1750 illo
571 1695 919 1765 colloquium
948 1694 1172 1760 habuit;
1207 1693 1492 1764 simulque
1524 1692 1703 1759 missi,
1737 1692 1837 1763 qui
1867 1692 2139 1747 fratribus

440 1800 679 1839 manum
715 1782 1033 1852 injicerent,
1077 1786 1133 1835 et
1166 1785 1473 1851 utrumque
1508 1780 1568 1834 in
1611 1785 1822 1834 tetrum
1854 1796 2137 1835 carcerem

441 1890 504 1927 ac
565 1871 982 1926 tenebricosum
1048 1870 1438 1924 detruderent.
1508 1869 1881 1924 Nihilosecius
1944 1874 2140 1924 tamen

437 1964 605 2019 isthic
634 1962 835 2018 laetitia
864 1961 1220 2016 Marcellinus
1252 1960 1726 2031 perfundebatur,
1759 1976 1985 2015 necnon
2012 1977 2139 2015 ma-

431 2053 547 2126 jori
576 2052 902 2124 potiebatur
930 2050 1218 2117 felicitate,
1249 2066 1421 2121 quam
1458 2050 1703 2120 ipsemet
1742 2050 2011 2117 Marinus,
2047 2054 2138 2104 ut-

437 2147 572 2213 pote
603 2141 705 2212 qui
745 2157 849 2194 nec
892 2138 1169 2209 dignitate
1210 2155 1311 2192 nec
1341 2138 1598 2209 potentia
1627 2138 1854 2208 assequi
1887 2143 2133 2209 poterat,

439 2229 748 2300 quominus
766 2227 975 2282 furoris
1002 2226 1223 2297 proprii
1247 2227 1491 2281 stimulis
1514 2227 1790 2282 miserum
1813 2227 1874 2281 in
1899 2227 2136 2281 modum

438 2316 843 2371 lancinaretur.
876 2315 1134 2378 Quodam
1163 2314 1252 2368 die
1282 2315 1457 2369 frater
1494 2317 1638 2387 ejus,
1669 2333 1800 2370 cum
1822 2316 1947 2387 jam
1984 2316 2139 2388 pari-

436 2409 526 2459 ter
553 2404 615 2458 in
644 2401 901 2457 custodia
939 2406 1291 2472 tenerentur,
1337 2403 1419 2458 ait
1456 2404 1539 2457 illi
1579 2420 1591 2459 :
1635 2405 1695 2460 Si
1739 2420 1864 2473 ergo
1903 2407 2011 2459 haec
2034 2420 2137 2475 pro

402 2481 411 2485 ’
438 2495 643 2549 meritis
666 2494 853 2562 patior
881 2496 1219 2561 peccatorum
1248 2508 1516 2559 meorum;
1553 2497 1630 2559 tu,
1664 2495 1819 2562 cujus
1848 2496 2020 2549 vitam
2046 2509 2135 2549 no-

437 2586 611 2638 vimus
633 2587 744 2636 tam
771 2585 970 2636 attente
995 2583 1369 2649 ferventerque
1392 2583 1771 2648 christianum,
1801 2584 1997 2651 quibus
2025 2599 2139 2637 ma-

440 2673 508 2728 lis
544 2672 751 2725 meritis
788 2671 862 2725 ad
892 2672 1002 2724 ista
1037 2670 1330 2739 perductus
1367 2672 1464 2725 es?
1507 2672 1584 2725 At
1626 2671 1717 2724 ille
1756 2686 1769 2724 :
1812 2672 2133 2735 Parvumne,

437 2761 635 2828 inquit,
668 2759 805 2813 mihi
839 2760 1119 2813 existimas
1150 2760 1387 2825 conferri
1416 2759 1679 2813 divinitus
1723 2759 2057 2827 bene/icium,
2085 2761 2137 2813 si

437 2852 615 2901 tamen
643 2848 737 2900 hoc
768 2848 1123 2901 testimonium
1155 2851 1305 2900 tuum
1342 2847 1408 2901 de
1435 2849 1553 2900 vita
1580 2862 1699 2900 mea
1734 2863 1919 2901 verum
1946 2852 2043 2915 est,
2075 2852 2134 2901 ut

435 2935 529 2989 hoc
559 2934 702 3003 quod
725 2937 930 3003 patior,
961 2936 1176 2988 etiamsi
1202 2950 1369 3002 usque
1397 2933 1472 2987 ad
1499 2934 1810 3003 effusionem
1847 2936 2134 3001 sanguinis

430 3026 640 3092 patiar,
670 3024 749 3076 ibi
780 3026 1003 3091 peccata
1044 3038 1160 3077 mea
1192 3024 1518 3091 partiuntur,
1559 3038 1650 3077 nec
1693 3025 1832 3077 mihi
1868 3024 1943 3077 ad
1978 3026 2132 3090 futu-

432 3126 555 3165 rum
571 3109 843 3178 judicium
869 3114 1246 3164 reserventur?
1268 3112 1368 3164 Hic
1392 3113 1534 3177 forte
1553 3112 1777 3179 aliquis,
1800 3112 1995 3167 subdit
2024 3114 2134 3167 Au-

435 3198 715 3271 gustinus,
754 3197 937 3251 credat
976 3213 1094 3251 eum
1134 3200 1306 3263 fuisse
1347 3200 1453 3252 sibi
1499 3201 1770 3253 conscium
1820 3201 2133 3267 aliquorum

432 3286 755 3340 occultorum
795 3283 1152 3352 impudicitia:
1180 3290 1548 3353 peccatorum.
1591 3289 1781 3341 Dicam
1830 3303 1957 3353 ergo
1997 3288 2133 3356 quid

433 3389 515 3429 me
547 3374 802 3429 Dominus
859 3375 1012 3439 Deus,
1060 3372 1136 3425 ad
1172 3387 1427 3439 magnam
1474 3389 1647 3428 meam
1696 3376 2129 3447 consolationem,

431 3478 499 3518 ea:
526 3464 640 3533 ejus
677 3478 765 3517 ore
789 3461 1001 3528 audire,
1028 3466 1079 3515 et
1113 3461 1275 3531 plane
1301 3465 1439 3517 scire
1480 3462 1730 3518 voluerit.
1766 3464 1897 3520 Cum
1937 3464 2003 3519 de
2034 3466 2129 3520 hoc

429 3556 564 3623 ipso,
596 3555 657 3606 ut
684 3556 809 3605 sunt
840 3551 1096 3617 humana,
1129 3551 1391 3606 sollicitus
1421 3552 1565 3606 solus
1602 3567 1723 3606 cum
1752 3554 1863 3607 solo
1892 3568 2125 3621 agerem,

424 3641 545 3711 jam
572 3642 630 3695 in
666 3640 850 3694 eadem
891 3639 1135 3693 custodia
1173 3642 1479 3707 constituto,
1524 3656 1589 3695 ne
1630 3640 1767 3710 quid
1806 3647 1958 3711 esset,
1989 3642 2131 3697 unde

429 3729 636 3798 majore
671 3734 721 3783 et
761 3727 1059 3796 insigniore
1084 3730 1400 3797 poenitentia
1432 3732 1595 3783 Deum
1636 3730 1745 3784 sibi
1774 3730 1998 3800 placare
2033 3732 2126 3786 de-

433 3816 607 3881 beret;
634 3817 747 3885 ille,
779 3820 839 3869 ut
884 3821 1001 3870 erat
1028 3816 1360 3871 verecundiae
1403 3818 1726 3884 singularis,
1759 3834 1880 3873 cum
1925 3822 2123 3888 ipsam,

433 3906 552 3959 licet
577 3905 800 3971 falsam,
831 3919 1002 3957 meam
1039 3907 1395 3973 suspicionem
1435 3907 1781 3973 erubesceret,
1814 3908 1910 3961 sed
1937 3908 2125 3963 admo-

428 3994 688 4047 nitionem
714 3993 1025 4060 gratissime
1048 3993 1331 4061 acciperet,
1357 3992 1588 4048 modeste
1615 3996 1963 4065 graviterque
1992 3998 2126 4051 sub-

427 4081 632 4145 ridens,
650 4084 702 4135 et
726 4084 957 4150 utraque
983 4095 1147 4135 manu
1176 4096 1347 4136 meam
1376 4082 1655 4163 demteram
1682 4086 2122 4154 apprehendens:

431 4169 638 4236 Testor,
688 4171 888 4238 inquit,
931 4174 1269 4224 sacramenta
1316 4187 1435 4239 qua:
1475 4187 1575 4241 per
1631 4174 1769 4228 hanc
1826 4174 2127 4243 afferentur

425 4275 666 4327 manum,
696 4275 779 4313 me
814 4260 1023 4313 nullum
1050 4274 1160 4314 esse
1201 4265 1485 4329 expertum
1528 4262 1888 4331 concubitum,
1925 4269 2125 4333 praeter

424 4365 668 4418 umorem,
695 4363 789 4403 nec
812 4352 954 4410 ante,
986 4363 1079 4402 nec
1104 4353 1291 4417 postea
1320 4348 1506 4419 (1bid.,
1535 4365 1592 4405 η.
1628 4351 1705 4422 9).

493 4440 554 4494 4.
600 4439 786 4508 Atque
833 4437 955 4491 haec
1001 4437 1247 4507 agebant
1288 4437 1661 4508 Carthagine;
1710 4456 1826 4511 qua
1872 4440 1935 4496 in
1981 4441 2124 4497 urbe

423 4526 622 4596 procul
651 4525 825 4580 dubio
853 4526 1053 4580 beatus
1080 4526 1431 4595 Augustinus
1448 4527 1570 4597 jam
1591 4532 1725 4583 ante
1755 4530 2119 4585 versabatur:

423 4629 611 4684 neque
643 4613 795 4669 enim
821 4613 1129 4669 verisimile
1177 4616 1281 4683 est,
1325 4631 1431 4685 per
1458 4620 1685 4686 tempus
1732 4617 1815 4671 illi
1858 4618 2121 4673 futurum

423 4700 596 4754 fuisse
633 4701 874 4755 liberum
922 4703 1057 4756 illuc
1103 4718 1171 4756 ex
1217 4703 1514 4774 proposito
1565 4720 1686 4759 sese
1735 4705 2019 4762 conferre.
2069 4707 2119 4761 Is

420 4805 595 4859 porro
624 4788 769 4843 nihil
815 4790 1047 4861 reliquit
1073 4790 1440 4860 intentatum,
1474 4797 1536 4846 ut
1574 4794 1824 4848 Marinus
1871 4811 1943 4849 ne
1982 4796 2119 4849 Mar-

421 4876 611 4932 cellini
660 4891 791 4930 nece
841 4894 939 4931 cor
998 4879 1257 4933 Ecclesiae
1313 4881 1510 4935 dolore
1565 4883 1924 4952 percelleret,
1975 4900 2116 4940 neve

421 4982 583 5021 suam
629 4964 809 5035 ipsius
855 4964 1107 5021 animam
1152 4971 1311 5023 tanto
1362 4970 1573 5025 scelere
1602 4971 1935 5041 perimeret.
1968 4972 2118 5037 Quin

420 5053 750 5111 Caecilianus
786 5053 927 5123 ipse,
959 5070 1132 5125 quem
1170 5058 1465 5112 nonnullus
1506 5059 1757 5115 rationes
1796 5062 2114 5132 suspicione

416 5147 734 5216 procurata:
758 5142 927 5212 hujus
957 5143 1295 5199 detentionis
1326 5147 1662 5214 onerabant,
1696 5149 1952 5204 Ecclesiae
1982 5166 2113 5220 pre-

415 5234 573 5288 cibus
603 5248 732 5287 suas
760 5231 1074 5302 conjunxit,
1106 5249 1352 5304 cumque
1383 5235 1664 5289 Marinum
1689 5253 1840 5306 saepe
1862 5237 2115 5291 monuis-

414 5327 517 5387 set,
553 5339 702 5394 saepe
752 5320 1085 5393 suppliciter
1126 5327 1360 5390 orasset,
1405 5340 1565 5394 spem
1612 5324 1847 5380 lmtioris
1894 5342 2111 5380 succes-

414 5429 507 5467 sus
537 5411 868 5467 ostendebat
894 5426 1011 5465 non
1043 5411 1330 5482 exiguam.
1368 5412 1658 5483 Episcopis
1679 5414 1921 5468 subinde
1950 5414 2111 5468 afﬁr-

416 5496 624 5560 mabat,
659 5513 888 5553 omnem
919 5512 978 5552 se
1012 5511 1244 5569 operam
1275 5499 1446 5568 atque
1479 5497 1819 5553 industriam
1849 5499 1908 5553 in
1937 5498 1996 5553 id
2022 5515 2111 5554 ne.

411 5585 553 5655 gotii
582 5587 869 5655 conferre;
899 5605 933 5641 a
960 5586 1168 5659 quibus
1198 5585 1368 5641 etiam
1400 5586 1537 5642 illud
1570 5586 1806 5641 omnino
1847 5588 1917 5643 ad
1949 5604 2103 5645 amo-

1616 329 1775 381 VlTA
1818 329 1872 381 S.
1925 323 2302 379 AUGUSTINI
2358 325 2705 380 EPISCOPI.
3783 338 3844 389 uti

2252 449 2502 505 liendam
2531 451 2629 506 abs
2660 467 2719 506 se
2748 449 3021 505 invidiam
3060 449 3441 504 necessarium
3474 466 3602 517 esse,
3626 454 3846 512 convince-

2247 538 2437 595 batur.
2480 541 2653 595 Multa
2688 540 3075 612 praeclaraque
3112 538 3477 610 promittebat
3510 540 3759 611 Marinus;
3786 549 3846 601 sed

2251 643 2317 682 eo
2346 632 2591 696 tantum,
2618 632 2682 683 ut
2711 628 2905 684 fucum
2932 628 3144 682 faceret
3162 627 3518 707 antistitibus,
3540 645 3640 683 neu
3664 632 3849 702 captivos

2251 732 2281 770 e
2328 715 2568 796 vinculis
2598 717 2931 772 eximerent.
2985 717 3101 769 Hoc
3148 715 3363 787 quippe
3409 715 3525 771 ﬁeri
3553 718 3616 772 ab
3655 717 3714 773 iis
3739 737 3850 791 posse

2251 804 2607 873 credebatur,
2639 805 2754 860 sive
2802 803 3208 859 intercessione
3251 809 3420 875 atque
3461 803 3746 860 interventu
3783 809 3853 862 Ec-

2250 893 2435 948 clesiae
2465 895 2618 965 apud
2666 896 3098 966 Imperatorem,
3148 893 3265 947 sive
3301 893 3467 947 etiam
3511 893 3729 949 adhibita
3763 912 3854 951 non-

2250 982 2409 1036 nulla
2464 983 2753 1051 violentia,
2802 983 2957 1054 quod
3006 982 3275 1037 videntur
3327 996 3394 1035 ea
3445 982 3608 1036 sancti
3656 984 3849 1038 Prassulis

2250 1070 2422 1125 verba
2492 1072 2831 1143 signiﬁcare,
2906 1069 3290 1127 Ecclesiastica
3359 1085 3543 1124 manus
3597 1076 3747 1139 posset
3795 1088 3848 1126 eos

2250 1160 2455 1227 eripere
2497 1159 2686 1228 (lbid.,
2731 1175 2787 1214 η.
2838 1162 2911 1224 5).
2960 1161 3147 1230 Atque
3199 1173 3327 1212 eam
3378 1157 3448 1212 ob
3492 1174 3622 1225 rem,
3666 1162 3719 1213 ut
3763 1163 3849 1230 epi-

2250 1263 2551 1318 scoporum
2609 1263 2758 1301 unus
2805 1246 2879 1301 ad
2934 1247 3367 1317 Imperatorem,
3422 1245 3646 1301 fratrum
3692 1251 3853 1303 acturus

2250 1353 2501 1405 causam,
2536 1336 2879 1404 mitteretur,
2911 1351 3028 1390 non
3069 1334 3362 1391 consensit
3397 1335 3578 1402 modo,
3617 1336 3701 1391 sed
3738 1337 3851 1392 etiam

2249 1426 2436 1497 petiit,
2467 1425 2805 1497 promittens
2842 1426 3079 1491 interea,
3111 1425 3296 1480 donec
3332 1425 3505 1480 factus
3533 1429 3663 1480 esset
3692 1426 3851 1491 certior,

2250 1514 2388 1585 quid
2415 1515 2624 1569 missus
2647 1514 2945 1586 episcopus
2986 1514 3373 1585 impetrasset,
3415 1514 3533 1583 ejus
3568 1529 3621 1568 se
3653 1515 3851 1585 cognitio-

2249 1621 2386 1659 nem
2417 1604 2845 1676 ampliaturum.
2884 1604 3213 1658 Destinatus
3240 1617 3439 1658 revera
3460 1602 3564 1657 fuit
3587 1603 3650 1658 ad
3674 1603 3855 1658 Comite.

2248 1698 2373 1748 tum
2402 1710 2532 1749 cum
2571 1694 2808 1748 diacono
2840 1693 3078 1764 quidam
3117 1692 3452 1765 episcopus;
3479 1692 3628 1765 isque
3662 1693 3855 1748 fratribus

2250 1797 2363 1836 non
2390 1782 2615 1836 veniam
2643 1782 2876 1853 quidem
2907 1780 3174 1849 obtinuit,
3210 1798 3283 1836 ne
3315 1780 3565 1836 videlicet
3589 1797 3753 1837 eorum
3772 1783 3851 1836 exi-

2250 1870 2502 1925 stimatio
2540 1871 2625 1925 vel
2662 1870 2822 1925 tenui
2861 1870 3186 1941 suspicione
3227 1870 3544 1937 laederetur,
3579 1886 3744 1925 verum
3777 1871 3849 1926 la-

2248 1958 2375 2013 rino
2404 1958 2601 2014 comiti
2628 1958 2929 2030 imperata,
2949 1963 3014 2013 ut
3033 1958 3467 2030 quamprimum
3487 1975 3577 2013 eos
3595 1958 3848 2019 dimitteret

2250 2062 2437 2118 neque
2465 2048 2584 2102 ulla
2611 2064 2781 2118 poena
2808 2048 2897 2102 vel
2926 2047 3143 2118 injuria
3171 2048 3440 2102 afﬁceret.
3469 2047 3570 2103 Sed
3592 2063 3847 2118 responsum

2251 2134 2615 2206 Imperatoris
2639 2136 2930 2206 praevertit
2951 2136 3173 2191 Comes.

2322 2227 2374 2279 5.
2404 2224 2592 2279 Tertio
2631 2224 2721 2279 die
2761 2230 2892 2280 ante
2928 2226 3181 2280 natalem
3219 2224 3483 2296 martyris
3520 2223 3762 2296 Cypriani,
3783 2224 3852 2279 hoc

2250 2317 2356 2379 est,
2387 2312 2572 2383 pridie
2602 2313 2731 2368 idus
2758 2314 3118 2385 septembris,
3158 2313 3353 2369 invisit
3396 2313 3697 2369 Caecilianus
3718 2317 3851 2382 Augu-

2250 2400 2485 2468 stinum,
2522 2402 2689 2473 eique
2719 2419 2899 2474 spem,
2932 2419 3108 2475 quam
3138 2419 3400 2475 unquam
3436 2407 3611 2470 antea,
3638 2402 3852 2457 meliorem

2250 2489 2453 2545 dedit:
2500 2491 2742 2546 Romam
2782 2492 2937 2545 enim
2984 2491 3386 2562 profecturum
3425 2508 3540 2546 sese
3583 2490 3848 2562 propediem,

2249 2595 2591 2651 sperareque
2618 2580 2758 2634 adeo
2789 2580 2915 2648 sibi,
2946 2580 3290 2651 priusquam
3314 2580 3629 2646 discederet,
3657 2577 3767 2632 illud
3788 2577 3851 2629 be-

2247 2667 2438 2722 neﬁcii
2487 2668 2767 2723 Comitem
2817 2684 2939 2724 esse
2996 2685 3425 2724 concessurum.
3479 2670 3634 2723 Beato
3672 2664 3853 2722 Antistiti

2248 2761 2546 2826 persancte
2575 2755 2901 2825 afﬁrmavit,
2938 2773 2997 2811 se
3036 2758 3258 2812 Marino
3289 2774 3420 2813 cum
3460 2757 3526 2812 ad
3563 2756 3705 2810 illum
3726 2752 3852 2807 venis-

2247 2847 2353 2913 set,
2383 2848 2578 2914 aperte
2615 2844 2949 2910 declarasse,
2983 2840 3434 2901 familiaritatem
3470 2844 3633 2911 illam,
3660 2856 3749 2913 qua
3774 2852 3851 2891 sese

2245 2936 2365 2986 tam
2410 2933 2806 3004 frequentibus
2850 2934 3151 3005 colloquiis
3204 2934 3563 3006 dignabatur,
3602 2931 3645 2985 si
3688 2927 3850 3000 quidem

2245 3020 2413 3074 hosce
2451 3021 2652 3076 fratres
2682 3023 3057 3077 damnaturus
3095 3028 3265 3092 esset,
3296 3023 3402 3078 sibi
3431 3038 3541 3077 non
3575 3018 3761 3083 honori,
3786 3013 3849 3067 sed

2246 3109 2455 3164 damno
2479 3110 2729 3164 futuram
2757 3112 2927 3181 longe
2952 3111 3203 3166 maximo
3237 3129 3251 3167 :
3285 3113 3496 3167 etenim
3523 3125 3640 3165 cum
3663 3107 3847 3162 obscure

2245 3204 2432 3252 essent
2456 3198 2695 3263 nemini,
2726 3216 2857 3271 quas
2886 3199 2994 3255 sibi
3022 3215 3154 3255 cum
3190 3201 3307 3255 illis
3335 3198 3738 3262 intercedebant,
3762 3193 3851 3246 alie

2242 3286 2494 3341 nationis
2533 3304 2740 3358 causae,
2790 3304 2989 3343 omnes
3034 3288 3201 3343 facile
3245 3290 3573 3354 credituros,
3606 3303 3656 3341 se
3688 3298 3767 3339 nec
3793 3280 3849 3334 in-

2243 3375 2499 3430 consulto
2528 3392 2634 3431 nec
2663 3376 3031 3433 dissentiente
3063 3381 3300 3450 captum
3327 3379 3609 3448 utriusque
3634 3374 3692 3430 de
3716 3369 3847 3426 medio

2241 3463 2480 3518 tollendi
2514 3464 2839 3520 consilium.
2870 3466 3124 3539 Denique
3154 3483 3335 3523 manu
3371 3468 3439 3523 ad
3473 3467 3635 3521 altare
3659 3462 3847 3535 porrecta

2242 3552 2533 3623 dejeravit,
2551 3570 2683 3609 vere
2710 3572 2769 3610 se
2801 3556 3016 3611 Marino
3042 3556 3254 3612 dixisse
3275 3575 3343 3614 ea
3370 3557 3573 3623 omnia,
3593 3553 3765 3625 quibus
3786 3548 3849 3601 ille

2242 3640 2385 3695 adeo
2429 3648 2728 3713 permotus
2776 3644 2886 3699 sibi
2932 3645 3087 3700 visus
3133 3646 3230 3714 sit,
3262 3651 3327 3702 ut
3371 3645 3597 3701 minime
3620 3640 3847 3700 dubitaret,

2242 3729 2383 3800 quin
2411 3732 2713 3787 amborum
2753 3733 2921 3787 venia
2958 3750 3060 3804 pro
3101 3734 3329 3802 viatico,
3381 3734 3440 3789 id
3485 3738 3580 3800 est,
3623 3738 3848 3785 munerum

2239 3818 2470 3873 illorum
2501 3821 2648 3889 loco,
2681 3821 2889 3892 quibus
2928 3821 3131 3877 donari
3159 3825 3424 3880 solebant
3460 3821 3614 3877 amici
3637 3815 3848 3874 disceden‘

2239 3909 2346 3975 tes,
2390 3908 2497 3963 sibi
2528 3910 2599 3964 ab
2640 3926 2706 3963 eo
2746 3912 3173 3966 concederetur.
3215 3914 3433 3978 Quibus
3477 3909 3679 3975 auditis,
3704 3907 3850 3961 fatetur

2238 3996 2589 4067 Augustinus
2619 3998 2726 4053 sibi
2752 4004 2873 4053 tam
2904 4004 3058 4054 certo
3087 4015 3429 4071 persuasum
3457 4001 3634 4065 fuisse,
3669 3990 3848 4050 Caecilia-

2238 4100 2381 4139 num
2401 4084 2711 4141 liberandis
2740 4086 2811 4141 iis
2836 4088 3091 4143 sedulam
3122 4104 3364 4159 operam
3395 4106 3458 4144 ac
3485 4090 3729 4143 sinceram
3749 4094 3848 4151 ιπε-

2240 4179 2410 4243 stare,
2459 4179 2521 4229 ut
2565 4192 2692 4230 eam
2734 4177 3071 4248 opinionem
3118 4178 3296 4234 etiam
3335 4180 3452 4234 viso
3491 4182 3600 4232 tam
3636 4168 3845 4229 contrario

2239 4264 2392 4319 exitu
2417 4280 2536 4321 non
2573 4267 2812 4322 exuerit.
2844 4265 3166 4339 Enimvero,
3196 4286 3333 4325 cum
3361 4268 3621 4342 postridie
3648 4265 3748 4336 ejus
3769 4256 3845 4315 diei

2238 4353 2562 4424 accepisset,
2599 4359 2911 4428 utrumque
2949 4374 3172 4413 carcere
3218 4360 3511 4425 eductum,
3542 4356 3606 4412 ad
3640 4349 3848 4411 Comitem

2236 4443 2531 4497 sententias
2560 4445 3003 4514 pronuntianda
3041 4463 3211 4502 causa
3239 4448 3576 4519 perductum
3608 4459 3736 4511 esse;
3760 4450 3850 4508 pef-

2234 4531 2422 4583 culsus
2466 4530 2701 4602 quidem
2749 4532 2859 4587 fuit
2906 4551 3023 4589 non
3071 4536 3435 4592 mediocriter
3480 4554 3493 4591 :
3539 4535 3849 4590 verumtamen

2234 4616 2326 4686 iis,
2357 4633 2486 4689 quas
2525 4619 2784 4673 audierat
2830 4637 2898 4675 ex
2946 4624 3273 4693 Caeciliano,
3306 4624 3677 4689 confirmatus,
3717 4617 3849 4683 dell“e

2234 4720 2433 4759 eorum
2471 4706 2805 4762 liberatione
2843 4713 3068 4767 tantum
3107 4729 3223 4767 non
3262 4718 3469 4781 certus,
3498 4710 3742 4767 Comitem
3769 4700 3846 4756 exi-

2234 4794 2485 4849 stimavit
2522 4795 2790 4867 Cypriani
2827 4800 3093 4871 martyris
3125 4802 3486 4873 pervigilium
3523 4817 3585 4855 eo
3621 4790 3845 4863 delegisse,

2232 4886 2296 4936 ut
2322 4882 2495 4937 tidem
2526 4901 2689 4939 suam
2716 4887 3015 4943 Caeciliano
3046 4890 3336 4961 liberaret,
3364 4897 3530 4963 atque
3558 4889 3631 4944 ita
3651 4879 3848 4963 ﬁdelibus

2230 4969 2337 5024 hoc
2394 4970 2690 5043 inopinato
2746 4981 2953 5031 eventu
3002 4959 3332 5035 exhilaratis
3388 4959 3459 5035 ad
3508 4979 3676 5033 locum
3719 4959 3848 5023 suntti

2231 5058 2489 5130 Martyris
2522 5062 2873 5131 ascenderet,
2904 5068 3179 5135 parcendi
3211 5068 3577 5140 benignitate,
3618 5073 3762 5134 quam
3785 5066 3848 5140 ος·

2229 5150 2455 5205 cidendi
2498 5156 2782 5222 potestate
2828 5155 3150 5212 sublimior.
3196 5157 3305 5213 Sed
3353 5139 3559 5213 Marino
3592 5152 3737 5220 longe
3773 5139 3849 5196 alia

2227 5254 2389 5293 mens
2417 5245 2571 5309 erat;
2599 5243 2843 5297 necdum
2871 5244 3026 5299 enim
3064 5246 3303 5301 licuerat
3338 5243 3659 5316 Augustino,
3686 5247 3788 5308 qua!
3808 5229 3848 5316 ill

2228 5344 2295 5382 ea
2319 5329 2635 5400 quaestione
2675 5338 3033 5402 gererentur,
3075 5334 3364 5402 sciscitari,
3399 5349 3525 5389 cum
3562 5343 3673 5385 ecce
3704 5322 3771 5378 illi
3792 5314 3848 5371 af-

2224 5416 2408 5471 fertur
2431 5419 2501 5473 de
2539 5418 2780 5475 fratrum
2812 5423 3097 5493 supplicio
3128 5424 3305 5480 tristis
3343 5421 3591 5478 nuntius.
3619 5408 3846 5502 Siquide

2225 5521 2355 5560 cum
2394 5506 2540 5562 nihil
2578 5525 2743 5581 aeque
2781 5517 3077 5567 vereretur
3106 5513 3327 5580 Comes,
3358 5526 3528 5583 quam
3557 5522 3622 5562 ne
3646 5500 3845 5559 Ecclesia

2224 5591 2549 5649 interventu
2605 5612 2723 5652 suae
2775 5598 3099 5655 crudelitati
3155 5600 3525 5671 eriperentur,
3581 5593 3844 5654 utrumque:
