  <div class='ocr_page' id='page_1' title='image "/cluster/home/n/w/nwhite01/storage/ocr_20150623/32/hvd.32044096580550/252.png"; bbox 0 0 4028 6174; ppageno 0'>
   <div class='ocr_carea' id='block_1_1' title="bbox 126 273 208 322">
    <p class='ocr_par' dir='ltr' id='par_1_1' title="bbox 126 273 208 322">
     <span class='ocr_line' id='line_1_1' title="bbox 126 273 208 322; baseline -0.024 0"><span class='ocrx_word' id='word_1_1' title='bbox 126 273 208 322; x_wconf 65' lang='grc'>465</span> 
     </span>
    </p>
   </div>
   <div class='ocr_carea' id='block_1_2' title="bbox 125 379 1778 454">
    <p class='ocr_par' dir='ltr' id='par_1_2' title="bbox 125 379 1778 454">
     <span class='ocr_line' id='line_1_2' title="bbox 125 379 1778 454; baseline -0.003 -12"><span class='ocrx_word' id='word_1_2' title='bbox 125 402 236 443; x_wconf 91' lang='lat' dir='ltr'>cum</span> <span class='ocrx_word' id='word_1_3' title='bbox 279 384 326 437; x_wconf 91' lang='lat' dir='ltr'>id</span> <span class='ocrx_word' id='word_1_4' title='bbox 374 379 610 436; x_wconf 90' lang='lat' dir='ltr'>minime</span> <span class='ocrx_word' id='word_1_5' title='bbox 665 379 1112 450; x_wconf 78' lang='lat' dir='ltr'>eXSpectabatur,</span> <span class='ocrx_word' id='word_1_6' title='bbox 1172 380 1480 448; x_wconf 83' lang='lat' dir='ltr'>damnavit,</span> <span class='ocrx_word' id='word_1_7' title='bbox 1538 386 1708 454; x_wconf 91' lang='lat' dir='ltr'>atque</span> <span class='ocrx_word' id='word_1_8' title='bbox 1747 399 1778 436; x_wconf 91' lang='lat' dir='ltr'>e</span> 
     </span>
    </p>
   </div>
   <div class='ocr_carea' id='block_1_3' title="bbox 121 468 1776 544">
    <p class='ocr_par' dir='ltr' id='par_1_3' title="bbox 121 468 1776 544">
     <span class='ocr_line' id='line_1_3' title="bbox 121 468 1776 544; baseline -0.002 -14"><span class='ocrx_word' id='word_1_9' title='bbox 121 473 324 544; x_wconf 89' lang='lat' dir='ltr'>vestigio</span> <span class='ocrx_word' id='word_1_10' title='bbox 348 469 598 525; x_wconf 90' lang='lat' dir='ltr'>truncari</span> <span class='ocrx_word' id='word_1_11' title='bbox 631 469 819 540; x_wconf 86' lang='lat' dir='ltr'>jussit.</span> <span class='ocrx_word' id='word_1_12' title='bbox 869 469 1016 533; x_wconf 92' lang='lat' dir='ltr'>Quin</span> <span class='ocrx_word' id='word_1_13' title='bbox 1047 468 1220 523; x_wconf 89' lang='lat' dir='ltr'>etiam</span> <span class='ocrx_word' id='word_1_14' title='bbox 1250 485 1364 540; x_wconf 93' lang='lat' dir='ltr'>quo</span> <span class='ocrx_word' id='word_1_15' title='bbox 1391 470 1574 542; x_wconf 90' lang='lat' dir='ltr'>magis</span> <span class='ocrx_word' id='word_1_16' title='bbox 1601 487 1776 542; x_wconf 90' lang='lat' dir='ltr'>nego-</span> 
     </span>
    </p>
   </div>
   <div class='ocr_carea' id='block_1_4' title="bbox 122 557 1778 630">
    <p class='ocr_par' dir='ltr' id='par_1_4' title="bbox 122 557 1778 630">
     <span class='ocr_line' id='line_1_4' title="bbox 122 557 1778 630; baseline -0.003 -11"><span class='ocrx_word' id='word_1_17' title='bbox 122 566 245 620; x_wconf 89' lang='lat' dir='ltr'>tium</span> <span class='ocrx_word' id='word_1_18' title='bbox 269 563 656 624; x_wconf 83' lang='lat' dir='ltr'>maturaretur,</span> <span class='ocrx_word' id='word_1_19' title='bbox 697 559 888 612; x_wconf 90' lang='lat' dir='ltr'>locum</span> <span class='ocrx_word' id='word_1_20' title='bbox 921 557 1108 612; x_wconf 90' lang='lat' dir='ltr'>eidem</span> <span class='ocrx_word' id='word_1_21' title='bbox 1141 557 1449 627; x_wconf 78' lang='lat' dir='ltr'>assignavit</span> <span class='ocrx_word' id='word_1_22' title='bbox 1480 560 1640 630; x_wconf 90' lang='lat' dir='ltr'>prius</span> <span class='ocrx_word' id='word_1_23' title='bbox 1664 577 1778 614; x_wconf 91' lang='lat' dir='ltr'>non</span> 
     </span>
    </p>
   </div>
   <div class='ocr_carea' id='block_1_5' title="bbox 124 646 1776 718">
    <p class='ocr_par' dir='ltr' id='par_1_5' title="bbox 124 646 1776 718">
     <span class='ocr_line' id='line_1_5' title="bbox 124 646 1776 718; baseline -0.003 -11"><span class='ocrx_word' id='word_1_24' title='bbox 124 653 376 707; x_wconf 86' lang='lat' dir='ltr'>hominum</span> <span class='ocrx_word' id='word_1_25' title='bbox 407 646 725 718; x_wconf 83' lang='lat' dir='ltr'>suppliciis,</span> <span class='ocrx_word' id='word_1_26' title='bbox 749 647 844 700; x_wconf 80' lang='lat' dir='ltr'>sed</span> <span class='ocrx_word' id='word_1_27' title='bbox 872 646 1031 700; x_wconf 84' lang='lat' dir='ltr'>urbis</span> <span class='ocrx_word' id='word_1_28' title='bbox 1055 652 1390 701; x_wconf 88' lang='lat' dir='ltr'>ornamento</span> <span class='ocrx_word' id='word_1_29' title='bbox 1412 648 1776 702; x_wconf 90' lang='lat' dir='ltr'>destinatum.</span> 
     </span>
    </p>
   </div>
   <div class='ocr_carea' id='block_1_6' title="bbox 122 735 1780 806">
    <p class='ocr_par' dir='ltr' id='par_1_6' title="bbox 122 735 1780 806">
     <span class='ocr_line' id='line_1_6' title="bbox 122 735 1780 806; baseline -0.004 -11"><span class='ocrx_word' id='word_1_30' title='bbox 122 739 305 796; x_wconf 80' lang='lat' dir='ltr'>Etenim</span> <span class='ocrx_word' id='word_1_31' title='bbox 331 737 732 791; x_wconf 89' lang='lat' dir='ltr'>damnatorum</span> <span class='ocrx_word' id='word_1_32' title='bbox 764 735 1044 803; x_wconf 85' lang='lat' dir='ltr'>sanguine</span> <span class='ocrx_word' id='word_1_33' title='bbox 1074 752 1370 806; x_wconf 83' lang='lat' dir='ltr'>nunquam</span> <span class='ocrx_word' id='word_1_34' title='bbox 1405 741 1567 790; x_wconf 90' lang='lat' dir='ltr'>antea</span> <span class='ocrx_word' id='word_1_35' title='bbox 1595 738 1780 791; x_wconf 80' lang='lat' dir='ltr'>fuerat</span> 
     </span>
    </p>
   </div>
   <div class='ocr_carea' id='block_1_7' title="bbox 111 823 1779 896">
    <p class='ocr_par' dir='ltr' id='par_1_7' title="bbox 111 823 1779 896">
     <span class='ocr_line' id='line_1_7' title="bbox 111 823 1779 896; baseline -0.002 -14"><span class='ocrx_word' id='word_1_36' title='bbox 111 829 406 892; x_wconf 79' lang='lat' dir='ltr'>funestatus,</span> <span class='ocrx_word' id='word_1_37' title='bbox 451 824 564 877; x_wconf 90' lang='lat' dir='ltr'>nisi</span> <span class='ocrx_word' id='word_1_38' title='bbox 602 824 754 894; x_wconf 92' lang='lat' dir='ltr'>quod</span> <span class='ocrx_word' id='word_1_39' title='bbox 792 823 988 892; x_wconf 85' lang='lat' dir='ltr'>paucis</span> <span class='ocrx_word' id='word_1_40' title='bbox 1016 829 1147 878; x_wconf 83' lang='lat' dir='ltr'>ante</span> <span class='ocrx_word' id='word_1_41' title='bbox 1175 825 1375 878; x_wconf 88' lang='lat' dir='ltr'>diebus</span> <span class='ocrx_word' id='word_1_42' title='bbox 1403 841 1528 878; x_wconf 87' lang='lat' dir='ltr'>reos</span> <span class='ocrx_word' id='word_1_43' title='bbox 1558 827 1779 896; x_wconf 79' lang='lat' dir='ltr'>aliquot</span> 
     </span>
    </p>
   </div>
   <div class='ocr_carea' id='block_1_8' title="bbox 111 912 1774 987">
    <p class='ocr_par' dir='ltr' id='par_1_8' title="bbox 111 912 1774 987">
     <span class='ocr_line' id='line_1_8' title="bbox 111 912 1774 987; baseline -0.003 -16"><span class='ocrx_word' id='word_1_44' title='bbox 111 915 376 987; x_wconf 81' lang='lat' dir='ltr'>capitalem</span> <span class='ocrx_word' id='word_1_45' title='bbox 425 912 506 966; x_wconf 88' lang='lat' dir='ltr'>ibi</span> <span class='ocrx_word' id='word_1_46' title='bbox 540 928 765 983; x_wconf 81' lang='lat' dir='ltr'>poenam</span> <span class='ocrx_word' id='word_1_47' title='bbox 797 913 953 966; x_wconf 91' lang='lat' dir='ltr'>luere</span> <span class='ocrx_word' id='word_1_48' title='bbox 985 913 1268 978; x_wconf 86' lang='lat' dir='ltr'>voluerat;</span> <span class='ocrx_word' id='word_1_49' title='bbox 1304 913 1476 984; x_wconf 87' lang='lat' dir='ltr'>idque</span> <span class='ocrx_word' id='word_1_50' title='bbox 1507 914 1576 968; x_wconf 87' lang='lat' dir='ltr'>de</span> <span class='ocrx_word' id='word_1_51' title='bbox 1604 914 1774 968; x_wconf 87' lang='lat' dir='ltr'>indu-</span> 
     </span>
    </p>
   </div>
   <div class='ocr_carea' id='block_1_9' title="bbox 108 1001 1774 1071">
    <p class='ocr_par' dir='ltr' id='par_1_9' title="bbox 108 1001 1774 1071">
     <span class='ocr_line' id='line_1_9' title="bbox 108 1001 1774 1071; baseline -0.002 -12"><span class='ocrx_word' id='word_1_52' title='bbox 108 1006 221 1059; x_wconf 89' lang='lat' dir='ltr'>stria</span> <span class='ocrx_word' id='word_1_53' title='bbox 256 1003 457 1056; x_wconf 79' lang='lat' dir='ltr'>factum</span> <span class='ocrx_word' id='word_1_54' title='bbox 490 1001 561 1054; x_wconf 88' lang='lat' dir='ltr'>ab</span> <span class='ocrx_word' id='word_1_55' title='bbox 591 1001 690 1055; x_wconf 93' lang='lat' dir='ltr'>illo</span> <span class='ocrx_word' id='word_1_56' title='bbox 720 1001 1217 1071; x_wconf 84' lang='lat' dir='ltr'>persuasissimum</span> <span class='ocrx_word' id='word_1_57' title='bbox 1247 1002 1375 1069; x_wconf 87' lang='lat' dir='ltr'>fuit,</span> <span class='ocrx_word' id='word_1_58' title='bbox 1413 1007 1479 1056; x_wconf 90' lang='lat' dir='ltr'>ut</span> <span class='ocrx_word' id='word_1_59' title='bbox 1515 1019 1586 1056; x_wconf 87' lang='lat' dir='ltr'>ne</span> <span class='ocrx_word' id='word_1_60' title='bbox 1616 1003 1774 1056; x_wconf 89' lang='lat' dir='ltr'>vide-</span> 
     </span>
    </p>
   </div>
   <div class='ocr_carea' id='block_1_10' title="bbox 110 1089 1773 1162">
    <p class='ocr_par' dir='ltr' id='par_1_10' title="bbox 110 1089 1773 1162">
     <span class='ocr_line' id='line_1_10' title="bbox 110 1089 1773 1162; baseline 0 -16"><span class='ocrx_word' id='word_1_61' title='bbox 110 1094 217 1146; x_wconf 91' lang='lat' dir='ltr'>licet</span> <span class='ocrx_word' id='word_1_62' title='bbox 269 1105 532 1162; x_wconf 89' lang='lat' dir='ltr'>percusso</span> <span class='ocrx_word' id='word_1_63' title='bbox 589 1089 800 1144; x_wconf 87' lang='lat' dir='ltr'>ibidem</span> <span class='ocrx_word' id='word_1_64' title='bbox 851 1091 1194 1156; x_wconf 82' lang='lat' dir='ltr'>Marcellino,</span> <span class='ocrx_word' id='word_1_65' title='bbox 1243 1091 1325 1144; x_wconf 89' lang='lat' dir='ltr'>rei</span> <span class='ocrx_word' id='word_1_66' title='bbox 1375 1090 1773 1162; x_wconf 79' lang='lat' dir='ltr'>indignitatem</span> 
     </span>
    </p>
   </div>
   <div class='ocr_carea' id='block_1_11' title="bbox 107 1177 1774 1249">
    <p class='ocr_par' dir='ltr' id='par_1_11' title="bbox 107 1177 1774 1249">
     <span class='ocr_line' id='line_1_11' title="bbox 107 1177 1774 1249; baseline -0.001 -14"><span class='ocrx_word' id='word_1_67' title='bbox 107 1184 478 1249; x_wconf 69' lang='lat' dir='ltr'>honoremque</span> <span class='ocrx_word' id='word_1_68' title='bbox 533 1177 643 1231; x_wconf 93' lang='lat' dir='ltr'>loci</span> <span class='ocrx_word' id='word_1_69' title='bbox 692 1183 927 1249; x_wconf 91' lang='lat' dir='ltr'>augeret</span> <span class='ocrx_word' id='word_1_70' title='bbox 974 1179 1294 1233; x_wconf 84' lang='lat' dir='ltr'>insolentia.</span> <span class='ocrx_word' id='word_1_71' title='bbox 1345 1181 1467 1233; x_wconf 87' lang='lat' dir='ltr'>Non</span> <span class='ocrx_word' id='word_1_72' title='bbox 1520 1180 1675 1234; x_wconf 90' lang='lat' dir='ltr'>enim</span> <span class='ocrx_word' id='word_1_73' title='bbox 1722 1180 1774 1233; x_wconf 91' lang='lat' dir='ltr'>ei</span> 
     </span>
    </p>
   </div>
   <div class='ocr_carea' id='block_1_12' title="bbox 106 1265 1773 1339">
    <p class='ocr_par' dir='ltr' id='par_1_12' title="bbox 106 1265 1773 1339">
     <span class='ocr_line' id='line_1_12' title="bbox 106 1265 1773 1339; baseline 0.001 -19"><span class='ocrx_word' id='word_1_74' title='bbox 106 1270 294 1339; x_wconf 84' lang='lat' dir='ltr'>poterat</span> <span class='ocrx_word' id='word_1_75' title='bbox 322 1281 438 1320; x_wconf 90' lang='lat' dir='ltr'>esse</span> <span class='ocrx_word' id='word_1_76' title='bbox 469 1265 801 1334; x_wconf 88' lang='lat' dir='ltr'>obscurum,</span> <span class='ocrx_word' id='word_1_77' title='bbox 823 1281 998 1336; x_wconf 88' lang='lat' dir='ltr'>quam</span> <span class='ocrx_word' id='word_1_78' title='bbox 1029 1266 1283 1319; x_wconf 89' lang='lat' dir='ltr'>luctuosa</span> <span class='ocrx_word' id='word_1_79' title='bbox 1306 1267 1563 1321; x_wconf 65' lang='lat' dir='ltr'>Ecclesiae</span> <span class='ocrx_word' id='word_1_80' title='bbox 1583 1268 1773 1321; x_wconf 83' lang='lat' dir='ltr'>futura</span> 
     </span>
    </p>
   </div>
   <div class='ocr_carea' id='block_1_13' title="bbox 106 1352 1770 1423">
    <p class='ocr_par' dir='ltr' id='par_1_13' title="bbox 106 1352 1770 1423">
     <span class='ocr_line' id='line_1_13' title="bbox 106 1352 1770 1423; baseline 0 -15"><span class='ocrx_word' id='word_1_81' title='bbox 106 1360 222 1408; x_wconf 89' lang='lat' dir='ltr'>esset</span> <span class='ocrx_word' id='word_1_82' title='bbox 262 1369 326 1407; x_wconf 89' lang='lat' dir='ltr'>ea</span> <span class='ocrx_word' id='word_1_83' title='bbox 367 1352 688 1418; x_wconf 85' lang='lat' dir='ltr'>damnatio;</span> <span class='ocrx_word' id='word_1_84' title='bbox 742 1368 855 1423; x_wconf 91' lang='lat' dir='ltr'>qua</span> <span class='ocrx_word' id='word_1_85' title='bbox 899 1356 1107 1406; x_wconf 72' lang='lat' dir='ltr'>sanctae</span> <span class='ocrx_word' id='word_1_86' title='bbox 1146 1352 1229 1406; x_wconf 91' lang='lat' dir='ltr'>illi</span> <span class='ocrx_word' id='word_1_87' title='bbox 1260 1353 1428 1406; x_wconf 86' lang='lat' dir='ltr'>matri</span> <span class='ocrx_word' id='word_1_88' title='bbox 1458 1354 1770 1408; x_wconf 90' lang='lat' dir='ltr'>cruciatum</span> 
     </span>
    </p>
   </div>
   <div class='ocr_carea' id='block_1_14' title="bbox 105 1441 1766 1512">
    <p class='ocr_par' dir='ltr' id='par_1_14' title="bbox 105 1441 1766 1512">
     <span class='ocr_line' id='line_1_14' title="bbox 105 1441 1766 1512; baseline -0.001 -15"><span class='ocrx_word' id='word_1_89' title='bbox 105 1443 278 1497; x_wconf 79' lang='lat' dir='ltr'>inferre</span> <span class='ocrx_word' id='word_1_90' title='bbox 308 1457 420 1495; x_wconf 92' lang='lat' dir='ltr'>non</span> <span class='ocrx_word' id='word_1_91' title='bbox 451 1441 688 1508; x_wconf 90' lang='lat' dir='ltr'>veritus,</span> <span class='ocrx_word' id='word_1_92' title='bbox 731 1457 798 1494; x_wconf 92' lang='lat' dir='ltr'>eo</span> <span class='ocrx_word' id='word_1_93' title='bbox 828 1441 1075 1512; x_wconf 85' lang='lat' dir='ltr'>graviori</span> <span class='ocrx_word' id='word_1_94' title='bbox 1119 1441 1328 1495; x_wconf 88' lang='lat' dir='ltr'>scelere</span> <span class='ocrx_word' id='word_1_95' title='bbox 1376 1459 1434 1496; x_wconf 89' lang='lat' dir='ltr'>se</span> <span class='ocrx_word' id='word_1_96' title='bbox 1478 1443 1766 1512; x_wconf 77' lang='lat' dir='ltr'>obligavit,</span> 
     </span>
    </p>
   </div>
   <div class='ocr_carea' id='block_1_15' title="bbox 105 1529 1771 1602">
    <p class='ocr_par' dir='ltr' id='par_1_15' title="bbox 105 1529 1771 1602">
     <span class='ocr_line' id='line_1_15' title="bbox 105 1529 1771 1602; baseline 0 -17"><span class='ocrx_word' id='word_1_97' title='bbox 105 1531 228 1602; x_wconf 86' lang='lat' dir='ltr'>quod</span> <span class='ocrx_word' id='word_1_98' title='bbox 273 1530 452 1602; x_wconf 91' lang='lat' dir='ltr'>ipsum</span> <span class='ocrx_word' id='word_1_99' title='bbox 487 1529 644 1584; x_wconf 90' lang='lat' dir='ltr'>inter</span> <span class='ocrx_word' id='word_1_100' title='bbox 689 1531 810 1600; x_wconf 87' lang='lat' dir='ltr'>ejus</span> <span class='ocrx_word' id='word_1_101' title='bbox 838 1530 988 1584; x_wconf 87' lang='lat' dir='ltr'>lilios</span> <span class='ocrx_word' id='word_1_102' title='bbox 1026 1531 1300 1584; x_wconf 83' lang='lat' dir='ltr'>retulerat</span> <span class='ocrx_word' id='word_1_103' title='bbox 1341 1531 1554 1602; x_wconf 90' lang='lat' dir='ltr'>accepti</span> <span class='ocrx_word' id='word_1_104' title='bbox 1597 1532 1668 1584; x_wconf 91' lang='lat' dir='ltr'>ab</span> <span class='ocrx_word' id='word_1_105' title='bbox 1705 1547 1771 1585; x_wconf 88' lang='lat' dir='ltr'>ea</span> 
     </span>
    </p>
   </div>
   <div class='ocr_carea' id='block_1_16' title="bbox 108 1617 1769 1689">
    <p class='ocr_par' dir='ltr' id='par_1_16' title="bbox 108 1617 1769 1689">
     <span class='ocr_line' id='line_1_16' title="bbox 108 1617 1769 1689; baseline 0.001 -17"><span class='ocrx_word' id='word_1_106' title='bbox 108 1619 339 1689; x_wconf 85' lang='lat' dir='ltr'>Baptismi</span> <span class='ocrx_word' id='word_1_107' title='bbox 378 1617 745 1672; x_wconf 88' lang='lat' dir='ltr'>beneﬁcium.</span> <span class='ocrx_word' id='word_1_108' title='bbox 791 1619 1005 1684; x_wconf 86' lang='lat' dir='ltr'>Frater,</span> <span class='ocrx_word' id='word_1_109' title='bbox 1050 1619 1213 1688; x_wconf 86' lang='lat' dir='ltr'>cujus</span> <span class='ocrx_word' id='word_1_110' title='bbox 1253 1618 1350 1672; x_wconf 89' lang='lat' dir='ltr'>ille</span> <span class='ocrx_word' id='word_1_111' title='bbox 1379 1619 1682 1673; x_wconf 89' lang='lat' dir='ltr'>consilium</span> <span class='ocrx_word' id='word_1_112' title='bbox 1710 1620 1769 1674; x_wconf 91' lang='lat' dir='ltr'>in</span> 
     </span>
    </p>
   </div>
   <div class='ocr_carea' id='block_1_17' title="bbox 103 1707 1770 1778">
    <p class='ocr_par' dir='ltr' id='par_1_17' title="bbox 103 1707 1770 1778">
     <span class='ocr_line' id='line_1_17' title="bbox 103 1707 1770 1778; baseline 0.001 -17"><span class='ocrx_word' id='word_1_113' title='bbox 103 1712 230 1762; x_wconf 87' lang='lat' dir='ltr'>tanto</span> <span class='ocrx_word' id='word_1_114' title='bbox 269 1708 472 1762; x_wconf 84' lang='lat' dir='ltr'>scelere</span> <span class='ocrx_word' id='word_1_115' title='bbox 521 1713 752 1761; x_wconf 90' lang='lat' dir='ltr'>secutus</span> <span class='ocrx_word' id='word_1_116' title='bbox 793 1711 898 1772; x_wconf 92' lang='lat' dir='ltr'>est,</span> <span class='ocrx_word' id='word_1_117' title='bbox 947 1708 1230 1778; x_wconf 89' lang='lat' dir='ltr'>quondam</span> <span class='ocrx_word' id='word_1_118' title='bbox 1262 1707 1322 1761; x_wconf 88' lang='lat' dir='ltr'>in</span> <span class='ocrx_word' id='word_1_119' title='bbox 1354 1708 1554 1778; x_wconf 90' lang='lat' dir='ltr'>capitis</span> <span class='ocrx_word' id='word_1_120' title='bbox 1583 1708 1770 1762; x_wconf 89' lang='lat' dir='ltr'>discri-</span> 
     </span>
    </p>
   </div>
   <div class='ocr_carea' id='block_1_18' title="bbox 109 1796 1769 1867">
    <p class='ocr_par' dir='ltr' id='par_1_18' title="bbox 109 1796 1769 1867">
     <span class='ocr_line' id='line_1_18' title="bbox 109 1796 1769 1867; baseline -0.001 -16"><span class='ocrx_word' id='word_1_121' title='bbox 109 1797 229 1851; x_wconf 90' lang='lat' dir='ltr'>mine</span> <span class='ocrx_word' id='word_1_122' title='bbox 256 1797 590 1851; x_wconf 86' lang='lat' dir='ltr'>constitutus</span> <span class='ocrx_word' id='word_1_123' title='bbox 622 1796 927 1866; x_wconf 79' lang='lat' dir='ltr'>confugere</span> <span class='ocrx_word' id='word_1_124' title='bbox 958 1797 1028 1851; x_wconf 90' lang='lat' dir='ltr'>ad</span> <span class='ocrx_word' id='word_1_125' title='bbox 1059 1796 1318 1850; x_wconf 67' lang='lat' dir='ltr'>Ecclesia:</span> <span class='ocrx_word' id='word_1_126' title='bbox 1349 1813 1513 1867; x_wconf 92' lang='lat' dir='ltr'>opem</span> <span class='ocrx_word' id='word_1_127' title='bbox 1545 1800 1769 1851; x_wconf 89' lang='lat' dir='ltr'>coactus</span> 
     </span>
    </p>
   </div>
   <div class='ocr_carea' id='block_1_19' title="bbox 106 1884 1769 1956">
    <p class='ocr_par' dir='ltr' id='par_1_19' title="bbox 106 1884 1769 1956">
     <span class='ocr_line' id='line_1_19' title="bbox 106 1884 1769 1956; baseline 0 -17"><span class='ocrx_word' id='word_1_128' title='bbox 106 1886 254 1940; x_wconf 80' lang='lat' dir='ltr'>fuerat</span> <span class='ocrx_word' id='word_1_129' title='bbox 280 1901 293 1939; x_wconf 88' lang='lat'><strong>:</strong></span> <span class='ocrx_word' id='word_1_130' title='bbox 319 1884 597 1953; x_wconf 67' lang='lat' dir='ltr'>imof_vero</span> <span class='ocrx_word' id='word_1_131' title='bbox 621 1885 870 1938; x_wconf 84' lang='lat' dir='ltr'>Marinus</span> <span class='ocrx_word' id='word_1_132' title='bbox 896 1885 1038 1954; x_wconf 91' lang='lat' dir='ltr'>ipse,</span> <span class='ocrx_word' id='word_1_133' title='bbox 1062 1901 1191 1938; x_wconf 91' lang='lat' dir='ltr'>cum</span> <span class='ocrx_word' id='word_1_134' title='bbox 1212 1884 1522 1956; x_wconf 89' lang='lat' dir='ltr'>aliquando</span> <span class='ocrx_word' id='word_1_135' title='bbox 1543 1886 1769 1955; x_wconf 88' lang='lat' dir='ltr'>patroni</span> 
     </span>
    </p>
   </div>
   <div class='ocr_carea' id='block_1_20' title="bbox 102 1973 1768 2044">
    <p class='ocr_par' dir='ltr' id='par_1_20' title="bbox 102 1973 1768 2044">
     <span class='ocr_line' id='line_1_20' title="bbox 102 1973 1768 2044; baseline 0 -16"><span class='ocrx_word' id='word_1_136' title='bbox 102 1974 387 2028; x_wconf 83' lang='lat' dir='ltr'>incurrisset</span> <span class='ocrx_word' id='word_1_137' title='bbox 426 1973 711 2027; x_wconf 76' lang='lat' dir='ltr'>offensam</span> <span class='ocrx_word' id='word_1_138' title='bbox 757 1973 824 2042; x_wconf 91' lang='lat' dir='ltr'>(is</span> <span class='ocrx_word' id='word_1_139' title='bbox 866 1973 1020 2027; x_wconf 90' lang='lat' dir='ltr'>enim</span> <span class='ocrx_word' id='word_1_140' title='bbox 1068 1973 1356 2044; x_wconf 87' lang='lat' dir='ltr'>insperata</span> <span class='ocrx_word' id='word_1_141' title='bbox 1399 1973 1667 2028; x_wconf 78' lang='lat' dir='ltr'>felicitate</span> <span class='ocrx_word' id='word_1_142' title='bbox 1699 1975 1768 2028; x_wconf 90' lang='lat' dir='ltr'>ad</span> 
     </span>
    </p>
   </div>
   <div class='ocr_carea' id='block_1_21' title="bbox 104 2062 1768 2134">
    <p class='ocr_par' dir='ltr' id='par_1_21' title="bbox 104 2062 1768 2134">
     <span class='ocr_line' id='line_1_21' title="bbox 104 2062 1768 2134; baseline 0.001 -18"><span class='ocrx_word' id='word_1_143' title='bbox 104 2066 282 2117; x_wconf 85' lang='lat' dir='ltr'>tantam</span> <span class='ocrx_word' id='word_1_144' title='bbox 324 2063 645 2134; x_wconf 88' lang='lat' dir='ltr'>potentiam</span> <span class='ocrx_word' id='word_1_145' title='bbox 701 2062 1047 2130; x_wconf 83' lang='lat' dir='ltr'>devenerat),</span> <span class='ocrx_word' id='word_1_146' title='bbox 1091 2062 1348 2116; x_wconf 67' lang='lat' dir='ltr'>Ecclesia:</span> <span class='ocrx_word' id='word_1_147' title='bbox 1385 2063 1768 2133; x_wconf 88' lang='lat' dir='ltr'>patrocinium</span> 
     </span>
    </p>
   </div>
   <div class='ocr_carea' id='block_1_22' title="bbox 103 2148 1767 2221">
    <p class='ocr_par' dir='ltr' id='par_1_22' title="bbox 103 2148 1767 2221">
     <span class='ocr_line' id='line_1_22' title="bbox 103 2148 1767 2221; baseline -0.001 -17"><span class='ocrx_word' id='word_1_148' title='bbox 103 2150 320 2205; x_wconf 90' lang='lat' dir='ltr'>beneﬁcii</span> <span class='ocrx_word' id='word_1_149' title='bbox 348 2151 471 2204; x_wconf 94' lang='lat' dir='ltr'>loco</span> <span class='ocrx_word' id='word_1_150' title='bbox 503 2149 936 2221; x_wconf 88' lang='lat' dir='ltr'>imploraverat,</span> <span class='ocrx_word' id='word_1_151' title='bbox 973 2149 1126 2220; x_wconf 91' lang='lat' dir='ltr'>quod</span> <span class='ocrx_word' id='word_1_152' title='bbox 1155 2148 1238 2202; x_wconf 90' lang='lat' dir='ltr'>illi</span> <span class='ocrx_word' id='word_1_153' title='bbox 1260 2165 1623 2221; x_wconf 89' lang='lat' dir='ltr'>nequaquam</span> <span class='ocrx_word' id='word_1_154' title='bbox 1652 2151 1767 2204; x_wconf 81' lang='lat' dir='ltr'>fue-</span> 
     </span>
    </p>
   </div>
   <div class='ocr_carea' id='block_1_23' title="bbox 103 2239 545 2308">
    <p class='ocr_par' dir='ltr' id='par_1_23' title="bbox 103 2239 545 2308">
     <span class='ocr_line' id='line_1_23' title="bbox 103 2239 545 2308; baseline 0.002 -16"><span class='ocrx_word' id='word_1_155' title='bbox 103 2243 169 2292; x_wconf 88' lang='lat' dir='ltr'>rat</span> <span class='ocrx_word' id='word_1_156' title='bbox 192 2239 545 2308; x_wconf 88' lang='lat' dir='ltr'>denegatum.</span> 
     </span>
    </p>
   </div>
   <div class='ocr_carea' id='block_1_24' title="bbox 156 2326 1767 2399">
    <p class='ocr_par' dir='ltr' id='par_1_24' title="bbox 156 2326 1767 2399">
     <span class='ocr_line' id='line_1_24' title="bbox 156 2326 1767 2399; baseline -0.001 -17"><span class='ocrx_word' id='word_1_157' title='bbox 156 2331 198 2382; x_wconf 85' lang='lat'>6.</span> <span class='ocrx_word' id='word_1_158' title='bbox 234 2328 515 2382; x_wconf 85' lang='lat' dir='ltr'>Nitebatur</span> <span class='ocrx_word' id='word_1_159' title='bbox 573 2327 809 2399; x_wconf 86' lang='lat' dir='ltr'>quidem</span> <span class='ocrx_word' id='word_1_160' title='bbox 854 2329 1139 2398; x_wconf 63' lang='lat' dir='ltr'>praecepto</span> <span class='ocrx_word' id='word_1_161' title='bbox 1185 2326 1570 2397; x_wconf 89' lang='lat' dir='ltr'>Imperatoris,</span> <span class='ocrx_word' id='word_1_162' title='bbox 1613 2327 1767 2397; x_wconf 92' lang='lat' dir='ltr'>quod</span> 
     </span>
    </p>
   </div>
   <div class='ocr_carea' id='block_1_25' title="bbox 105 2415 1764 2486">
    <p class='ocr_par' dir='ltr' id='par_1_25' title="bbox 105 2415 1764 2486">
     <span class='ocr_line' id='line_1_25' title="bbox 105 2415 1764 2486; baseline 0 -18"><span class='ocrx_word' id='word_1_163' title='bbox 105 2416 186 2469; x_wconf 79' lang='lat' dir='ltr'>sibi</span> <span class='ocrx_word' id='word_1_164' title='bbox 209 2432 299 2486; x_wconf 90' lang='lat' dir='ltr'>per</span> <span class='ocrx_word' id='word_1_165' title='bbox 335 2416 557 2470; x_wconf 89' lang='lat' dir='ltr'>litteras</span> <span class='ocrx_word' id='word_1_166' title='bbox 601 2415 984 2485; x_wconf 87' lang='lat' dir='ltr'>signiﬁcatum</span> <span class='ocrx_word' id='word_1_167' title='bbox 1015 2415 1381 2485; x_wconf 60' lang='lat' dir='ltr'>praedicabat,</span> <span class='ocrx_word' id='word_1_168' title='bbox 1413 2415 1764 2486; x_wconf 89' lang='lat' dir='ltr'>obsequendi</span> 
     </span>
    </p>
   </div>
   <div class='ocr_carea' id='block_1_26' title="bbox 109 2491 1766 2576">
    <p class='ocr_par' dir='ltr' id='par_1_26' title="bbox 109 2491 1766 2576">
     <span class='ocr_line' id='line_1_26' title="bbox 109 2491 1766 2576; baseline -0.002 -17"><span class='ocrx_word' id='word_1_169' title='bbox 109 2505 451 2560; x_wconf 85' lang='lat' dir='ltr'>necessitatem</span> <span class='ocrx_word' id='word_1_170' title='bbox 480 2505 802 2559; x_wconf 89' lang='lat' dir='ltr'>obtendere</span> <span class='ocrx_word' id='word_1_171' title='bbox 851 2521 864 2558; x_wconf 90' lang='lat'>:</span> <span class='ocrx_word' id='word_1_172' title='bbox 909 2504 1005 2558; x_wconf 92' lang='lat' dir='ltr'>sed</span> <span class='ocrx_word' id='word_1_173' title='bbox 1031 2504 1184 2576; x_wconf 92' lang='lat' dir='ltr'>quod</span> <span class='ocrx_word' id='word_1_174' title='bbox 1212 2504 1434 2574; x_wconf 85' lang='lat' dir='ltr'>legatus</span> <span class='ocrx_word' id='word_1_175' title='bbox 1465 2491 1766 2574; x_wconf 66' lang='lat' dir='ltr'>epi&#39;sc0pus</span> 
     </span>
    </p>
   </div>
   <div class='ocr_carea' id='block_1_27' title="bbox 111 2591 1760 2664">
    <p class='ocr_par' dir='ltr' id='par_1_27' title="bbox 111 2591 1760 2664">
     <span class='ocr_line' id='line_1_27' title="bbox 111 2591 1760 2664; baseline -0.001 -18"><span class='ocrx_word' id='word_1_176' title='bbox 111 2595 161 2647; x_wconf 87' lang='lat' dir='ltr'>ab</span> <span class='ocrx_word' id='word_1_177' title='bbox 179 2596 494 2664; x_wconf 89' lang='lat' dir='ltr'>lmperatore</span> <span class='ocrx_word' id='word_1_178' title='bbox 533 2593 870 2647; x_wconf 89' lang='lat' dir='ltr'>mandatum</span> <span class='ocrx_word' id='word_1_179' title='bbox 909 2593 1078 2664; x_wconf 88' lang='lat' dir='ltr'>plane</span> <span class='ocrx_word' id='word_1_180' title='bbox 1110 2591 1460 2647; x_wconf 88' lang='lat' dir='ltr'>contrarium</span> <span class='ocrx_word' id='word_1_181' title='bbox 1492 2592 1760 2657; x_wconf 89' lang='lat' dir='ltr'>obtinuit,</span> 
     </span>
    </p>
   </div>
   <div class='ocr_carea' id='block_1_28' title="bbox 113 2681 1766 2754">
    <p class='ocr_par' dir='ltr' id='par_1_28' title="bbox 113 2681 1766 2754">
     <span class='ocr_line' id='line_1_28' title="bbox 113 2681 1766 2754; baseline -0.001 -18"><span class='ocrx_word' id='word_1_182' title='bbox 113 2683 152 2736; x_wconf 89' lang='lat' dir='ltr'>id</span> <span class='ocrx_word' id='word_1_183' title='bbox 186 2699 300 2738; x_wconf 85' lang='lat' dir='ltr'>vero</span> <span class='ocrx_word' id='word_1_184' title='bbox 339 2683 747 2754; x_wconf 78' lang='lat' dir='ltr'>plenissimum</span> <span class='ocrx_word' id='word_1_185' title='bbox 790 2681 923 2736; x_wconf 89' lang='lat' dir='ltr'>fecit</span> <span class='ocrx_word' id='word_1_186' title='bbox 973 2681 1207 2736; x_wconf 89' lang='lat' dir='ltr'>Comitis</span> <span class='ocrx_word' id='word_1_187' title='bbox 1262 2681 1644 2750; x_wconf 76' lang='lat' dir='ltr'>mendacium.</span> <span class='ocrx_word' id='word_1_188' title='bbox 1703 2683 1766 2735; x_wconf 88' lang='lat' dir='ltr'>Et</span> 
     </span>
    </p>
   </div>
   <div class='ocr_carea' id='block_1_29' title="bbox 109 2769 1763 2836">
    <p class='ocr_par' dir='ltr' id='par_1_29' title="bbox 109 2769 1763 2836">
     <span class='ocr_line' id='line_1_29' title="bbox 109 2769 1763 2836; baseline -0.001 -12"><span class='ocrx_word' id='word_1_189' title='bbox 109 2776 223 2825; x_wconf 86' lang='lat' dir='ltr'>certe</span> <span class='ocrx_word' id='word_1_190' title='bbox 265 2772 535 2827; x_wconf 91' lang='lat' dir='ltr'>continuo</span> <span class='ocrx_word' id='word_1_191' title='bbox 584 2775 880 2826; x_wconf 88' lang='lat' dir='ltr'>revocatus</span> <span class='ocrx_word' id='word_1_192' title='bbox 909 2787 977 2824; x_wconf 84' lang='lat' dir='ltr'>ex</span> <span class='ocrx_word' id='word_1_193' title='bbox 1008 2769 1217 2836; x_wconf 81' lang='lat' dir='ltr'>Africa,</span> <span class='ocrx_word' id='word_1_194' title='bbox 1251 2773 1307 2824; x_wconf 91' lang='lat' dir='ltr'>et</span> <span class='ocrx_word' id='word_1_195' title='bbox 1335 2785 1573 2824; x_wconf 89' lang='lat' dir='ltr'>munere</span> <span class='ocrx_word' id='word_1_196' title='bbox 1606 2769 1763 2823; x_wconf 91' lang='lat' dir='ltr'>omni</span> 
     </span>
    </p>
   </div>
   <div class='ocr_carea' id='block_1_30' title="bbox 109 2857 1763 2932">
    <p class='ocr_par' dir='ltr' id='par_1_30' title="bbox 109 2857 1763 2932">
     <span class='ocr_line' id='line_1_30' title="bbox 109 2857 1763 2932; baseline -0.002 -18"><span class='ocrx_word' id='word_1_197' title='bbox 109 2877 154 2914; x_wconf 88' lang='lat' dir='ltr'>ac</span> <span class='ocrx_word' id='word_1_198' title='bbox 179 2861 427 2932; x_wconf 87' lang='lat' dir='ltr'>dignitate</span> <span class='ocrx_word' id='word_1_199' title='bbox 464 2860 770 2932; x_wconf 87' lang='lat' dir='ltr'>spoliatus,</span> <span class='ocrx_word' id='word_1_200' title='bbox 802 2857 1163 2913; x_wconf 72' lang='lat' dir='ltr'>conscientiae</span> <span class='ocrx_word' id='word_1_201' title='bbox 1207 2858 1480 2928; x_wconf 73' lang='lat' dir='ltr'>propriae,</span> <span class='ocrx_word' id='word_1_202' title='bbox 1527 2863 1590 2912; x_wconf 92' lang='lat' dir='ltr'>ut</span> <span class='ocrx_word' id='word_1_203' title='bbox 1638 2875 1763 2912; x_wconf 89' lang='lat' dir='ltr'>eam</span> 
     </span>
    </p>
   </div>
   <div class='ocr_carea' id='block_1_31' title="bbox 108 2946 1764 3019">
    <p class='ocr_par' dir='ltr' id='par_1_31' title="bbox 108 2946 1764 3019">
     <span class='ocr_line' id='line_1_31' title="bbox 108 2946 1764 3019; baseline -0.002 -16"><span class='ocrx_word' id='word_1_204' title='bbox 108 2949 407 3018; x_wconf 54' lang='lat' dir='ltr'>poenitentia:</span> <span class='ocrx_word' id='word_1_205' title='bbox 438 2965 566 3004; x_wconf 71' lang='lat' dir='ltr'>sua:</span> <span class='ocrx_word' id='word_1_206' title='bbox 596 2949 684 3003; x_wconf 86' lang='lat' dir='ltr'>vel</span> <span class='ocrx_word' id='word_1_207' title='bbox 714 2964 898 3019; x_wconf 59' lang='lat' dir='ltr'>pinna;</span> <span class='ocrx_word' id='word_1_208' title='bbox 925 2950 1125 3001; x_wconf 89' lang='lat' dir='ltr'>testem</span> <span class='ocrx_word' id='word_1_209' title='bbox 1167 2947 1421 3012; x_wconf 86' lang='lat' dir='ltr'>haberet,</span> <span class='ocrx_word' id='word_1_210' title='bbox 1451 2946 1764 3017; x_wconf 90' lang='lat' dir='ltr'>permissus</span> 
     </span>
    </p>
   </div>
   <div class='ocr_carea' id='block_1_32' title="bbox 107 3034 1766 3106">
    <p class='ocr_par' dir='ltr' id='par_1_32' title="bbox 107 3034 1766 3106">
     <span class='ocr_line' id='line_1_32' title="bbox 107 3034 1766 3106; baseline -0.001 -17"><span class='ocrx_word' id='word_1_211' title='bbox 107 3041 170 3089; x_wconf 89' lang='lat' dir='ltr'>est</span> <span class='ocrx_word' id='word_1_212' title='bbox 193 3037 434 3105; x_wconf 82' lang='lat' dir='ltr'>(Orosius,</span> <span class='ocrx_word' id='word_1_213' title='bbox 474 3035 738 3092; x_wconf 60' lang='lat' dir='ltr'>Historia</span> <span class='ocrx_word' id='word_1_214' title='bbox 767 3036 861 3090; x_wconf 86' lang='lat' dir='ltr'>lib.</span> <span class='ocrx_word' id='word_1_215' title='bbox 900 3040 955 3101; x_wconf 86' lang='lat'>7,</span> <span class='ocrx_word' id='word_1_216' title='bbox 999 3051 1120 3104; x_wconf 87' lang='lat' dir='ltr'>cap.</span> <span class='ocrx_word' id='word_1_217' title='bbox 1168 3035 1278 3106; x_wconf 76' lang='grc'><strong>42).</strong></span> <span class='ocrx_word' id='word_1_218' title='bbox 1313 3034 1475 3099; x_wconf 89' lang='lat' dir='ltr'>Quod</span> <span class='ocrx_word' id='word_1_219' title='bbox 1506 3035 1577 3089; x_wconf 89' lang='lat' dir='ltr'>ad</span> <span class='ocrx_word' id='word_1_220' title='bbox 1620 3036 1766 3090; x_wconf 88' lang='lat' dir='ltr'>Mar-</span> 
     </span>
    </p>
   </div>
   <div class='ocr_carea' id='block_1_33' title="bbox 106 3123 1764 3196">
    <p class='ocr_par' dir='ltr' id='par_1_33' title="bbox 106 3123 1764 3196">
     <span class='ocr_line' id='line_1_33' title="bbox 106 3123 1764 3196; baseline 0.001 -19"><span class='ocrx_word' id='word_1_221' title='bbox 106 3126 346 3193; x_wconf 89' lang='lat' dir='ltr'>cellinum,</span> <span class='ocrx_word' id='word_1_222' title='bbox 386 3127 433 3180; x_wconf 92' lang='lat' dir='ltr'>is</span> <span class='ocrx_word' id='word_1_223' title='bbox 480 3125 725 3196; x_wconf 88' lang='lat' dir='ltr'>quidem</span> <span class='ocrx_word' id='word_1_224' title='bbox 765 3123 882 3178; x_wconf 89' lang='lat' dir='ltr'>vita</span> <span class='ocrx_word' id='word_1_225' title='bbox 927 3123 1112 3190; x_wconf 87' lang='lat' dir='ltr'>cessit,</span> <span class='ocrx_word' id='word_1_226' title='bbox 1163 3140 1278 3177; x_wconf 91' lang='lat' dir='ltr'>non</span> <span class='ocrx_word' id='word_1_227' title='bbox 1317 3123 1596 3178; x_wconf 90' lang='lat' dir='ltr'>virtutum</span> <span class='ocrx_word' id='word_1_228' title='bbox 1641 3140 1764 3178; x_wconf 81' lang='lat' dir='ltr'>sua-</span> 
     </span>
    </p>
   </div>
   <div class='ocr_carea' id='block_1_34' title="bbox 105 3211 1764 3284">
    <p class='ocr_par' dir='ltr' id='par_1_34' title="bbox 105 3211 1764 3284">
     <span class='ocr_line' id='line_1_34' title="bbox 105 3211 1764 3284; baseline 0.001 -20"><span class='ocrx_word' id='word_1_229' title='bbox 105 3229 203 3266; x_wconf 87' lang='lat' dir='ltr'>rum</span> <span class='ocrx_word' id='word_1_230' title='bbox 228 3215 403 3282; x_wconf 89' lang='lat' dir='ltr'>modo,</span> <span class='ocrx_word' id='word_1_231' title='bbox 436 3218 908 3284; x_wconf 82' lang='lat' dir='ltr'>susceptorumve</span> <span class='ocrx_word' id='word_1_232' title='bbox 936 3229 1041 3283; x_wconf 91' lang='lat' dir='ltr'>pro</span> <span class='ocrx_word' id='word_1_233' title='bbox 1073 3211 1316 3266; x_wconf 89' lang='lat' dir='ltr'>Ecclesia</span> <span class='ocrx_word' id='word_1_234' title='bbox 1336 3213 1596 3266; x_wconf 91' lang='lat' dir='ltr'>laborum</span> <span class='ocrx_word' id='word_1_235' title='bbox 1618 3229 1764 3266; x_wconf 89' lang='lat' dir='ltr'>mer-</span> 
     </span>
    </p>
   </div>
   <div class='ocr_carea' id='block_1_35' title="bbox 106 3301 1762 3372">
    <p class='ocr_par' dir='ltr' id='par_1_35' title="bbox 106 3301 1762 3372">
     <span class='ocr_line' id='line_1_35' title="bbox 106 3301 1762 3372; baseline 0.001 -18"><span class='ocrx_word' id='word_1_236' title='bbox 106 3302 260 3356; x_wconf 89' lang='lat' dir='ltr'>cedem</span> <span class='ocrx_word' id='word_1_237' title='bbox 283 3320 340 3357; x_wconf 90' lang='lat' dir='ltr'>ac</span> <span class='ocrx_word' id='word_1_238' title='bbox 363 3304 643 3371; x_wconf 82' lang='lat' dir='ltr'>fructum,</span> <span class='ocrx_word' id='word_1_239' title='bbox 664 3303 762 3356; x_wconf 91' lang='lat' dir='ltr'>sed</span> <span class='ocrx_word' id='word_1_240' title='bbox 793 3301 966 3356; x_wconf 89' lang='lat' dir='ltr'>etiam</span> <span class='ocrx_word' id='word_1_241' title='bbox 997 3301 1261 3355; x_wconf 88' lang='lat' dir='ltr'>meritam</span> <span class='ocrx_word' id='word_1_242' title='bbox 1282 3302 1460 3355; x_wconf 76' lang='lat' dir='ltr'>effuso</span> <span class='ocrx_word' id='word_1_243' title='bbox 1482 3302 1762 3372; x_wconf 88' lang='lat' dir='ltr'>sanguine</span> 
     </span>
    </p>
   </div>
   <div class='ocr_carea' id='block_1_36' title="bbox 106 3389 1764 3462">
    <p class='ocr_par' dir='ltr' id='par_1_36' title="bbox 106 3389 1764 3462">
     <span class='ocr_line' id='line_1_36' title="bbox 106 3389 1764 3462; baseline 0.001 -20"><span class='ocrx_word' id='word_1_244' title='bbox 106 3392 323 3462; x_wconf 83' lang='lat' dir='ltr'>martyris</span> <span class='ocrx_word' id='word_1_245' title='bbox 351 3393 613 3446; x_wconf 88' lang='lat' dir='ltr'>lauream</span> <span class='ocrx_word' id='word_1_246' title='bbox 644 3394 1007 3460; x_wconf 88' lang='lat' dir='ltr'>recepturus;</span> <span class='ocrx_word' id='word_1_247' title='bbox 1037 3407 1151 3461; x_wconf 93' lang='lat' dir='ltr'>quo</span> <span class='ocrx_word' id='word_1_248' title='bbox 1178 3405 1312 3444; x_wconf 90' lang='lat' dir='ltr'>eum</span> <span class='ocrx_word' id='word_1_249' title='bbox 1332 3389 1569 3444; x_wconf 91' lang='lat' dir='ltr'>nomine</span> <span class='ocrx_word' id='word_1_250' title='bbox 1591 3391 1764 3445; x_wconf 88' lang='lat' dir='ltr'>donat</span> 
     </span>
    </p>
   </div>
   <div class='ocr_carea' id='block_1_37' title="bbox 107 3478 1762 3550">
    <p class='ocr_par' dir='ltr' id='par_1_37' title="bbox 107 3478 1762 3550">
     <span class='ocr_line' id='line_1_37' title="bbox 107 3478 1762 3550; baseline -0.001 -18"><span class='ocrx_word' id='word_1_251' title='bbox 107 3479 302 3534; x_wconf 84' lang='lat' dir='ltr'>Ecclesia</span> <span class='ocrx_word' id='word_1_252' title='bbox 323 3481 378 3535; x_wconf 92' lang='lat' dir='ltr'>in</span> <span class='ocrx_word' id='word_1_253' title='bbox 408 3481 675 3535; x_wconf 84' lang='lat' dir='ltr'>Romano</span> <span class='ocrx_word' id='word_1_254' title='bbox 704 3479 1105 3550; x_wconf 84' lang='lat' dir='ltr'>Martyrologio</span> <span class='ocrx_word' id='word_1_255' title='bbox 1129 3496 1141 3532; x_wconf 92' lang='lat'><strong>:</strong></span> <span class='ocrx_word' id='word_1_256' title='bbox 1171 3478 1268 3532; x_wconf 91' lang='lat' dir='ltr'>ubi</span> <span class='ocrx_word' id='word_1_257' title='bbox 1295 3494 1397 3532; x_wconf 92' lang='lat' dir='ltr'>cur</span> <span class='ocrx_word' id='word_1_258' title='bbox 1418 3482 1612 3532; x_wconf 90' lang='lat' dir='ltr'>octavo</span> <span class='ocrx_word' id='word_1_259' title='bbox 1635 3479 1762 3533; x_wconf 89' lang='lat' dir='ltr'>idus</span> 
     </span>
    </p>
   </div>
   <div class='ocr_carea' id='block_1_38' title="bbox 105 3565 1760 3638">
    <p class='ocr_par' dir='ltr' id='par_1_38' title="bbox 105 3565 1760 3638">
     <span class='ocr_line' id='line_1_38' title="bbox 105 3565 1760 3638; baseline 0.001 -21"><span class='ocrx_word' id='word_1_260' title='bbox 105 3569 270 3637; x_wconf 86' lang='lat' dir='ltr'>apriles</span> <span class='ocrx_word' id='word_1_261' title='bbox 296 3570 617 3624; x_wconf 85' lang='lat' dir='ltr'>celebretur</span> <span class='ocrx_word' id='word_1_262' title='bbox 659 3569 778 3638; x_wconf 86' lang='lat' dir='ltr'>ejus</span> <span class='ocrx_word' id='word_1_263' title='bbox 809 3567 1108 3632; x_wconf 90' lang='lat' dir='ltr'>memoria,</span> <span class='ocrx_word' id='word_1_264' title='bbox 1149 3582 1378 3620; x_wconf 89' lang='lat' dir='ltr'>causam</span> <span class='ocrx_word' id='word_1_265' title='bbox 1406 3567 1492 3620; x_wconf 91' lang='lat' dir='ltr'>vel</span> <span class='ocrx_word' id='word_1_266' title='bbox 1518 3565 1760 3619; x_wconf 90' lang='lat' dir='ltr'>auctori-</span> 
     </span>
    </p>
   </div>
   <div class='ocr_carea' id='block_1_39' title="bbox 104 3654 1760 3724">
    <p class='ocr_par' dir='ltr' id='par_1_39' title="bbox 104 3654 1760 3724">
     <span class='ocr_line' id='line_1_39' title="bbox 104 3654 1760 3724; baseline 0.001 -17"><span class='ocrx_word' id='word_1_267' title='bbox 104 3658 242 3710; x_wconf 86' lang='lat' dir='ltr'>tatem</span> <span class='ocrx_word' id='word_1_268' title='bbox 265 3659 466 3712; x_wconf 90' lang='lat' dir='ltr'>nullam</span> <span class='ocrx_word' id='word_1_269' title='bbox 501 3657 766 3710; x_wconf 70' lang='lat' dir='ltr'>aﬁ‘erunt.</span> <span class='ocrx_word' id='word_1_270' title='bbox 799 3655 1096 3709; x_wconf 86' lang='lat' dir='ltr'>Enimvero</span> <span class='ocrx_word' id='word_1_271' title='bbox 1117 3655 1280 3709; x_wconf 91' lang='lat' dir='ltr'>illum</span> <span class='ocrx_word' id='word_1_272' title='bbox 1307 3654 1496 3708; x_wconf 91' lang='lat' dir='ltr'>idibus</span> <span class='ocrx_word' id='word_1_273' title='bbox 1511 3658 1760 3724; x_wconf 85' lang='lat' dir='ltr'>septem-</span> 
     </span>
    </p>
   </div>
   <div class='ocr_carea' id='block_1_40' title="bbox 105 3742 1761 3815">
    <p class='ocr_par' dir='ltr' id='par_1_40' title="bbox 105 3742 1761 3815">
     <span class='ocr_line' id='line_1_40' title="bbox 105 3742 1761 3815; baseline 0.001 -21"><span class='ocrx_word' id='word_1_274' title='bbox 105 3742 212 3805; x_wconf 88' lang='lat' dir='ltr'>bris,</span> <span class='ocrx_word' id='word_1_275' title='bbox 239 3745 407 3815; x_wconf 88' lang='lat' dir='ltr'>pridie</span> <span class='ocrx_word' id='word_1_276' title='bbox 435 3744 706 3800; x_wconf 83' lang='lat' dir='ltr'>videlicet</span> <span class='ocrx_word' id='word_1_277' title='bbox 735 3744 857 3814; x_wconf 89' lang='lat' dir='ltr'>ejus</span> <span class='ocrx_word' id='word_1_278' title='bbox 892 3742 1005 3797; x_wconf 90' lang='lat' dir='ltr'>diei</span> <span class='ocrx_word' id='word_1_279' title='bbox 1035 3743 1136 3813; x_wconf 87' lang='lat' dir='ltr'>qui</span> <span class='ocrx_word' id='word_1_280' title='bbox 1179 3742 1446 3813; x_wconf 87' lang='lat' dir='ltr'>Cypriani</span> <span class='ocrx_word' id='word_1_281' title='bbox 1495 3743 1761 3814; x_wconf 89' lang='lat' dir='ltr'>passione</span> 
     </span>
    </p>
   </div>
   <div class='ocr_carea' id='block_1_41' title="bbox 104 3831 1758 3904">
    <p class='ocr_par' dir='ltr' id='par_1_41' title="bbox 104 3831 1758 3904">
     <span class='ocr_line' id='line_1_41' title="bbox 104 3831 1758 3904; baseline 0.002 -21"><span class='ocrx_word' id='word_1_282' title='bbox 104 3831 329 3886; x_wconf 86' lang='lat' dir='ltr'>solemnis</span> <span class='ocrx_word' id='word_1_283' title='bbox 353 3838 497 3900; x_wconf 88' lang='lat' dir='ltr'>erat,</span> <span class='ocrx_word' id='word_1_284' title='bbox 525 3848 863 3904; x_wconf 90' lang='lat' dir='ltr'>percussum</span> <span class='ocrx_word' id='word_1_285' title='bbox 892 3831 1160 3886; x_wconf 88' lang='lat' dir='ltr'>vidimus.</span> <span class='ocrx_word' id='word_1_286' title='bbox 1185 3831 1347 3895; x_wconf 88' lang='lat' dir='ltr'>Quod</span> <span class='ocrx_word' id='word_1_287' title='bbox 1375 3834 1439 3886; x_wconf 89' lang='lat' dir='ltr'>ut</span> <span class='ocrx_word' id='word_1_288' title='bbox 1457 3832 1758 3897; x_wconf 86' lang='lat' dir='ltr'>constabit,</span> 
     </span>
    </p>
   </div>
   <div class='ocr_carea' id='block_1_42' title="bbox 107 3917 1763 3990">
    <p class='ocr_par' dir='ltr' id='par_1_42' title="bbox 107 3917 1763 3990">
     <span class='ocr_line' id='line_1_42' title="bbox 107 3917 1763 3990; baseline 0.002 -21"><span class='ocrx_word' id='word_1_289' title='bbox 107 3917 305 3975; x_wconf 88' lang='lat' dir='ltr'>dubium</span> <span class='ocrx_word' id='word_1_290' title='bbox 353 3922 583 3976; x_wconf 91' lang='lat' dir='ltr'>nullum</span> <span class='ocrx_word' id='word_1_291' title='bbox 631 3920 758 3985; x_wconf 88' lang='lat' dir='ltr'>erit,</span> <span class='ocrx_word' id='word_1_292' title='bbox 799 3918 940 3990; x_wconf 89' lang='lat' dir='ltr'>quin</span> <span class='ocrx_word' id='word_1_293' title='bbox 989 3918 1112 3988; x_wconf 88' lang='lat' dir='ltr'>ejus</span> <span class='ocrx_word' id='word_1_294' title='bbox 1161 3918 1452 3988; x_wconf 89' lang='lat' dir='ltr'>percussio</span> <span class='ocrx_word' id='word_1_295' title='bbox 1511 3918 1763 3972; x_wconf 85' lang='lat' dir='ltr'>evenerit</span> 
     </span>
    </p>
   </div>
   <div class='ocr_carea' id='block_1_43' title="bbox 109 4007 1760 4076">
    <p class='ocr_par' dir='ltr' id='par_1_43' title="bbox 109 4007 1760 4076">
     <span class='ocr_line' id='line_1_43' title="bbox 109 4007 1760 4076; baseline 0 -16"><span class='ocrx_word' id='word_1_296' title='bbox 109 4010 330 4075; x_wconf 62' lang='lat' dir='ltr'>presenti</span> <span class='ocrx_word' id='word_1_297' title='bbox 357 4027 505 4065; x_wconf 88' lang='lat' dir='ltr'>anno</span> <span class='ocrx_word' id='word_1_298' title='bbox 528 4030 545 4076; x_wconf 87' lang='lat'>;</span> <span class='ocrx_word' id='word_1_299' title='bbox 578 4025 708 4063; x_wconf 90' lang='lat' dir='ltr'>cum</span> <span class='ocrx_word' id='word_1_300' title='bbox 735 4012 791 4062; x_wconf 88' lang='lat' dir='ltr'>et</span> <span class='ocrx_word' id='word_1_301' title='bbox 821 4007 1199 4062; x_wconf 88' lang='lat' dir='ltr'>defectionem</span> <span class='ocrx_word' id='word_1_302' title='bbox 1229 4007 1545 4060; x_wconf 85' lang='lat' dir='ltr'>Heracliani</span> <span class='ocrx_word' id='word_1_303' title='bbox 1573 4007 1646 4060; x_wconf 91' lang='lat' dir='ltr'>sit</span> <span class='ocrx_word' id='word_1_304' title='bbox 1674 4023 1760 4060; x_wconf 90' lang='lat' dir='ltr'>se-</span> 
     </span>
    </p>
   </div>
   <div class='ocr_carea' id='block_1_44' title="bbox 105 4095 1761 4167">
    <p class='ocr_par' dir='ltr' id='par_1_44' title="bbox 105 4095 1761 4167">
     <span class='ocr_line' id='line_1_44' title="bbox 105 4095 1761 4167; baseline -0.001 -18"><span class='ocrx_word' id='word_1_305' title='bbox 105 4102 226 4163; x_wconf 89' lang='lat' dir='ltr'>cuta,</span> <span class='ocrx_word' id='word_1_306' title='bbox 262 4104 312 4153; x_wconf 87' lang='lat' dir='ltr'>et</span> <span class='ocrx_word' id='word_1_307' title='bbox 357 4097 722 4154; x_wconf 88' lang='lat' dir='ltr'>antecesserit</span> <span class='ocrx_word' id='word_1_308' title='bbox 772 4097 957 4167; x_wconf 90' lang='lat' dir='ltr'>legem</span> <span class='ocrx_word' id='word_1_309' title='bbox 1008 4099 1136 4166; x_wconf 89' lang='lat' dir='ltr'>post</span> <span class='ocrx_word' id='word_1_310' title='bbox 1173 4095 1392 4149; x_wconf 89' lang='lat' dir='ltr'>obitum</span> <span class='ocrx_word' id='word_1_311' title='bbox 1445 4095 1566 4165; x_wconf 93' lang='lat' dir='ltr'>ejus</span> <span class='ocrx_word' id='word_1_312' title='bbox 1593 4095 1761 4149; x_wconf 90' lang='lat' dir='ltr'>tertio</span> 
     </span>
    </p>
   </div>
   <div class='ocr_carea' id='block_1_45' title="bbox 108 4182 1763 4258">
    <p class='ocr_par' dir='ltr' id='par_1_45' title="bbox 108 4182 1763 4258">
     <span class='ocr_line' id='line_1_45' title="bbox 108 4182 1763 4258; baseline 0.001 -24"><span class='ocrx_word' id='word_1_313' title='bbox 108 4182 334 4240; x_wconf 87' lang='lat' dir='ltr'>kalendas</span> <span class='ocrx_word' id='word_1_314' title='bbox 385 4185 725 4258; x_wconf 89' lang='lat' dir='ltr'>septembris</span> <span class='ocrx_word' id='word_1_315' title='bbox 770 4184 907 4239; x_wconf 84' lang='lat' dir='ltr'>anni</span> <span class='ocrx_word' id='word_1_316' title='bbox 955 4182 1507 4255; x_wconf 84' lang='lat' dir='ltr'>quadringentesimi</span> <span class='ocrx_word' id='word_1_317' title='bbox 1557 4183 1763 4237; x_wconf 90' lang='lat' dir='ltr'>decimi</span> 
     </span>
    </p>
   </div>
   <div class='ocr_carea' id='block_1_46' title="bbox 105 4271 1762 4343">
    <p class='ocr_par' dir='ltr' id='par_1_46' title="bbox 105 4271 1762 4343">
     <span class='ocr_line' id='line_1_46' title="bbox 105 4271 1762 4343; baseline 0 -19"><span class='ocrx_word' id='word_1_318' title='bbox 105 4273 258 4341; x_wconf 86' lang='lat' dir='ltr'>quarti</span> <span class='ocrx_word' id='word_1_319' title='bbox 284 4275 469 4330; x_wconf 88' lang='lat' dir='ltr'>datam</span> <span class='ocrx_word' id='word_1_320' title='bbox 501 4274 575 4328; x_wconf 90' lang='lat' dir='ltr'>ab</span> <span class='ocrx_word' id='word_1_321' title='bbox 607 4273 871 4339; x_wconf 88' lang='lat' dir='ltr'>Honorio,</span> <span class='ocrx_word' id='word_1_322' title='bbox 900 4289 1015 4343; x_wconf 87' lang='lat' dir='ltr'>qua</span> <span class='ocrx_word' id='word_1_323' title='bbox 1042 4272 1090 4326; x_wconf 91' lang='lat' dir='ltr'>is</span> <span class='ocrx_word' id='word_1_324' title='bbox 1115 4276 1275 4342; x_wconf 89' lang='lat' dir='ltr'>gesta</span> <span class='ocrx_word' id='word_1_325' title='bbox 1299 4271 1652 4337; x_wconf 89' lang='lat' dir='ltr'>Collationis,</span> <span class='ocrx_word' id='word_1_326' title='bbox 1671 4272 1762 4325; x_wconf 91' lang='lat' dir='ltr'>cui</span> 
     </span>
    </p>
   </div>
   <div class='ocr_carea' id='block_1_47' title="bbox 105 4358 1760 4434">
    <p class='ocr_par' dir='ltr' id='par_1_47' title="bbox 105 4358 1760 4434">
     <span class='ocr_line' id='line_1_47' title="bbox 105 4358 1760 4434; baseline -0.001 -22"><span class='ocrx_word' id='word_1_327' title='bbox 105 4360 414 4418; x_wconf 79' lang='lat' dir='ltr'>Marcellinus</span> <span class='ocrx_word' id='word_1_328' title='bbox 441 4362 771 4434; x_wconf 68' lang='lat' dir='ltr'>prmfuerat,</span> <span class='ocrx_word' id='word_1_329' title='bbox 800 4361 1010 4416; x_wconf 90' lang='lat' dir='ltr'>habere</span> <span class='ocrx_word' id='word_1_330' title='bbox 1049 4360 1170 4414; x_wconf 89' lang='lat' dir='ltr'>vult</span> <span class='ocrx_word' id='word_1_331' title='bbox 1198 4363 1537 4429; x_wconf 87' lang='lat' dir='ltr'>perpetuam</span> <span class='ocrx_word' id='word_1_332' title='bbox 1582 4358 1760 4412; x_wconf 86' lang='lat' dir='ltr'>ﬁrmi-</span> 
     </span>
    </p>
   </div>
   <div class='ocr_carea' id='block_1_48' title="bbox 103 4445 1763 4522">
    <p class='ocr_par' dir='ltr' id='par_1_48' title="bbox 103 4445 1763 4522">
     <span class='ocr_line' id='line_1_48' title="bbox 103 4445 1763 4522; baseline 0 -23"><span class='ocrx_word' id='word_1_333' title='bbox 103 4450 244 4505; x_wconf 89' lang='lat' dir='ltr'>tatem</span> <span class='ocrx_word' id='word_1_334' title='bbox 291 4451 504 4522; x_wconf 88' lang='lat' dir='ltr'>(Codice</span> <span class='ocrx_word' id='word_1_335' title='bbox 563 4451 781 4517; x_wconf 85' lang='lat' dir='ltr'>Theod.,</span> <span class='ocrx_word' id='word_1_336' title='bbox 836 4450 902 4504; x_wconf 89' lang='lat' dir='ltr'>de</span> <span class='ocrx_word' id='word_1_337' title='bbox 930 4450 1234 4516; x_wconf 76' lang='lat' dir='ltr'>Haereticis,</span> <span class='ocrx_word' id='word_1_338' title='bbox 1287 4449 1397 4516; x_wconf 79' lang='lat' dir='ltr'>lege</span> <span class='ocrx_word' id='word_1_339' title='bbox 1440 4449 1546 4515; x_wconf 80' lang='grc'><strong>55).</strong></span> <span class='ocrx_word' id='word_1_340' title='bbox 1591 4445 1763 4500; x_wconf 91' lang='lat' dir='ltr'>Isthic</span> 
     </span>
    </p>
   </div>
   <div class='ocr_carea' id='block_1_49' title="bbox 107 4537 1761 4610">
    <p class='ocr_par' dir='ltr' id='par_1_49' title="bbox 107 4537 1761 4610">
     <span class='ocr_line' id='line_1_49' title="bbox 107 4537 1761 4610; baseline 0.001 -22"><span class='ocrx_word' id='word_1_341' title='bbox 107 4537 400 4610; x_wconf 86' lang='lat' dir='ltr'>imperator,</span> <span class='ocrx_word' id='word_1_342' title='bbox 431 4544 496 4596; x_wconf 91' lang='lat' dir='ltr'>ut</span> <span class='ocrx_word' id='word_1_343' title='bbox 527 4538 1008 4594; x_wconf 81' lang='lat' dir='ltr'>existimationem</span> <span class='ocrx_word' id='word_1_344' title='bbox 1047 4537 1220 4605; x_wconf 89' lang='lat' dir='ltr'>illius,</span> <span class='ocrx_word' id='word_1_345' title='bbox 1272 4551 1602 4607; x_wconf 88' lang='lat' dir='ltr'>quanquam</span> <span class='ocrx_word' id='word_1_346' title='bbox 1632 4551 1761 4606; x_wconf 89' lang='lat' dir='ltr'>per-</span> 
     </span>
    </p>
   </div>
   <div class='ocr_carea' id='block_1_50' title="bbox 105 4623 1762 4701">
    <p class='ocr_par' dir='ltr' id='par_1_50' title="bbox 105 4623 1762 4701">
     <span class='ocr_line' id='line_1_50' title="bbox 105 4623 1762 4701; baseline 0.002 -24"><span class='ocrx_word' id='word_1_347' title='bbox 105 4623 370 4684; x_wconf 89' lang='lat' dir='ltr'>duellionis</span> <span class='ocrx_word' id='word_1_348' title='bbox 419 4629 607 4701; x_wconf 88' lang='lat' dir='ltr'>specie</span> <span class='ocrx_word' id='word_1_349' title='bbox 656 4628 948 4693; x_wconf 85' lang='lat' dir='ltr'>trucidati,</span> <span class='ocrx_word' id='word_1_350' title='bbox 994 4631 1206 4681; x_wconf 90' lang='lat' dir='ltr'>sartam</span> <span class='ocrx_word' id='word_1_351' title='bbox 1259 4629 1465 4680; x_wconf 88' lang='lat' dir='ltr'>tectam</span> <span class='ocrx_word' id='word_1_352' title='bbox 1513 4626 1656 4679; x_wconf 88' lang='lat' dir='ltr'>velle</span> <span class='ocrx_word' id='word_1_353' title='bbox 1703 4642 1762 4680; x_wconf 92' lang='lat' dir='ltr'>se</span> 
     </span>
    </p>
   </div>
   <div class='ocr_carea' id='block_1_51' title="bbox 103 4714 1758 4790">
    <p class='ocr_par' dir='ltr' id='par_1_51' title="bbox 103 4714 1758 4790">
     <span class='ocr_line' id='line_1_51' title="bbox 103 4714 1758 4790; baseline 0.001 -23"><span class='ocrx_word' id='word_1_354' title='bbox 103 4719 341 4784; x_wconf 88' lang='lat' dir='ltr'>ostendat,</span> <span class='ocrx_word' id='word_1_355' title='bbox 373 4719 565 4790; x_wconf 90' lang='lat' dir='ltr'>ipsum</span> <span class='ocrx_word' id='word_1_356' title='bbox 596 4717 917 4789; x_wconf 88' lang='lat' dir='ltr'>spectabilis</span> <span class='ocrx_word' id='word_1_357' title='bbox 941 4715 1237 4770; x_wconf 78' lang='lat' dir='ltr'>memoriae</span> <span class='ocrx_word' id='word_1_358' title='bbox 1264 4714 1450 4769; x_wconf 89' lang='lat' dir='ltr'>virum</span> <span class='ocrx_word' id='word_1_359' title='bbox 1473 4715 1721 4786; x_wconf 88' lang='lat' dir='ltr'>appellat</span> <span class='ocrx_word' id='word_1_360' title='bbox 1746 4732 1758 4768; x_wconf 93' lang='lat'>:</span> 
     </span>
    </p>
   </div>
   <div class='ocr_carea' id='block_1_52' title="bbox 103 4804 1758 4874">
    <p class='ocr_par' dir='ltr' id='par_1_52' title="bbox 103 4804 1758 4874">
     <span class='ocr_line' id='line_1_52' title="bbox 103 4804 1758 4874; baseline 0.001 -18"><span class='ocrx_word' id='word_1_361' title='bbox 103 4805 415 4874; x_wconf 82' lang='lat' dir='ltr'>Augustinus</span> <span class='ocrx_word' id='word_1_362' title='bbox 439 4823 573 4862; x_wconf 86' lang='lat' dir='ltr'>vero</span> <span class='ocrx_word' id='word_1_363' title='bbox 603 4807 868 4862; x_wconf 90' lang='lat' dir='ltr'>eumdem</span> <span class='ocrx_word' id='word_1_364' title='bbox 885 4821 1003 4860; x_wconf 90' lang='lat' dir='ltr'>non</span> <span class='ocrx_word' id='word_1_365' title='bbox 1019 4804 1299 4874; x_wconf 72' lang='lat' dir='ltr'>religiosa:</span> <span class='ocrx_word' id='word_1_366' title='bbox 1320 4808 1542 4858; x_wconf 90' lang='lat' dir='ltr'>tantum</span> <span class='ocrx_word' id='word_1_367' title='bbox 1561 4804 1758 4873; x_wconf 87' lang='lat' dir='ltr'>(Epist.</span> 
     </span>
    </p>
   </div>
   <div class='ocr_carea' id='block_1_53' title="bbox 107 4893 1764 4966">
    <p class='ocr_par' dir='ltr' id='par_1_53' title="bbox 107 4893 1764 4966">
     <span class='ocr_line' id='line_1_53' title="bbox 107 4893 1764 4966; baseline 0.001 -22"><span class='ocrx_word' id='word_1_368' title='bbox 107 4894 201 4959; x_wconf 85' lang='lat'>166,</span> <span class='ocrx_word' id='word_1_369' title='bbox 228 4911 279 4949; x_wconf 91' lang='lat' dir='ltr'>n.</span> <span class='ocrx_word' id='word_1_370' title='bbox 303 4901 368 4960; x_wconf 86' lang='lat'>7;</span> <span class='ocrx_word' id='word_1_371' title='bbox 399 4899 586 4966; x_wconf 87' lang='lat' dir='ltr'>Epist.</span> <span class='ocrx_word' id='word_1_372' title='bbox 643 4899 763 4964; x_wconf 91' lang='lat'>169,</span> <span class='ocrx_word' id='word_1_373' title='bbox 804 4911 859 4950; x_wconf 86' lang='grc' dir='ltr'>η.</span> <span class='ocrx_word' id='word_1_374' title='bbox 914 4895 1024 4966; x_wconf 81' lang='lat'>13),</span> <span class='ocrx_word' id='word_1_375' title='bbox 1071 4893 1168 4948; x_wconf 90' lang='lat' dir='ltr'>sed</span> <span class='ocrx_word' id='word_1_376' title='bbox 1199 4893 1371 4948; x_wconf 90' lang='lat' dir='ltr'>etiam</span> <span class='ocrx_word' id='word_1_377' title='bbox 1403 4897 1608 4947; x_wconf 63' lang='lat' dir='ltr'>sanctas</span> <span class='ocrx_word' id='word_1_378' title='bbox 1648 4909 1764 4947; x_wconf 89' lang='lat' dir='ltr'>me-</span> 
     </span>
    </p>
   </div>
   <div class='ocr_carea' id='block_1_54' title="bbox 103 4981 1758 5054">
    <p class='ocr_par' dir='ltr' id='par_1_54' title="bbox 103 4981 1758 5054">
     <span class='ocr_line' id='line_1_54' title="bbox 103 4981 1758 5054; baseline 0.002 -22"><span class='ocrx_word' id='word_1_379' title='bbox 103 4981 269 5037; x_wconf 67' lang='lat' dir='ltr'>moriae</span> <span class='ocrx_word' id='word_1_380' title='bbox 313 4984 480 5039; x_wconf 92' lang='lat' dir='ltr'>titulo</span> <span class='ocrx_word' id='word_1_381' title='bbox 515 4984 779 5038; x_wconf 89' lang='lat' dir='ltr'>nobilitat</span> <span class='ocrx_word' id='word_1_382' title='bbox 815 4987 906 5054; x_wconf 88' lang='lat' dir='ltr'>(De</span> <span class='ocrx_word' id='word_1_383' title='bbox 952 4985 1167 5039; x_wconf 87' lang='lat' dir='ltr'>Natura</span> <span class='ocrx_word' id='word_1_384' title='bbox 1209 4986 1258 5036; x_wconf 90' lang='lat' dir='ltr'>et</span> <span class='ocrx_word' id='word_1_385' title='bbox 1307 4983 1520 5046; x_wconf 91' lang='lat' dir='ltr'>Gratia,</span> <span class='ocrx_word' id='word_1_386' title='bbox 1552 4999 1603 5036; x_wconf 92' lang='lat' dir='ltr'>n.</span> <span class='ocrx_word' id='word_1_387' title='bbox 1639 4982 1758 5051; x_wconf 78' lang='lat'>25);</span> 
     </span>
    </p>
   </div>
   <div class='ocr_carea' id='block_1_55' title="bbox 100 5069 1762 5141">
    <p class='ocr_par' dir='ltr' id='par_1_55' title="bbox 100 5069 1762 5141">
     <span class='ocr_line' id='line_1_55' title="bbox 100 5069 1762 5141; baseline 0.002 -22"><span class='ocrx_word' id='word_1_388' title='bbox 100 5069 232 5138; x_wconf 86' lang='lat' dir='ltr'>cujus</span> <span class='ocrx_word' id='word_1_389' title='bbox 270 5073 437 5128; x_wconf 86' lang='lat' dir='ltr'>amici</span> <span class='ocrx_word' id='word_1_390' title='bbox 474 5073 581 5128; x_wconf 92' lang='lat' dir='ltr'>sibi</span> <span class='ocrx_word' id='word_1_391' title='bbox 619 5071 938 5127; x_wconf 88' lang='lat' dir='ltr'>charissimi</span> <span class='ocrx_word' id='word_1_392' title='bbox 987 5074 1179 5141; x_wconf 88' lang='lat' dir='ltr'>(Epist.</span> <span class='ocrx_word' id='word_1_393' title='bbox 1236 5072 1356 5137; x_wconf 87' lang='lat'>190,</span> <span class='ocrx_word' id='word_1_394' title='bbox 1398 5087 1452 5126; x_wconf 88' lang='lat' dir='ltr'>n.</span> <span class='ocrx_word' id='word_1_395' title='bbox 1497 5073 1589 5140; x_wconf 82' lang='lat'>20)</span> <span class='ocrx_word' id='word_1_396' title='bbox 1621 5075 1676 5124; x_wconf 90' lang='lat' dir='ltr'>et</span> <span class='ocrx_word' id='word_1_397' title='bbox 1702 5070 1762 5124; x_wconf 91' lang='lat' dir='ltr'>in</span> 
     </span>
    </p>
   </div>
   <div class='ocr_carea' id='block_1_56' title="bbox 102 5157 1760 5234">
    <p class='ocr_par' dir='ltr' id='par_1_56' title="bbox 102 5157 1760 5234">
     <span class='ocr_line' id='line_1_56' title="bbox 102 5157 1760 5234; baseline 0.001 -23"><span class='ocrx_word' id='word_1_398' title='bbox 102 5157 276 5216; x_wconf 85' lang='lat' dir='ltr'>Christi</span> <span class='ocrx_word' id='word_1_399' title='bbox 304 5163 574 5218; x_wconf 87' lang='lat' dir='ltr'>charitate</span> <span class='ocrx_word' id='word_1_400' title='bbox 602 5162 908 5234; x_wconf 90' lang='lat' dir='ltr'>gratissimi</span> <span class='ocrx_word' id='word_1_401' title='bbox 957 5163 1157 5231; x_wconf 84' lang='lat' dir='ltr'>(Epist.</span> <span class='ocrx_word' id='word_1_402' title='bbox 1210 5163 1329 5219; x_wconf 88' lang='lat'>166.</span> <span class='ocrx_word' id='word_1_403' title='bbox 1377 5176 1434 5215; x_wconf 91' lang='lat' dir='ltr'>n.</span> <span class='ocrx_word' id='word_1_404' title='bbox 1485 5161 1544 5230; x_wconf 89' lang='grc'>6)</span> <span class='ocrx_word' id='word_1_405' title='bbox 1586 5159 1760 5214; x_wconf 83' lang='lat' dir='ltr'>inter-</span> 
     </span>
    </p>
   </div>
   <div class='ocr_carea' id='block_1_57' title="bbox 101 5243 1762 5320">
    <p class='ocr_par' dir='ltr' id='par_1_57' title="bbox 101 5243 1762 5320">
     <span class='ocr_line' id='line_1_57' title="bbox 101 5243 1762 5320; baseline 0.003 -24"><span class='ocrx_word' id='word_1_406' title='bbox 101 5243 220 5301; x_wconf 91' lang='lat' dir='ltr'>itum</span> <span class='ocrx_word' id='word_1_407' title='bbox 249 5249 547 5320; x_wconf 90' lang='lat' dir='ltr'>deplorans</span> <span class='ocrx_word' id='word_1_408' title='bbox 577 5268 588 5306; x_wconf 95' lang='lat'>:</span> <span class='ocrx_word' id='word_1_409' title='bbox 619 5254 746 5320; x_wconf 59' lang='lat' dir='ltr'>Quae</span> <span class='ocrx_word' id='word_1_410' title='bbox 781 5251 884 5317; x_wconf 83' lang='lat' dir='ltr'>illi,</span> <span class='ocrx_word' id='word_1_411' title='bbox 915 5249 1012 5315; x_wconf 91' lang='lat' dir='ltr'>ait,</span> <span class='ocrx_word' id='word_1_412' title='bbox 1036 5250 1282 5320; x_wconf 85' lang='lat' dir='ltr'>probitas</span> <span class='ocrx_word' id='word_1_413' title='bbox 1311 5252 1369 5304; x_wconf 87' lang='lat' dir='ltr'>in</span> <span class='ocrx_word' id='word_1_414' title='bbox 1397 5249 1656 5314; x_wconf 89' lang='lat' dir='ltr'>moribus,</span> <span class='ocrx_word' id='word_1_415' title='bbox 1703 5251 1762 5302; x_wconf 88' lang='lat' dir='ltr'>in</span> 
     </span>
    </p>
   </div>
   <div class='ocr_carea' id='block_1_58' title="bbox 101 5337 1761 5407">
    <p class='ocr_par' dir='ltr' id='par_1_58' title="bbox 101 5337 1761 5407">
     <span class='ocr_line' id='line_1_58' title="bbox 101 5337 1761 5407; baseline 0.001 -19"><span class='ocrx_word' id='word_1_416' title='bbox 101 5339 315 5392; x_wconf 81' lang='lat' dir='ltr'>amicitia</span> <span class='ocrx_word' id='word_1_417' title='bbox 337 5339 489 5407; x_wconf 78' lang='lat' dir='ltr'>ﬁdes,</span> <span class='ocrx_word' id='word_1_418' title='bbox 520 5342 578 5394; x_wconf 87' lang='lat' dir='ltr'>in</span> <span class='ocrx_word' id='word_1_419' title='bbox 603 5339 853 5394; x_wconf 84' lang='lat' dir='ltr'>doctrina</span> <span class='ocrx_word' id='word_1_420' title='bbox 875 5337 1138 5404; x_wconf 86' lang='lat' dir='ltr'>studium,</span> <span class='ocrx_word' id='word_1_421' title='bbox 1165 5341 1225 5392; x_wconf 88' lang='lat' dir='ltr'>in</span> <span class='ocrx_word' id='word_1_422' title='bbox 1254 5339 1511 5405; x_wconf 84' lang='lat' dir='ltr'>religione</span> <span class='ocrx_word' id='word_1_423' title='bbox 1537 5339 1761 5391; x_wconf 89' lang='lat' dir='ltr'>sinceri-</span> 
     </span>
    </p>
   </div>
   <div class='ocr_carea' id='block_1_59' title="bbox 101 5425 1763 5498">
    <p class='ocr_par' dir='ltr' id='par_1_59' title="bbox 101 5425 1763 5498">
     <span class='ocr_line' id='line_1_59' title="bbox 101 5425 1763 5498; baseline 0.001 -22"><span class='ocrx_word' id='word_1_424' title='bbox 101 5425 187 5487; x_wconf 81' lang='lat' dir='ltr'>tas,</span> <span class='ocrx_word' id='word_1_425' title='bbox 221 5428 278 5478; x_wconf 84' lang='lat' dir='ltr'>in</span> <span class='ocrx_word' id='word_1_426' title='bbox 316 5427 565 5496; x_wconf 83' lang='lat' dir='ltr'>conjugio</span> <span class='ocrx_word' id='word_1_427' title='bbox 590 5428 886 5498; x_wconf 84' lang='lat' dir='ltr'>pudicitia,</span> <span class='ocrx_word' id='word_1_428' title='bbox 919 5428 978 5480; x_wconf 90' lang='lat' dir='ltr'>in</span> <span class='ocrx_word' id='word_1_429' title='bbox 999 5426 1210 5495; x_wconf 87' lang='lat' dir='ltr'>judicio</span> <span class='ocrx_word' id='word_1_430' title='bbox 1239 5427 1592 5491; x_wconf 82' lang='lat' dir='ltr'>continentia;</span> <span class='ocrx_word' id='word_1_431' title='bbox 1634 5441 1763 5494; x_wconf 83' lang='lat' dir='ltr'>erga</span> 
     </span>
    </p>
   </div>
   <div class='ocr_carea' id='block_1_60' title="bbox 104 5510 1798 5585">
    <p class='ocr_par' dir='ltr' id='par_1_60' title="bbox 104 5510 1798 5585">
     <span class='ocr_line' id='line_1_60' title="bbox 104 5510 1798 5585; baseline 0.003 -23"><span class='ocrx_word' id='word_1_432' title='bbox 104 5511 321 5569; x_wconf 80' lang='lat' dir='ltr'>inimicos</span> <span class='ocrx_word' id='word_1_433' title='bbox 347 5519 632 5585; x_wconf 83' lang='lat' dir='ltr'>patientia,</span> <span class='ocrx_word' id='word_1_434' title='bbox 662 5531 792 5584; x_wconf 85' lang='lat' dir='ltr'>erga</span> <span class='ocrx_word' id='word_1_435' title='bbox 816 5517 1013 5570; x_wconf 89' lang='lat' dir='ltr'>amicos</span> <span class='ocrx_word' id='word_1_436' title='bbox 1043 5514 1363 5583; x_wconf 70' lang='lat' dir='ltr'>affabilitas.</span> <span class='ocrx_word' id='word_1_437' title='bbox 1396 5530 1526 5581; x_wconf 89' lang='lat' dir='ltr'>erga</span> <span class='ocrx_word' id='word_1_438' title='bbox 1553 5510 1798 5568; x_wconf 77' lang='lat' dir='ltr'>sanctos‘</span> 
     </span>
    </p>
   </div>
   <div class='ocr_carea' id='block_1_61' title="bbox 1535 259 2160 319">
    <p class='ocr_par' dir='ltr' id='par_1_61' title="bbox 1535 259 2160 319">
     <span class='ocr_line' id='line_1_61' title="bbox 1535 259 2160 319; baseline 0.003 -5"><span class='ocrx_word' id='word_1_439' title='bbox 1535 259 1744 316; x_wconf 82' lang='lat' dir='ltr'>LIBER</span> <span class='ocrx_word' id='word_1_440' title='bbox 1791 260 2160 319; x_wconf 83' lang='lat' dir='ltr'>SEPTIMUS.</span> 
     </span>
    </p>
   </div>
   <div class='ocr_carea' id='block_1_62' title="bbox 3492 273 3596 325">
    <p class='ocr_par' dir='ltr' id='par_1_62' title="bbox 3492 273 3596 325">
     <span class='ocr_line' id='line_1_62' title="bbox 3492 273 3596 325; baseline 0 0"><span class='ocrx_word' id='word_1_441' title='bbox 3492 273 3596 325; x_wconf 80' lang='grc'>466</span> 
     </span>
    </p>
   </div>
   <div class='ocr_carea' id='block_1_63' title="bbox 1877 385 3594 460">
    <p class='ocr_par' dir='ltr' id='par_1_63' title="bbox 1877 385 3594 460">
     <span class='ocr_line' id='line_1_63' title="bbox 1877 385 3594 460; baseline 0.005 -23"><span class='ocrx_word' id='word_1_442' title='bbox 1877 385 2200 452; x_wconf 63' lang='lat' dir='ltr'>humilitas,</span> <span class='ocrx_word' id='word_1_443' title='bbox 2231 402 2362 454; x_wconf 85' lang='lat' dir='ltr'>erga</span> <span class='ocrx_word' id='word_1_444' title='bbox 2391 401 2568 442; x_wconf 86' lang='lat' dir='ltr'>omnes</span> <span class='ocrx_word' id='word_1_445' title='bbox 2598 389 2868 452; x_wconf 80' lang='lat' dir='ltr'>Charitas;</span> <span class='ocrx_word' id='word_1_446' title='bbox 2902 391 2958 442; x_wconf 90' lang='lat' dir='ltr'>in</span> <span class='ocrx_word' id='word_1_447' title='bbox 2981 390 3244 458; x_wconf 82' lang='lat' dir='ltr'>beneﬁciis</span> <span class='ocrx_word' id='word_1_448' title='bbox 3268 393 3594 460; x_wconf 59' lang='lat' dir='ltr'>prastandis</span> 
     </span>
    </p>
   </div>
   <div class='ocr_carea' id='block_1_64' title="bbox 1886 474 3594 548">
    <p class='ocr_par' dir='ltr' id='par_1_64' title="bbox 1886 474 3594 548">
     <span class='ocr_line' id='line_1_64' title="bbox 1886 474 3594 548; baseline 0.005 -23"><span class='ocrx_word' id='word_1_449' title='bbox 1886 474 2154 539; x_wconf 82' lang='lat' dir='ltr'>facilitas,</span> <span class='ocrx_word' id='word_1_450' title='bbox 2184 476 2240 527; x_wconf 90' lang='lat' dir='ltr'>in</span> <span class='ocrx_word' id='word_1_451' title='bbox 2264 476 2512 544; x_wconf 84' lang='lat' dir='ltr'>petendis</span> <span class='ocrx_word' id='word_1_452' title='bbox 2529 476 2731 545; x_wconf 88' lang='lat' dir='ltr'>pudor,</span> <span class='ocrx_word' id='word_1_453' title='bbox 2760 479 2817 530; x_wconf 90' lang='lat' dir='ltr'>in</span> <span class='ocrx_word' id='word_1_454' title='bbox 2843 481 2983 531; x_wconf 87' lang='lat' dir='ltr'>recte</span> <span class='ocrx_word' id='word_1_455' title='bbox 3005 479 3170 542; x_wconf 86' lang='lat' dir='ltr'>factis</span> <span class='ocrx_word' id='word_1_456' title='bbox 3192 494 3360 545; x_wconf 90' lang='lat' dir='ltr'>amor,</span> <span class='ocrx_word' id='word_1_457' title='bbox 3391 482 3451 533; x_wconf 91' lang='lat' dir='ltr'>in</span> <span class='ocrx_word' id='word_1_458' title='bbox 3478 496 3594 548; x_wconf 90' lang='lat' dir='ltr'>pec-</span> 
     </span>
    </p>
   </div>
   <div class='ocr_carea' id='block_1_65' title="bbox 1887 565 3595 635">
    <p class='ocr_par' dir='ltr' id='par_1_65' title="bbox 1887 565 3595 635">
     <span class='ocr_line' id='line_1_65' title="bbox 1887 565 3595 635; baseline 0.005 -21"><span class='ocrx_word' id='word_1_459' title='bbox 1887 565 2022 617; x_wconf 86' lang='lat' dir='ltr'>catis</span> <span class='ocrx_word' id='word_1_460' title='bbox 2055 565 2247 618; x_wconf 84' lang='lat' dir='ltr'>dolor!</span> <span class='ocrx_word' id='word_1_461' title='bbox 2271 565 2541 629; x_wconf 85' lang='lat' dir='ltr'>Quantum</span> <span class='ocrx_word' id='word_1_462' title='bbox 2563 566 2720 618; x_wconf 89' lang='lat' dir='ltr'>decus</span> <span class='ocrx_word' id='word_1_463' title='bbox 2743 567 3056 633; x_wconf 81' lang='lat' dir='ltr'>honestatis,</span> <span class='ocrx_word' id='word_1_464' title='bbox 3083 569 3179 634; x_wconf 84' lang='lat' dir='ltr'>qui</span> <span class='ocrx_word' id='word_1_465' title='bbox 3199 568 3450 635; x_wconf 87' lang='lat' dir='ltr'>splendor</span> <span class='ocrx_word' id='word_1_466' title='bbox 3467 584 3595 634; x_wconf 81' lang='lat' dir='ltr'>gra-</span> 
     </span>
    </p>
   </div>
   <div class='ocr_carea' id='block_1_66' title="bbox 1887 653 3589 722">
    <p class='ocr_par' dir='ltr' id='par_1_66' title="bbox 1887 653 3589 722">
     <span class='ocr_line' id='line_1_66' title="bbox 1887 653 3589 722; baseline 0.003 -18"><span class='ocrx_word' id='word_1_467' title='bbox 1887 653 1993 717; x_wconf 68' lang='lat' dir='ltr'>tim,</span> <span class='ocrx_word' id='word_1_468' title='bbox 2019 668 2136 720; x_wconf 77' lang='lat' dir='ltr'>quae</span> <span class='ocrx_word' id='word_1_469' title='bbox 2156 669 2286 705; x_wconf 89' lang='lat' dir='ltr'>cura</span> <span class='ocrx_word' id='word_1_470' title='bbox 2305 655 2526 722; x_wconf 87' lang='lat' dir='ltr'>pietatis</span> <span class='ocrx_word' id='word_1_471' title='bbox 2541 657 2558 707; x_wconf 93' lang='lat'>.&#39;</span> <span class='ocrx_word' id='word_1_472' title='bbox 2591 655 2716 718; x_wconf 73' lang='lat' dir='ltr'>Quae</span> <span class='ocrx_word' id='word_1_473' title='bbox 2736 657 2792 706; x_wconf 88' lang='lat' dir='ltr'>in</span> <span class='ocrx_word' id='word_1_474' title='bbox 2820 655 3178 708; x_wconf 81' lang='lat' dir='ltr'>subreniendo</span> <span class='ocrx_word' id='word_1_475' title='bbox 3198 657 3589 722; x_wconf 79' lang='lat' dir='ltr'>misericordia,</span> 
     </span>
    </p>
   </div>
   <div class='ocr_carea' id='block_1_67' title="bbox 1885 741 3588 809">
    <p class='ocr_par' dir='ltr' id='par_1_67' title="bbox 1885 741 3588 809">
     <span class='ocr_line' id='line_1_67' title="bbox 1885 741 3588 809; baseline 0.004 -18"><span class='ocrx_word' id='word_1_476' title='bbox 1885 742 1942 792; x_wconf 85' lang='lat' dir='ltr'>in</span> <span class='ocrx_word' id='word_1_477' title='bbox 1973 741 2298 807; x_wconf 81' lang='lat' dir='ltr'>ignoscendo</span> <span class='ocrx_word' id='word_1_478' title='bbox 2330 742 2712 808; x_wconf 75' lang='lat' dir='ltr'>bene-volentia,</span> <span class='ocrx_word' id='word_1_479' title='bbox 2745 744 2803 794; x_wconf 86' lang='lat' dir='ltr'>in</span> <span class='ocrx_word' id='word_1_480' title='bbox 2833 743 3036 795; x_wconf 88' lang='lat' dir='ltr'>orando</span> <span class='ocrx_word' id='word_1_481' title='bbox 3065 743 3267 806; x_wconf 80' lang='lat' dir='ltr'>ﬁducia</span> <span class='ocrx_word' id='word_1_482' title='bbox 3286 747 3304 796; x_wconf 88' lang='lat'>.&#39;</span> <span class='ocrx_word' id='word_1_483' title='bbox 3326 744 3482 809; x_wconf 87' lang='lat' dir='ltr'>Quod</span> <span class='ocrx_word' id='word_1_484' title='bbox 3500 760 3588 798; x_wconf 88' lang='lat' dir='ltr'>sa-</span> 
     </span>
    </p>
   </div>
   <div class='ocr_carea' id='block_1_68' title="bbox 1886 827 3590 898">
    <p class='ocr_par' dir='ltr' id='par_1_68' title="bbox 1886 827 3590 898">
     <span class='ocr_line' id='line_1_68' title="bbox 1886 827 3590 898; baseline 0.005 -19"><span class='ocrx_word' id='word_1_485' title='bbox 1886 827 2112 881; x_wconf 85' lang='lat' dir='ltr'>lubriter</span> <span class='ocrx_word' id='word_1_486' title='bbox 2139 829 2362 895; x_wconf 87' lang='lat' dir='ltr'>sciebat,</span> <span class='ocrx_word' id='word_1_487' title='bbox 2381 845 2489 896; x_wconf 81' lang='lat' dir='ltr'>qua</span> <span class='ocrx_word' id='word_1_488' title='bbox 2516 831 2772 883; x_wconf 84' lang='lat' dir='ltr'>modestia</span> <span class='ocrx_word' id='word_1_489' title='bbox 2796 832 3145 897; x_wconf 84' lang='lat' dir='ltr'>loquebatur!</span> <span class='ocrx_word' id='word_1_490' title='bbox 3168 833 3310 898; x_wconf 87' lang='lat' dir='ltr'>quod</span> <span class='ocrx_word' id='word_1_491' title='bbox 3323 835 3590 887; x_wconf 88' lang='lat' dir='ltr'>inutiliter</span> 
     </span>
    </p>
   </div>
   <div class='ocr_carea' id='block_1_69' title="bbox 1884 916 3590 989">
    <p class='ocr_par' dir='ltr' id='par_1_69' title="bbox 1884 916 3590 989">
     <span class='ocr_line' id='line_1_69' title="bbox 1884 916 3590 989; baseline 0.004 -21"><span class='ocrx_word' id='word_1_492' title='bbox 1884 916 2172 983; x_wconf 84' lang='lat' dir='ltr'>nesciebat,</span> <span class='ocrx_word' id='word_1_493' title='bbox 2201 933 2308 984; x_wconf 84' lang='lat' dir='ltr'>qua</span> <span class='ocrx_word' id='word_1_494' title='bbox 2335 917 2623 983; x_wconf 82' lang='lat' dir='ltr'>diligentia</span> <span class='ocrx_word' id='word_1_495' title='bbox 2643 919 3020 972; x_wconf 79' lang='lat' dir='ltr'>scrutabatur!</span> <span class='ocrx_word' id='word_1_496' title='bbox 3043 922 3286 989; x_wconf 79' lang='lat' dir='ltr'>Quantus</span> <span class='ocrx_word' id='word_1_497' title='bbox 3305 923 3361 974; x_wconf 87' lang='lat' dir='ltr'>in</span> <span class='ocrx_word' id='word_1_498' title='bbox 3381 937 3436 974; x_wconf 92' lang='lat' dir='ltr'>eo</span> <span class='ocrx_word' id='word_1_499' title='bbox 3465 938 3590 975; x_wconf 88' lang='lat' dir='ltr'>con-</span> 
     </span>
    </p>
   </div>
   <div class='ocr_carea' id='block_1_70' title="bbox 1885 1008 3587 1076">
    <p class='ocr_par' dir='ltr' id='par_1_70' title="bbox 1885 1008 3587 1076">
     <span class='ocr_line' id='line_1_70' title="bbox 1885 1008 3587 1076; baseline 0.004 -20"><span class='ocrx_word' id='word_1_500' title='bbox 1885 1009 2116 1073; x_wconf 83' lang='lat' dir='ltr'>temptus</span> <span class='ocrx_word' id='word_1_501' title='bbox 2156 1021 2336 1058; x_wconf 87' lang='lat' dir='ltr'>rerum</span> <span class='ocrx_word' id='word_1_502' title='bbox 2362 1008 2741 1074; x_wconf 69' lang='lat' dir='ltr'>praesentium!</span> <span class='ocrx_word' id='word_1_503' title='bbox 2771 1011 2978 1073; x_wconf 84' lang='lat' dir='ltr'>quanta</span> <span class='ocrx_word' id='word_1_504' title='bbox 3010 1022 3148 1076; x_wconf 79' lang='lat' dir='ltr'>Spes,</span> <span class='ocrx_word' id='word_1_505' title='bbox 3182 1012 3232 1060; x_wconf 88' lang='lat' dir='ltr'>et</span> <span class='ocrx_word' id='word_1_506' title='bbox 3260 1009 3587 1062; x_wconf 59' lang='lat' dir='ltr'>desiderium</span> 
     </span>
    </p>
   </div>
   <div class='ocr_carea' id='block_1_71' title="bbox 1885 1093 3586 1151">
    <p class='ocr_par' dir='ltr' id='par_1_71' title="bbox 1885 1093 3586 1151">
     <span class='ocr_line' id='line_1_71' title="bbox 1885 1093 3586 1151; baseline 0.003 -5"><span class='ocrx_word' id='word_1_507' title='bbox 1885 1093 2139 1146; x_wconf 87' lang='lat' dir='ltr'>bonorum</span> <span class='ocrx_word' id='word_1_508' title='bbox 2191 1097 2539 1147; x_wconf 74' lang='lat' dir='ltr'>aeternorum!</span> <span class='ocrx_word' id='word_1_509' title='bbox 2583 1097 2660 1148; x_wconf 78' lang='lat' dir='ltr'>Ne</span> <span class='ocrx_word' id='word_1_510' title='bbox 2702 1097 2902 1147; x_wconf 81' lang='lat' dir='ltr'>relictis</span> <span class='ocrx_word' id='word_1_511' title='bbox 2950 1097 3192 1149; x_wconf 85' lang='lat' dir='ltr'>omnibus</span> <span class='ocrx_word' id='word_1_512' title='bbox 3240 1097 3586 1151; x_wconf 72' lang='lat' dir='ltr'>saecularibus</span> 
     </span>
    </p>
   </div>
   <div class='ocr_carea' id='block_1_72' title="bbox 1881 1182 3584 1250">
    <p class='ocr_par' dir='ltr' id='par_1_72' title="bbox 1881 1182 3584 1250">
     <span class='ocr_line' id='line_1_72' title="bbox 1881 1182 3584 1250; baseline 0.003 -16"><span class='ocrx_word' id='word_1_513' title='bbox 1881 1182 2183 1235; x_wconf 87' lang='lat' dir='ltr'>actionibus</span> <span class='ocrx_word' id='word_1_514' title='bbox 2209 1185 2499 1250; x_wconf 74' lang='lat' dir='ltr'>susciperet</span> <span class='ocrx_word' id='word_1_515' title='bbox 2547 1184 2819 1249; x_wconf 83' lang='lat' dir='ltr'>cingulum</span> <span class='ocrx_word' id='word_1_516' title='bbox 2864 1185 3072 1238; x_wconf 71' lang='lat' dir='ltr'>militiae</span> <span class='ocrx_word' id='word_1_517' title='bbox 3104 1187 3430 1249; x_wconf 71' lang='lat' dir='ltr'>christianae,</span> <span class='ocrx_word' id='word_1_518' title='bbox 3464 1189 3584 1239; x_wconf 72' lang='lat' dir='ltr'>eiii-</span> 
     </span>
    </p>
   </div>
   <div class='ocr_carea' id='block_1_73' title="bbox 1880 1271 3586 1343">
    <p class='ocr_par' dir='ltr' id='par_1_73' title="bbox 1880 1271 3586 1343">
     <span class='ocr_line' id='line_1_73' title="bbox 1880 1271 3586 1343; baseline 0.002 -19"><span class='ocrx_word' id='word_1_519' title='bbox 1880 1272 2057 1324; x_wconf 89' lang='lat' dir='ltr'>culum</span> <span class='ocrx_word' id='word_1_520' title='bbox 2083 1271 2449 1338; x_wconf 60' lang='lat' dir='ltr'>prwpediebat</span> <span class='ocrx_word' id='word_1_521' title='bbox 2474 1273 2747 1334; x_wconf 69' lang='lat' dir='ltr'>umorium,</span> <span class='ocrx_word' id='word_1_522' title='bbox 2773 1286 2875 1338; x_wconf 85' lang='lat' dir='ltr'>quo</span> <span class='ocrx_word' id='word_1_523' title='bbox 2892 1272 3011 1339; x_wconf 83' lang='lat' dir='ltr'>jam</span> <span class='ocrx_word' id='word_1_524' title='bbox 3043 1274 3332 1326; x_wconf 85' lang='lat' dir='ltr'>innodatus</span> <span class='ocrx_word' id='word_1_525' title='bbox 3357 1279 3586 1343; x_wconf 74' lang='lat' dir='ltr'>cmperat</span> 
     </span>
    </p>
   </div>
   <div class='ocr_carea' id='block_1_74' title="bbox 1879 1358 3581 1427">
    <p class='ocr_par' dir='ltr' id='par_1_74' title="bbox 1879 1358 3581 1427">
     <span class='ocr_line' id='line_1_74' title="bbox 1879 1358 3581 1427; baseline 0.001 -16"><span class='ocrx_word' id='word_1_526' title='bbox 1879 1360 2245 1425; x_wconf 86' lang='lat' dir='ltr'>concupiscere</span> <span class='ocrx_word' id='word_1_527' title='bbox 2296 1358 2540 1421; x_wconf 82' lang='lat' dir='ltr'>meliora,</span> <span class='ocrx_word' id='word_1_528' title='bbox 2600 1358 2816 1425; x_wconf 82' lang='lat' dir='ltr'>quando</span> <span class='ocrx_word' id='word_1_529' title='bbox 2877 1359 2998 1425; x_wconf 84' lang='lat' dir='ltr'>jam</span> <span class='ocrx_word' id='word_1_530' title='bbox 3055 1374 3159 1412; x_wconf 90' lang='lat' dir='ltr'>non</span> <span class='ocrx_word' id='word_1_531' title='bbox 3217 1361 3407 1413; x_wconf 87' lang='lat' dir='ltr'>licebat</span> <span class='ocrx_word' id='word_1_532' title='bbox 3463 1363 3581 1427; x_wconf 85' lang='lat' dir='ltr'>illa,</span> 
     </span>
    </p>
   </div>
   <div class='ocr_carea' id='block_1_75' title="bbox 1879 1446 3586 1514">
    <p class='ocr_par' dir='ltr' id='par_1_75' title="bbox 1879 1446 3586 1514">
     <span class='ocr_line' id='line_1_75' title="bbox 1879 1446 3586 1514; baseline 0.003 -18"><span class='ocrx_word' id='word_1_533' title='bbox 1879 1447 2125 1514; x_wconf 70' lang='lat' dir='ltr'>quamvis</span> <span class='ocrx_word' id='word_1_534' title='bbox 2155 1447 2441 1511; x_wconf 86' lang='lat' dir='ltr'>inferiora,</span> <span class='ocrx_word' id='word_1_535' title='bbox 2475 1446 2830 1514; x_wconf 86' lang='lat' dir='ltr'>dis-rumpere.</span> <span class='ocrx_word' id='word_1_536' title='bbox 2861 1446 3003 1510; x_wconf 83' lang='lat' dir='ltr'>Quid</span> <span class='ocrx_word' id='word_1_537' title='bbox 3028 1462 3150 1512; x_wconf 87' lang='lat' dir='ltr'>ergo</span> <span class='ocrx_word' id='word_1_538' title='bbox 3181 1449 3300 1500; x_wconf 86' lang='lat' dir='ltr'>huic</span> <span class='ocrx_word' id='word_1_539' title='bbox 3332 1450 3389 1501; x_wconf 85' lang='lat' dir='ltr'>in</span> <span class='ocrx_word' id='word_1_540' title='bbox 3418 1453 3586 1501; x_wconf 87' lang='lat' dir='ltr'>morte</span> 
     </span>
    </p>
   </div>
   <div class='ocr_carea' id='block_1_76' title="bbox 1878 1533 3585 1603">
    <p class='ocr_par' dir='ltr' id='par_1_76' title="bbox 1878 1533 3585 1603">
     <span class='ocr_line' id='line_1_76' title="bbox 1878 1533 3585 1603; baseline 0.001 -16"><span class='ocrx_word' id='word_1_541' title='bbox 1878 1533 2078 1588; x_wconf 89' lang='lat' dir='ltr'>accidit</span> <span class='ocrx_word' id='word_1_542' title='bbox 2099 1535 2246 1599; x_wconf 84' lang='lat' dir='ltr'>mali,</span> <span class='ocrx_word' id='word_1_543' title='bbox 2279 1550 2342 1587; x_wconf 91' lang='lat' dir='ltr'>ac</span> <span class='ocrx_word' id='word_1_544' title='bbox 2371 1550 2477 1587; x_wconf 88' lang='lat' dir='ltr'>non</span> <span class='ocrx_word' id='word_1_545' title='bbox 2503 1537 2684 1602; x_wconf 86' lang='lat' dir='ltr'>potius</span> <span class='ocrx_word' id='word_1_546' title='bbox 2713 1535 3013 1603; x_wconf 85' lang='lat' dir='ltr'>plurimam</span> <span class='ocrx_word' id='word_1_547' title='bbox 3041 1536 3183 1601; x_wconf 88' lang='lat' dir='ltr'>boni,</span> <span class='ocrx_word' id='word_1_548' title='bbox 3211 1551 3328 1588; x_wconf 91' lang='lat' dir='ltr'>cum</span> <span class='ocrx_word' id='word_1_549' title='bbox 3359 1537 3466 1589; x_wconf 72' lang='lat' dir='ltr'>hazc</span> <span class='ocrx_word' id='word_1_550' title='bbox 3492 1538 3585 1589; x_wconf 88' lang='lat' dir='ltr'>ha-</span> 
     </span>
    </p>
   </div>
   <div class='ocr_carea' id='block_1_77' title="bbox 1879 1622 3585 1692">
    <p class='ocr_par' dir='ltr' id='par_1_77' title="bbox 1879 1622 3585 1692">
     <span class='ocr_line' id='line_1_77' title="bbox 1879 1622 3585 1692; baseline 0.001 -16"><span class='ocrx_word' id='word_1_551' title='bbox 1879 1622 2001 1676; x_wconf 89' lang='lat' dir='ltr'>bens</span> <span class='ocrx_word' id='word_1_552' title='bbox 2041 1622 2184 1676; x_wconf 87' lang='lat' dir='ltr'>dona</span> <span class='ocrx_word' id='word_1_553' title='bbox 2214 1623 2286 1675; x_wconf 84' lang='lat' dir='ltr'>ad</span> <span class='ocrx_word' id='word_1_554' title='bbox 2323 1624 2616 1687; x_wconf 83' lang='lat' dir='ltr'>Christum,</span> <span class='ocrx_word' id='word_1_555' title='bbox 2656 1625 2770 1677; x_wconf 89' lang='lat' dir='ltr'>sine</span> <span class='ocrx_word' id='word_1_556' title='bbox 2799 1639 2903 1692; x_wconf 88' lang='lat' dir='ltr'>quo</span> <span class='ocrx_word' id='word_1_557' title='bbox 2933 1625 3173 1678; x_wconf 83' lang='lat' dir='ltr'>inaniter</span> <span class='ocrx_word' id='word_1_558' title='bbox 3203 1625 3487 1689; x_wconf 86' lang='lat' dir='ltr'>habentur,</span> <span class='ocrx_word' id='word_1_559' title='bbox 3517 1641 3585 1678; x_wconf 79' lang='lat' dir='ltr'>ea:</span> 
     </span>
    </p>
   </div>
   <div class='ocr_carea' id='block_1_78' title="bbox 1879 1713 3176 1780">
    <p class='ocr_par' dir='ltr' id='par_1_78' title="bbox 1879 1713 3176 1780">
     <span class='ocr_line' id='line_1_78' title="bbox 1879 1713 3176 1780; baseline 0.001 -14"><span class='ocrx_word' id='word_1_560' title='bbox 1879 1713 1978 1766; x_wconf 88' lang='lat' dir='ltr'>hac</span> <span class='ocrx_word' id='word_1_561' title='bbox 2002 1713 2117 1765; x_wconf 80' lang='lat' dir='ltr'>vita</span> <span class='ocrx_word' id='word_1_562' title='bbox 2136 1713 2441 1778; x_wconf 80' lang='lat' dir='ltr'>migrauit?</span> <span class='ocrx_word' id='word_1_563' title='bbox 2474 1714 2667 1780; x_wconf 82' lang='lat' dir='ltr'>(Epist.</span> <span class='ocrx_word' id='word_1_564' title='bbox 2708 1716 2826 1773; x_wconf 75' lang='grc'><strong>151,</strong></span> <span class='ocrx_word' id='word_1_565' title='bbox 2859 1728 2950 1766; x_wconf 88' lang='lat' dir='ltr'>nn.</span> <span class='ocrx_word' id='word_1_566' title='bbox 2978 1716 3029 1778; x_wconf 94' lang='lat'>8,</span> <span class='ocrx_word' id='word_1_567' title='bbox 3068 1715 3176 1780; x_wconf 89' lang='lat'>10).</span> 
     </span>
    </p>
   </div>
   <div class='ocr_carea' id='block_1_79' title="bbox 1945 1799 3583 1872">
    <p class='ocr_par' dir='ltr' id='par_1_79' title="bbox 1945 1799 3583 1872">
     <span class='ocr_line' id='line_1_79' title="bbox 1945 1799 3583 1872; baseline 0.003 -20"><span class='ocrx_word' id='word_1_568' title='bbox 1945 1805 1998 1852; x_wconf 81' lang='lat'>7.</span> <span class='ocrx_word' id='word_1_569' title='bbox 2042 1802 2176 1853; x_wconf 89' lang='lat' dir='ltr'>Post</span> <span class='ocrx_word' id='word_1_570' title='bbox 2221 1799 2378 1853; x_wconf 89' lang='lat' dir='ltr'>illam</span> <span class='ocrx_word' id='word_1_571' title='bbox 2427 1800 2627 1855; x_wconf 81' lang='lat' dir='ltr'>Marini</span> <span class='ocrx_word' id='word_1_572' title='bbox 2668 1799 2892 1853; x_wconf 91' lang='lat' dir='ltr'>comitis</span> <span class='ocrx_word' id='word_1_573' title='bbox 2932 1805 3047 1854; x_wconf 85' lang='lat' dir='ltr'>tum</span> <span class='ocrx_word' id='word_1_574' title='bbox 3082 1800 3319 1871; x_wconf 90' lang='lat' dir='ltr'>impiam</span> <span class='ocrx_word' id='word_1_575' title='bbox 3349 1805 3583 1872; x_wconf 88' lang='lat' dir='ltr'>tamque</span> 
     </span>
    </p>
   </div>
   <div class='ocr_carea' id='block_1_80' title="bbox 1876 1888 3578 1958">
    <p class='ocr_par' dir='ltr' id='par_1_80' title="bbox 1876 1888 3578 1958">
     <span class='ocr_line' id='line_1_80' title="bbox 1876 1888 3578 1958; baseline 0.001 -16"><span class='ocrx_word' id='word_1_576' title='bbox 1876 1888 2165 1942; x_wconf 82' lang='lat' dir='ltr'>crudelem</span> <span class='ocrx_word' id='word_1_577' title='bbox 2193 1888 2517 1958; x_wconf 88' lang='lat' dir='ltr'>perﬁdiam,</span> <span class='ocrx_word' id='word_1_578' title='bbox 2551 1904 2663 1940; x_wconf 90' lang='lat' dir='ltr'>non</span> <span class='ocrx_word' id='word_1_579' title='bbox 2696 1888 2880 1957; x_wconf 89' lang='lat' dir='ltr'>potuit</span> <span class='ocrx_word' id='word_1_580' title='bbox 2907 1889 3006 1941; x_wconf 91' lang='lat' dir='ltr'>abs</span> <span class='ocrx_word' id='word_1_581' title='bbox 3036 1905 3094 1941; x_wconf 90' lang='lat' dir='ltr'>se</span> <span class='ocrx_word' id='word_1_582' title='bbox 3127 1889 3432 1958; x_wconf 87' lang='lat' dir='ltr'>impetrare</span> <span class='ocrx_word' id='word_1_583' title='bbox 3463 1894 3578 1944; x_wconf 84' lang='lat' dir='ltr'>Au-</span> 
     </span>
    </p>
   </div>
   <div class='ocr_carea' id='block_1_81' title="bbox 1875 1975 3582 2048">
    <p class='ocr_par' dir='ltr' id='par_1_81' title="bbox 1875 1975 3582 2048">
     <span class='ocr_line' id='line_1_81' title="bbox 1875 1975 3582 2048; baseline 0.001 -19"><span class='ocrx_word' id='word_1_584' title='bbox 1875 1975 2157 2048; x_wconf 89' lang='lat' dir='ltr'>gustinus,</span> <span class='ocrx_word' id='word_1_585' title='bbox 2210 1979 2271 2029; x_wconf 93' lang='lat' dir='ltr'>ut</span> <span class='ocrx_word' id='word_1_586' title='bbox 2311 1975 2650 2045; x_wconf 87' lang='lat' dir='ltr'>Carthagine</span> <span class='ocrx_word' id='word_1_587' title='bbox 2696 1976 2910 2029; x_wconf 90' lang='lat' dir='ltr'>diutius</span> <span class='ocrx_word' id='word_1_588' title='bbox 2941 1983 3278 2030; x_wconf 89' lang='lat' dir='ltr'>moraretur.</span> <span class='ocrx_word' id='word_1_589' title='bbox 3309 1977 3582 2040; x_wconf 87' lang='lat' dir='ltr'>Quocirca</span> 
     </span>
    </p>
   </div>
   <div class='ocr_carea' id='block_1_82' title="bbox 1874 2063 3580 2136">
    <p class='ocr_par' dir='ltr' id='par_1_82' title="bbox 1874 2063 3580 2136">
     <span class='ocr_line' id='line_1_82' title="bbox 1874 2063 3580 2136; baseline 0.001 -18"><span class='ocrx_word' id='word_1_590' title='bbox 1874 2064 2147 2135; x_wconf 88' lang='lat' dir='ltr'>postridie</span> <span class='ocrx_word' id='word_1_591' title='bbox 2179 2064 2499 2134; x_wconf 88' lang='lat' dir='ltr'>ejusipsius</span> <span class='ocrx_word' id='word_1_592' title='bbox 2531 2063 2643 2118; x_wconf 90' lang='lat' dir='ltr'>diei</span> <span class='ocrx_word' id='word_1_593' title='bbox 2665 2081 2723 2118; x_wconf 92' lang='lat' dir='ltr'>se</span> <span class='ocrx_word' id='word_1_594' title='bbox 2753 2065 2909 2118; x_wconf 90' lang='lat' dir='ltr'>dedit</span> <span class='ocrx_word' id='word_1_595' title='bbox 2938 2065 3131 2118; x_wconf 90' lang='lat' dir='ltr'>itineri</span> <span class='ocrx_word' id='word_1_596' title='bbox 3164 2065 3416 2136; x_wconf 91' lang='lat' dir='ltr'>:sicque,</span> <span class='ocrx_word' id='word_1_597' title='bbox 3449 2082 3580 2120; x_wconf 88' lang='lat' dir='ltr'>cum</span> 
     </span>
    </p>
   </div>
   <div class='ocr_carea' id='block_1_83' title="bbox 1873 2151 3580 2222">
    <p class='ocr_par' dir='ltr' id='par_1_83' title="bbox 1873 2151 3580 2222">
     <span class='ocr_line' id='line_1_83' title="bbox 1873 2151 3580 2222; baseline 0.001 -16"><span class='ocrx_word' id='word_1_598' title='bbox 1873 2152 2039 2207; x_wconf 90' lang='lat' dir='ltr'>illum</span> <span class='ocrx_word' id='word_1_599' title='bbox 2070 2152 2287 2222; x_wconf 87' lang='lat' dir='ltr'>alloqui</span> <span class='ocrx_word' id='word_1_600' title='bbox 2317 2151 2652 2206; x_wconf 84' lang='lat' dir='ltr'>Caecilianus</span> <span class='ocrx_word' id='word_1_601' title='bbox 2698 2153 2990 2219; x_wconf 88' lang='lat' dir='ltr'>voluisset,</span> <span class='ocrx_word' id='word_1_602' title='bbox 3031 2153 3079 2206; x_wconf 92' lang='lat' dir='ltr'>is</span> <span class='ocrx_word' id='word_1_603' title='bbox 3104 2154 3172 2207; x_wconf 91' lang='lat' dir='ltr'>de</span> <span class='ocrx_word' id='word_1_604' title='bbox 3203 2156 3485 2207; x_wconf 88' lang='lat' dir='ltr'>maturato</span> <span class='ocrx_word' id='word_1_605' title='bbox 3516 2153 3580 2208; x_wconf 92' lang='lat' dir='ltr'>il-</span> 
     </span>
    </p>
   </div>
   <div class='ocr_carea' id='block_1_84' title="bbox 1876 2240 3578 2296">
    <p class='ocr_par' dir='ltr' id='par_1_84' title="bbox 1876 2240 3578 2296">
     <span class='ocr_line' id='line_1_84' title="bbox 1876 2240 3578 2296; baseline 0.001 -2"><span class='ocrx_word' id='word_1_606' title='bbox 1876 2241 1984 2295; x_wconf 91' lang='lat' dir='ltr'>lius</span> <span class='ocrx_word' id='word_1_607' title='bbox 2025 2241 2272 2294; x_wconf 91' lang='lat' dir='ltr'>discessu</span> <span class='ocrx_word' id='word_1_608' title='bbox 2319 2241 2527 2294; x_wconf 89' lang='lat' dir='ltr'>certior</span> <span class='ocrx_word' id='word_1_609' title='bbox 2573 2241 2754 2294; x_wconf 88' lang='lat' dir='ltr'>factus</span> <span class='ocrx_word' id='word_1_610' title='bbox 2800 2245 2900 2294; x_wconf 89' lang='lat' dir='ltr'>est.</span> <span class='ocrx_word' id='word_1_611' title='bbox 2955 2240 3166 2294; x_wconf 82' lang='lat' dir='ltr'>Idcirco</span> <span class='ocrx_word' id='word_1_612' title='bbox 3217 2246 3410 2295; x_wconf 88' lang='lat' dir='ltr'>autem</span> <span class='ocrx_word' id='word_1_613' title='bbox 3459 2258 3578 2296; x_wconf 89' lang='lat' dir='ltr'>sese</span> 
     </span>
    </p>
   </div>
   <div class='ocr_carea' id='block_1_85' title="bbox 1875 2328 3581 2399">
    <p class='ocr_par' dir='ltr' id='par_1_85' title="bbox 1875 2328 3581 2399">
     <span class='ocr_line' id='line_1_85' title="bbox 1875 2328 3581 2399; baseline 0.001 -16"><span class='ocrx_word' id='word_1_614' title='bbox 1875 2330 2197 2383; x_wconf 89' lang='lat' dir='ltr'>clanculum</span> <span class='ocrx_word' id='word_1_615' title='bbox 2227 2345 2293 2382; x_wconf 84' lang='lat' dir='ltr'>ex</span> <span class='ocrx_word' id='word_1_616' title='bbox 2323 2330 2464 2382; x_wconf 90' lang='lat' dir='ltr'>urbe</span> <span class='ocrx_word' id='word_1_617' title='bbox 2495 2328 2802 2399; x_wconf 88' lang='lat' dir='ltr'>subripuit,</span> <span class='ocrx_word' id='word_1_618' title='bbox 2826 2332 2987 2382; x_wconf 91' lang='lat' dir='ltr'>utne</span> <span class='ocrx_word' id='word_1_619' title='bbox 3017 2329 3386 2384; x_wconf 89' lang='lat' dir='ltr'>distineretur</span> <span class='ocrx_word' id='word_1_620' title='bbox 3407 2330 3581 2399; x_wconf 88' lang='lat' dir='ltr'>gemi-</span> 
     </span>
    </p>
   </div>
   <div class='ocr_carea' id='block_1_86' title="bbox 1874 2415 3582 2487">
    <p class='ocr_par' dir='ltr' id='par_1_86' title="bbox 1874 2415 3582 2487">
     <span class='ocr_line' id='line_1_86' title="bbox 1874 2415 3582 2487; baseline -0.001 -16"><span class='ocrx_word' id='word_1_621' title='bbox 1874 2418 2041 2482; x_wconf 90' lang='lat' dir='ltr'>tibus,</span> <span class='ocrx_word' id='word_1_622' title='bbox 2094 2416 2380 2486; x_wconf 90' lang='lat' dir='ltr'>lacrymis,</span> <span class='ocrx_word' id='word_1_623' title='bbox 2413 2415 2871 2487; x_wconf 90' lang='lat' dir='ltr'>clamoribusque</span> <span class='ocrx_word' id='word_1_624' title='bbox 2914 2416 3299 2486; x_wconf 92' lang='lat' dir='ltr'>plurimorum</span> <span class='ocrx_word' id='word_1_625' title='bbox 3331 2433 3360 2470; x_wconf 91' lang='lat' dir='ltr'>e</span> <span class='ocrx_word' id='word_1_626' title='bbox 3388 2418 3582 2470; x_wconf 90' lang='lat' dir='ltr'>claris-</span> 
     </span>
    </p>
   </div>
   <div class='ocr_carea' id='block_1_87' title="bbox 1873 2504 3580 2575">
    <p class='ocr_par' dir='ltr' id='par_1_87' title="bbox 1873 2504 3580 2575">
     <span class='ocr_line' id='line_1_87' title="bbox 1873 2504 3580 2575; baseline 0.001 -17"><span class='ocrx_word' id='word_1_627' title='bbox 1873 2505 2032 2559; x_wconf 90' lang='lat' dir='ltr'>simis</span> <span class='ocrx_word' id='word_1_628' title='bbox 2062 2505 2302 2571; x_wconf 91' lang='lat' dir='ltr'>civibus,</span> <span class='ocrx_word' id='word_1_629' title='bbox 2335 2504 2454 2575; x_wconf 91' lang='lat' dir='ltr'>qui,</span> <span class='ocrx_word' id='word_1_630' title='bbox 2481 2508 2546 2558; x_wconf 90' lang='lat' dir='ltr'>ut</span> <span class='ocrx_word' id='word_1_631' title='bbox 2575 2504 2808 2558; x_wconf 88' lang='lat' dir='ltr'>Comitis</span> <span class='ocrx_word' id='word_1_632' title='bbox 2831 2504 3085 2558; x_wconf 87' lang='lat' dir='ltr'>furorem</span> <span class='ocrx_word' id='word_1_633' title='bbox 3123 2509 3294 2575; x_wconf 84' lang='lat' dir='ltr'>atque</span> <span class='ocrx_word' id='word_1_634' title='bbox 3324 2505 3580 2573; x_wconf 88' lang='lat' dir='ltr'>gladium</span> 
     </span>
    </p>
   </div>
   <div class='ocr_carea' id='block_1_88' title="bbox 1875 2591 3578 2663">
    <p class='ocr_par' dir='ltr' id='par_1_88' title="bbox 1875 2591 3578 2663">
     <span class='ocr_line' id='line_1_88' title="bbox 1875 2591 3578 2663; baseline 0 -16"><span class='ocrx_word' id='word_1_635' title='bbox 1875 2592 2244 2657; x_wconf 88' lang='lat' dir='ltr'>declinarent,</span> <span class='ocrx_word' id='word_1_636' title='bbox 2269 2592 2328 2646; x_wconf 92' lang='lat' dir='ltr'>in</span> <span class='ocrx_word' id='word_1_637' title='bbox 2361 2591 2611 2646; x_wconf 78' lang='lat' dir='ltr'>ecclesiae</span> <span class='ocrx_word' id='word_1_638' title='bbox 2637 2593 2858 2663; x_wconf 88' lang='lat' dir='ltr'>asylum</span> <span class='ocrx_word' id='word_1_639' title='bbox 2883 2593 3277 2661; x_wconf 86' lang='lat' dir='ltr'>confugerant.</span> <span class='ocrx_word' id='word_1_640' title='bbox 3304 2592 3402 2646; x_wconf 87' lang='lat' dir='ltr'>Hic</span> <span class='ocrx_word' id='word_1_641' title='bbox 3424 2592 3578 2647; x_wconf 89' lang='lat' dir='ltr'>enim</span> 
     </span>
    </p>
   </div>
   <div class='ocr_carea' id='block_1_89' title="bbox 1877 2681 3578 2755">
    <p class='ocr_par' dir='ltr' id='par_1_89' title="bbox 1877 2681 3578 2755">
     <span class='ocr_line' id='line_1_89' title="bbox 1877 2681 3578 2755; baseline -0.001 -17"><span class='ocrx_word' id='word_1_642' title='bbox 1877 2700 2209 2755; x_wconf 89' lang='lat' dir='ltr'>quanquam</span> <span class='ocrx_word' id='word_1_643' title='bbox 2239 2684 2469 2738; x_wconf 75' lang='lat' dir='ltr'>illarum</span> <span class='ocrx_word' id='word_1_644' title='bbox 2499 2684 2616 2737; x_wconf 83' lang='lat' dir='ltr'>vita</span> <span class='ocrx_word' id='word_1_645' title='bbox 2646 2682 2886 2736; x_wconf 91' lang='lat' dir='ltr'>minime</span> <span class='ocrx_word' id='word_1_646' title='bbox 2913 2681 3360 2751; x_wconf 89' lang='lat' dir='ltr'>periclitabatur,</span> <span class='ocrx_word' id='word_1_647' title='bbox 3385 2687 3578 2737; x_wconf 89' lang='lat' dir='ltr'>tamen</span> 
     </span>
    </p>
   </div>
   <div class='ocr_carea' id='block_1_90' title="bbox 1874 2769 3576 2839">
    <p class='ocr_par' dir='ltr' id='par_1_90' title="bbox 1874 2769 3576 2839">
     <span class='ocr_line' id='line_1_90' title="bbox 1874 2769 3576 2839; baseline -0.002 -13"><span class='ocrx_word' id='word_1_648' title='bbox 1874 2773 2027 2827; x_wconf 89' lang='lat' dir='ltr'>haud</span> <span class='ocrx_word' id='word_1_649' title='bbox 2063 2773 2232 2827; x_wconf 93' lang='lat' dir='ltr'>dubie</span> <span class='ocrx_word' id='word_1_650' title='bbox 2263 2773 2425 2826; x_wconf 90' lang='lat' dir='ltr'>illum</span> <span class='ocrx_word' id='word_1_651' title='bbox 2476 2775 2640 2825; x_wconf 90' lang='lat' dir='ltr'>erant</span> <span class='ocrx_word' id='word_1_652' title='bbox 2667 2770 3032 2836; x_wconf 88' lang='lat' dir='ltr'>obsecraturi,</span> <span class='ocrx_word' id='word_1_653' title='bbox 3062 2773 3126 2823; x_wconf 90' lang='lat' dir='ltr'>ut</span> <span class='ocrx_word' id='word_1_654' title='bbox 3150 2785 3254 2839; x_wconf 88' lang='lat' dir='ltr'>pro</span> <span class='ocrx_word' id='word_1_655' title='bbox 3285 2786 3342 2821; x_wconf 88' lang='lat' dir='ltr'>se</span> <span class='ocrx_word' id='word_1_656' title='bbox 3370 2769 3576 2825; x_wconf 90' lang='lat' dir='ltr'>Comiti</span> 
     </span>
    </p>
   </div>
   <div class='ocr_carea' id='block_1_91' title="bbox 1873 2856 3573 2931">
    <p class='ocr_par' dir='ltr' id='par_1_91' title="bbox 1873 2856 3573 2931">
     <span class='ocr_line' id='line_1_91' title="bbox 1873 2856 3573 2931; baseline -0.002 -17"><span class='ocrx_word' id='word_1_657' title='bbox 1873 2861 2219 2931; x_wconf 87' lang='lat' dir='ltr'>supplicaret</span> <span class='ocrx_word' id='word_1_658' title='bbox 2236 2861 2416 2930; x_wconf 92' lang='lat' dir='ltr'>;quod</span> <span class='ocrx_word' id='word_1_659' title='bbox 2432 2875 2566 2912; x_wconf 91' lang='lat' dir='ltr'>sane</span> <span class='ocrx_word' id='word_1_660' title='bbox 2581 2858 2771 2912; x_wconf 89' lang='lat' dir='ltr'>decori</span> <span class='ocrx_word' id='word_1_661' title='bbox 2783 2873 3149 2928; x_wconf 90' lang='lat' dir='ltr'>nequaquam</span> <span class='ocrx_word' id='word_1_662' title='bbox 3176 2856 3396 2909; x_wconf 89' lang='lat' dir='ltr'>sinebat</span> <span class='ocrx_word' id='word_1_663' title='bbox 3407 2857 3573 2910; x_wconf 88' lang='lat' dir='ltr'>ratio.</span> 
     </span>
    </p>
   </div>
   <div class='ocr_carea' id='block_1_92' title="bbox 1874 2944 3575 3003">
    <p class='ocr_par' dir='ltr' id='par_1_92' title="bbox 1874 2944 3575 3003">
     <span class='ocr_line' id='line_1_92' title="bbox 1874 2944 3575 3003; baseline -0.004 0"><span class='ocrx_word' id='word_1_664' title='bbox 1874 2951 2014 3003; x_wconf 86' lang='lat' dir='ltr'>Nam</span> <span class='ocrx_word' id='word_1_665' title='bbox 2029 2949 2074 3002; x_wconf 81' lang='lat' dir='ltr'>si</span> <span class='ocrx_word' id='word_1_666' title='bbox 2087 2950 2353 3003; x_wconf 87' lang='lat' dir='ltr'>adversus</span> <span class='ocrx_word' id='word_1_667' title='bbox 2376 2947 2657 3001; x_wconf 91' lang='lat' dir='ltr'>Comitem</span> <span class='ocrx_word' id='word_1_668' title='bbox 2679 2946 2776 2999; x_wconf 85' lang='lat' dir='ltr'>Vir</span> <span class='ocrx_word' id='word_1_669' title='bbox 2797 2949 3025 2999; x_wconf 91' lang='lat' dir='ltr'>sanctus</span> <span class='ocrx_word' id='word_1_670' title='bbox 3043 2961 3109 2997; x_wconf 91' lang='lat' dir='ltr'>eo</span> <span class='ocrx_word' id='word_1_671' title='bbox 3131 2944 3433 2996; x_wconf 85' lang='lat' dir='ltr'>verborum</span> <span class='ocrx_word' id='word_1_672' title='bbox 3458 2947 3575 2997; x_wconf 86' lang='lat' dir='ltr'>ter-</span> 
     </span>
    </p>
   </div>
   <div class='ocr_carea' id='block_1_93' title="bbox 1871 3031 3577 3106">
    <p class='ocr_par' dir='ltr' id='par_1_93' title="bbox 1871 3031 3577 3106">
     <span class='ocr_line' id='line_1_93' title="bbox 1871 3031 3577 3106; baseline -0.003 -15"><span class='ocrx_word' id='word_1_673' title='bbox 1871 3054 1999 3091; x_wconf 91' lang='lat' dir='ltr'>rore</span> <span class='ocrx_word' id='word_1_674' title='bbox 2025 3053 2160 3091; x_wconf 90' lang='lat' dir='ltr'>usus</span> <span class='ocrx_word' id='word_1_675' title='bbox 2180 3036 2396 3102; x_wconf 86' lang='lat' dir='ltr'>fuisset,</span> <span class='ocrx_word' id='word_1_676' title='bbox 2420 3035 2570 3106; x_wconf 92' lang='lat' dir='ltr'>quod</span> <span class='ocrx_word' id='word_1_677' title='bbox 2591 3049 2819 3088; x_wconf 89' lang='lat' dir='ltr'>necesse</span> <span class='ocrx_word' id='word_1_678' title='bbox 2842 3035 2910 3088; x_wconf 90' lang='lat' dir='ltr'>ad</span> <span class='ocrx_word' id='word_1_679' title='bbox 2934 3032 3350 3103; x_wconf 88' lang='lat' dir='ltr'>procurandam</span> <span class='ocrx_word' id='word_1_680' title='bbox 3367 3031 3577 3086; x_wconf 69' lang='lat' dir='ltr'>animus</span> 
     </span>
    </p>
   </div>
   <div class='ocr_carea' id='block_1_94' title="bbox 1871 3119 3573 3192">
    <p class='ocr_par' dir='ltr' id='par_1_94' title="bbox 1871 3119 3573 3192">
     <span class='ocr_line' id='line_1_94' title="bbox 1871 3119 3573 3192; baseline -0.002 -14"><span class='ocrx_word' id='word_1_681' title='bbox 1871 3126 2110 3178; x_wconf 90' lang='lat' dir='ltr'>salutem</span> <span class='ocrx_word' id='word_1_682' title='bbox 2143 3123 2458 3188; x_wconf 88' lang='lat' dir='ltr'>videbatur,</span> <span class='ocrx_word' id='word_1_683' title='bbox 2491 3122 2549 3177; x_wconf 91' lang='lat' dir='ltr'>id</span> <span class='ocrx_word' id='word_1_684' title='bbox 2572 3121 2666 3176; x_wconf 90' lang='lat' dir='ltr'>ille</span> <span class='ocrx_word' id='word_1_685' title='bbox 2696 3136 2994 3192; x_wconf 89' lang='lat' dir='ltr'>nunquam</span> <span class='ocrx_word' id='word_1_686' title='bbox 3018 3119 3155 3174; x_wconf 87' lang='lat' dir='ltr'>boni</span> <span class='ocrx_word' id='word_1_687' title='bbox 3178 3120 3573 3174; x_wconf 91' lang='lat' dir='ltr'>consuluisset.</span> 
     </span>
    </p>
   </div>
   <div class='ocr_carea' id='block_1_95' title="bbox 1872 3208 3573 3282">
    <p class='ocr_par' dir='ltr' id='par_1_95' title="bbox 1872 3208 3573 3282">
     <span class='ocr_line' id='line_1_95' title="bbox 1872 3208 3573 3282; baseline -0.002 -14"><span class='ocrx_word' id='word_1_688' title='bbox 1872 3217 2056 3280; x_wconf 88' lang='lat' dir='ltr'>Quare</span> <span class='ocrx_word' id='word_1_689' title='bbox 2108 3216 2325 3266; x_wconf 88' lang='lat' dir='ltr'>tantam</span> <span class='ocrx_word' id='word_1_690' title='bbox 2387 3211 2790 3282; x_wconf 88' lang='lat' dir='ltr'>indignitatem</span> <span class='ocrx_word' id='word_1_691' title='bbox 2849 3225 2962 3262; x_wconf 91' lang='lat' dir='ltr'>non</span> <span class='ocrx_word' id='word_1_692' title='bbox 3020 3209 3229 3272; x_wconf 85' lang='lat' dir='ltr'>ferens,</span> <span class='ocrx_word' id='word_1_693' title='bbox 3287 3208 3573 3264; x_wconf 90' lang='lat' dir='ltr'>abscessit.</span> 
     </span>
    </p>
   </div>
   <div class='ocr_carea' id='block_1_96' title="bbox 1870 3297 3575 3370">
    <p class='ocr_par' dir='ltr' id='par_1_96' title="bbox 1870 3297 3575 3370">
     <span class='ocr_line' id='line_1_96' title="bbox 1870 3297 3575 3370; baseline -0.005 -12"><span class='ocrx_word' id='word_1_694' title='bbox 1870 3304 2122 3359; x_wconf 88' lang='lat' dir='ltr'>Dolebam</span> <span class='ocrx_word' id='word_1_695' title='bbox 2164 3305 2423 3369; x_wconf 86' lang='lat' dir='ltr'>graviter,</span> <span class='ocrx_word' id='word_1_696' title='bbox 2459 3299 2649 3370; x_wconf 91' lang='lat' dir='ltr'>inquit</span> <span class='ocrx_word' id='word_1_697' title='bbox 2678 3314 2921 3369; x_wconf 90' lang='lat' dir='ltr'>magnus</span> <span class='ocrx_word' id='word_1_698' title='bbox 2953 3297 3189 3361; x_wconf 60' lang='lat' dir='ltr'>Praesul,</span> <span class='ocrx_word' id='word_1_699' title='bbox 3218 3298 3384 3349; x_wconf 83' lang='lat' dir='ltr'>vicem</span> <span class='ocrx_word' id='word_1_700' title='bbox 3420 3311 3575 3350; x_wconf 84' lang='lat' dir='ltr'>vene-</span> 
     </span>
    </p>
   </div>
   <div class='ocr_carea' id='block_1_97' title="bbox 1870 3384 3575 3459">
    <p class='ocr_par' dir='ltr' id='par_1_97' title="bbox 1870 3384 3575 3459">
     <span class='ocr_line' id='line_1_97' title="bbox 1870 3384 3575 3459; baseline -0.005 -13"><span class='ocrx_word' id='word_1_701' title='bbox 1870 3393 2060 3446; x_wconf 88' lang='lat' dir='ltr'>rabilis</span> <span class='ocrx_word' id='word_1_702' title='bbox 2098 3392 2398 3459; x_wconf 89' lang='lat' dir='ltr'>coepiscopi</span> <span class='ocrx_word' id='word_1_703' title='bbox 2440 3391 2546 3442; x_wconf 89' lang='lat' dir='ltr'>mei</span> <span class='ocrx_word' id='word_1_704' title='bbox 2595 3392 2759 3442; x_wconf 75' lang='lat' dir='ltr'>tantae</span> <span class='ocrx_word' id='word_1_705' title='bbox 2804 3387 3024 3440; x_wconf 88' lang='lat' dir='ltr'>rectoris</span> <span class='ocrx_word' id='word_1_706' title='bbox 3066 3386 3332 3445; x_wconf 62' lang='lat' dir='ltr'>Ecclesia,</span> <span class='ocrx_word' id='word_1_707' title='bbox 3367 3384 3442 3437; x_wconf 89' lang='lat' dir='ltr'>ad</span> <span class='ocrx_word' id='word_1_708' title='bbox 3484 3400 3575 3438; x_wconf 84' lang='lat' dir='ltr'>cu-</span> 
     </span>
    </p>
   </div>
   <div class='ocr_carea' id='block_1_98' title="bbox 1863 3472 3576 3550">
    <p class='ocr_par' dir='ltr' id='par_1_98' title="bbox 1863 3472 3576 3550">
     <span class='ocr_line' id='line_1_98' title="bbox 1863 3472 3576 3550; baseline -0.006 -16"><span class='ocrx_word' id='word_1_709' title='bbox 1863 3481 1959 3550; x_wconf 88' lang='lat' dir='ltr'>jus</span> <span class='ocrx_word' id='word_1_710' title='bbox 1979 3482 2250 3548; x_wconf 87' lang='lat' dir='ltr'>pertinere</span> <span class='ocrx_word' id='word_1_711' title='bbox 2278 3478 2560 3532; x_wconf 87' lang='lat' dir='ltr'>dicebatur</span> <span class='ocrx_word' id='word_1_712' title='bbox 2587 3477 2843 3544; x_wconf 77' lang='lat' dir='ltr'>ofﬁcium,</span> <span class='ocrx_word' id='word_1_713' title='bbox 2868 3478 2988 3542; x_wconf 86' lang='lat' dir='ltr'>post</span> <span class='ocrx_word' id='word_1_714' title='bbox 3018 3475 3250 3526; x_wconf 89' lang='lat' dir='ltr'>hominis</span> <span class='ocrx_word' id='word_1_715' title='bbox 3281 3477 3391 3525; x_wconf 91' lang='lat' dir='ltr'>tam</span> <span class='ocrx_word' id='word_1_716' title='bbox 3418 3472 3576 3536; x_wconf 87' lang='lat' dir='ltr'>nefa-</span> 
     </span>
    </p>
   </div>
   <div class='ocr_carea' id='block_1_99' title="bbox 1870 3561 3576 3634">
    <p class='ocr_par' dir='ltr' id='par_1_99' title="bbox 1870 3561 3576 3634">
     <span class='ocr_line' id='line_1_99' title="bbox 1870 3561 3576 3634; baseline -0.005 -13"><span class='ocrx_word' id='word_1_717' title='bbox 1870 3569 2012 3621; x_wconf 87' lang='lat' dir='ltr'>riam</span> <span class='ocrx_word' id='word_1_718' title='bbox 2057 3567 2342 3634; x_wconf 81' lang='lat' dir='ltr'>fallaciam</span> <span class='ocrx_word' id='word_1_719' title='bbox 2380 3565 2557 3617; x_wconf 88' lang='lat' dir='ltr'>adhuc</span> <span class='ocrx_word' id='word_1_720' title='bbox 2587 3579 2640 3616; x_wconf 90' lang='lat' dir='ltr'>se</span> <span class='ocrx_word' id='word_1_721' title='bbox 2665 3562 2903 3631; x_wconf 66' lang='lat' dir='ltr'>prwbere</span> <span class='ocrx_word' id='word_1_722' title='bbox 2935 3561 3207 3626; x_wconf 84' lang='lat' dir='ltr'>humilem,</span> <span class='ocrx_word' id='word_1_723' title='bbox 3241 3575 3344 3628; x_wconf 87' lang='lat' dir='ltr'>quo</span> <span class='ocrx_word' id='word_1_724' title='bbox 3373 3561 3576 3613; x_wconf 75' lang='lat' dir='ltr'>caeteris</span> 
     </span>
    </p>
   </div>
   <div class='ocr_carea' id='block_1_100' title="bbox 1865 3647 3576 3725">
    <p class='ocr_par' dir='ltr' id='par_1_100' title="bbox 1865 3647 3576 3725">
     <span class='ocr_line' id='line_1_100' title="bbox 1865 3647 3576 3725; baseline -0.006 -16"><span class='ocrx_word' id='word_1_725' title='bbox 1865 3659 2182 3725; x_wconf 86' lang='lat' dir='ltr'>parceretur</span> <span class='ocrx_word' id='word_1_726' title='bbox 2234 3669 2246 3706; x_wconf 90' lang='lat'><strong>:</strong></span> <span class='ocrx_word' id='word_1_727' title='bbox 2293 3652 2362 3704; x_wconf 89' lang='lat' dir='ltr'>iis</span> <span class='ocrx_word' id='word_1_728' title='bbox 2407 3651 2687 3716; x_wconf 87' lang='lat' dir='ltr'>videlicet,</span> <span class='ocrx_word' id='word_1_729' title='bbox 2723 3649 2821 3718; x_wconf 93' lang='lat' dir='ltr'>qui</span> <span class='ocrx_word' id='word_1_730' title='bbox 2854 3666 2912 3702; x_wconf 93' lang='lat' dir='ltr'>se</span> <span class='ocrx_word' id='word_1_731' title='bbox 2949 3651 3279 3717; x_wconf 87' lang='lat' dir='ltr'>receperant</span> <span class='ocrx_word' id='word_1_732' title='bbox 3309 3647 3368 3700; x_wconf 92' lang='lat' dir='ltr'>in</span> <span class='ocrx_word' id='word_1_733' title='bbox 3398 3647 3576 3700; x_wconf 83' lang='lat' dir='ltr'>eccle-</span> 
     </span>
    </p>
   </div>
   <div class='ocr_carea' id='block_1_101' title="bbox 1871 3734 3574 3809">
    <p class='ocr_par' dir='ltr' id='par_1_101' title="bbox 1871 3734 3574 3809">
     <span class='ocr_line' id='line_1_101' title="bbox 1871 3734 3574 3809; baseline -0.005 -13"><span class='ocrx_word' id='word_1_734' title='bbox 1871 3744 2042 3809; x_wconf 91' lang='lat' dir='ltr'>siam;</span> <span class='ocrx_word' id='word_1_735' title='bbox 2090 3741 2199 3794; x_wconf 88' lang='lat' dir='ltr'>nisi</span> <span class='ocrx_word' id='word_1_736' title='bbox 2238 3740 2378 3793; x_wconf 85' lang='lat' dir='ltr'>forte</span> <span class='ocrx_word' id='word_1_737' title='bbox 2408 3737 2672 3791; x_wconf 91' lang='lat' dir='ltr'>nonnulli</span> <span class='ocrx_word' id='word_1_738' title='bbox 2700 3737 2875 3790; x_wconf 89' lang='lat' dir='ltr'>etiam</span> <span class='ocrx_word' id='word_1_739' title='bbox 2918 3737 2978 3788; x_wconf 94' lang='lat' dir='ltr'>in</span> <span class='ocrx_word' id='word_1_740' title='bbox 3007 3735 3264 3789; x_wconf 87' lang='lat' dir='ltr'>custodia</span> <span class='ocrx_word' id='word_1_741' title='bbox 3293 3734 3574 3788; x_wconf 90' lang='lat' dir='ltr'>haberen-</span> 
     </span>
    </p>
   </div>
   <div class='ocr_carea' id='block_1_102' title="bbox 1871 3824 3575 3896">
    <p class='ocr_par' dir='ltr' id='par_1_102' title="bbox 1871 3824 3575 3896">
     <span class='ocr_line' id='line_1_102' title="bbox 1871 3824 3575 3896; baseline -0.005 -10"><span class='ocrx_word' id='word_1_742' title='bbox 1871 3835 1984 3886; x_wconf 88' lang='lat' dir='ltr'>tur.</span> <span class='ocrx_word' id='word_1_743' title='bbox 2032 3833 2250 3896; x_wconf 87' lang='lat' dir='ltr'>Fateor,</span> <span class='ocrx_word' id='word_1_744' title='bbox 2297 3827 2476 3892; x_wconf 92' lang='lat' dir='ltr'>addit,</span> <span class='ocrx_word' id='word_1_745' title='bbox 2520 3842 2639 3880; x_wconf 88' lang='lat' dir='ltr'>cum</span> <span class='ocrx_word' id='word_1_746' title='bbox 2685 3830 2896 3879; x_wconf 88' lang='lat' dir='ltr'>tantum</span> <span class='ocrx_word' id='word_1_747' title='bbox 2941 3825 3143 3878; x_wconf 90' lang='lat' dir='ltr'>malum</span> <span class='ocrx_word' id='word_1_748' title='bbox 3171 3824 3318 3877; x_wconf 87' lang='lat' dir='ltr'>nullo</span> <span class='ocrx_word' id='word_1_749' title='bbox 3343 3825 3575 3892; x_wconf 88' lang='lat' dir='ltr'>pectoris</span> 
     </span>
    </p>
   </div>
   <div class='ocr_carea' id='block_1_103' title="bbox 1869 3912 3574 3987">
    <p class='ocr_par' dir='ltr' id='par_1_103' title="bbox 1869 3912 3574 3987">
     <span class='ocr_line' id='line_1_103' title="bbox 1869 3912 3574 3987; baseline -0.006 -13"><span class='ocrx_word' id='word_1_750' title='bbox 1869 3920 2056 3974; x_wconf 88' lang='lat' dir='ltr'>robore</span> <span class='ocrx_word' id='word_1_751' title='bbox 2082 3919 2378 3987; x_wconf 86' lang='lat' dir='ltr'>potuissem</span> <span class='ocrx_word' id='word_1_752' title='bbox 2408 3916 2654 3981; x_wconf 88' lang='lat' dir='ltr'>tolerare,</span> <span class='ocrx_word' id='word_1_753' title='bbox 2701 3914 2927 3969; x_wconf 87' lang='lat' dir='ltr'>discessi</span> <span class='ocrx_word' id='word_1_754' title='bbox 2965 3912 3152 3980; x_wconf 89' lang='lat' dir='ltr'>(lbid.,</span> <span class='ocrx_word' id='word_1_755' title='bbox 3184 3927 3240 3965; x_wconf 84' lang='grc' dir='ltr'>η.</span> <span class='ocrx_word' id='word_1_756' title='bbox 3275 3914 3351 3980; x_wconf 88' lang='lat'>3).</span> <span class='ocrx_word' id='word_1_757' title='bbox 3386 3912 3574 3975; x_wconf 91' lang='lat' dir='ltr'>Quan-</span> 
     </span>
    </p>
   </div>
   <div class='ocr_carea' id='block_1_104' title="bbox 1870 4001 3576 4078">
    <p class='ocr_par' dir='ltr' id='par_1_104' title="bbox 1870 4001 3576 4078">
     <span class='ocr_line' id='line_1_104' title="bbox 1870 4001 3576 4078; baseline -0.004 -18"><span class='ocrx_word' id='word_1_758' title='bbox 1870 4023 2046 4078; x_wconf 88' lang='lat' dir='ltr'>quam</span> <span class='ocrx_word' id='word_1_759' title='bbox 2075 4005 2215 4059; x_wconf 88' lang='lat' dir='ltr'>alias</span> <span class='ocrx_word' id='word_1_760' title='bbox 2246 4004 2442 4069; x_wconf 88' lang='lat' dir='ltr'>etiam,</span> <span class='ocrx_word' id='word_1_761' title='bbox 2475 4008 2686 4074; x_wconf 72' lang='lat' dir='ltr'>praeter</span> <span class='ocrx_word' id='word_1_762' title='bbox 2715 4001 3025 4057; x_wconf 85' lang='lat' dir='ltr'>Marcellini</span> <span class='ocrx_word' id='word_1_763' title='bbox 3055 4017 3274 4067; x_wconf 89' lang='lat' dir='ltr'>necem,</span> <span class='ocrx_word' id='word_1_764' title='bbox 3303 4001 3576 4054; x_wconf 90' lang='lat' dir='ltr'>discessus</span> 
     </span>
    </p>
   </div>
   <div class='ocr_carea' id='block_1_105' title="bbox 1871 4089 3577 4162">
    <p class='ocr_par' dir='ltr' id='par_1_105' title="bbox 1871 4089 3577 4162">
     <span class='ocr_line' id='line_1_105' title="bbox 1871 4089 3577 4162; baseline -0.004 -16"><span class='ocrx_word' id='word_1_765' title='bbox 1871 4094 1959 4147; x_wconf 92' lang='lat' dir='ltr'>sui</span> <span class='ocrx_word' id='word_1_766' title='bbox 2009 4109 2206 4147; x_wconf 90' lang='lat' dir='ltr'>causas</span> <span class='ocrx_word' id='word_1_767' title='bbox 2249 4093 2442 4157; x_wconf 79' lang='lat' dir='ltr'>affert;</span> <span class='ocrx_word' id='word_1_768' title='bbox 2494 4091 2778 4162; x_wconf 88' lang='lat' dir='ltr'>(quarum)</span> <span class='ocrx_word' id='word_1_769' title='bbox 2818 4107 2926 4144; x_wconf 90' lang='lat' dir='ltr'>una</span> <span class='ocrx_word' id='word_1_770' title='bbox 2956 4094 3048 4152; x_wconf 90' lang='lat' dir='ltr'>est,</span> <span class='ocrx_word' id='word_1_771' title='bbox 3080 4089 3288 4160; x_wconf 86' lang='lat' dir='ltr'>inquit,</span> <span class='ocrx_word' id='word_1_772' title='bbox 3322 4090 3577 4156; x_wconf 87' lang='lat' dir='ltr'>quoniam</span> 
     </span>
    </p>
   </div>
   <div class='ocr_carea' id='block_1_106' title="bbox 1871 4179 3575 4253">
    <p class='ocr_par' dir='ltr' id='par_1_106' title="bbox 1871 4179 3575 4253">
     <span class='ocr_line' id='line_1_106' title="bbox 1871 4179 3575 4253; baseline -0.005 -18"><span class='ocrx_word' id='word_1_773' title='bbox 1871 4183 2124 4247; x_wconf 88' lang='lat' dir='ltr'>laborem,</span> <span class='ocrx_word' id='word_1_774' title='bbox 2168 4196 2322 4250; x_wconf 89' lang='lat' dir='ltr'>quem</span> <span class='ocrx_word' id='word_1_775' title='bbox 2369 4183 2426 4233; x_wconf 89' lang='lat' dir='ltr'>in</span> <span class='ocrx_word' id='word_1_776' title='bbox 2454 4181 2550 4233; x_wconf 91' lang='lat' dir='ltr'>illa</span> <span class='ocrx_word' id='word_1_777' title='bbox 2594 4179 2734 4253; x_wconf 79' lang='lat' dir='ltr'>urbe</span> <span class='ocrx_word' id='word_1_778' title='bbox 2747 4181 2960 4248; x_wconf 87' lang='lat' dir='ltr'>perpeti</span> <span class='ocrx_word' id='word_1_779' title='bbox 2981 4191 3186 4230; x_wconf 85' lang='lat' dir='ltr'>necesse</span> <span class='ocrx_word' id='word_1_780' title='bbox 3222 4180 3318 4241; x_wconf 90' lang='lat' dir='ltr'>est,</span> <span class='ocrx_word' id='word_1_781' title='bbox 3351 4180 3399 4228; x_wconf 91' lang='lat' dir='ltr'>et</span> <span class='ocrx_word' id='word_1_782' title='bbox 3420 4191 3575 4242; x_wconf 84' lang='lat' dir='ltr'>quem</span> 
     </span>
    </p>
   </div>
   <div class='ocr_carea' id='block_1_107' title="bbox 1868 4263 3573 4340">
    <p class='ocr_par' dir='ltr' id='par_1_107' title="bbox 1868 4263 3573 4340">
     <span class='ocr_line' id='line_1_107' title="bbox 1868 4263 3573 4340; baseline -0.006 -15"><span class='ocrx_word' id='word_1_783' title='bbox 1868 4273 1920 4325; x_wconf 91' lang='lat' dir='ltr'>si</span> <span class='ocrx_word' id='word_1_784' title='bbox 1960 4285 2221 4340; x_wconf 70' lang='lat' dir='ltr'>exponere</span> <span class='ocrx_word' id='word_1_785' title='bbox 2268 4270 2449 4336; x_wconf 78' lang='lat' dir='ltr'>velim,</span> <span class='ocrx_word' id='word_1_786' title='bbox 2487 4269 2642 4321; x_wconf 86' lang='lat' dir='ltr'>aliud</span> <span class='ocrx_word' id='word_1_787' title='bbox 2685 4273 2895 4322; x_wconf 72' lang='lat' dir='ltr'>tantum</span> <span class='ocrx_word' id='word_1_788' title='bbox 2941 4265 3262 4334; x_wconf 78' lang='lat' dir='ltr'>loquendum</span> <span class='ocrx_word' id='word_1_789' title='bbox 3318 4268 3412 4328; x_wconf 90' lang='lat' dir='ltr'>est,</span> <span class='ocrx_word' id='word_1_790' title='bbox 3452 4263 3573 4330; x_wconf 90' lang='lat' dir='ltr'>jam</span> 
     </span>
    </p>
   </div>
   <div class='ocr_carea' id='block_1_108' title="bbox 1869 4351 3570 4425">
    <p class='ocr_par' dir='ltr' id='par_1_108' title="bbox 1869 4351 3570 4425">
     <span class='ocr_line' id='line_1_108' title="bbox 1869 4351 3570 4425; baseline -0.006 -11"><span class='ocrx_word' id='word_1_791' title='bbox 1869 4363 2132 4414; x_wconf 88' lang='lat' dir='ltr'>sustinere</span> <span class='ocrx_word' id='word_1_792' title='bbox 2167 4373 2276 4412; x_wconf 89' lang='lat' dir='ltr'>non</span> <span class='ocrx_word' id='word_1_793' title='bbox 2314 4372 2556 4425; x_wconf 89' lang='lat' dir='ltr'>possum,</span> <span class='ocrx_word' id='word_1_794' title='bbox 2607 4357 2751 4424; x_wconf 88' lang='lat' dir='ltr'>quod</span> <span class='ocrx_word' id='word_1_795' title='bbox 2801 4355 3111 4424; x_wconf 86' lang='lat' dir='ltr'>infirmitati</span> <span class='ocrx_word' id='word_1_796' title='bbox 3149 4366 3273 4404; x_wconf 67' lang='lat' dir='ltr'>meae</span> <span class='ocrx_word' id='word_1_797' title='bbox 3309 4351 3570 4418; x_wconf 70' lang='lat' dir='ltr'>propriae,</span> 
     </span>
    </p>
   </div>
   <div class='ocr_carea' id='block_1_109' title="bbox 1871 4431 3572 4516">
    <p class='ocr_par' dir='ltr' id='par_1_109' title="bbox 1871 4431 3572 4516">
     <span class='ocr_line' id='line_1_109' title="bbox 1871 4431 3572 4516; baseline -0.005 -16"><span class='ocrx_word' id='word_1_798' title='bbox 1871 4463 1989 4516; x_wconf 78' lang='lat' dir='ltr'>quae</span> <span class='ocrx_word' id='word_1_799' title='bbox 2015 4450 2144 4500; x_wconf 89' lang='lat' dir='ltr'>nota</span> <span class='ocrx_word' id='word_1_800' title='bbox 2172 4449 2250 4500; x_wconf 88' lang='lat' dir='ltr'>est</span> <span class='ocrx_word' id='word_1_801' title='bbox 2278 4445 2520 4499; x_wconf 89' lang='lat' dir='ltr'>omnibus</span> <span class='ocrx_word' id='word_1_802' title='bbox 2551 4446 2647 4514; x_wconf 86' lang='lat' dir='ltr'>qui</span> <span class='ocrx_word' id='word_1_803' title='bbox 2685 4431 3024 4510; x_wconf 84' lang='lat' dir='ltr'>familiarius</span> <span class='ocrx_word' id='word_1_804' title='bbox 3052 4455 3132 4492; x_wconf 88' lang='lat' dir='ltr'>me</span> <span class='ocrx_word' id='word_1_805' title='bbox 3158 4443 3438 4504; x_wconf 87' lang='lat' dir='ltr'>noverunt,</span> <span class='ocrx_word' id='word_1_806' title='bbox 3475 4453 3572 4492; x_wconf 83' lang='lat' dir='ltr'>ac-</span> 
     </span>
    </p>
   </div>
   <div class='ocr_carea' id='block_1_110' title="bbox 1870 4528 3572 4602">
    <p class='ocr_par' dir='ltr' id='par_1_110' title="bbox 1870 4528 3572 4602">
     <span class='ocr_line' id='line_1_110' title="bbox 1870 4528 3572 4602; baseline -0.006 -12"><span class='ocrx_word' id='word_1_807' title='bbox 1870 4539 2026 4591; x_wconf 89' lang='lat' dir='ltr'>cessit</span> <span class='ocrx_word' id='word_1_808' title='bbox 2055 4537 2217 4589; x_wconf 88' lang='lat' dir='ltr'>etiam</span> <span class='ocrx_word' id='word_1_809' title='bbox 2246 4539 2504 4602; x_wconf 88' lang='lat' dir='ltr'>senectus,</span> <span class='ocrx_word' id='word_1_810' title='bbox 2549 4549 2666 4602; x_wconf 69' lang='lat' dir='ltr'>qua:</span> <span class='ocrx_word' id='word_1_811' title='bbox 2695 4534 2901 4601; x_wconf 88' lang='lat' dir='ltr'>generis</span> <span class='ocrx_word' id='word_1_812' title='bbox 2932 4530 3155 4584; x_wconf 85' lang='lat' dir='ltr'>humani</span> <span class='ocrx_word' id='word_1_813' title='bbox 3175 4531 3252 4581; x_wconf 87' lang='lat' dir='ltr'>est</span> <span class='ocrx_word' id='word_1_814' title='bbox 3280 4528 3572 4581; x_wconf 88' lang='lat' dir='ltr'>communis</span> 
     </span>
    </p>
   </div>
   <div class='ocr_carea' id='block_1_111' title="bbox 1871 4615 3572 4693">
    <p class='ocr_par' dir='ltr' id='par_1_111' title="bbox 1871 4615 3572 4693">
     <span class='ocr_line' id='line_1_111' title="bbox 1871 4615 3572 4693; baseline -0.006 -14"><span class='ocrx_word' id='word_1_815' title='bbox 1871 4626 2186 4693; x_wconf 80' lang='lat' dir='ltr'>inﬁrmitas.</span> <span class='ocrx_word' id='word_1_816' title='bbox 2226 4624 2419 4678; x_wconf 84' lang='lat' dir='ltr'>Altera</span> <span class='ocrx_word' id='word_1_817' title='bbox 2461 4637 2626 4676; x_wconf 90' lang='lat' dir='ltr'>causa</span> <span class='ocrx_word' id='word_1_818' title='bbox 2661 4626 2760 4689; x_wconf 89' lang='lat' dir='ltr'>est,</span> <span class='ocrx_word' id='word_1_819' title='bbox 2806 4619 2950 4688; x_wconf 88' lang='lat' dir='ltr'>quod</span> <span class='ocrx_word' id='word_1_820' title='bbox 2991 4618 3182 4682; x_wconf 86' lang='lat' dir='ltr'>statui,</span> <span class='ocrx_word' id='word_1_821' title='bbox 3228 4618 3278 4670; x_wconf 86' lang='lat' dir='ltr'>si</span> <span class='ocrx_word' id='word_1_822' title='bbox 3305 4615 3572 4670; x_wconf 89' lang='lat' dir='ltr'>Dominus</span> 
     </span>
    </p>
   </div>
   <div class='ocr_carea' id='block_1_112' title="bbox 1869 4704 3572 4783">
    <p class='ocr_par' dir='ltr' id='par_1_112' title="bbox 1869 4704 3572 4783">
     <span class='ocr_line' id='line_1_112' title="bbox 1869 4704 3572 4783; baseline -0.006 -15"><span class='ocrx_word' id='word_1_823' title='bbox 1869 4715 2015 4780; x_wconf 85' lang='lat' dir='ltr'>velit,</span> <span class='ocrx_word' id='word_1_824' title='bbox 2049 4718 2313 4783; x_wconf 86' lang='lat' dir='ltr'>quantum</span> <span class='ocrx_word' id='word_1_825' title='bbox 2344 4713 2482 4766; x_wconf 87' lang='lat' dir='ltr'>mihi</span> <span class='ocrx_word' id='word_1_826' title='bbox 2511 4727 2578 4766; x_wconf 71' lang='lat' dir='ltr'>ea:</span> <span class='ocrx_word' id='word_1_827' title='bbox 2609 4712 2720 4764; x_wconf 90' lang='lat' dir='ltr'>illis</span> <span class='ocrx_word' id='word_1_828' title='bbox 2746 4705 3204 4775; x_wconf 88' lang='lat' dir='ltr'>occupationibus,</span> <span class='ocrx_word' id='word_1_829' title='bbox 3233 4720 3369 4773; x_wconf 89' lang='lat' dir='ltr'>quas</span> <span class='ocrx_word' id='word_1_830' title='bbox 3387 4704 3572 4759; x_wconf 89' lang='lat' dir='ltr'>Eccle-</span> 
     </span>
    </p>
   </div>
   <div class='ocr_carea' id='block_1_113' title="bbox 1869 4794 3572 4871">
    <p class='ocr_par' dir='ltr' id='par_1_113' title="bbox 1869 4794 3572 4871">
     <span class='ocr_line' id='line_1_113' title="bbox 1869 4794 3572 4871; baseline -0.007 -13"><span class='ocrx_word' id='word_1_831' title='bbox 1869 4802 1982 4870; x_wconf 60' lang='lat' dir='ltr'>sia,</span> <span class='ocrx_word' id='word_1_832' title='bbox 2016 4805 2107 4857; x_wconf 83' lang='lat' dir='ltr'>cui</span> <span class='ocrx_word' id='word_1_833' title='bbox 2129 4804 2355 4871; x_wconf 89' lang='lat' dir='ltr'>proprio</span> <span class='ocrx_word' id='word_1_834' title='bbox 2380 4816 2595 4855; x_wconf 87' lang='lat' dir='ltr'>munere</span> <span class='ocrx_word' id='word_1_835' title='bbox 2624 4799 2816 4861; x_wconf 85' lang='lat' dir='ltr'>servio,</span> <span class='ocrx_word' id='word_1_836' title='bbox 2842 4797 3127 4849; x_wconf 86' lang='lat' dir='ltr'>necessitas</span> <span class='ocrx_word' id='word_1_837' title='bbox 3156 4794 3572 4861; x_wconf 82' lang='lat' dir='ltr'>ﬂagitat,datur</span> 
     </span>
    </p>
   </div>
   <div class='ocr_carea' id='block_1_114' title="bbox 1872 4881 3571 4960">
    <p class='ocr_par' dir='ltr' id='par_1_114' title="bbox 1872 4881 3571 4960">
     <span class='ocr_line' id='line_1_114' title="bbox 1872 4881 3571 4960; baseline -0.008 -14"><span class='ocrx_word' id='word_1_838' title='bbox 1872 4894 2149 4960; x_wconf 89' lang='lat' dir='ltr'>temporis,</span> <span class='ocrx_word' id='word_1_839' title='bbox 2190 4891 2251 4944; x_wconf 88' lang='lat' dir='ltr'>id</span> <span class='ocrx_word' id='word_1_840' title='bbox 2300 4895 2466 4944; x_wconf 88' lang='lat' dir='ltr'>totum</span> <span class='ocrx_word' id='word_1_841' title='bbox 2511 4885 2814 4955; x_wconf 85' lang='lat' dir='ltr'>impendere</span> <span class='ocrx_word' id='word_1_842' title='bbox 2844 4883 3017 4937; x_wconf 87' lang='lat' dir='ltr'>labori</span> <span class='ocrx_word' id='word_1_843' title='bbox 3045 4882 3350 4936; x_wconf 87' lang='lat' dir='ltr'>stadiorum</span> <span class='ocrx_word' id='word_1_844' title='bbox 3379 4881 3454 4935; x_wconf 88' lang='lat' dir='ltr'>ad</span> <span class='ocrx_word' id='word_1_845' title='bbox 3483 4897 3571 4935; x_wconf 90' lang='lat' dir='ltr'>ec-</span> 
     </span>
    </p>
   </div>
   <div class='ocr_carea' id='block_1_115' title="bbox 1870 4971 3573 5043">
    <p class='ocr_par' dir='ltr' id='par_1_115' title="bbox 1870 4971 3573 5043">
     <span class='ocr_line' id='line_1_115' title="bbox 1870 4971 3573 5043; baseline -0.006 -9"><span class='ocrx_word' id='word_1_846' title='bbox 1870 4981 2199 5034; x_wconf 85' lang='lat' dir='ltr'>clesiasticas</span> <span class='ocrx_word' id='word_1_847' title='bbox 2240 4977 2496 5033; x_wconf 86' lang='lat' dir='ltr'>scientias</span> <span class='ocrx_word' id='word_1_848' title='bbox 2539 4975 2958 5043; x_wconf 85' lang='lat' dir='ltr'>pertinentium;</span> <span class='ocrx_word' id='word_1_849' title='bbox 2998 4971 3094 5024; x_wconf 89' lang='lat' dir='ltr'>ubi</span> <span class='ocrx_word' id='word_1_850' title='bbox 3122 4985 3203 5024; x_wconf 89' lang='lat' dir='ltr'>me</span> <span class='ocrx_word' id='word_1_851' title='bbox 3231 4971 3490 5035; x_wconf 89' lang='lat' dir='ltr'>arbitror,</span> <span class='ocrx_word' id='word_1_852' title='bbox 3522 4972 3573 5024; x_wconf 91' lang='lat' dir='ltr'>si</span> 
     </span>
    </p>
   </div>
   <div class='ocr_carea' id='block_1_116' title="bbox 1869 5059 3567 5133">
    <p class='ocr_par' dir='ltr' id='par_1_116' title="bbox 1869 5059 3567 5133">
     <span class='ocr_line' id='line_1_116' title="bbox 1869 5059 3567 5133; baseline -0.008 -10"><span class='ocrx_word' id='word_1_853' title='bbox 1869 5069 1974 5123; x_wconf 86' lang='lat' dir='ltr'>Dei</span> <span class='ocrx_word' id='word_1_854' title='bbox 1997 5066 2378 5122; x_wconf 65' lang='lat' dir='ltr'>misericordiae</span> <span class='ocrx_word' id='word_1_855' title='bbox 2402 5065 2600 5133; x_wconf 87' lang='lat' dir='ltr'>placet,</span> <span class='ocrx_word' id='word_1_856' title='bbox 2625 5063 2787 5114; x_wconf 88' lang='lat' dir='ltr'>etiam</span> <span class='ocrx_word' id='word_1_857' title='bbox 2813 5062 3044 5129; x_wconf 69' lang='lat' dir='ltr'>posteris</span> <span class='ocrx_word' id='word_1_858' title='bbox 3073 5059 3288 5128; x_wconf 88' lang='lat' dir='ltr'>aliquid</span> <span class='ocrx_word' id='word_1_859' title='bbox 3314 5060 3567 5127; x_wconf 82' lang='lat' dir='ltr'>profatu-</span> 
     </span>
    </p>
   </div>
   <div class='ocr_carea' id='block_1_117' title="bbox 1868 5147 3566 5227">
    <p class='ocr_par' dir='ltr' id='par_1_117' title="bbox 1868 5147 3566 5227">
     <span class='ocr_line' id='line_1_117' title="bbox 1868 5147 3566 5227; baseline -0.008 -15"><span class='ocrx_word' id='word_1_860' title='bbox 1868 5174 1989 5212; x_wconf 89' lang='lat' dir='ltr'>rum</span> <span class='ocrx_word' id='word_1_861' title='bbox 2011 5158 2195 5227; x_wconf 85' lang='lat' dir='ltr'>(lbid.,</span> <span class='ocrx_word' id='word_1_862' title='bbox 2218 5172 2280 5210; x_wconf 80' lang='grc' dir='ltr'>η.</span> <span class='ocrx_word' id='word_1_863' title='bbox 2317 5154 2426 5223; x_wconf 92' lang='lat'>13).</span> <span class='ocrx_word' id='word_1_864' title='bbox 2471 5154 2612 5205; x_wconf 89' lang='lat' dir='ltr'>Tum</span> <span class='ocrx_word' id='word_1_865' title='bbox 2640 5149 3006 5204; x_wconf 66' lang='lat' dir='ltr'>Caecilianum</span> <span class='ocrx_word' id='word_1_866' title='bbox 3039 5149 3175 5203; x_wconf 91' lang='lat' dir='ltr'>olim</span> <span class='ocrx_word' id='word_1_867' title='bbox 3209 5147 3566 5202; x_wconf 86' lang='lat' dir='ltr'>catechume-</span> 
     </span>
    </p>
   </div>
   <div class='ocr_carea' id='block_1_118' title="bbox 1871 5235 3563 5316">
    <p class='ocr_par' dir='ltr' id='par_1_118' title="bbox 1871 5235 3563 5316">
     <span class='ocr_line' id='line_1_118' title="bbox 1871 5235 3563 5316; baseline -0.008 -16"><span class='ocrx_word' id='word_1_868' title='bbox 1871 5263 2032 5314; x_wconf 91' lang='lat' dir='ltr'>num,</span> <span class='ocrx_word' id='word_1_869' title='bbox 2064 5245 2164 5316; x_wconf 93' lang='lat' dir='ltr'>qui</span> <span class='ocrx_word' id='word_1_870' title='bbox 2207 5261 2240 5297; x_wconf 90' lang='lat' dir='ltr'>a</span> <span class='ocrx_word' id='word_1_871' title='bbox 2279 5245 2472 5296; x_wconf 88' lang='lat' dir='ltr'>sancto</span> <span class='ocrx_word' id='word_1_872' title='bbox 2504 5242 2746 5295; x_wconf 88' lang='lat' dir='ltr'>Doctore</span> <span class='ocrx_word' id='word_1_873' title='bbox 2784 5255 2984 5294; x_wconf 91' lang='lat' dir='ltr'>verum</span> <span class='ocrx_word' id='word_1_874' title='bbox 3013 5239 3226 5294; x_wconf 90' lang='lat' dir='ltr'>discere</span> <span class='ocrx_word' id='word_1_875' title='bbox 3257 5235 3563 5308; x_wconf 66' lang='lat' dir='ltr'>quaerebat,</span> 
     </span>
    </p>
   </div>
   <div class='ocr_carea' id='block_1_119' title="bbox 1871 5322 3569 5406">
    <p class='ocr_par' dir='ltr' id='par_1_119' title="bbox 1871 5322 3569 5406">
     <span class='ocr_line' id='line_1_119' title="bbox 1871 5322 3569 5406; baseline -0.008 -18"><span class='ocrx_word' id='word_1_876' title='bbox 1871 5335 2118 5406; x_wconf 87' lang='lat' dir='ltr'>graviter</span> <span class='ocrx_word' id='word_1_877' title='bbox 2144 5333 2434 5397; x_wconf 89' lang='lat' dir='ltr'>admonet,</span> <span class='ocrx_word' id='word_1_878' title='bbox 2467 5346 2540 5384; x_wconf 91' lang='lat' dir='ltr'>ne</span> <span class='ocrx_word' id='word_1_879' title='bbox 2567 5346 2624 5383; x_wconf 92' lang='lat' dir='ltr'>se</span> <span class='ocrx_word' id='word_1_880' title='bbox 2653 5345 2756 5401; x_wconf 89' lang='lat' dir='ltr'>per</span> <span class='ocrx_word' id='word_1_881' title='bbox 2787 5327 3136 5400; x_wconf 89' lang='lat' dir='ltr'>Baptismum</span> <span class='ocrx_word' id='word_1_882' title='bbox 3168 5325 3476 5394; x_wconf 88' lang='lat' dir='ltr'>adjungere</span> <span class='ocrx_word' id='word_1_883' title='bbox 3507 5322 3569 5375; x_wconf 92' lang='lat' dir='ltr'>ﬁ-</span> 
     </span>
    </p>
   </div>
   <div class='ocr_carea' id='block_1_120' title="bbox 1873 5411 3568 5490">
    <p class='ocr_par' dir='ltr' id='par_1_120' title="bbox 1873 5411 3568 5490">
     <span class='ocr_line' id='line_1_120' title="bbox 1873 5411 3568 5490; baseline -0.008 -12"><span class='ocrx_word' id='word_1_884' title='bbox 1873 5423 2094 5478; x_wconf 89' lang='lat' dir='ltr'>delibus</span> <span class='ocrx_word' id='word_1_885' title='bbox 2139 5420 2352 5476; x_wconf 90' lang='lat' dir='ltr'>diutius</span> <span class='ocrx_word' id='word_1_886' title='bbox 2409 5419 2783 5490; x_wconf 83' lang='lat' dir='ltr'>procrastinet</span> <span class='ocrx_word' id='word_1_887' title='bbox 2827 5435 2895 5472; x_wconf 93' lang='lat' dir='ltr'>ea</span> <span class='ocrx_word' id='word_1_888' title='bbox 2941 5433 3082 5471; x_wconf 89' lang='lat' dir='ltr'>vana</span> <span class='ocrx_word' id='word_1_889' title='bbox 3123 5413 3361 5474; x_wconf 86' lang='lat' dir='ltr'>ratione,</span> <span class='ocrx_word' id='word_1_890' title='bbox 3403 5411 3568 5482; x_wconf 89' lang='lat' dir='ltr'>quasi</span> 
     </span>
    </p>
   </div>
   <div class='ocr_carea' id='block_1_121' title="bbox 1874 5499 3567 5580">
    <p class='ocr_par' dir='ltr' id='par_1_121' title="bbox 1874 5499 3567 5580">
     <span class='ocr_line' id='line_1_121' title="bbox 1874 5499 3567 5580; baseline -0.007 -13"><span class='ocrx_word' id='word_1_891' title='bbox 1874 5513 2070 5568; x_wconf 90' lang='lat' dir='ltr'>ﬁdeles</span> <span class='ocrx_word' id='word_1_892' title='bbox 2108 5525 2227 5565; x_wconf 92' lang='lat' dir='ltr'>non</span> <span class='ocrx_word' id='word_1_893' title='bbox 2274 5509 2491 5580; x_wconf 87' lang='lat' dir='ltr'>possint</span> <span class='ocrx_word' id='word_1_894' title='bbox 2535 5507 2946 5579; x_wconf 88' lang='lat' dir='ltr'>rempublicam</span> <span class='ocrx_word' id='word_1_895' title='bbox 2991 5508 3137 5557; x_wconf 92' lang='lat' dir='ltr'>recte</span> <span class='ocrx_word' id='word_1_896' title='bbox 3167 5499 3567 5555; x_wconf 86' lang='lat' dir='ltr'>administrare</span> 
     </span>
    </p>
   </div>
  </div>
