4038 6182
452 235 551 287 46-,-
1655 223 1824 276 VlTA
1881 222 1935 275 S.
1997 218 2384 276 AUGUSTlNI
2442 216 2779 274 EPISCOPL
3787 223 3862 274 468

453 351 653 421 (Epist.
692 353 811 415 151,
842 364 897 403 n.
932 349 1034 419 14).
1070 347 1344 403 Eumdem
1374 346 1549 399 etiam
1574 359 1708 414 erga
1738 343 2016 397 Marinum
2037 356 2150 412 qua
2258 343 2480 409 facilius
2505 341 2845 409 concupiscat
2867 339 2918 391 et
2941 339 3133 403 cogitet
3156 335 3353 405 (Epist.
3387 339 3520 407 131).
3551 338 3817 409 Respondit
3829 342 3866 395 ei

452 438 672 494 ratione
698 452 757 492 se
788 442 968 507 gerat,
1002 436 1202 491 docere
1224 434 1381 507 prius
1396 450 1515 488 non
1535 431 1746 487 omisit.
1770 433 1925 485 Hunc
1943 433 1994 484 si
2022 430 2150 483 dili-
2259 429 2611 501 Augustinus
2640 426 2844 482 merito
2873 425 3077 496 ipsam,
3109 439 3281 495 quam
3312 423 3579 495 impotens
3604 426 3669 480 sit
3694 433 3865 492 natura,

452 530 555 597 gis,
600 524 698 591 ait,
744 526 1039 590 detestare;
1074 526 1125 579 si
1163 540 1269 578 non
1297 526 1379 577 vis
1410 527 1471 577 ut
1497 524 1555 576 in
1584 526 1840 575 aeternum
1866 521 2151 588 puniatur,
2264 534 2553 590 quamque
2582 520 2698 571 tota
2726 515 2788 569 in
2823 518 3053 569 terrena
3089 512 3454 593 propendeat,
3480 529 3780 584 agnoscere;
3803 517 3870 571 sed

454 615 699 671 emhorre.
734 614 825 670 Sic
855 614 1251 667 existimationi
1280 616 1403 677 tuae,
1426 614 1504 665 sic
1534 614 1612 664 est
1638 611 1763 663 vita
1791 608 1944 661 illius
1973 620 2158 660 consu-
2265 605 2575 670 Christum,
2601 608 2667 658 ut
2693 602 2850 657 illam
2877 601 3146 670 erigeret,
3168 600 3238 654 ad
3262 617 3364 655 nos
3385 601 3739 657 descendisse:
3762 606 3873 675 quod

457 702 673 759 tendum
718 700 903 772 (Ibid.,
949 716 1004 754 η.
1063 699 1164 769 ll).
1219 701 1347 753 Haec
1394 702 1586 752 autem
1630 695 1872 765 epistola
1902 694 2015 749 dici
2044 709 2159 747 non

456 789 702 846 absurde
740 791 929 859 potest
958 792 1198 841 exeunte
1228 787 1336 840 hoc
1368 802 1521 839 anno
1553 783 1782 855 scripta.
1827 785 1832 791 ’

1130 875 1356 929 CAPUT
1394 874 1486 927 VI.

466 969 487 1021 1
542 965 834 1020 Demetrias
885 963 1021 1018 Urbe
1049 978 1085 1016 a
1113 962 1299 1018 Gothis
1328 966 1492 1031 capta
1519 963 1577 1015 in
1609 962 1863 1027 Africam
1892 975 2004 1013 una
2043 973 2163 1012 cum

531 1057 704 1108 matre
751 1056 802 1106 et
851 1053 978 1106 avia
1026 1052 1370 1104 transmittit.
1424 1053 1455 1102 2
1515 1050 1745 1104 Probam
1806 1046 2164 1103 Demetriadis

488 1190 493 1195 .
531 1144 712 1197 aviam
738 1156 837 1210 per
862 1142 1071 1194 litteras
1101 1141 1364 1208 instituit,
1394 1140 1547 1206 eique
1572 1138 1637 1191 de
1665 1137 1870 1191 orando
1904 1139 2005 1190 Deo
2028 1150 2165 1204 pras-

536 1235 691 1300 cepta
726 1230 898 1284 tradit
947 1229 1311 1295 Augustinus.
1370 1229 1400 1281 3
1444 1226 1620 1294 Hujus
1659 1241 1825 1279 suasu
1870 1225 2165 1279 Demetrias

533 1320 857 1388 virginalem
902 1317 1316 1371 sanctimoniam
1358 1316 1722 1383 amplectitur.
1761 1316 1791 1366 4
1824 1314 2167 1381 Augustinus

538 1406 604 1458 de
643 1403 911 1458 velatione
952 1402 1311 1456 Demetriadis
1353 1416 1473 1455 cum
1514 1405 1625 1454 tota
1670 1401 1910 1454 Ecclesia
1946 1398 2162 1466 gaudet.

540 1497 572 1548 5
594 1493 817 1548 Librum
845 1492 910 1545 de
937 1494 1080 1546 Bono
1108 1490 1400 1544 viduitatis
1426 1490 1665 1544 Julianae
1698 1489 1815 1557 ejus
1839 1488 2007 1541 matri
2028 1487 2167 1540 scri-

2266 711 2398 749 vero
2429 710 2493 747 ea
2513 696 2823 764 praesentes
2847 690 3196 745 calamitates
3215 690 3492 744 bonorum
3513 690 3874 763 futurorumspe

2266 781 2588 838 tolerabiles
2631 781 2820 846 ducat,
2858 782 3008 833 recte
3039 778 3243 833 facere.
3285 777 3566 850 Simulque
3594 779 3777 834 eisdem
3802 780 3876 833 illis

2268 869 2687 925 calamitatibus
2726 872 2900 938 atque
2928 865 3259 921 infortuniis
3303 881 3418 920 non
3448 867 3712 921 minimam
3738 868 3878 922 afferri

2268 959 2573 1013 utilitatem
2597 958 2778 1011 docet.
2805 958 2825 1010 ῐ
2833 955 2920 1026 psi
2939 955 3148 1010 futurae
3160 953 3288 1008 vitae
3308 954 3533 1025 praemia
3548 955 3880 1027 praesentisque

2272 1046 2471 1101 solatia
2499 1062 2532 1100 a
2556 1047 2671 1101 Deo
2700 1049 2993 1115 precatur;
3027 1059 3203 1114 seque
3232 1042 3303 1097 ad
3334 1047 3633 1097 extremum
3659 1058 3879 1097 commen-

2273 1136 2369 1190 dat
2398 1136 2676 1190 dilectioni
2722 1134 3060 1201 orationique
3108 1133 3354 1186 omnium
3389 1136 3629 1197 vestrum,
3657 1129 3882 1202 inquit,in

2274 1239 2502 1293 quorum
2539 1222 2787 1277 cordibus
2812 1237 2912 1291 per
2949 1221 3111 1291 ﬁdem
3158 1221 3371 1274 habitat
3413 1221 3659 1275 Christus.
3695 1221 3808 1274 Cum
3845 1220 3879 1271 id

2274 1313 2455 1368 celatis
2480 1315 2627 1366 esset
2652 1311 2855 1380 Proba,
2886 1315 2950 1364 ut
2977 1309 3084 1365 sibi
3112 1325 3216 1380 pro
3242 1326 3302 1363 se
3332 1308 3516 1363 minus
3542 1307 3818 1362 timendum
3833 1307 3884 1361 vi-

2277 1403 2534 1469 deretur;
2566 1405 2703 1454 tunc
2731 1416 2900 1471 porro
2929 1399 2998 1453 ad
3026 1414 3154 1452 eam
3185 1397 3430 1452 maxime
3458 1397 3882 1468 pertinebat,oran-

2278 1491 2348 1545 do
2382 1494 2708 1545 concertare
2735 1505 2839 1559 pro
2867 1488 2984 1542 suis
3012 1490 3085 1542 De
3123 1490 3266 1542 Bono
3306 1486 3526 1553 viduit.,
3554 1501 3605 1540 η.
3633 1486 3729 1554 29).
3756 1486 3884 1549 Quare

545 1582 638 1635 bit.
674 1584 704 1635 6
725 1580 1084 1636 Demetriadis
1111 1578 1352 1646 virginis
1388 1577 1733 1632 instituenda
1773 1577 1988 1630 obtentu
2015 1576 2168 1629 Pela-

541 1672 665 1737 gius
694 1670 975 1738 epistolam
995 1667 1105 1723 edit
1136 1668 1351 1721 haeresis
1381 1682 1490 1720 suee
1518 1682 1712 1719 veneno
1733 1666 2016 1734 suffusum.

550 1762 598 1812 I.
652 1757 766 1812 Etsi
810 1773 979 1828 grave
1024 1756 1333 1810 admodum
1381 1760 1504 1809 erat
1533 1755 1761 1819 vulnus,
1795 1752 1946 1824 quod
1978 1755 2173 1822 Augu-

475 1846 612 1901 stini
640 1845 831 1900 animo
862 1844 1151 1899 inﬂixerat
1179 1844 1582 1914 indignissima
1627 1841 1937 1897 Marcellini
1962 1841 2172 1907 caedes;

476 1934 639 1990 dolor
666 1938 861 1987 tamen
891 1933 1014 2003 ejus
1043 1934 1292 1986 multum
1332 1931 1552 1986 remisit
1578 1931 1697 1984 viso
1728 1929 1939 2001 insigni
1968 1928 2177 1983 divinae

478 2021 677 2094 gratiae
728 2036 920 2090 opere,
965 2020 1127 2090 cujus
1160 2025 1216 2073 et
1245 2020 1367 2089 ipse
1401 2019 1463 2072 in
1492 2019 1691 2073 eadem
1720 2018 1818 2072 illa
1847 2016 2179 2088 peregrina-

478 2110 633 2166 tione
681 2107 1131 2179 Carthaginensi,
1182 2107 1244 2161 in
1287 2123 1399 2177 qua
1440 2106 1673 2178 sanguis
1700 2106 1872 2160 amici
1901 2121 2044 2176 pene
2073 2105 2178 2158 sub

482 2199 606 2270 ejus
648 2197 823 2251 oculis
865 2197 1023 2250 fusus
1067 2195 1273 2264 fuerat,
1324 2195 1586 2249 minister
1623 2195 1836 2249 exstitit
1868 2211 1883 2248 :
1911 2194 1957 2248 si
1986 2198 2181 2248 tamen

483 2301 699 2358 ponere
734 2285 840 2338 hoc
869 2300 1019 2338 anno
1042 2284 1264 2355 placeat
1291 2284 1662 2338 memorabile
1692 2283 1833 2338 illud
1861 2282 2060 2353 gratias
2088 2282 2183 2336 mi-

483 2375 765 2443 raculum,
797 2389 911 2444 quo
948 2373 1283 2442 Demetrias,
1308 2373 1468 2444 virgo
1492 2373 1554 2427 in
1578 2373 1713 2427 orbe
1742 2374 2000 2427 Romano
2022 2372 2185 2428 nobi-

485 2464 643 2518 litate
690 2478 754 2516 ac
801 2462 1012 2516 divitiis
1055 2461 1262 2532 prima,
1309 2461 1368 2515 in
1416 2478 1589 2532 quam
1636 2477 1811 2515 unam
1842 2462 2181 2528 Proborum,

487 2551 858 2619 Olibriorum,
926 2554 1095 2621 atque
1137 2549 1471 2604 Aniciorum
1524 2550 1755 2621 sanguis
1812 2552 2183 2617 conﬂuxerat,

488 2639 758 2695 nuntium
788 2638 959 2693 rebus
988 2638 1274 2703 omnibus,
1306 2654 1436 2693 cum
1468 2639 1710 2711 jamjam
1742 2643 1990 2709 nuptura
2022 2642 2185 2710 puta-

487 2730 673 2794 batur,
706 2727 946 2795 remisit,
993 2731 1057 2780 ut
1086 2727 1373 2782 Christum
1400 2729 1593 2783 Jesum
1636 2726 1744 2782 sibi
1792 2743 2063 2798 sponsum
2093 2727 2190 2781 ha-

491 2819 684 2887 beret;
725 2821 896 2889 atque
941 2820 1002 2870 ut
1050 2816 1129 2870 sic
1175 2832 1303 2870 eam
1344 2820 1596 2888 gentem,
1637 2815 1698 2870 in
1742 2831 1854 2886 qua
1881 2812 2191 2868 familiares

494 2910 656 2963 erant
685 2907 1013 2961 consulatus
1040 2922 1105 2960 ac
1133 2905 1395 2960 maximae
1415 2920 1659 2977 quaeque
1688 2903 1923 2974 Imperii
1949 2901 2193 2973 dignita-

493 3002 598 3063 tes,
621 2994 966 3065 virginitatis
986 2994 1157 3048 etiam
1180 2995 1397 3049 honore
1424 3010 1488 3048 ac
1515 2995 1678 3048 laude
1705 2994 2192 3063 augeret.Patrem

495 3084 596 3137 illa
639 3081 905 3135 Anicium
948 3082 1472 3152 Hermogenianum
1519 3081 1820 3147 Olibrium,
1860 3080 2195 3151 parentibus

496 3171 662 3225 Sexto
710 3168 975 3222 Petronio
1024 3170 1207 3222 Probo
1239 3174 1295 3223 et
1322 3170 1506 3223 Proba
1541 3169 1741 3223 Anicia
1781 3168 2035 3223 Faltonia
2062 3184 2195 3238 pro-

502 3259 760 3328 gnatum,
784 3259 1026 3308 matrem
1049 3271 1180 3309 vero
1201 3256 1492 3310 lulianum
1515 3257 1734 3310 habuit.
1757 3256 1971 3326 Agebat
1993 3238 2196 3310 ﬁeme-

502 3344 641 3399 trias
670 3344 865 3399 Romm
887 3358 999 3396 una
1018 3358 1148 3397 cum
1170 3342 1295 3397 avia
1316 3344 1515 3408 Proba,
1542 3345 1837 3399 etJuliana
1859 3349 2198 3411 matre,cum

505 3433 648 3488 Urbs
676 3448 710 3487 a
739 3430 934 3487 Gothis
974 3446 1126 3485 anno
1157 3431 1727 3503 quadringentesimo
1775 3432 1997 3488 decimo
2041 3437 2203 3505 capta

503 3526 631 3575 est:
663 3520 948 3591 simulque
996 3519 1109 3573 illae
1155 3521 1352 3575 Romae
1394 3536 1636 3591 egressae
1682 3525 1834 3588 sunt,
1877 3522 2106 3593 quando
2136 3539 2203 3576 ea

502 3610 682 3665 ferme
698 3608 885 3663 adhuc
902 3607 1168 3663 incendio
1190 3608 1448 3664 fumabat
1468 3611 1731 3681 (Hieron.,
1750 3613 1928 3681 Epist.
1959 3610 2035 3682 8).
2058 3612 2202 3666 Tum

501 3713 675 3777 porro
705 3698 904 3763 Proba,
936 3696 1116 3751 verita
1143 3714 1217 3752 ne
1244 3698 1342 3769 qui
1373 3703 1504 3770 post
1532 3702 1805 3754 vastatam
1835 3699 2054 3754 Italiam
2077 3715 2205 3771 pro-

501 3786 682 3840 fectus
711 3786 916 3852 fuerat,
948 3785 1157 3840 iterum
1186 3785 1246 3840 in
1277 3787 1483 3841 Urbem
1514 3787 1726 3841 rediret
1743 3787 2019 3851 Alaricus,
2042 3804 2203 3842 suam

506 3891 855 3946 suorumque
903 3876 1184 3942 omnium,
1230 3874 1292 3928 in
1339 3875 1548 3946 quibus
1589 3875 1815 3930 Juliana
1840 3892 1970 3930 cum
2004 3878 2203 3930 Deme-

509 3963 689 4018 triade
728 3963 845 4016 ﬁlia
874 3967 1017 4029 erat,
1067 3963 1239 4018 vitam
1270 3979 1333 4017 ac
1373 3964 1616 4018 salutem
1653 3964 1870 4035 cymbae
1897 3964 2200 4019 commisit.

509 4050 680 4106 Felici
709 4050 943 4122 quidem
969 4066 1223 4105 successu
1255 4052 1515 4121 pervenit
1536 4052 1598 4106 in
1618 4053 1897 4107 Africam:
1924 4054 2021 4108 sed
2042 4054 2206 4108 isthic

508 4139 569 4194 in
606 4139 1002 4194 Heraclianum
1032 4140 1321 4208 comitem,
1354 4140 1456 4213 qui
1485 4157 1606 4195 rem
1638 4141 2005 4211 Imperatoris
2035 4157 2204 4212 agere

509 4227 805 4294 simulans,
851 4231 1029 4282 totam
1073 4227 1231 4282 illam
1265 4228 1620 4299 provinciam
1652 4229 1858 4284 misere
1885 4229 2203 4299 divexabat,

510 4316 728 4373 incidit.
761 4316 945 4381 Quare
965 4332 1096 4370 cum
1120 4321 1328 4370 sancta:
1350 4321 1629 4371 matronae
1649 4318 2040 4373 conservanda
2060 4323 2208 4374 esset

510 4422 727 4475 earum,
761 4424 901 4479 quas
931 4407 1087 4462 haud
1107 4407 1313 4478 exiguo
1343 4424 1584 4462 numero
1614 4424 1804 4463 secum
1836 4410 2101 4477 habebat,
2134 4409 2209 4464 fe-

510 4494 800 4551 minarum
836 4496 1132 4569 pudicitia,
1167 4496 1326 4551 illam
1356 4496 1487 4550 data
1511 4513 1686 4568 opum
1725 4514 1956 4552 suarum
1985 4502 2147 4570 parte
2177 4514 2210 4552 a

511 4586 753 4652 tyranno
797 4584 959 4655 quasi
998 4584 1280 4639 redimere
1310 4588 1501 4639 coacta
1530 4588 1615 4638 est
1645 4600 1658 4638 :
1692 4584 1845 4655 quod
1872 4589 2067 4639 tamen
2104 4585 2211 4640 mi-

513 4670 668 4724 nime
698 4672 977 4743 obstituit,
1008 4673 1317 4745 quominus
1345 4671 1626 4728 ditissima
1656 4673 1839 4728 adhuc
1865 4680 2205 4731 remaneret.

583 4763 635 4814 2.
670 4760 812 4815 Cum
842 4769 1033 4817 autem
1061 4764 1123 4817 in
1152 4763 1417 4818 universa
1459 4760 1648 4816 Africa
1686 4763 1878 4817 nullus
1918 4768 2067 4818 esset
2093 4766 2209 4819 Au-

514 4848 742 4919 gustino
788 4847 1081 4918 illustrior,
1114 4851 1173 4905 in
1212 4851 1333 4922 ejus
1360 4850 1749 4923 cognitionem
1780 4868 1836 4905 se
1866 4851 1982 4906 suis
2006 4852 2210 4907 litteris
2248 4838 2259 4847 ’

513 4936 807 4991 insinuare
836 4938 1019 4993 Proba
1045 4944 1100 4993 et
1125 4940 1349 4995 Juliana
1378 4957 1494 4995 non
1523 4939 1837 4995 omiserunt
1863 4940 2059 5011 (Epist.
2087 4945 2208 5009 188,

513 5043 569 5083 n.
617 5028 691 5097 1).
726 5027 792 5080 Et
820 5026 962 5081 forte
992 5044 1058 5081 eo
1086 5031 1424 5086 commercio
1452 5035 1587 5086 nata
1614 5034 1698 5085 est
1726 5030 1986 5102 epistola,
2002 5047 2069 5085 ex
2099 5049 2212 5104 qua

514 5116 783 5173 discimus
809 5116 1076 5182 Probam,
1106 5121 1171 5171 ut
1199 5118 1269 5172 de
1293 5119 1617 5175 valetudine
1647 5120 1767 5190 ejus
1796 5119 2003 5175 certior
2026 5119 2208 5187 ﬁeret,

514 5206 733 5287 litteras
761 5205 829 5260 ad
856 5221 989 5260 eum
1033 5205 1275 5273 dedisse,
1307 5207 1366 5261 in
1406 5208 1612 5279 quibus
1641 5209 1765 5264 hmo
1796 5207 2035 5276 dicebat,
2067 5199 2212 5279 quod

516 5298 576 5349 in
599 5310 818 5365 corpore
840 5294 1186 5364 corruptibili
1202 5297 1383 5350 anima
1405 5300 1713 5365 constituta,
1737 5301 1949 5353 terrena
1972 5297 2211 5367 quadam

517 5387 829 5453 contagione
857 5385 1279 5451 constringitur;
1307 5388 1359 5439 et
1386 5386 1487 5439 tali
1509 5401 1663 5440 onere
1682 5387 1918 5455 quodam
1936 5385 2090 5440 modo
2115 5385 2209 5440 dc-

514 5488 704 5542 pressa
726 5478 1007 5541 curvatur,
1026 5478 1089 5529 ut
1107 5476 1167 5528 in
1185 5474 1292 5528 imo
1316 5473 1510 5541 multa,
1535 5489 1699 5543 quam
1717 5478 1776 5529 in
1796 5490 2001 5531 summo
2024 5490 2209 5546 unum,

2280 1580 2483 1634 merito
2527 1583 2784 1632 sanctum
2832 1576 3160 1631 Antistitem
3208 1575 3391 1646 petiit,
3424 1579 3486 1628 ut
3510 1574 3574 1628 de
3608 1574 3787 1628 orando
3810 1574 3884 1626 Deo

2280 1668 2387 1722 sibi
2416 1667 2633 1739 aliquid
2660 1666 2952 1730 scriberet,
3002 1681 3116 1736 quo
3160 1680 3369 1734 nempe
3414 1668 3469 1716 et
3513 1663 3637 1734 quid
3673 1678 3701 1716 a
3728 1664 3888 1729 Deo,el

2283 1773 2396 1828 qua
2418 1757 2643 1810 ratione
2663 1754 3010 1827 poscendum
3040 1753 3133 1823 sit,
3165 1752 3496 1807 edoceretur
3516 1753 3691 1821 (Epist.
3724 1752 3886 1812 1130,1111.

2288 1849 2336 1910 1,
2371 1843 2445 1916 9).
2480 1843 2748 1898 Promisit
2784 1842 3157 1915 Augustinus,
3191 1857 3251 1896 se
3281 1846 3397 1896 tam
3428 1841 3607 1912 dignm
3633 1839 3774 1894 vidua
3794 1837 3889 1891 chri-

2285 1933 2469 1988 stiana
2495 1931 2756 2003 petitioni
2786 1932 3071 1986 facturum
3093 1930 3229 1985 satis
3265 1947 3278 1984 :
3309 1935 3367 1985 et
3393 1946 3521 1984 cum
3537 1929 3757 2000 primum
3775 1928 3890 1997 eiper

2289 2021 2468 2077 otium
2499 2021 2679 2087 licuit,
2724 2020 2898 2074 ﬁdem
2942 2036 3104 2075 suam
3135 2019 3357 2074 studuit
3394 2018 3641 2086 liberare,
3668 2021 3805 2088 atque
3820 2015 3891 2068 (hac

2290 2110 2359 2165 de
2390 2125 2451 2163 re
2479 2108 2848 2181 prolixiorem
2890 2109 3210 2179 epistolam,
3238 2108 3401 2179 cujus
3431 2108 3490 2161 in
3516 2107 3650 2161 libro
3672 2106 3731 2160 de
3760 2102 3891 2157 Vidui-

2290 2204 2404 2254 tate
2428 2200 2549 2270 ipse
2572 2197 2852 2264 meminit,
2878 2198 2949 2252 ad
2970 2197 3128 2251 illam
3156 2196 3460 2251 destinavit
3489 2200 3576 2265 (De
3598 2198 3723 2251 Bono
3738 2193 3889 2249 υἰάαὶιη

2289 2306 2346 2344 n.
2379 2290 2493 2359 29).
2538 2287 2659 2351 Qua
2698 2287 2931 2358 quidem
2963 2285 3207 2357 epistola
3237 2285 3480 2340 Probam
3507 2301 3615 2338 non
3641 2282 3796 2336 minus
3815 2295 3892 2349 gra-

2292 2376 2454 2441 viter,
2487 2390 2661 2445 quam
2704 2374 2978 2438 modeste,
3010 2374 3078 2428 ad
3109 2373 3545 2444 amplexandam
3574 2371 3719 2442 juxta
3748 2382 3890 2438 prace-

2293 2469 2460 2535 ptum
2500 2462 2893 2533 evangelicum
2922 2462 3201 2534 majorem
3240 2460 3635 2533 perfectionem
3659 2457 3893 2512 cohortltus

2296 2556 2407 2618 est;
2440 2567 2545 2605 nec
2572 2550 2785 2605 frustra
2813 2567 2826 2605 :
2861 2566 2996 2605 nam
3034 2566 3164 2604 cum
3194 2550 3323 2622 ipsa
3349 2566 3454 2621 per
3478 2566 3534 2603 se
3555 2553 3743 2602 tantam
3768 2544 3818 2598 ad
3838 2543 3892 2595 be-

2296 2639 2595 2710 nignitatis
2626 2639 2814 2693 ofﬁcia
2842 2640 3290 2711 propensionem
3338 2639 3595 2704 haberet;
3623 2651 3746 2690 novo
3768 2637 3891 2686 tamen

2298 2728 2587 2783 charitatis
2627 2729 2831 2783 ardore
2861 2733 3122 2799 correpta
3152 2727 3264 2782 fuit
3292 2744 3357 2782 ex
3388 2725 3752 2782 adhortatione
3772 2725 3894 2788 Angli.

2300 2817 2432 2871 stini
2465 2834 2477 2871 :
2507 2816 2679 2888 idque
2708 2821 2843 2871 tunc
2872 2816 3131 2888 contigit,
3161 2817 3321 2887 quod
3353 2816 3543 2870 scribit
3571 2814 3892 2881 Hieronymus:

2300 2906 2550 2967 Habitas,
2596 2905 2658 2959 id
2704 2911 2783 2961 est
2820 2922 2855 2960 a
2894 2906 3196 2975 majoribus
3239 2911 3507 2975 acceptas,
3539 2902 3737 2957 vendere
3764 2898 3897 2952 dicitur

2297 2994 2676 3062 possessiones,
2710 2997 2761 3047 et
2786 2995 2968 3059 facere
3004 2993 3111 3046 sibi
3139 2995 3342 3047 amicos
3371 2993 3437 3047 de
3464 2994 3639 3060 iniquo
3666 2995 3896 3042 mammona.

2303 3084 2401 3150 qui
2450 3096 2505 3136 se
2541 3083 2809 3150 recipiant
2854 3083 2912 3135 in
2949 3085 3152 3136 eterna
3185 3082 3538 3136 tabernacula
3574 3097 3588 3134 :
3626 3083 3681 3133 ut
3712 3072 3899 3131 erubescit!

2304 3172 2476 3224 omnis
2514 3171 2859 3224 ecclesiastici
2906 3172 3199 3225 ministerii
3235 3170 3463 3239 gradus,
3505 3174 3552 3223 et
3595 3180 3728 3222 cassa
3754 3161 3899 3215 nomina

2304 3257 2704 3324 monachorum,
2754 3274 2921 3313 emere
2964 3258 3197 3328 praedia,
3242 3264 3401 3314 tanta
3436 3258 3697 3313 nobilitate
3727 3248 3901 3307 vendente

2309 3347 2570 3418 (Hieron.,
2602 3349 2782 3416 Epist.
2815 3349 2887 3415 8).
2914 3347 3271 3418 Augustinus
3301 3347 3363 3401 in
3391 3348 3495 3401 hac
3522 3345 3588 3399 ad
3614 3341 3811 3398 Probum
3830 3332 3900 3403 epi-

2308 3436 2452 3490 stola
2475 3434 2716 3489 Julianae
2749 3451 2925 3489 nurus
2955 3435 3459 3505 ejusmentionem
3490 3434 3615 3489 facit
3639 3432 3799 3503 (Epist.
3828 3424 3899 3479 l30.

2309 3541 2363 3579 n.
2403 3526 2516 3595 30),
2565 3523 2665 3577 sed
2707 3523 2940 3578 interim
2971 3524 3347 3578 Demetriadis
3376 3526 3539 3597 plane
3565 3521 3747 3577 oblitus
3772 3532 3783 3569 :
3805 3508 3900 3584 quod

2312 3611 2547 3684 quidem
2592 3616 2929 3683 argumento
2972 3616 3075 3679 est,
3123 3612 3365 3684 scriptas
3405 3613 3566 3667 hasce
3590 3610 3776 3665 litteras
3805 3598 3902 3672 prii!S

2311 3701 2506 3771 fuisse,
2552 3716 2724 3772 quam
2770 3716 2828 3754 se
2860 3700 3065 3754 nobilis
3101 3700 3201 3754 illa
3230 3701 3395 3773 virgo
3426 3699 3637 3756 Christo
3666 3689 3900 3773 devovisset-

2316 3791 2380 3844 Et
2410 3770 2605 3844 revera
2635 3789 2895 3860 ejusdem
2923 3789 2995 3843 ad
3026 3789 3276 3844 Probam
3320 3770 3573 3861 epistolae
3598 3786 3707 3858 jam
3731 3770 3904 3835 meminil

2314 3877 2372 3931 in
2394 3878 2537 3932 libro
2549 3878 2617 3933 de
2642 3877 2943 3943 Viduitate,
2967 3894 3140 3949 quem
3162 3894 3282 3933 non
3305 3879 3487 3933 multo
3500 3881 3618 3948 post
3636 3861 3904 3929 Demetriadis

2313 3966 2800 4021 consecrationem
2847 3966 3064 4021 editum
3115 3983 3240 4021 esse
3282 3967 3457 4021 verba
3498 3966 3608 4031 illa,
3653 3958 3779 4017 modo
3809 3950 3904 4018 MP“

2315 4055 2410 4125 (De
2438 4057 2580 4110 Bono
2602 4056 2825 4121 viduit.,
2848 4072 2904 4109 n.
2933 4056 3048 4126 24),
3080 4060 3278 4126 aperte
3301 4056 3606 4110 declarant.

2385 4147 2436 4199 3.
2477 4143 2970 4198 Consecrationem
3023 4144 3403 4198 Demetriadis
3427 4144 3547 4215 jam
3586 4140 3650 4193 ab
3681 4147 3799 4189 anno
3821 4138 3903 4197 qna-

2315 4230 2763 4303 dringentesimo
2783 4232 3086 4286 undecimo
3103 4232 3314 4286 factam
3336 4233 3481 4287 velle
3504 4226 3750 4284 Baronius
3763 4217 3907 4272 videtur

2315 4322 2558 4389 (Baron,
2605 4322 2680 4375 ad
2719 4337 2920 4376 annum
2966 4324 3093 4388 413,
3140 4337 3196 4376 n.
3246 4322 3333 4392 13)
3377 4340 3396 4375 :
3440 4325 3496 4375 et
3524 4333 3649 4373 sane
3674 4315 3741 4368 ita
3762 4314 3906 4392 τιθοξὲ

2316 4410 2445 4479 erit,
2476 4409 2544 4477 si,
2575 4426 2706 4464 cum
2736 4410 2988 4481 primum
3028 4426 3156 4465 eam
3193 4390 3340 4465 vidit
3374 4406 3724 4481 Augustinus,
3748 4399 3829 4453 hoc
3846 4390 3909 4481 illa

2316 4498 2672 4569 propositum
2701 4479 2848 4554 Deus
2876 4499 3071 4570 injecit
3099 4515 3113 4554 :
3146 4499 3245 4554 sed
3272 4516 3398 4554 rem
3426 4479 3492 4552 eo
3521 4494 3677 4551 modo
3701 4479 3909 4568 ωηῑίεἰεες

2316 4587 2764 4659 haudquaquam
2810 4592 3006 4642 narrat
3050 4591 3279 4642 sanctus
3322 4587 3587 4642 Antistes.
3641 4578 3867 4636 Enimvero
3885 4577 3911 4615 ξι

2321 4675 2695 4747 Hieronymus
2744 4676 3090 4732 Demetriadi
3128 4693 3280 4731 anno
3324 4680 3563 4736 tantum,
3596 4676 3651 4726 ut
3676 4669 3774 4739 ipse

2318 4764 2447 4819 nius
2460 4765 2655 4832 tradit,
2670 4765 3239 4837 quadringentesimo
3260 4765 3486 4820 decimo
3507 4760 3681 4827 tertio,
3701 4753 3772 4809 vel
3794 4750 3912 4821 ρουιιδ

2319 4854 2539 4909 decimo
2583 4859 2785 4927 quarto
2816 4855 3075 4927 scripsit;
3107 4871 3210 4910 cur
3238 4855 3286 4909 is
3315 4853 3586 4909 dicendus
3612 4850 3694 4914 sit,
3724 4846 3772 4897 ut
3794 4839 3844 4892 de

2318 4943 2509 4997 statim
2539 4924 2618 4997 ab
2636 4943 2801 4998 initio
2828 4924 3140 5015 per—totum
3170 4949 3458 4998 terrarum
3490 4940 3674 4996 orbem
3700 4924 3912 5015 pervagata

2318 5032 2609 5099 scriberet,
2638 5033 2782 5087 duos
2810 5033 2900 5086 vel
2927 5037 3043 5087 tres
3066 5049 3245 5087 annos
3270 5035 3638 5103 exspectasse,
3665 5019 3785 5079 nihil
3810 5008 3914 5103 ιξθδ¹⁹

2318 5121 2580 5175 occurrit.
2614 5121 2987 5192 Augustinus,
3018 5127 3086 5175 ut
3101 5122 3223 5193 jam
3254 5137 3289 5175 a
3316 5100 3485 5175 nobis
3511 5119 3726 5180 dictum,
3750 5100 3910 5193 ΡΐοδΨ

2319 5226 2383 5264 ac
2431 5209 2716 5264 lulianum
2768 5210 3022 5281 primum
3067 5227 3135 5264 ex
3164 5210 3423 5283 ipsarum
3453 5206 3643 5262 litteris
3668 5185 3917 5285 cognovi?

2319 5297 2519 5368 (Epist.
2545 5300 2665 5366 188,
2678 5313 2735 5352 n.
2755 5272 2803 5369 1.)
2835 5314 2849 5351 :
2879 5297 3006 5352 illas
3022 5272 3221 5368 postea
3246 5312 3500 5368 praesens
3518 5291 3788 5365 praesentes
3807 5272 3912 5329 vidit

2312 5388 2432 5457 jam
2457 5386 2591 5441 inde
2611 5386 2680 5440 ab
2701 5402 2851 5441 anno
2871 5386 3433 5459 quadringentesimo
3455 5380 3748 5440 undecimo,
3763 5374 3810 5425 οι
3824 5374 3912 5434 φο·

2300 5475 2424 5531 tios
2450 5476 2816 5547 postmodum
2855 5475 3254 5547 Carthaginem
3304 5474 3481 5541 venit,
3511 5463 3801 5527 salutarium
3821 5463 3913 5523 Pri”
