4028 6174
138 242 245 295 469

137 360 498 432 captionum,
538 377 682 433 quas
718 377 753 415 a
787 356 909 416 "Deo
946 361 1244 431 didicerat,
1290 365 1511 421 semina
1546 365 1610 422 in
1652 383 1852 423 earum

140 453 375 522 pectora
411 465 687 521 spargere
725 465 843 505 non
882 450 1100 505 destitit
1129 470 1145 506 :
1176 451 1290 505 illas
1328 469 1462 508 vero
1494 455 1695 510 eadem
1734 473 1851 511 non

103 604 111 611 ‘
147 542 429 610 tanquam
469 537 721 593 hominis
758 538 1098 610 cujuspiam,
1127 556 1346 608 verum,
1377 541 1430 597 id
1473 543 1625 615 quod
1666 550 1848 614 erant,

149 631 426 699 tanquam
460 626 762 697 ipsiusmet
784 628 883 682 Dei
914 629 1084 683 verba
1103 644 1396 701 excepere.
1421 632 1850 689 Exhortatioues

146 715 321 782 illius,
350 715 670 785 opitulante
696 716 795 771 Dei
825 717 1029 788 gratia,
1056 718 1274 773 fructus
1303 719 1362 773 in
1391 736 1458 773 ea
1480 721 1651 775 domo
1682 739 1851 793 pepe-

142 820 274 858 rere
316 805 489 876 longe
529 805 833 860 maximos.
879 805 1109 859 Etenim
1145 806 1302 861 haud
1349 807 1430 861 ita
1472 809 1652 862 multo
1696 815 1845 879 post,

143 908 323 964 quam
343 892 690 963 Carthagine
714 892 811 946 ille
832 892 1184 957 discesserat,
1214 893 1526 949 Demetrias
1548 897 1850 967 praeceptis

139 980 249 1034 sibi
280 981 357 1035 ab
386 980 488 1034 illo
528 980 672 1035 datis
698 985 851 1036 recte
891 997 956 1035 ac
992 982 1236 1036 feliciter
1273 999 1375 1037 usa
1412 984 1847 1039 sanctimoniam

139 1069 485 1141 virginalem
516 1070 772 1141 professa
800 1074 913 1137 est;
941 1074 1285 1143 terrenoque
1322 1072 1552 1141 marito,
1583 1073 1674 1126 cui
1698 1073 1849 1143 jam-

130 1160 254 1229 jam
296 1163 429 1214 erat
473 1158 768 1225 tradenda,
818 1162 1001 1213 castos
1040 1159 1235 1230 sponsi
1272 1160 1514 1215 ccclesiis
1550 1162 1848 1232 amplexus

134 1248 492 1318 anteposuit.
537 1248 798 1302 Testatur
839 1246 1214 1317 Augustinus,
1252 1264 1320 1301 ea
1361 1248 1423 1302 in
1462 1264 1524 1303 re
1571 1265 1629 1304 se
1677 1254 1847 1321 atque

135 1335 413 1407 Alypium
440 1334 655 1407 junctis
676 1335 864 1405 operis
893 1335 1173 1390 laborasse
1193 1356 1209 1404 ;
1229 1336 1329 1391 sed
1354 1338 1514 1391 nulla
1541 1342 1703 1409 parte
1725 1340 1847 1394 laus

136 1425 263 1496 ejus
295 1427 399 1478 aut
428 1440 645 1478 merces
675 1424 975 1494 minuitur,
1004 1425 1159 1495 quod
1193 1441 1318 1480 eam
1349 1442 1479 1480 cum
1507 1427 1690 1481 amico
1728 1434 1844 1482 tam

134 1513 404 1569 unanimi
424 1517 658 1585 tamque
676 1511 880 1567 intimo
898 1513 1164 1568 habuerit
1177 1530 1562 1571 communem.
1579 1518 1711 1571 Erat
1724 1519 1845 1588 jam

136 1602 459 1658 Demetrias
497 1602 558 1657 in
598 1601 892 1672 procinctu
929 1606 992 1656 ut
1029 1602 1293 1669 nuberet,
1334 1620 1466 1658 cum
1503 1605 1845 1676 virginitatis

134 1695 337 1746 votum
375 1690 746 1762 nuncupavit.
792 1691 870 1744 De
913 1690 1022 1745 hoc
1062 1707 1233 1762 porro
1272 1692 1645 1747 nobilissima:
1690 1693 1845 1749 illius

136 1779 380 1851 virginis
400 1779 549 1834 facto
569 1778 882 1848 singularia
897 1779 1097 1843 multa,
1115 1796 1296 1851 eaque
1318 1782 1698 1852 pulcherrima
1716 1799 1844 1853 pro-

135 1869 219 1925 dit
248 1868 634 1940 Hieronymus
653 1870 922 1938 (Hieron,
943 1872 1123 1946 Epist.
1155 1871 1208 1941 8)
1233 1889 1249 1924 .-
1275 1887 1402 1942 quze
1432 1870 1662 1942 quidem
1694 1888 1845 1926 acce-

133 1963 303 2031 perat
321 1975 351 2012 a
375 1958 584 2012 sanctis
605 1956 946 2028 quibusdam
969 1973 1034 2011 ac
1053 1957 1343 2012 nobilibus
1363 1960 1612 2026 feminis,
1635 1961 1844 2031 quibus

137 2065 207 2103 ex
227 2046 430 2104 Galliis
458 2047 534 2101 ob
559 2045 793 2101 hostiles
814 2045 1291 2117 depopulationes
1313 2048 1587 2102 excedere
1608 2049 1839 2111 coactis,

138 2141 197 2193 et
222 2152 332 2209 per
359 2135 633 2203 Africam,
667 2139 733 2188 ut
758 2134 1107 2207 Jerosolyma
1137 2140 1412 2207 peterent,
1450 2136 1559 2191 iter
1587 2137 1840 2191 facienti-

138 2227 269 2295 bus,
299 2225 383 2281 ibi
424 2223 842 2279 Demetriadem
871 2223 1065 2279 videre
1101 2224 1433 2295 contigerat.
1468 2225 1843 2281 Demetriadis

140 2316 320 2387 igitur
356 2314 533 2385 capiti
570 2313 901 2368 ﬂammeum
943 2313 1039 2376 (sic
1076 2317 1240 2367 vocat
1276 2316 1502 2368 sanctus
1540 2314 1838 2385 Presbyter

138 2402 486 2474 virginitatis
503 2402 743 2473 insigne)
762 2407 894 2473 post
913 2402 1235 2456 invocatum
1262 2401 1363 2456 Dei
1383 2418 1592 2457 nomen
1614 2403 1842 2473 publice

140 2490 420 2562 imposuit
449 2489 703 2562 pontifex
734 2490 806 2561 (is
838 2490 949 2544 fuit
971 2490 1238 2545 Aurelius
1276 2490 1577 2563 episcopus
1608 2493 1840 2547 Cartha-

143 2579 437 2653 giuensis),
481 2584 538 2634 et
575 2583 785 2633 castam
822 2578 978 2635 illam
1018 2578 1300 2651 virginem
1340 2580 1560 2636 Christo
1598 2581 1842 2637 Domino

140 2668 490 2725 consecravit
513 2667 723 2739 (Ibid).

205 2761 258 2814 4.
296 2759 679 2830 Nequaquam
720 2755 902 2810 Proba
943 2772 1007 2811 ac
1042 2756 1267 2811 Iuliana
1309 2757 1661 2820 commisere,
1703 2759 1843 2831 quin

142 2846 521 2903 Demetriadis
538 2845 893 2918 propositum
916 2861 1019 2917 per
1044 2845 1261 2899 litteras
1289 2846 1609 2918 Augustino
1630 2846 1844 2918 signiﬁ-
1876 2881 1886 2886 -

139 2940 333 2991 carent
363 2936 568 3006 (Epist.
605 2937 751 3006 150),
782 2934 950 3005 eique
979 2934 1236 2988 muneris
1256 2934 1471 3007 aliquid
1495 2935 1553 2989 in
1579 2936 1845 2991 solemni-

137 3024 286 3093 tatis,
310 3040 431 3096 qua
455 3025 637 3078 velata
657 3023 754 3078 illa
774 3023 980 3090 fuerat,
1001 3022 1396 3077 testimonium
1419 3023 1731 3092 mitterent,
1754 3024 1841 3078 in-

137 3128 277 3185 gens
295 3112 445 3166 illud
470 3111 570 3166 Dei
589 3112 951 3174 beneﬁcium,
973 3111 1431 3165 exhortationum
1452 3111 1576 3182 ejus
1595 3112 1842 3166 fructum

137 3216 258 3257 esse
283 3200 624 3273 proﬁtentes
666 3201 1022 3271 (Epist._l43,
1065 3216 1121 3255 n.
1160 3200 1229 3270 1).
1282 3200 1601 3255 Antevertit
1645 3216 1842 3254 earum

139 3290 383 3362 epistola
421 3288 769 3343 celeritatem
802 3289 999 3355 fama;
1032 3291 1341 3360 sanctoque
1379 3287 1696 3360 Augustino
1724 3293 1843 3342 tam

140 3381 305 3434 latus
329 3378 575 3432 nuntius
603 3382 735 3432 ante
760 3392 1017 3431 securam
1047 3376 1239 3432 attulit
1268 3377 1643 3448 voluptatem,
1669 3392 1840 3447 quam

138 3469 205 3524 de
234 3456 482 3522 xeritate
519 3466 671 3520 illius
696 3466 958 3521 dubitare
990 3465 1323 3537 contigisset
1353 3484 1369 3519 :
1402 3465 1557 3536 quod
1586 3466 1841 3536 profecto

138 3559 406 3611 futurum
433 3559 576 3624 erat,
596 3554 643 3608 si
662 3569 782 3609 rem
816 3557 1041 3608 tantum
1072 3553 1317 3624 vulgatis
1345 3554 1675 3608 rumoribus
1692 3569 1845 3607 acce-

140 3645 336 3716 pisset.
365 3644 589 3708 Quanta
606 3646 797 3697 autem
811 3641 1011 3696 laetitia
1031 3646 1288 3695 sanctum
1301 3641 1626 3696 Antistitem
1640 3641 1845 3713 ingens

141 3733 286 3789 illud
310 3732 513 3804 gratia:
533 3730 872 3786 miraculum
890 3729 1231 3800 perfuderit,
1253 3729 1394 3784 scire
1416 3729 1689 3801 cupienti,
1712 3730 1845 3784 satis

140 3821 323 3876 fuerit
350 3820 672 3891 epistolam,
704 3835 877 3890 quam
906 3835 973 3872 ea
1001 3819 1071 3874 de
1101 3835 1161 3872 re
1188 3818 1259 3873 ad
1290 3819 1529 3873 Probam
1549 3823 1720 3890 atque
1748 3820 1844 3872 Ju-

147 3910 365 3964 lianam
398 3908 625 3963 circiter
651 3907 879 3964 initium
902 3907 1042 3961 anni
1065 3907 1617 3979 quadringentesimi
1645 3907 1847 3962 decimi

146 3998 344 4071 quarti
365 3996 614 4067 scripsit,
635 3998 929 4068 perlegere
952 3996 1152 4067 (Epist.
1173 3997 1691 4068 l50).Quocumque
1715 3998 1847 4051 Pro-

151 4086 239 4141 bae
271 4101 485 4140 nomen
518 4089 874 4156 pervenerat,
902 4084 1010 4137 hoc
1040 4087 1124 4138 est
1152 4083 1210 4137 in
1240 4083 1505 4154 regiones
1531 4084 1842 4150 universas,

132 4174 523 4246 'virginitatis,
577 4188 750 4244 quam
796 4172 1051 4245 professa
1092 4171 1407 4227 Demetrias
1449 4173 1652 4239 fuerat,
1695 4173 1847 4227 fama

148 4264 374 4335 perlata
403 4266 488 4317 est
525 4262 732 4332 (Ibid.).
765 4263 978 4320 Cunctae
1000 4277 1100 4331 per
1134 4263 1388 4326 Africam
1423 4262 1691 4323 Ecclesiae,
1728 4260 1849 4315 Hie-

148 4351 383 4423 ronymi
415 4351 586 4406 verba
616 4355 766 4417 sunt,
797 4350 1033 4420 quodam
1060 4350 1395 4405 essultavere
1422 4348 1665 4418 tripudio
1692 4366 1708 4402 :
1742 4363 1849 4402 non

149 4442 325 4497 solum
355 4440 433 4494 ad
459 4440 632 4504 urbes,
670 4439 893 4510 oppida,
923 4440 1250 4508 viculosque,
1273 4438 1369 4493 sed
1396 4437 1470 4492 ad
1497 4439 1620 4507 ipsa
1643 4452 1851 4507 quoque

148 4531 416 4599 magalia,
447 4529 669 4584 celebris
691 4531 846 4596 fama
871 4529 1190 4598 penetravit.
1214 4528 1404 4583 Omnes
1430 4529 1574 4581 inter
1595 4525 1850 4592 Africam

150 4619 483 4687 Italiamque
514 4618 708 4672 insulae
749 4617 842 4671 hoc
878 4630 1093 4670 mmora
1127 4615 1396 4684 completa
1432 4618 1579 4682 sunt,
1619 4618 1670 4668 et
1704 4615 1847 4681 inof-

151 4710 307 4774 fenso
348 4705 491 4776 pede
541 4706 751 4774 longius
790 4704 1000 4772 gaudia
1048 4719 1347 4759 cucurrere.
1392 4704 1549 4760 Idem
1594 4702 1851 4775 proxime
1890 4692 1899 4700 ’

156 4800 337 4851 ante:
375 4796 546 4862 Quasi
589 4809 657 4848 ea:
691 4794 876 4849 radice
914 4793 1172 4861 fecunda,
1212 4792 1421 4864 inquit,
1464 4794 1646 4848 multa
1690 4792 1854 4847 simul

154 4887 401 4955 virgines
429 4886 793 4956 pullularunt,
825 4884 1230 4955 exemplumque
1254 4888 1499 4953 patronae
1539 4888 1590 4938 et
1625 4882 1853 4937 dominae

154 4976 312 5046 (quas
360 4978 493 5028 vota
523 4978 689 5028 erant
714 4972 1017 5044 Augustini
1050 4971 1261 5045 [Ibid.])
1288 4977 1469 5028 secuta
1496 4979 1571 5027 est
1604 4973 1854 5027 clientum

151 5064 320 5119 turba
351 5068 518 5133 atque
545 5063 880 5129 famularum
919 5063 1178 5132 (Hierom,
1208 5064 1385 5132 Epist.
1419 5065 1488 5125 8).
1523 5062 1707 5126 Quare
1735 5076 1853 5115 non

151 5151 452 5207 immerito
495 5150 848 5223 Augustinus
892 5150 1132 5205 Julianae
1176 5150 1411 5206 domum
1457 5166 1576 5204 non
1619 5165 1851 5221 parvam

156 5241 371 5298 Christi
401 5240 700 5295 ecclesiam
732 5255 852 5294 esse
894 5239 1032 5293 dicit
1076 5241 1272 5310 (Epist.
1309 5243 1432 5307 I88,
1477 5255 1532 5293 n.
1580 5238 1652 5309 3),
1703 5238 1852 5307 ejus-

154 5345 270 5402 que
299 5329 584 5385 familiam
614 5328 751 5383 alibi
774 5328 1143 5384 domesticam
1172 5328 1463 5384 ecclesiam
1495 5327 1746 5398 appellat
1766 5328 1853 5395 (De

152 5421 296 5474 Bono
326 5418 557 5484 ciduit.,
588 5433 642 5471 η.
674 5417 783 5485 29).

223 5511 281 5561 5.
313 5505 518 5563 Paucis
559 5509 685 5578 post
738 5504 961 5575 diebus,
991 5519 1162 5577 quam
1210 5504 1522 5561 Demetrias
1561 5504 1856 5559 sanctioris

1622 246 1834 303 LIBER
1892 248 2254 307 SEPTIMUS.

3551 266 3657 318 470

1964 372 2090 427 vitae
2119 372 2443 428 institutum
2474 379 2620 430 esset
2647 378 2923 446 professa,
2955 378 3025 432 ad
3055 383 3296 436 matrem
3327 382 3449 453 ejus
3475 385 3652 440 Julia-
3758 422 3775 429 -

1962 476 2094 514 nam
2126 460 2337 525 librum
2367 478 2463 516 seu
2507 464 2804 535 epistolam
2835 466 2903 520 de
2934 468 3089 521 Bono
3115 468 3406 524 viduitatis
3434 472 3656 542 scripsit

1958 550 2332 620 Augustinus.
2365 551 2429 604 Id
2476 568 2607 606 eum
2644 553 2871 607 Iuliana
2910 571 3100 609 coram
3144 563 3466 629 rogaverat,
3495 577 3654 614 cum-

1960 652 2071 707 que
2126 639 2173 691 is
2237 642 2443 692 sanctas
2507 640 2736 695 femina1
2801 642 3076 714 refragari
3127 662 3191 699 ac
3239 662 3480 701 renuere
3538 665 3654 703 non

1957 726 2244 792 valuisset,
2277 726 2397 781 haec
2427 744 2558 781 eum
2590 745 2691 799 per
2728 729 2944 783 litteras
2973 748 3120 803 saepe
3151 734 3359 803 saepius
3388 737 3655 806 promissi

1958 814 2350 869 admonuerat.
2382 816 2565 885 Igitur
2602 818 2823 887 aliquot
2852 819 3018 872 horas
3057 821 3264 891 ipsum,
3300 825 3509 893 quibus
3540 826 3652 880 dis-

1956 904 2337 973 tringebatur,
2370 906 2837 977 occupationibus
2876 908 3142 962 suﬁ’urari
3185 912 3457 980 oportuit,
3500 913 3653 967 illius

1956 995 2021 1045 ut
2049 993 2325 1046 voluntati
2357 994 2724 1048 satisfaceret.
2752 995 2894 1048 Illud
2918 1000 3109 1050 autem
3140 998 3245 1052 hoc
3266 999 3325 1052 in
3355 1016 3523 1071 opere
3546 1002 3652 1056 sibi

1956 1080 2276 1150 proposuit,
2310 1081 2585 1136 nimirum
2617 1087 2671 1136 et
2700 1083 2901 1137 docere
2930 1102 3031 1137 sua
3061 1086 3247 1140 ofﬁcia
3274 1088 3470 1142 viduas
3500 1090 3649 1144 chri-

1958 1166 2186 1235 stianas,
2222 1174 2278 1222 et
2308 1185 2402 1222 eas
2429 1171 2494 1224 ad
2522 1171 2761 1237 bonum,
2786 1174 2938 1242 quod
2967 1174 3065 1227 abs
3096 1190 3152 1227 se
3178 1176 3498 1231 faciendum
3529 1194 3651 1233 esse

1957 1256 2239 1324 noverint,
2282 1258 2537 1311 animose
2581 1263 2750 1329 atque
2793 1260 3053 1315 alacriter
3090 1263 3511 1333 suscipiendum
3550 1267 3649 1321 ad-

1955 1343 2192 1399 hortari.
2223 1345 2562 1416 Quanquam
2595 1347 2748 1401 enim
2776 1347 2843 1401 ad
2876 1349 3161 1404 Julianam
3193 1352 3391 1422 solam,
3421 1369 3533 1407 non
3565 1360 3650 1409 ta-

1956 1448 2089 1487 men
2119 1434 2225 1487 soli
2254 1434 2513 1499 Julianae,
2547 1441 2646 1489 aut
2675 1451 2803 1506 quae
2854 1437 2913 1489 in
2946 1438 3067 1507 ejus
3106 1442 3227 1492 erat
3255 1442 3649 1509 contubernio,

1956 1520 2144 1575 socrui
2175 1523 2375 1576 Probae
2403 1523 2672 1577 Faltoniae
2702 1525 3013 1592 scribebat;
3043 1526 3140 1580 sed
3169 1531 3225 1579 et
3256 1527 3438 1581 viduis
3468 1530 3654 1583 omni-

1954 1609 2080 1675 bus,
2135 1626 2264 1681 que:
2315 1612 2462 1666 hanc
2520 1613 2643 1683 ejus
2700 1614 3156 1668 lucubrationem
3212 1621 3375 1669 erant
3419 1618 3652 1672 lectura:

1956 1698 2143 1768 (Ibid,
2173 1715 2229 1753 η.
2286 1699 2353 1756 li.
2405 1699 2487 1755 Ibi
2534 1700 2683 1755 inter
2721 1706 2927 1756 caetera
2962 1702 3020 1757 id
3050 1702 3412 1773 potissimum
3455 1707 3655 1760 suadet

1954 1787 2217 1851 Julianaa,
2250 1788 2706 1844 adversariorum
2738 1791 2940 1860 gratias
2980 1791 3187 1845 Christi
3216 1792 3537 1861 perniciosa
3563 1794 3651 1849 fu-

1954 1890 2088 1945 gere
2117 1876 2402 1946 colloquia
2435 1878 2617 1946 (Ibid,
2650 1895 2704 1933 τι.
2733 1879 2839 1947 21).

2024 1968 2081 2018 6.
2127 1965 2270 2017 Tum
2301 1980 2431 2019 vero
2468 1981 2598 2019 cum
2642 1966 2979 2020 illustriores
3010 1966 3267 2021 Ecclesia
3306 1967 3413 2022 viri
3449 1971 3643 2024 Deme-

1952 2052 2218 2118 triadem,
2260 2054 2329 2107 ab
2375 2054 2500 2108 avia
2538 2058 2596 2108 et
2632 2071 2664 2109 a
2702 2059 2884 2109 matre
2933 2055 3057 2125 ejus
3100 2056 3306 2126 rogati,
3354 2059 3651 2128 praeceptis

1952 2141 2265 2196 informare
2308 2158 2372 2196 ac
2415 2142 2476 2196 in
2518 2146 2710 2197 sancto
2751 2144 3044 2213 proposito
3081 2145 3419 2200 conﬁrmare
3458 2146 3648 2201 stude-

1953 2232 2110 2293 rent;
2146 2229 2407 2299 Pelagius
2446 2247 2675 2301 quoque
2706 2231 2811 2284 sibi
2843 2232 3035 2285 deesse
3074 2233 3276 2298 noluit,
3312 2233 3450 2304 quin
3480 2234 3650 2288 haece

1953 2317 2283 2389 colligendae
2312 2317 2479 2373 famae
2519 2319 2807 2389 simulque
2839 2320 3099 2374 tradendi
3136 2321 3222 2373 sui
3253 2322 3463 2375 erroris
3491 2338 3649 2376 occa-

1955 2407 2114 2461 sione
2154 2411 2429 2462 uteretur.
2465 2407 2777 2478 Epistolam
2825 2424 2961 2479 ergo
2994 2414 3050 2464 et
3089 2409 3209 2481 ipse
3256 2410 3463 2464 nobilis
3499 2410 3651 2464 illius

1952 2495 2192 2566 virginis
2220 2495 2586 2551 instituenda!
2614 2513 2782 2551 causa
2806 2514 2929 2552 eam
2954 2499 3198 2570 scripsit,
3222 2516 3349 2570 qum
3379 2499 3438 2553 in
3463 2501 3652 2570 Augu-

1954 2584 2328 2639 stinianarum
2378 2586 2710 2655 appendice,
2743 2586 3042 2657 incipiens,
3074 2588 3135 2643 Si
3171 2603 3374 2642 summo
3413 2591 3648 2657 ingenio,

1952 2672 2306 2743 conspicitur
2346 2674 2650 2742 (Append.,
2682 2676 2857 2742 Epist.
2908 2678 3014 2741 l7).
3049 2675 3203 2728 Inter
3240 2690 3307 2728 ea
3342 2680 3648 2747 praecepta,

1954 2762 2162 2832 quibus
2195 2761 2613 2816 Demetriadem
2632 2761 2862 2815 instruit
2890 2762 3168 2832 Pelagius,
3194 2761 3251 2816 id
3275 2778 3401 2817 eam
3430 2770 3646 2829 monet,

1955 2855 2019 2904 ut
2047 2850 2153 2903 sibi
2180 2849 2239 2902 in
2272 2849 2436 2913 Urbe,
2481 2865 2609 2919 quae
2640 2865 2745 2901 vox
2786 2850 3028 2903 Romam
3074 2850 3304 2920 proprie
3343 2850 3645 2920 signiﬁcat,

1952 2937 2321 2992 solitudinem
2338 2936 2603 2991 instituat
2633 2937 2815 3003 (Ibid,
2850 2952 2969 3007 cap.
3002 2939 3112 3004 23).
3137 2939 3201 2991 Et
3229 2942 3400 3005 certe,
3424 2938 3646 3008 quomi-

1952 3043 2059 3082 nus
2089 3042 2154 3080 eo
2187 3026 2367 3080 Proba
2389 3025 2512 3096 jam
2542 3029 2664 3079 tum
2695 3040 2921 3079 reversa
2951 3025 3145 3095 fuerit,
3180 3026 3325 3079 nihil
3356 3026 3641 3097 prohibet.

1950 3115 2220 3169 Videmus
2238 3114 2436 3168 saltem
2458 3114 2529 3167 ab
2552 3113 2900 3183 Hieronymo
2925 3114 3366 3181 Demetriadem,
3392 3118 3453 3168 ut
3474 3114 3648 3169 ﬁdem

1953 3202 2274 3258 Innocentii
2303 3206 2596 3273 sequatur,
2640 3202 2971 3269 admoneri;
3004 3203 3160 3257 nulla
3200 3203 3428 3257 interim
3459 3220 3646 3274 neque

1951 3278 2186 3357 Aurelii,
2242 3306 2429 3362 neque
2481 3291 2804 3362 Augustini,
2851 3290 3142 3345 mentione
3189 3292 3334 3345 facta
3383 3292 3644 3361 (Hieron,

1953 3381 2132 3449 Epist.
2165 3377 2239 3449 8).
2257 3381 2508 3449 Apparet
2534 3377 2787 3450 insuper,
2812 3378 3067 3449 epistolae
3097 3377 3414 3448 Pelagianae
3435 3377 3647 3431 famam

1954 3468 2022 3522 ad
2053 3466 2434 3537 Augustinum
2461 3482 2826 3537 nequaquam
2858 3471 2989 3519 ante
3016 3481 3230 3519 annum
3260 3465 3645 3535 quadringen-

1954 3554 2222 3611 tesimum
2263 3554 2548 3608 decimum
2594 3559 2817 3608 sextum
2864 3557 2962 3607 aut
3006 3553 3291 3607 decimum
3341 3553 3647 3623 septimum

1953 3642 2281 3714 pervenisse
2314 3658 2326 3695 :
2360 3642 2510 3711 quod
2532 3641 2787 3713 quidem,
2819 3641 2865 3695 si
2892 3657 3118 3711 semper
3142 3641 3202 3695 in
3220 3641 3407 3694 Africa.
3425 3656 3648 3695 reman-

1954 3732 2119 3785 sisset
2142 3729 2473 3799 Demetrias,
2492 3729 2581 3784 vix
2605 3729 2727 3783 ﬁeri
2760 3730 3051 3801 potuisset.
3091 3730 3236 3784 Illud
3263 3730 3461 3784 saltem
3491 3733 3648 3783 extra
3701 3770 3708 3779 .

1956 3820 2216 3884 dubium,
2239 3819 2386 3872 hanc
2417 3818 2716 3889 epistolam
2746 3817 2935 3889 ipsum
2966 3818 3196 3871 nonnisi
3216 3823 3342 3888 post
3371 3818 3647 3889 synodum

1954 3907 2337 3973 Palaestinam,
2370 3922 2499 3977 quae
2535 3909 2759 3960 tantum
2791 3905 2895 3959 sub
2926 3906 3061 3959 anni
3102 3905 3649 3976 quadringentesimi

1955 3995 2161 4052 decimi
2195 3995 2385 4067 quinti
2415 3996 2591 4049 ﬁnem
2633 3994 2913 4049 celebrata
2952 3999 3051 4060 est,
3085 3993 3440 4065 conspexisse
3475 4009 3486 4047 :
3519 4009 3650 4047 cum

1955 4085 2024 4153 is,
2058 4101 2129 4139 an
2159 4088 2291 4139 ante
2342 4084 2626 4155 synodum
2671 4083 2849 4150 illam,
2900 4098 2973 4137 an
3000 4098 3151 4137 vero
3196 4087 3397 4153 postea
3443 4082 3650 4152 scripta

1955 4174 2148 4240 fuerit,
2188 4172 2444 4244 ambigat
2474 4175 2567 4243 (De
2598 4172 2791 4229 Gratia
2822 4173 3046 4239 Christi,
3073 4187 3126 4225 η.
3159 4174 3269 4239 23).
3302 4169 3649 4240 Augustinus

1957 4263 2255 4334 epistolam
2280 4262 2427 4315 hanc
2458 4261 2603 4315 forte
2625 4261 2744 4331 jam
2766 4260 3003 4323 viderat,
3030 4275 3158 4313 cum
3180 4260 3298 4328 ipse
3321 4262 3488 4327 atque
3515 4256 3647 4326 Aly-

1954 4352 2085 4423 pius
2114 4349 2490 4405 Demetriadis
2528 4353 2770 4403 matrem
2809 4350 3171 4410 admonuere,
3206 4361 3277 4399 ne
3308 4360 3472 4399 aures
3499 4359 3647 4416 prte-

1957 4440 2116 4495 beret
2142 4438 2211 4492 iis
2241 4438 2593 4503 hominibus,
2626 4437 2727 4509 qui
2771 4437 2942 4492 ﬁdem
2985 4433 3342 4490 sermonibus
3373 4433 3489 4487 suis
3520 4449 3649 4487 cor-

1957 4526 2303 4598 rumpebant
2331 4529 2527 4597 (Epist.
2562 4529 2684 4591 188,
2718 4542 2774 4580 η.
2804 4528 2885 4597 2).
2925 4523 3147 4579 Iuliana
3178 4521 3491 4593 plurimum
3536 4521 3650 4575 illis

1960 4616 2031 4671 ob
2081 4616 2292 4671 hancce
2338 4615 2785 4670 admonitionem
2832 4613 3036 4668 debere
3066 4627 3123 4664 se
3168 4609 3493 4679 rescripsit;
3524 4624 3649 4663 eos-

1959 4706 2206 4777 demque
2231 4705 2499 4760 certiores
2524 4704 2677 4770 fecit,
2700 4700 2980 4774 ejusmodi
3002 4698 3265 4753 homines
3283 4697 3389 4752 sibi
3411 4698 3650 4768 perinde

1960 4810 2024 4849 ac
2054 4794 2169 4849 suis
2200 4794 2411 4849 invisos
2460 4810 2610 4859 esse;
2643 4791 2890 4860 denique
2919 4787 3194 4843 familiam
3222 4803 3384 4841 suam
3421 4802 3649 4841 omnem

1961 4897 2189 4954 semper
2215 4899 2396 4954 usque
2426 4882 2567 4936 adeo
2596 4879 2767 4934 fuisse
2797 4877 3141 4931 retinentem
3171 4875 3462 4930 catholica?
3493 4874 3647 4937 ﬁdei,

1961 4977 2025 5027 ut
2052 4972 2113 5026 in
2138 4989 2204 5027 ea
2232 4972 2425 5026 nullus
2453 4984 2711 5039 unquam
2732 4967 2933 5021 hazresi
2962 4966 3087 5035 ulli,
3108 4982 3180 5020 ne
3205 4964 3503 5020 levissimae
3524 4960 3649 5032 qui-

1960 5040 2113 5127 dem,
2146 5060 2464 5116 adhaeserit.
2501 5057 2874 5113 Commodum
2905 5054 3127 5121 accidit,
3159 5059 3223 5109 ut
3249 5053 3483 5125 Alypius
3513 5050 3650 5120 Hip-

1960 5165 2111 5221 pone
2144 5153 2309 5216 esset,
2355 5163 2468 5218 quo
2510 5149 2770 5216 tempore
2799 5142 3093 5215 responsio
3138 5143 3236 5197 illa
3266 5142 3505 5197 Iuliana:
3533 5140 3648 5191 Au—

1960 5237 2189 5308 gustino
2220 5235 2440 5290 reddita
2474 5238 2573 5288 est.
2624 5233 2983 5305 Quapropter
3022 5232 3076 5286 ei
3105 5230 3376 5301 rescripta
3412 5226 3648 5297 conjun-

1961 5325 2094 5380 ctim
2132 5339 2232 5379 suo
2269 5323 2505 5378 nomine
2537 5322 2813 5378 miserunt
2857 5322 3041 5393 (Ibid,
3068 5337 3122 5375 η.
3174 5319 3242 5389 1).
3277 5319 3354 5370 Ac
3397 5314 3648 5385 primum

1962 5413 2192 5485 quidem
2211 5412 2515 5478 afﬁrmant,
2540 5429 2671 5467 cum
2687 5427 2918 5484 operam
2941 5408 3180 5464 suamad
3202 5403 3650 5477 promovendam

1966 5503 2101 5557 ﬁlim
2147 5501 2328 5573 ipsius
2366 5502 2711 5558 Demetriadi
2758 5500 3101 5557 velationem
3148 5491 3531 5559 adhibuerint,
3569 5491 3651 5548 in-
