  <div class='ocr_page' id='page_1' title='image "/cluster/home/n/w/nwhite01/storage/ocr_20150623/32/hvd.32044096580550/255.png"; bbox 0 0 4038 6182; ppageno 0'>
   <div class='ocr_carea' id='block_1_1' title="bbox 425 222 2131 299">
    <p class='ocr_par' dir='ltr' id='par_1_1' title="bbox 425 228 2131 299">
     <span class='ocr_line' id='line_1_1' title="bbox 425 228 2131 299; baseline -0.009 -1"><span class='ocrx_word' id='word_1_1' title='bbox 425 245 520 299; x_wconf 72' lang='grc'>471</span> <span class='ocrx_word' id='word_1_2' title='bbox 1635 233 1806 286; x_wconf 85' lang='lat' dir='ltr'>Vl&#39;l‘A</span> <span class='ocrx_word' id='word_1_3' title='bbox 1846 231 1880 284; x_wconf 88' lang='lat' dir='ltr'><strong>S</strong></span> <span class='ocrx_word' id='word_1_4' title='bbox 1894 270 1906 283; x_wconf 91' lang='lat'>.</span> <span class='ocrx_word' id='word_1_5' title='bbox 1954 228 2131 284; x_wconf 84' lang='lat' dir='ltr'>AUGl</span> 
     </span>
    </p>
   </div>
   <div class='ocr_carea' id='block_1_2' title="bbox 2240 222 3840 299">
    <p class='ocr_par' dir='ltr' id='par_1_2' title="bbox 2240 222 3840 281">
     <span class='ocr_line' id='line_1_2' title="bbox 2240 222 3840 281; baseline -0.004 0"><span class='ocrx_word' id='word_1_6' title='bbox 2240 227 2310 281; x_wconf 84' lang='grc' dir='ltr'>ΙΝ</span> <span class='ocrx_word' id='word_1_7' title='bbox 2317 228 2338 280; x_wconf 89' lang='grc' dir='ltr'>Ι</span> <span class='ocrx_word' id='word_1_8' title='bbox 2379 222 2714 279; x_wconf 84' lang='lat' dir='ltr'>EPISCOPI.</span> <span class='ocrx_word' id='word_1_9' title='bbox 3763 226 3840 276; x_wconf 64' lang='lat' dir='ltr'>iii</span> 
     </span>
    </p>
   </div>
   <div class='ocr_carea' id='block_1_3' title="bbox 425 353 2118 436">
    <p class='ocr_par' dir='ltr' id='par_1_3' title="bbox 425 353 2118 436">
     <span class='ocr_line' id='line_1_3' title="bbox 425 353 2118 436; baseline -0.009 -16"><span class='ocrx_word' id='word_1_10' title='bbox 425 366 629 436; x_wconf 90' lang='lat' dir='ltr'>iquum</span> <span class='ocrx_word' id='word_1_11' title='bbox 656 363 841 416; x_wconf 88' lang='lat' dir='ltr'>visum</span> <span class='ocrx_word' id='word_1_12' title='bbox 875 361 948 414; x_wconf 91' lang='lat' dir='ltr'>iri</span> <span class='ocrx_word' id='word_1_13' title='bbox 975 359 1212 424; x_wconf 84' lang='lat' dir='ltr'>nemini,</span> <span class='ocrx_word' id='word_1_14' title='bbox 1257 353 1302 411; x_wconf 84' lang='lat' dir='ltr'>si</span> <span class='ocrx_word' id='word_1_15' title='bbox 1332 357 1388 412; x_wconf 97' lang='lat' dir='ltr'>id</span> <span class='ocrx_word' id='word_1_16' title='bbox 1429 357 1537 410; x_wconf 89' lang='lat' dir='ltr'>sibi</span> <span class='ocrx_word' id='word_1_17' title='bbox 1559 355 1705 426; x_wconf 85' lang='lat' dir='ltr'>juris</span> <span class='ocrx_word' id='word_1_18' title='bbox 1748 367 1972 408; x_wconf 85' lang='lat' dir='ltr'>sumere</span> <span class='ocrx_word' id='word_1_19' title='bbox 2001 365 2118 404; x_wconf 92' lang='lat' dir='ltr'>non</span> 
     </span>
    </p>
   </div>
   <div class='ocr_carea' id='block_1_4' title="bbox 425 440 2120 518">
    <p class='ocr_par' dir='ltr' id='par_1_4' title="bbox 425 440 2120 518">
     <span class='ocr_line' id='line_1_4' title="bbox 425 440 2120 518; baseline -0.009 -11"><span class='ocrx_word' id='word_1_20' title='bbox 425 451 708 516; x_wconf 82' lang='lat' dir='ltr'>dubitent,</span> <span class='ocrx_word' id='word_1_21' title='bbox 731 453 796 504; x_wconf 89' lang='lat' dir='ltr'>ut</span> <span class='ocrx_word' id='word_1_22' title='bbox 815 448 966 518; x_wconf 89' lang='lat' dir='ltr'>ipsas</span> <span class='ocrx_word' id='word_1_23' title='bbox 996 447 1065 501; x_wconf 92' lang='lat' dir='ltr'>de</span> <span class='ocrx_word' id='word_1_24' title='bbox 1091 463 1192 500; x_wconf 91' lang='lat' dir='ltr'>sua</span> <span class='ocrx_word' id='word_1_25' title='bbox 1221 446 1423 510; x_wconf 88' lang='lat' dir='ltr'>salute,</span> <span class='ocrx_word' id='word_1_26' title='bbox 1453 460 1517 498; x_wconf 90' lang='lat' dir='ltr'>ac</span> <span class='ocrx_word' id='word_1_27' title='bbox 1541 444 1610 497; x_wconf 92' lang='lat' dir='ltr'>de</span> <span class='ocrx_word' id='word_1_28' title='bbox 1637 442 1844 513; x_wconf 79' lang='lat' dir='ltr'>gratia</span> <span class='ocrx_word' id='word_1_29' title='bbox 1862 440 2120 494; x_wconf 88' lang='lat' dir='ltr'>adversa-</span> 
     </span>
    </p>
   </div>
   <div class='ocr_carea' id='block_1_5' title="bbox 424 529 2118 601">
    <p class='ocr_par' dir='ltr' id='par_1_5' title="bbox 424 529 2118 601">
     <span class='ocr_line' id='line_1_5' title="bbox 424 529 2118 601; baseline -0.008 -8"><span class='ocrx_word' id='word_1_30' title='bbox 424 539 522 594; x_wconf 89' lang='lat' dir='ltr'>riis</span> <span class='ocrx_word' id='word_1_31' title='bbox 552 535 1084 592; x_wconf 87' lang='lat' dir='ltr'>commonefaciant.</span> <span class='ocrx_word' id='word_1_32' title='bbox 1128 535 1271 588; x_wconf 90' lang='lat' dir='ltr'>Tum</span> <span class='ocrx_word' id='word_1_33' title='bbox 1302 549 1429 587; x_wconf 88' lang='lat' dir='ltr'>eam</span> <span class='ocrx_word' id='word_1_34' title='bbox 1460 535 1660 601; x_wconf 89' lang='lat' dir='ltr'>rogant</span> <span class='ocrx_word' id='word_1_35' title='bbox 1699 531 1768 584; x_wconf 94' lang='lat' dir='ltr'>de</span> <span class='ocrx_word' id='word_1_36' title='bbox 1801 529 1946 582; x_wconf 90' lang='lat' dir='ltr'>libro</span> <span class='ocrx_word' id='word_1_37' title='bbox 1975 543 2118 598; x_wconf 87' lang='lat' dir='ltr'>quo-</span> 
     </span>
    </p>
   </div>
   <div class='ocr_carea' id='block_1_6' title="bbox 423 616 2120 692">
    <p class='ocr_par' dir='ltr' id='par_1_6' title="bbox 423 616 2120 692">
     <span class='ocr_line' id='line_1_6' title="bbox 423 616 2120 692; baseline -0.008 -11"><span class='ocrx_word' id='word_1_38' title='bbox 423 628 556 682; x_wconf 89' lang='lat' dir='ltr'>dam</span> <span class='ocrx_word' id='word_1_39' title='bbox 607 623 953 680; x_wconf 85' lang='lat' dir='ltr'>Demetriadi</span> <span class='ocrx_word' id='word_1_40' title='bbox 998 621 1292 692; x_wconf 86' lang='lat' dir='ltr'>inscripto,</span> <span class='ocrx_word' id='word_1_41' title='bbox 1344 635 1569 674; x_wconf 86' lang='lat' dir='ltr'>necnon</span> <span class='ocrx_word' id='word_1_42' title='bbox 1616 616 1906 672; x_wconf 88' lang='lat' dir='ltr'>erroribus</span> <span class='ocrx_word' id='word_1_43' title='bbox 1953 616 2120 684; x_wconf 88' lang='lat' dir='ltr'>longe</span> 
     </span>
    </p>
   </div>
   <div class='ocr_carea' id='block_1_7' title="bbox 422 702 2123 786">
    <p class='ocr_par' dir='ltr' id='par_1_7' title="bbox 422 702 2123 786">
     <span class='ocr_line' id='line_1_7' title="bbox 422 702 2123 786; baseline -0.008 -17"><span class='ocrx_word' id='word_1_44' title='bbox 422 711 918 786; x_wconf 88' lang='lat' dir='ltr'>periculosissimis</span> <span class='ocrx_word' id='word_1_45' title='bbox 963 711 1190 775; x_wconf 88' lang='lat' dir='ltr'>referto,</span> <span class='ocrx_word' id='word_1_46' title='bbox 1231 707 1339 762; x_wconf 87' lang='lat' dir='ltr'>sibi</span> <span class='ocrx_word' id='word_1_47' title='bbox 1385 706 1628 773; x_wconf 83' lang='lat' dir='ltr'>nuntiet,</span> <span class='ocrx_word' id='word_1_48' title='bbox 1672 722 1746 758; x_wconf 90' lang='lat' dir='ltr'>an</span> <span class='ocrx_word' id='word_1_49' title='bbox 1795 704 1956 758; x_wconf 90' lang='lat' dir='ltr'>illum</span> <span class='ocrx_word' id='word_1_50' title='bbox 1999 702 2123 772; x_wconf 86' lang='lat' dir='ltr'>ipsa</span> 
     </span>
    </p>
   </div>
   <div class='ocr_carea' id='block_1_8' title="bbox 2229 341 3842 419">
    <p class='ocr_par' dir='ltr' id='par_1_8' title="bbox 2229 341 3842 419">
     <span class='ocr_line' id='line_1_8' title="bbox 2229 341 3842 419; baseline -0.002 -15"><span class='ocrx_word' id='word_1_51' title='bbox 2229 346 2544 419; x_wconf 79' lang='lat' dir='ltr'>generatim</span> <span class='ocrx_word' id='word_1_52' title='bbox 2579 344 2864 416; x_wconf 91' lang='lat' dir='ltr'>quoslibet</span> <span class='ocrx_word' id='word_1_53' title='bbox 2901 341 3241 410; x_wconf 90' lang='lat' dir='ltr'>Donatistas,</span> <span class='ocrx_word' id='word_1_54' title='bbox 3270 341 3518 411; x_wconf 83' lang='lat' dir='ltr'>infames,</span> <span class='ocrx_word' id='word_1_55' title='bbox 3544 359 3606 397; x_wconf 78' lang='lat' dir='ltr'>ex</span> <span class='ocrx_word' id='word_1_56' title='bbox 3631 344 3842 400; x_wconf 85' lang='lat' dir='ltr'>omnium</span> 
     </span>
    </p>
   </div>
   <div class='ocr_carea' id='block_1_9' title="bbox 2227 430 3845 507">
    <p class='ocr_par' dir='ltr' id='par_1_9' title="bbox 2227 430 3845 507">
     <span class='ocr_line' id='line_1_9' title="bbox 2227 430 3845 507; baseline -0.002 -16"><span class='ocrx_word' id='word_1_57' title='bbox 2227 452 2528 507; x_wconf 89' lang='lat' dir='ltr'>congressu</span> <span class='ocrx_word' id='word_1_58' title='bbox 2560 439 2618 488; x_wconf 92' lang='lat' dir='ltr'>et</span> <span class='ocrx_word' id='word_1_59' title='bbox 2654 433 2919 488; x_wconf 80' lang='lat' dir='ltr'>societate</span> <span class='ocrx_word' id='word_1_60' title='bbox 2952 430 3316 502; x_wconf 86' lang='lat' dir='ltr'>proscriptos,</span> <span class='ocrx_word' id='word_1_61' title='bbox 3355 430 3692 498; x_wconf 85' lang='lat' dir='ltr'>intestabiles,</span> <span class='ocrx_word' id='word_1_62' title='bbox 3721 433 3845 487; x_wconf 84' lang='lat' dir='ltr'>deni-</span> 
     </span>
    </p>
   </div>
   <div class='ocr_carea' id='block_1_10' title="bbox 2228 517 3848 597">
    <p class='ocr_par' dir='ltr' id='par_1_10' title="bbox 2228 517 3848 597">
     <span class='ocr_line' id='line_1_10' title="bbox 2228 517 3848 597; baseline -0.002 -19"><span class='ocrx_word' id='word_1_63' title='bbox 2228 542 2338 597; x_wconf 87' lang='lat' dir='ltr'>que</span> <span class='ocrx_word' id='word_1_64' title='bbox 2386 523 2636 596; x_wconf 88' lang='lat' dir='ltr'>privatos</span> <span class='ocrx_word' id='word_1_65' title='bbox 2692 519 2850 576; x_wconf 90' lang='lat' dir='ltr'>omni</span> <span class='ocrx_word' id='word_1_66' title='bbox 2902 517 3274 574; x_wconf 89' lang='lat' dir='ltr'>contrahendi</span> <span class='ocrx_word' id='word_1_67' title='bbox 3319 517 3465 587; x_wconf 87' lang='lat' dir='ltr'>jure,</span> <span class='ocrx_word' id='word_1_68' title='bbox 3517 518 3848 575; x_wconf 83' lang='lat' dir='ltr'>declarandos.</span> 
     </span>
    </p>
   </div>
   <div class='ocr_carea' id='block_1_11' title="bbox 2229 605 3851 677">
    <p class='ocr_par' dir='ltr' id='par_1_11' title="bbox 2229 605 3851 677">
     <span class='ocr_line' id='line_1_11' title="bbox 2229 605 3851 677; baseline -0.003 -9"><span class='ocrx_word' id='word_1_69' title='bbox 2229 617 2511 668; x_wconf 86' lang='lat' dir='ltr'>Praterea</span> <span class='ocrx_word' id='word_1_70' title='bbox 2549 610 2718 665; x_wconf 88' lang='lat' dir='ltr'>tertio</span> <span class='ocrx_word' id='word_1_71' title='bbox 2763 609 3036 663; x_wconf 88' lang='lat' dir='ltr'>kalendas</span> <span class='ocrx_word' id='word_1_72' title='bbox 3092 605 3422 677; x_wconf 87' lang='lat' dir='ltr'>septembris</span> <span class='ocrx_word' id='word_1_73' title='bbox 3473 606 3704 676; x_wconf 84' lang='lat' dir='ltr'>ejusdem</span> <span class='ocrx_word' id='word_1_74' title='bbox 3747 609 3851 663; x_wconf 89' lang='lat' dir='ltr'>anni</span> 
     </span>
    </p>
   </div>
   <div class='ocr_carea' id='block_1_12' title="bbox 2231 693 3851 772">
    <p class='ocr_par' dir='ltr' id='par_1_12' title="bbox 2231 693 3851 772">
     <span class='ocr_line' id='line_1_12' title="bbox 2231 693 3851 772; baseline -0.004 -16"><span class='ocrx_word' id='word_1_75' title='bbox 2231 697 2782 772; x_wconf 88' lang='lat' dir='ltr'>quadringentesimi</span> <span class='ocrx_word' id='word_1_76' title='bbox 2826 694 3033 750; x_wconf 76' lang='lat' dir='ltr'>uccimi</span> <span class='ocrx_word' id='word_1_77' title='bbox 3073 693 3262 765; x_wconf 86' lang='lat' dir='ltr'>quarti</span> <span class='ocrx_word' id='word_1_78' title='bbox 3309 693 3623 748; x_wconf 85' lang='lat' dir='ltr'>auctoritate</span> <span class='ocrx_word' id='word_1_79' title='bbox 3657 711 3764 760; x_wconf 88' lang='lat' dir='ltr'>sua,</span> <span class='ocrx_word' id='word_1_80' title='bbox 3789 697 3851 750; x_wconf 90' lang='lat' dir='ltr'>uti</span> 
     </span>
    </p>
   </div>
   <div class='ocr_carea' id='block_1_13' title="bbox 425 782 3853 869">
    <p class='ocr_par' dir='ltr' id='par_1_13' title="bbox 425 782 3853 869">
     <span class='ocr_line' id='line_1_13' title="bbox 425 782 3853 869; baseline -0.006 -12"><span class='ocrx_word' id='word_1_81' title='bbox 425 782 722 867; x_wconf 76' lang='lat' dir='ltr'>evolverit;</span> <span class='ocrx_word' id='word_1_82' title='bbox 765 800 993 869; x_wconf 87' lang='lat' dir='ltr'>cujusve</span> <span class='ocrx_word' id='word_1_83' title='bbox 1031 797 1309 852; x_wconf 88' lang='lat' dir='ltr'>habeatur</span> <span class='ocrx_word' id='word_1_84' title='bbox 1349 793 1617 862; x_wconf 87' lang='lat' dir='ltr'>auctoris,</span> <span class='ocrx_word' id='word_1_85' title='bbox 1654 798 1752 847; x_wconf 90' lang='lat' dir='ltr'>aut</span> <span class='ocrx_word' id='word_1_86' title='bbox 1792 809 1906 862; x_wconf 93' lang='lat' dir='ltr'>qua</span> <span class='ocrx_word' id='word_1_87' title='bbox 1935 791 2122 846; x_wconf 88' lang='lat' dir='ltr'>fronte</span> <span class='ocrx_word' id='word_1_88' title='bbox 2223 791 2346 860; x_wconf 88' lang='lat' dir='ltr'>jam</span> <span class='ocrx_word' id='word_1_89' title='bbox 2375 788 2588 843; x_wconf 90' lang='lat' dir='ltr'>dictum</span> <span class='ocrx_word' id='word_1_90' title='bbox 2611 790 2722 855; x_wconf 86' lang='lat' dir='ltr'>est,</span> <span class='ocrx_word' id='word_1_91' title='bbox 2765 782 3096 840; x_wconf 89' lang='lat' dir='ltr'>Collationis</span> <span class='ocrx_word' id='word_1_92' title='bbox 3141 786 3265 836; x_wconf 86' lang='lat' dir='ltr'>acta</span> <span class='ocrx_word' id='word_1_93' title='bbox 3309 782 3674 852; x_wconf 83' lang='lat' dir='ltr'>comprobavit</span> <span class='ocrx_word' id='word_1_94' title='bbox 3700 784 3853 851; x_wconf 70' lang='lat' dir='ltr'>(Ibid.</span> 
     </span>
    </p>
   </div>
   <div class='ocr_carea' id='block_1_14' title="bbox 425 880 2126 956">
    <p class='ocr_par' dir='ltr' id='par_1_14' title="bbox 425 880 2126 956">
     <span class='ocr_line' id='line_1_14' title="bbox 425 880 2126 956; baseline -0.008 -10"><span class='ocrx_word' id='word_1_95' title='bbox 425 892 590 946; x_wconf 90' lang='lat' dir='ltr'>illum</span> <span class='ocrx_word' id='word_1_96' title='bbox 621 888 932 944; x_wconf 88' lang='lat' dir='ltr'>Demetrias</span> <span class='ocrx_word' id='word_1_97' title='bbox 963 885 1247 956; x_wconf 84' lang='lat' dir='ltr'>exceperit</span> <span class='ocrx_word' id='word_1_98' title='bbox 1287 900 1354 938; x_wconf 92' lang='lat' dir='ltr'>ea</span> <span class='ocrx_word' id='word_1_99' title='bbox 1397 883 1718 948; x_wconf 83' lang='lat' dir='ltr'>docentem,</span> <span class='ocrx_word' id='word_1_100' title='bbox 1749 880 1902 934; x_wconf 91' lang='lat' dir='ltr'>unde</span> <span class='ocrx_word' id='word_1_101' title='bbox 1933 880 2126 933; x_wconf 85' lang='lat' dir='ltr'>credat</span> 
     </span>
    </p>
   </div>
   <div class='ocr_carea' id='block_1_15' title="bbox 425 968 2124 1050">
    <p class='ocr_par' dir='ltr' id='par_1_15' title="bbox 425 968 2124 1050">
     <span class='ocr_line' id='line_1_15' title="bbox 425 968 2124 1050; baseline -0.01 -15"><span class='ocrx_word' id='word_1_102' title='bbox 425 979 766 1050; x_wconf 76' lang='lat' dir='ltr'>virginalem</span> <span class='ocrx_word' id='word_1_103' title='bbox 810 991 972 1030; x_wconf 88' lang='lat' dir='ltr'>suam</span> <span class='ocrx_word' id='word_1_104' title='bbox 1017 974 1394 1038; x_wconf 87' lang='lat' dir='ltr'>sanctitatem,</span> <span class='ocrx_word' id='word_1_105' title='bbox 1440 986 1754 1041; x_wconf 88' lang='lat' dir='ltr'>omnesque</span> <span class='ocrx_word' id='word_1_106' title='bbox 1801 968 2124 1038; x_wconf 87' lang='lat' dir='ltr'>spirituales</span> 
     </span>
    </p>
   </div>
   <div class='ocr_carea' id='block_1_16' title="bbox 427 1055 2124 1134">
    <p class='ocr_par' dir='ltr' id='par_1_16' title="bbox 427 1055 2124 1134">
     <span class='ocr_line' id='line_1_16' title="bbox 427 1055 2124 1134; baseline -0.009 -12"><span class='ocrx_word' id='word_1_107' title='bbox 427 1067 671 1134; x_wconf 85' lang='lat' dir='ltr'>divitias,</span> <span class='ocrx_word' id='word_1_108' title='bbox 700 1064 926 1119; x_wconf 90' lang='lat' dir='ltr'>nonnisi</span> <span class='ocrx_word' id='word_1_109' title='bbox 955 1079 1019 1116; x_wconf 82' lang='lat' dir='ltr'>ex</span> <span class='ocrx_word' id='word_1_110' title='bbox 1049 1079 1106 1115; x_wconf 89' lang='lat' dir='ltr'>se</span> <span class='ocrx_word' id='word_1_111' title='bbox 1144 1061 1268 1132; x_wconf 88' lang='lat' dir='ltr'>ipsa</span> <span class='ocrx_word' id='word_1_112' title='bbox 1303 1060 1412 1114; x_wconf 89' lang='lat' dir='ltr'>sibi</span> <span class='ocrx_word' id='word_1_113' title='bbox 1450 1076 1602 1125; x_wconf 89' lang='lat' dir='ltr'>esse;</span> <span class='ocrx_word' id='word_1_114' title='bbox 1635 1063 1804 1129; x_wconf 91' lang='lat' dir='ltr'>atque</span> <span class='ocrx_word' id='word_1_115' title='bbox 1848 1057 1929 1110; x_wconf 91' lang='lat' dir='ltr'>ita</span> <span class='ocrx_word' id='word_1_116' title='bbox 1967 1055 2124 1125; x_wconf 90' lang='lat' dir='ltr'>prius</span> 
     </span>
    </p>
   </div>
   <div class='ocr_carea' id='block_1_17' title="bbox 428 1143 2120 1226">
    <p class='ocr_par' dir='ltr' id='par_1_17' title="bbox 428 1143 2120 1226">
     <span class='ocr_line' id='line_1_17' title="bbox 428 1143 2120 1226; baseline -0.008 -17"><span class='ocrx_word' id='word_1_117' title='bbox 428 1171 602 1226; x_wconf 91' lang='lat' dir='ltr'>quam</span> <span class='ocrx_word' id='word_1_118' title='bbox 631 1153 705 1207; x_wconf 88' lang='lat' dir='ltr'>sit</span> <span class='ocrx_word' id='word_1_119' title='bbox 732 1150 1060 1222; x_wconf 86' lang='lat' dir='ltr'>plenissime</span> <span class='ocrx_word' id='word_1_120' title='bbox 1095 1150 1280 1211; x_wconf 90' lang='lat' dir='ltr'>beata,</span> <span class='ocrx_word' id='word_1_121' title='bbox 1314 1148 1489 1202; x_wconf 89' lang='lat' dir='ltr'>discat</span> <span class='ocrx_word' id='word_1_122' title='bbox 1518 1149 1633 1201; x_wconf 89' lang='lat' dir='ltr'>Deo</span> <span class='ocrx_word' id='word_1_123' title='bbox 1665 1163 1806 1214; x_wconf 90' lang='lat' dir='ltr'>esse,</span> <span class='ocrx_word' id='word_1_124' title='bbox 1835 1145 1988 1216; x_wconf 91' lang='lat' dir='ltr'>quod</span> <span class='ocrx_word' id='word_1_125' title='bbox 2018 1143 2120 1196; x_wconf 86' lang='lat' dir='ltr'>ab-</span> 
     </span>
    </p>
   </div>
   <div class='ocr_carea' id='block_1_18' title="bbox 429 1231 2124 1312">
    <p class='ocr_par' dir='ltr' id='par_1_18' title="bbox 429 1231 2124 1312">
     <span class='ocr_line' id='line_1_18' title="bbox 429 1231 2124 1312; baseline -0.008 -15"><span class='ocrx_word' id='word_1_126' title='bbox 429 1243 519 1310; x_wconf 89' lang='lat' dir='ltr'>sit,</span> <span class='ocrx_word' id='word_1_127' title='bbox 561 1243 803 1312; x_wconf 88' lang='lat' dir='ltr'>ingrata.</span> <span class='ocrx_word' id='word_1_128' title='bbox 839 1241 902 1294; x_wconf 90' lang='lat' dir='ltr'>Et</span> <span class='ocrx_word' id='word_1_129' title='bbox 940 1238 1051 1310; x_wconf 89' lang='lat' dir='ltr'>ipsi</span> <span class='ocrx_word' id='word_1_130' title='bbox 1099 1237 1334 1309; x_wconf 88' lang='lat' dir='ltr'>quidem</span> <span class='ocrx_word' id='word_1_131' title='bbox 1374 1237 1519 1291; x_wconf 90' lang='lat' dir='ltr'>hanc</span> <span class='ocrx_word' id='word_1_132' title='bbox 1557 1235 1853 1306; x_wconf 87' lang='lat' dir='ltr'>epistolam</span> <span class='ocrx_word' id='word_1_133' title='bbox 1896 1231 2124 1300; x_wconf 87' lang='lat' dir='ltr'>Pelagio</span> 
     </span>
    </p>
   </div>
   <div class='ocr_carea' id='block_1_19' title="bbox 429 1318 2126 1402">
    <p class='ocr_par' dir='ltr' id='par_1_19' title="bbox 429 1318 2126 1402">
     <span class='ocr_line' id='line_1_19' title="bbox 429 1318 2126 1402; baseline -0.009 -16"><span class='ocrx_word' id='word_1_134' title='bbox 429 1330 758 1402; x_wconf 87' lang='lat' dir='ltr'>adjudicare</span> <span class='ocrx_word' id='word_1_135' title='bbox 780 1345 837 1382; x_wconf 92' lang='lat' dir='ltr'>se</span> <span class='ocrx_word' id='word_1_136' title='bbox 858 1343 974 1381; x_wconf 91' lang='lat' dir='ltr'>non</span> <span class='ocrx_word' id='word_1_137' title='bbox 1000 1325 1381 1390; x_wconf 89' lang='lat' dir='ltr'>dissimulant,</span> <span class='ocrx_word' id='word_1_138' title='bbox 1407 1324 1503 1378; x_wconf 93' lang='lat' dir='ltr'>sed</span> <span class='ocrx_word' id='word_1_139' title='bbox 1525 1322 1843 1394; x_wconf 87' lang='lat' dir='ltr'>pleniorem</span> <span class='ocrx_word' id='word_1_140' title='bbox 1867 1320 2020 1374; x_wconf 91' lang='lat' dir='ltr'>illius</span> <span class='ocrx_word' id='word_1_141' title='bbox 2042 1318 2126 1372; x_wconf 90' lang='lat' dir='ltr'>rei</span> 
     </span>
    </p>
   </div>
   <div class='ocr_carea' id='block_1_20' title="bbox 430 1408 2124 1490">
    <p class='ocr_par' dir='ltr' id='par_1_20' title="bbox 430 1408 2124 1490">
     <span class='ocr_line' id='line_1_20' title="bbox 430 1408 2124 1490; baseline -0.009 -16"><span class='ocrx_word' id='word_1_142' title='bbox 430 1419 766 1490; x_wconf 88' lang='lat' dir='ltr'>quarebant</span> <span class='ocrx_word' id='word_1_143' title='bbox 785 1415 1279 1471; x_wconf 83' lang='lat' dir='ltr'>confirmationem</span> <span class='ocrx_word' id='word_1_144' title='bbox 1297 1413 1499 1483; x_wconf 81' lang='lat' dir='ltr'>(Epist.</span> <span class='ocrx_word' id='word_1_145' title='bbox 1532 1414 1723 1476; x_wconf 66' lang='lat' dir='ltr'>188m.</span> <span class='ocrx_word' id='word_1_146' title='bbox 1746 1411 1818 1479; x_wconf 84' lang='grc'>4).</span> <span class='ocrx_word' id='word_1_147' title='bbox 1842 1409 1954 1464; x_wconf 88' lang='lat' dir='ltr'>Sua</span> <span class='ocrx_word' id='word_1_148' title='bbox 1971 1408 2124 1478; x_wconf 89' lang='lat' dir='ltr'>ipsos</span> 
     </span>
    </p>
   </div>
   <div class='ocr_carea' id='block_1_21' title="bbox 429 1494 2124 1573">
    <p class='ocr_par' dir='ltr' id='par_1_21' title="bbox 429 1494 2124 1573">
     <span class='ocr_line' id='line_1_21' title="bbox 429 1494 2124 1573; baseline -0.008 -12"><span class='ocrx_word' id='word_1_149' title='bbox 429 1507 670 1561; x_wconf 91' lang='lat' dir='ltr'>minime</span> <span class='ocrx_word' id='word_1_150' title='bbox 686 1503 886 1559; x_wconf 86' lang='lat' dir='ltr'>fefellit</span> <span class='ocrx_word' id='word_1_151' title='bbox 901 1502 1096 1573; x_wconf 89' lang='lat' dir='ltr'>opinio</span> <span class='ocrx_word' id='word_1_152' title='bbox 1117 1519 1129 1556; x_wconf 90' lang='lat'>:</span> <span class='ocrx_word' id='word_1_153' title='bbox 1154 1501 1364 1555; x_wconf 90' lang='lat' dir='ltr'>etenim</span> <span class='ocrx_word' id='word_1_154' title='bbox 1383 1501 1442 1554; x_wconf 92' lang='lat' dir='ltr'>in</span> <span class='ocrx_word' id='word_1_155' title='bbox 1455 1499 1602 1554; x_wconf 88' lang='lat' dir='ltr'>libro</span> <span class='ocrx_word' id='word_1_156' title='bbox 1625 1499 1694 1553; x_wconf 93' lang='lat' dir='ltr'>de</span> <span class='ocrx_word' id='word_1_157' title='bbox 1716 1497 1905 1553; x_wconf 91' lang='lat' dir='ltr'>Gratia</span> <span class='ocrx_word' id='word_1_158' title='bbox 1922 1494 2124 1550; x_wconf 87' lang='lat' dir='ltr'>Christi</span> 
     </span>
    </p>
   </div>
   <div class='ocr_carea' id='block_1_22' title="bbox 429 1585 2122 1664">
    <p class='ocr_par' dir='ltr' id='par_1_22' title="bbox 429 1585 2122 1664">
     <span class='ocr_line' id='line_1_22' title="bbox 429 1585 2122 1664; baseline -0.006 -15"><span class='ocrx_word' id='word_1_159' title='bbox 429 1611 579 1649; x_wconf 89' lang='lat' dir='ltr'>anno</span> <span class='ocrx_word' id='word_1_160' title='bbox 601 1590 1164 1664; x_wconf 81' lang='lat' dir='ltr'>quadringentesimo</span> <span class='ocrx_word' id='word_1_161' title='bbox 1189 1589 1409 1644; x_wconf 90' lang='lat' dir='ltr'>decimo</span> <span class='ocrx_word' id='word_1_162' title='bbox 1437 1593 1630 1642; x_wconf 87' lang='lat' dir='ltr'>octavo</span> <span class='ocrx_word' id='word_1_163' title='bbox 1653 1587 1712 1640; x_wconf 90' lang='lat' dir='ltr'>in</span> <span class='ocrx_word' id='word_1_164' title='bbox 1733 1587 1918 1640; x_wconf 90' lang='lat' dir='ltr'>lucem</span> <span class='ocrx_word' id='word_1_165' title='bbox 1949 1585 2122 1650; x_wconf 89' lang='lat' dir='ltr'>edito,</span> 
     </span>
    </p>
   </div>
   <div class='ocr_carea' id='block_1_23' title="bbox 426 1673 2128 1754">
    <p class='ocr_par' dir='ltr' id='par_1_23' title="bbox 426 1673 2128 1754">
     <span class='ocr_line' id='line_1_23' title="bbox 426 1673 2128 1754; baseline -0.007 -16"><span class='ocrx_word' id='word_1_166' title='bbox 426 1683 777 1754; x_wconf 83' lang='lat' dir='ltr'>Augustinus</span> <span class='ocrx_word' id='word_1_167' title='bbox 806 1680 962 1734; x_wconf 85' lang='lat' dir='ltr'>haud</span> <span class='ocrx_word' id='word_1_168' title='bbox 1002 1679 1174 1732; x_wconf 88' lang='lat' dir='ltr'>semel</span> <span class='ocrx_word' id='word_1_169' title='bbox 1207 1677 1468 1731; x_wconf 89' lang='lat' dir='ltr'>eamdem</span> <span class='ocrx_word' id='word_1_170' title='bbox 1500 1677 1660 1730; x_wconf 86' lang='lat' dir='ltr'>illam</span> <span class='ocrx_word' id='word_1_171' title='bbox 1698 1673 2128 1729; x_wconf 88' lang='lat' dir='ltr'>commentatio-</span> 
     </span>
    </p>
   </div>
   <div class='ocr_carea' id='block_1_24' title="bbox 429 1762 2128 1841">
    <p class='ocr_par' dir='ltr' id='par_1_24' title="bbox 429 1762 2128 1841">
     <span class='ocr_line' id='line_1_24' title="bbox 429 1762 2128 1841; baseline -0.006 -14"><span class='ocrx_word' id='word_1_172' title='bbox 429 1789 564 1828; x_wconf 91' lang='lat' dir='ltr'>nem</span> <span class='ocrx_word' id='word_1_173' title='bbox 595 1776 869 1841; x_wconf 77' lang='lat' dir='ltr'>tanquam</span> <span class='ocrx_word' id='word_1_174' title='bbox 893 1767 1107 1838; x_wconf 81' lang='lat' dir='ltr'>Pelagii</span> <span class='ocrx_word' id='word_1_175' title='bbox 1136 1766 1308 1820; x_wconf 89' lang='lat' dir='ltr'>citare</span> <span class='ocrx_word' id='word_1_176' title='bbox 1338 1765 1483 1819; x_wconf 85' lang='lat' dir='ltr'>nihil</span> <span class='ocrx_word' id='word_1_177' title='bbox 1511 1764 1751 1820; x_wconf 85' lang='lat' dir='ltr'>dubitat.</span> <span class='ocrx_word' id='word_1_178' title='bbox 1774 1766 1960 1834; x_wconf 82' lang='lat' dir='ltr'>Atque</span> <span class='ocrx_word' id='word_1_179' title='bbox 1993 1762 2128 1817; x_wconf 92' lang='lat' dir='ltr'>hinc</span> 
     </span>
    </p>
   </div>
   <div class='ocr_carea' id='block_1_25' title="bbox 431 1849 2129 1930">
    <p class='ocr_par' dir='ltr' id='par_1_25' title="bbox 431 1849 2129 1930">
     <span class='ocr_line' id='line_1_25' title="bbox 431 1849 2129 1930; baseline -0.006 -16"><span class='ocrx_word' id='word_1_180' title='bbox 431 1859 714 1930; x_wconf 88' lang='lat' dir='ltr'>intelligas</span> <span class='ocrx_word' id='word_1_181' title='bbox 739 1858 890 1924; x_wconf 88' lang='lat' dir='ltr'>licet,</span> <span class='ocrx_word' id='word_1_182' title='bbox 919 1854 1222 1925; x_wconf 86' lang='lat' dir='ltr'>Augustini</span> <span class='ocrx_word' id='word_1_183' title='bbox 1251 1859 1305 1908; x_wconf 89' lang='lat' dir='ltr'>et</span> <span class='ocrx_word' id='word_1_184' title='bbox 1323 1853 1511 1924; x_wconf 78' lang='lat' dir='ltr'>Alypii</span> <span class='ocrx_word' id='word_1_185' title='bbox 1537 1854 1605 1908; x_wconf 88' lang='lat' dir='ltr'>ad</span> <span class='ocrx_word' id='word_1_186' title='bbox 1625 1853 1912 1906; x_wconf 89' lang='lat' dir='ltr'>Julianam</span> <span class='ocrx_word' id='word_1_187' title='bbox 1935 1849 2129 1904; x_wconf 88' lang='lat' dir='ltr'>rescri-</span> 
     </span>
    </p>
   </div>
   <div class='ocr_carea' id='block_1_26' title="bbox 428 1939 2128 2020">
    <p class='ocr_par' dir='ltr' id='par_1_26' title="bbox 428 1939 2128 2020">
     <span class='ocr_line' id='line_1_26' title="bbox 428 1939 2128 2020; baseline -0.006 -18"><span class='ocrx_word' id='word_1_188' title='bbox 428 1952 526 2020; x_wconf 91' lang='lat' dir='ltr'>pta</span> <span class='ocrx_word' id='word_1_189' title='bbox 554 1964 621 2001; x_wconf 92' lang='lat' dir='ltr'>eo</span> <span class='ocrx_word' id='word_1_190' title='bbox 651 1946 882 2017; x_wconf 88' lang='lat' dir='ltr'>quidem</span> <span class='ocrx_word' id='word_1_191' title='bbox 932 1960 1104 2014; x_wconf 85' lang='lat' dir='ltr'>opere</span> <span class='ocrx_word' id='word_1_192' title='bbox 1137 1943 1466 2013; x_wconf 88' lang='lat' dir='ltr'>antiquiora</span> <span class='ocrx_word' id='word_1_193' title='bbox 1513 1957 1656 2010; x_wconf 91' lang='lat' dir='ltr'>esse,</span> <span class='ocrx_word' id='word_1_194' title='bbox 1686 1957 1884 1995; x_wconf 90' lang='lat' dir='ltr'>verum</span> <span class='ocrx_word' id='word_1_195' title='bbox 1932 1939 2128 2011; x_wconf 89' lang='lat' dir='ltr'>paucis</span> 
     </span>
    </p>
   </div>
   <div class='ocr_carea' id='block_1_27' title="bbox 430 2025 2128 2102">
    <p class='ocr_par' dir='ltr' id='par_1_27' title="bbox 430 2025 2128 2102">
     <span class='ocr_line' id='line_1_27' title="bbox 430 2025 2128 2102; baseline -0.007 -11"><span class='ocrx_word' id='word_1_196' title='bbox 430 2034 741 2091; x_wconf 90' lang='lat' dir='ltr'>admodum</span> <span class='ocrx_word' id='word_1_197' title='bbox 783 2033 1002 2098; x_wconf 91' lang='lat' dir='ltr'>diebus,</span> <span class='ocrx_word' id='word_1_198' title='bbox 1049 2030 1518 2102; x_wconf 87' lang='lat' dir='ltr'>quandoquidem</span> <span class='ocrx_word' id='word_1_199' title='bbox 1564 2029 1625 2082; x_wconf 93' lang='lat' dir='ltr'>in</span> <span class='ocrx_word' id='word_1_200' title='bbox 1670 2028 1759 2083; x_wconf 91' lang='lat' dir='ltr'>his</span> <span class='ocrx_word' id='word_1_201' title='bbox 1807 2025 2021 2097; x_wconf 89' lang='lat' dir='ltr'>Pelagii</span> <span class='ocrx_word' id='word_1_202' title='bbox 2058 2025 2128 2079; x_wconf 90' lang='lat' dir='ltr'>ad</span> 
     </span>
    </p>
   </div>
   <div class='ocr_carea' id='block_1_28' title="bbox 429 2112 2126 2188">
    <p class='ocr_par' dir='ltr' id='par_1_28' title="bbox 429 2112 2126 2188">
     <span class='ocr_line' id='line_1_28' title="bbox 429 2112 2126 2188; baseline -0.006 -12"><span class='ocrx_word' id='word_1_203' title='bbox 429 2119 826 2176; x_wconf 83' lang='lat' dir='ltr'>Innocentium</span> <span class='ocrx_word' id='word_1_204' title='bbox 867 2118 1104 2185; x_wconf 89' lang='lat' dir='ltr'>litteras,</span> <span class='ocrx_word' id='word_1_205' title='bbox 1133 2134 1284 2171; x_wconf 88' lang='lat' dir='ltr'>anno</span> <span class='ocrx_word' id='word_1_206' title='bbox 1311 2114 1873 2188; x_wconf 87' lang='lat' dir='ltr'>quadringentesimo</span> <span class='ocrx_word' id='word_1_207' title='bbox 1905 2112 2126 2168; x_wconf 89' lang='lat' dir='ltr'>decimo</span> 
     </span>
    </p>
   </div>
   <div class='ocr_carea' id='block_1_29' title="bbox 430 2201 2127 2280">
    <p class='ocr_par' dir='ltr' id='par_1_29' title="bbox 430 2201 2127 2280">
     <span class='ocr_line' id='line_1_29' title="bbox 430 2201 2127 2280; baseline -0.005 -17"><span class='ocrx_word' id='word_1_208' title='bbox 430 2209 672 2280; x_wconf 88' lang='lat' dir='ltr'>septimo</span> <span class='ocrx_word' id='word_1_209' title='bbox 704 2207 928 2260; x_wconf 90' lang='lat' dir='ltr'>circiter</span> <span class='ocrx_word' id='word_1_210' title='bbox 957 2221 1213 2259; x_wconf 87' lang='lat' dir='ltr'>mensem</span> <span class='ocrx_word' id='word_1_211' title='bbox 1255 2205 1637 2275; x_wconf 90' lang='lat' dir='ltr'>septembrem</span> <span class='ocrx_word' id='word_1_212' title='bbox 1678 2202 1898 2257; x_wconf 89' lang='lat' dir='ltr'>Zosimo</span> <span class='ocrx_word' id='word_1_213' title='bbox 1937 2201 2127 2256; x_wconf 89' lang='lat' dir='ltr'>reddi-</span> 
     </span>
    </p>
   </div>
   <div class='ocr_carea' id='block_1_30' title="bbox 430 2294 1328 2364">
    <p class='ocr_par' dir='ltr' id='par_1_30' title="bbox 430 2294 1328 2364">
     <span class='ocr_line' id='line_1_30' title="bbox 430 2294 1328 2364; baseline -0.003 -15"><span class='ocrx_word' id='word_1_214' title='bbox 430 2297 538 2364; x_wconf 89' lang='lat' dir='ltr'>tas,</span> <span class='ocrx_word' id='word_1_215' title='bbox 560 2297 885 2348; x_wconf 87' lang='lat' dir='ltr'>memorant</span> <span class='ocrx_word' id='word_1_216' title='bbox 911 2294 1093 2363; x_wconf 87' lang='lat' dir='ltr'>(Ibid.,</span> <span class='ocrx_word' id='word_1_217' title='bbox 1125 2309 1180 2346; x_wconf 87' lang='lat' dir='ltr'>n.</span> <span class='ocrx_word' id='word_1_218' title='bbox 1219 2295 1328 2362; x_wconf 79' lang='grc'><strong>14).</strong></span> 
     </span>
    </p>
   </div>
   <div class='ocr_carea' id='block_1_31' title="bbox 1088 2379 1471 2434">
    <p class='ocr_par' dir='ltr' id='par_1_31' title="bbox 1088 2379 1471 2434">
     <span class='ocr_line' id='line_1_31' title="bbox 1088 2379 1471 2434; baseline -0.005 0"><span class='ocrx_word' id='word_1_219' title='bbox 1088 2381 1313 2434; x_wconf 86' lang='lat' dir='ltr'><strong>CAPUT</strong></span> <span class='ocrx_word' id='word_1_220' title='bbox 1354 2379 1471 2433; x_wconf 86' lang='lat' dir='ltr'>VII.</span> 
     </span>
    </p>
   </div>
   <div class='ocr_carea' id='block_1_32' title="bbox 438 2468 2132 2536">
    <p class='ocr_par' dir='ltr' id='par_1_32' title="bbox 438 2468 2132 2536">
     <span class='ocr_line' id='line_1_32' title="bbox 438 2468 2132 2536; baseline -0.002 -12"><span class='ocrx_word' id='word_1_221' title='bbox 438 2474 456 2524; x_wconf 83' lang='grc'>1</span> <span class='ocrx_word' id='word_1_222' title='bbox 493 2471 724 2524; x_wconf 80' lang='lat' dir='ltr'>Honorii</span> <span class='ocrx_word' id='word_1_223' title='bbox 760 2469 847 2522; x_wconf 75' lang='lat' dir='ltr'>lem</span> <span class='ocrx_word' id='word_1_224' title='bbox 889 2469 1122 2522; x_wconf 80' lang='lat' dir='ltr'>severior</span> <span class='ocrx_word' id='word_1_225' title='bbox 1153 2470 1212 2522; x_wconf 92' lang='lat' dir='ltr'>in</span> <span class='ocrx_word' id='word_1_226' title='bbox 1255 2468 1568 2521; x_wconf 85' lang='lat' dir='ltr'>Donatistas</span> <span class='ocrx_word' id='word_1_227' title='bbox 1602 2468 1927 2536; x_wconf 76' lang='lat' dir='ltr'>pertinaces.</span> <span class='ocrx_word' id='word_1_228' title='bbox 1960 2469 1994 2520; x_wconf 81' lang='lat'><strong>2</strong></span> <span class='ocrx_word' id='word_1_229' title='bbox 2035 2469 2132 2520; x_wconf 87' lang='lat' dir='ltr'>Do-</span> 
     </span>
    </p>
   </div>
   <div class='ocr_carea' id='block_1_33' title="bbox 503 2554 2130 2625">
    <p class='ocr_par' dir='ltr' id='par_1_33' title="bbox 503 2554 2130 2625">
     <span class='ocr_line' id='line_1_33' title="bbox 503 2554 2130 2625; baseline -0.002 -14"><span class='ocrx_word' id='word_1_230' title='bbox 503 2561 665 2611; x_wconf 87' lang='lat' dir='ltr'>natus</span> <span class='ocrx_word' id='word_1_231' title='bbox 691 2558 1129 2625; x_wconf 77' lang='lat' dir='ltr'>Mutugennensis</span> <span class='ocrx_word' id='word_1_232' title='bbox 1154 2560 1204 2610; x_wconf 90' lang='lat' dir='ltr'>et</span> <span class='ocrx_word' id='word_1_233' title='bbox 1231 2557 1372 2610; x_wconf 86' lang='lat' dir='ltr'>alius</span> <span class='ocrx_word' id='word_1_234' title='bbox 1392 2558 1606 2624; x_wconf 87' lang='lat' dir='ltr'>pariter</span> <span class='ocrx_word' id='word_1_235' title='bbox 1624 2571 1742 2609; x_wconf 90' lang='lat' dir='ltr'>cum</span> <span class='ocrx_word' id='word_1_236' title='bbox 1768 2571 1824 2608; x_wconf 88' lang='lat' dir='ltr'>eo</span> <span class='ocrx_word' id='word_1_237' title='bbox 1849 2554 2130 2623; x_wconf 73' lang='lat' dir='ltr'>presbyter</span> 
     </span>
    </p>
   </div>
   <div class='ocr_carea' id='block_1_34' title="bbox 503 2644 2130 2716">
    <p class='ocr_par' dir='ltr' id='par_1_34' title="bbox 503 2644 2130 2716">
     <span class='ocr_line' id='line_1_34' title="bbox 503 2644 2130 2716; baseline -0.002 -16"><span class='ocrx_word' id='word_1_238' title='bbox 503 2646 570 2700; x_wconf 87' lang='lat' dir='ltr'>de</span> <span class='ocrx_word' id='word_1_239' title='bbox 602 2649 759 2716; x_wconf 87' lang='lat' dir='ltr'>parte</span> <span class='ocrx_word' id='word_1_240' title='bbox 797 2649 996 2701; x_wconf 88' lang='lat' dir='ltr'>Donati</span> <span class='ocrx_word' id='word_1_241' title='bbox 1031 2647 1090 2698; x_wconf 84' lang='lat' dir='ltr'>in</span> <span class='ocrx_word' id='word_1_242' title='bbox 1128 2645 1433 2700; x_wconf 73' lang='lat' dir='ltr'>custodiam</span> <span class='ocrx_word' id='word_1_243' title='bbox 1466 2645 1687 2699; x_wconf 86' lang='lat' dir='ltr'>dantur.</span> <span class='ocrx_word' id='word_1_244' title='bbox 1720 2648 1749 2698; x_wconf 86' lang='lat'>3</span> <span class='ocrx_word' id='word_1_245' title='bbox 1788 2644 2130 2712; x_wconf 77' lang='lat' dir='ltr'>Augustinus</span> 
     </span>
    </p>
   </div>
   <div class='ocr_carea' id='block_1_35' title="bbox 504 2733 2132 2801">
    <p class='ocr_par' dir='ltr' id='par_1_35' title="bbox 504 2733 2132 2801">
     <span class='ocr_line' id='line_1_35' title="bbox 504 2733 2132 2801; baseline -0.002 -12"><span class='ocrx_word' id='word_1_246' title='bbox 504 2734 814 2789; x_wconf 87' lang='lat' dir='ltr'>Macedonio</span> <span class='ocrx_word' id='word_1_247' title='bbox 870 2735 1059 2788; x_wconf 80' lang='lat' dir='ltr'>scribit</span> <span class='ocrx_word' id='word_1_248' title='bbox 1121 2733 1187 2787; x_wconf 88' lang='lat' dir='ltr'>de</span> <span class='ocrx_word' id='word_1_249' title='bbox 1240 2733 1705 2788; x_wconf 75' lang='lat' dir='ltr'>intercessionibus</span> <span class='ocrx_word' id='word_1_250' title='bbox 1764 2735 2132 2801; x_wconf 83' lang='lat' dir='ltr'>episcoporum</span> 
     </span>
    </p>
   </div>
   <div class='ocr_carea' id='block_1_36' title="bbox 499 2821 2131 2891">
    <p class='ocr_par' dir='ltr' id='par_1_36' title="bbox 499 2821 2131 2891">
     <span class='ocr_line' id='line_1_36' title="bbox 499 2821 2131 2891; baseline -0.001 -17"><span class='ocrx_word' id='word_1_251' title='bbox 499 2837 603 2891; x_wconf 85' lang='lat' dir='ltr'>pro</span> <span class='ocrx_word' id='word_1_252' title='bbox 629 2824 756 2876; x_wconf 86' lang='lat' dir='ltr'>reis.</span> <span class='ocrx_word' id='word_1_253' title='bbox 790 2822 824 2876; x_wconf 85' lang='grc'>4</span> <span class='ocrx_word' id='word_1_254' title='bbox 852 2823 916 2876; x_wconf 88' lang='lat' dir='ltr'>In</span> <span class='ocrx_word' id='word_1_255' title='bbox 943 2823 1014 2876; x_wconf 89' lang='lat' dir='ltr'>iis</span> <span class='ocrx_word' id='word_1_256' title='bbox 1050 2822 1517 2876; x_wconf 87' lang='lat' dir='ltr'>intercessionibus</span> <span class='ocrx_word' id='word_1_257' title='bbox 1548 2836 1712 2889; x_wconf 88' lang='lat' dir='ltr'>quam</span> <span class='ocrx_word' id='word_1_258' title='bbox 1739 2821 2038 2890; x_wconf 79' lang='lat' dir='ltr'>prudenter</span> <span class='ocrx_word' id='word_1_259' title='bbox 2068 2833 2131 2873; x_wconf 91' lang='lat' dir='ltr'>ac</span> 
     </span>
    </p>
   </div>
   <div class='ocr_carea' id='block_1_37' title="bbox 503 2907 2129 2977">
    <p class='ocr_par' dir='ltr' id='par_1_37' title="bbox 503 2907 2129 2977">
     <span class='ocr_line' id='line_1_37' title="bbox 503 2907 2129 2977; baseline -0.003 -14"><span class='ocrx_word' id='word_1_260' title='bbox 503 2908 795 2963; x_wconf 84' lang='lat' dir='ltr'>verecunde</span> <span class='ocrx_word' id='word_1_261' title='bbox 830 2923 941 2964; x_wconf 88' lang='lat' dir='ltr'>sese</span> <span class='ocrx_word' id='word_1_262' title='bbox 973 2913 1176 2977; x_wconf 81' lang='lat' dir='ltr'>gereret</span> <span class='ocrx_word' id='word_1_263' title='bbox 1217 2909 1577 2976; x_wconf 85' lang='lat' dir='ltr'>Augustinus,</span> <span class='ocrx_word' id='word_1_264' title='bbox 1631 2912 1760 2974; x_wconf 86' lang='lat' dir='ltr'>teste</span> <span class='ocrx_word' id='word_1_265' title='bbox 1795 2907 2129 2971; x_wconf 85' lang='lat' dir='ltr'>Macedonio,</span> 
     </span>
    </p>
   </div>
   <div class='ocr_carea' id='block_1_38' title="bbox 505 2997 2131 3066">
    <p class='ocr_par' dir='ltr' id='par_1_38' title="bbox 505 2997 2131 3066">
     <span class='ocr_line' id='line_1_38' title="bbox 505 2997 2131 3066; baseline -0.002 -15"><span class='ocrx_word' id='word_1_266' title='bbox 505 3000 594 3051; x_wconf 88' lang='lat' dir='ltr'>cui</span> <span class='ocrx_word' id='word_1_267' title='bbox 620 2999 712 3052; x_wconf 82' lang='lat' dir='ltr'>itte</span> <span class='ocrx_word' id='word_1_268' title='bbox 742 2997 806 3050; x_wconf 87' lang='lat' dir='ltr'>de</span> <span class='ocrx_word' id='word_1_269' title='bbox 829 2999 1120 3052; x_wconf 78' lang='lat' dir='ltr'>christiani</span> <span class='ocrx_word' id='word_1_270' title='bbox 1145 2999 1500 3064; x_wconf 86' lang='lat' dir='ltr'>magistratus</span> <span class='ocrx_word' id='word_1_271' title='bbox 1521 2999 1716 3066; x_wconf 76' lang='lat' dir='ltr'>officiis</span> <span class='ocrx_word' id='word_1_272' title='bbox 1743 2999 1989 3065; x_wconf 78' lang='lat' dir='ltr'>verisque</span> <span class='ocrx_word' id='word_1_273' title='bbox 2016 2997 2131 3048; x_wconf 71' lang='lat' dir='ltr'>vir-</span> 
     </span>
    </p>
   </div>
   <div class='ocr_carea' id='block_1_39' title="bbox 504 3085 2133 3153">
    <p class='ocr_par' dir='ltr' id='par_1_39' title="bbox 504 3085 2133 3153">
     <span class='ocr_line' id='line_1_39' title="bbox 504 3085 2133 3153; baseline -0.002 -13"><span class='ocrx_word' id='word_1_274' title='bbox 504 3087 708 3140; x_wconf 80' lang='lat' dir='ltr'>tatibus</span> <span class='ocrx_word' id='word_1_275' title='bbox 737 3085 1040 3139; x_wconf 80' lang='lat' dir='ltr'>doctrinam</span> <span class='ocrx_word' id='word_1_276' title='bbox 1071 3086 1261 3139; x_wconf 87' lang='lat' dir='ltr'>tradit.</span> <span class='ocrx_word' id='word_1_277' title='bbox 1294 3089 1323 3138; x_wconf 80' lang='grc'>5</span> <span class='ocrx_word' id='word_1_278' title='bbox 1355 3088 1552 3141; x_wconf 83' lang='lat' dir='ltr'>Contra</span> <span class='ocrx_word' id='word_1_279' title='bbox 1580 3087 1895 3153; x_wconf 83' lang='lat' dir='ltr'>Pelagianos</span> <span class='ocrx_word' id='word_1_280' title='bbox 1923 3085 1998 3139; x_wconf 86' lang='lat' dir='ltr'>ad</span> <span class='ocrx_word' id='word_1_281' title='bbox 2026 3087 2133 3139; x_wconf 84' lang='lat' dir='ltr'>Hi-</span> 
     </span>
    </p>
   </div>
   <div class='ocr_carea' id='block_1_40' title="bbox 507 3174 1798 3242">
    <p class='ocr_par' dir='ltr' id='par_1_40' title="bbox 507 3174 1798 3242">
     <span class='ocr_line' id='line_1_40' title="bbox 507 3174 1798 3242; baseline 0.001 -16"><span class='ocrx_word' id='word_1_282' title='bbox 507 3174 640 3226; x_wconf 86' lang='lat' dir='ltr'>larii</span> <span class='ocrx_word' id='word_1_283' title='bbox 664 3175 978 3241; x_wconf 69' lang='lat' dir='ltr'>quaestiones</span> <span class='ocrx_word' id='word_1_284' title='bbox 1005 3190 1039 3226; x_wconf 90' lang='lat' dir='ltr'>a</span> <span class='ocrx_word' id='word_1_285' title='bbox 1063 3174 1254 3228; x_wconf 76' lang='lat' dir='ltr'>Sicilia</span> <span class='ocrx_word' id='word_1_286' title='bbox 1273 3177 1468 3228; x_wconf 88' lang='lat' dir='ltr'>missas</span> <span class='ocrx_word' id='word_1_287' title='bbox 1495 3174 1798 3242; x_wconf 82' lang='lat' dir='ltr'>respondet.</span> 
     </span>
    </p>
   </div>
   <div class='ocr_carea' id='block_1_41' title="bbox 511 3259 2133 3329">
    <p class='ocr_par' dir='ltr' id='par_1_41' title="bbox 511 3259 2133 3329">
     <span class='ocr_line' id='line_1_41' title="bbox 511 3259 2133 3329; baseline 0.001 -17"><span class='ocrx_word' id='word_1_288' title='bbox 511 3264 557 3312; x_wconf 82' lang='lat' dir='ltr'>l.</span> <span class='ocrx_word' id='word_1_289' title='bbox 591 3259 706 3314; x_wconf 91' lang='lat' dir='ltr'>Sibi</span> <span class='ocrx_word' id='word_1_290' title='bbox 732 3259 894 3313; x_wconf 89' lang='lat' dir='ltr'>facile</span> <span class='ocrx_word' id='word_1_291' title='bbox 923 3260 1343 3329; x_wconf 89' lang='lat' dir='ltr'>persuadebant</span> <span class='ocrx_word' id='word_1_292' title='bbox 1369 3261 1696 3327; x_wconf 86' lang='lat' dir='ltr'>Donatista,</span> <span class='ocrx_word' id='word_1_293' title='bbox 1722 3277 1842 3314; x_wconf 91' lang='lat' dir='ltr'>sese</span> <span class='ocrx_word' id='word_1_294' title='bbox 1873 3260 2133 3315; x_wconf 88' lang='lat' dir='ltr'>Ecclesia</span> 
     </span>
    </p>
   </div>
   <div class='ocr_carea' id='block_1_42' title="bbox 433 3346 2133 3418">
    <p class='ocr_par' dir='ltr' id='par_1_42' title="bbox 433 3346 2133 3418">
     <span class='ocr_line' id='line_1_42' title="bbox 433 3346 2133 3418; baseline 0.001 -19"><span class='ocrx_word' id='word_1_295' title='bbox 433 3362 538 3416; x_wconf 90' lang='lat' dir='ltr'>per</span> <span class='ocrx_word' id='word_1_296' title='bbox 585 3346 892 3401; x_wconf 86' lang='lat' dir='ltr'>Marcellini</span> <span class='ocrx_word' id='word_1_297' title='bbox 921 3346 1132 3401; x_wconf 88' lang='lat' dir='ltr'>cadem</span> <span class='ocrx_word' id='word_1_298' title='bbox 1174 3363 1292 3400; x_wconf 91' lang='lat' dir='ltr'>non</span> <span class='ocrx_word' id='word_1_299' title='bbox 1342 3347 1534 3401; x_wconf 89' lang='lat' dir='ltr'>minus</span> <span class='ocrx_word' id='word_1_300' title='bbox 1574 3348 1925 3416; x_wconf 88' lang='lat' dir='ltr'>detrimenti,</span> <span class='ocrx_word' id='word_1_301' title='bbox 1959 3363 2133 3418; x_wconf 89' lang='lat' dir='ltr'>quam</span> 
     </span>
    </p>
   </div>
   <div class='ocr_carea' id='block_1_43' title="bbox 437 3433 2133 3506">
    <p class='ocr_par' dir='ltr' id='par_1_43' title="bbox 437 3433 2133 3506">
     <span class='ocr_line' id='line_1_43' title="bbox 437 3433 2133 3506; baseline 0.001 -18"><span class='ocrx_word' id='word_1_302' title='bbox 437 3433 718 3489; x_wconf 88' lang='lat' dir='ltr'>cruciatus</span> <span class='ocrx_word' id='word_1_303' title='bbox 742 3435 995 3489; x_wconf 89' lang='lat' dir='ltr'>attulisse</span> <span class='ocrx_word' id='word_1_304' title='bbox 1030 3450 1043 3492; x_wconf 93' lang='lat'><strong>:</strong></span> <span class='ocrx_word' id='word_1_305' title='bbox 1074 3451 1274 3490; x_wconf 85' lang='lat' dir='ltr'>verum</span> <span class='ocrx_word' id='word_1_306' title='bbox 1303 3436 1457 3490; x_wconf 89' lang='lat' dir='ltr'>haud</span> <span class='ocrx_word' id='word_1_307' title='bbox 1487 3437 1667 3490; x_wconf 88' lang='lat' dir='ltr'>multo</span> <span class='ocrx_word' id='word_1_308' title='bbox 1697 3442 1826 3506; x_wconf 90' lang='lat' dir='ltr'>post</span> <span class='ocrx_word' id='word_1_309' title='bbox 1857 3439 2007 3491; x_wconf 89' lang='lat' dir='ltr'>Deus</span> <span class='ocrx_word' id='word_1_310' title='bbox 2037 3453 2133 3490; x_wconf 90' lang='lat' dir='ltr'>eos</span> 
     </span>
    </p>
   </div>
   <div class='ocr_carea' id='block_1_44' title="bbox 437 3523 2133 3596">
    <p class='ocr_par' dir='ltr' id='par_1_44' title="bbox 437 3523 2133 3596">
     <span class='ocr_line' id='line_1_44' title="bbox 437 3523 2133 3596; baseline 0 -18"><span class='ocrx_word' id='word_1_311' title='bbox 437 3523 648 3591; x_wconf 89' lang='lat' dir='ltr'>docuit,</span> <span class='ocrx_word' id='word_1_312' title='bbox 678 3523 837 3579; x_wconf 90' lang='lat' dir='ltr'>illam</span> <span class='ocrx_word' id='word_1_313' title='bbox 868 3530 1094 3579; x_wconf 90' lang='lat' dir='ltr'>mortuo</span> <span class='ocrx_word' id='word_1_314' title='bbox 1117 3525 1441 3580; x_wconf 86' lang='lat' dir='ltr'>Marcellino</span> <span class='ocrx_word' id='word_1_315' title='bbox 1465 3541 1583 3579; x_wconf 90' lang='lat' dir='ltr'>non</span> <span class='ocrx_word' id='word_1_316' title='bbox 1604 3531 1859 3596; x_wconf 88' lang='lat' dir='ltr'>ereptam</span> <span class='ocrx_word' id='word_1_317' title='bbox 1880 3524 1988 3579; x_wconf 90' lang='lat' dir='ltr'>sibi</span> <span class='ocrx_word' id='word_1_318' title='bbox 2013 3541 2133 3578; x_wconf 90' lang='lat' dir='ltr'>esse</span> 
     </span>
    </p>
   </div>
   <div class='ocr_carea' id='block_1_45' title="bbox 436 3613 2133 3684">
    <p class='ocr_par' dir='ltr' id='par_1_45' title="bbox 436 3613 2133 3684">
     <span class='ocr_line' id='line_1_45' title="bbox 436 3613 2133 3684; baseline 0 -18"><span class='ocrx_word' id='word_1_319' title='bbox 436 3616 794 3682; x_wconf 89' lang='lat' dir='ltr'>potestatem,</span> <span class='ocrx_word' id='word_1_320' title='bbox 826 3629 940 3684; x_wconf 81' lang='lat' dir='ltr'>qua</span> <span class='ocrx_word' id='word_1_321' title='bbox 984 3613 1288 3669; x_wconf 87' lang='lat' dir='ltr'>Ecclesiam</span> <span class='ocrx_word' id='word_1_322' title='bbox 1333 3617 1464 3668; x_wconf 89' lang='lat' dir='ltr'>ante</span> <span class='ocrx_word' id='word_1_323' title='bbox 1504 3618 1700 3668; x_wconf 89' lang='lat' dir='ltr'>natum</span> <span class='ocrx_word' id='word_1_324' title='bbox 1743 3613 2133 3669; x_wconf 88' lang='lat' dir='ltr'>Marcellinum</span> 
     </span>
    </p>
   </div>
   <div class='ocr_carea' id='block_1_46' title="bbox 435 3701 2133 3772">
    <p class='ocr_par' dir='ltr' id='par_1_46' title="bbox 435 3701 2133 3772">
     <span class='ocr_line' id='line_1_46' title="bbox 435 3701 2133 3772; baseline 0.001 -18"><span class='ocrx_word' id='word_1_325' title='bbox 435 3704 654 3756; x_wconf 88' lang='lat' dir='ltr'>tutatus</span> <span class='ocrx_word' id='word_1_326' title='bbox 681 3702 887 3756; x_wconf 91' lang='lat' dir='ltr'>fuerat.</span> <span class='ocrx_word' id='word_1_327' title='bbox 923 3703 1145 3756; x_wconf 88' lang='lat' dir='ltr'>Etenim</span> <span class='ocrx_word' id='word_1_328' title='bbox 1183 3701 1404 3756; x_wconf 92' lang='lat' dir='ltr'>decimo</span> <span class='ocrx_word' id='word_1_329' title='bbox 1451 3703 1723 3757; x_wconf 84' lang='lat' dir='ltr'>kalendas</span> <span class='ocrx_word' id='word_1_330' title='bbox 1759 3702 1933 3772; x_wconf 90' lang='lat' dir='ltr'>julias</span> <span class='ocrx_word' id='word_1_331' title='bbox 1961 3702 2133 3772; x_wconf 83' lang='lat' dir='ltr'>hujus</span> 
     </span>
    </p>
   </div>
   <div class='ocr_carea' id='block_1_47' title="bbox 433 3787 2132 3861">
    <p class='ocr_par' dir='ltr' id='par_1_47' title="bbox 433 3787 2132 3861">
     <span class='ocr_line' id='line_1_47' title="bbox 433 3787 2132 3861; baseline 0.001 -19"><span class='ocrx_word' id='word_1_332' title='bbox 433 3787 614 3858; x_wconf 89' lang='lat' dir='ltr'>ipsius</span> <span class='ocrx_word' id='word_1_333' title='bbox 634 3789 771 3843; x_wconf 91' lang='lat' dir='ltr'>anni</span> <span class='ocrx_word' id='word_1_334' title='bbox 801 3789 1352 3860; x_wconf 88' lang='lat' dir='ltr'>quadringentesimi</span> <span class='ocrx_word' id='word_1_335' title='bbox 1376 3789 1584 3844; x_wconf 91' lang='lat' dir='ltr'>decimi</span> <span class='ocrx_word' id='word_1_336' title='bbox 1605 3790 1795 3861; x_wconf 87' lang='lat' dir='ltr'>quarti</span> <span class='ocrx_word' id='word_1_337' title='bbox 1813 3791 1998 3860; x_wconf 90' lang='lat' dir='ltr'>legem</span> <span class='ocrx_word' id='word_1_338' title='bbox 2021 3791 2132 3844; x_wconf 84' lang='lat' dir='ltr'>Ho-</span> 
     </span>
    </p>
   </div>
   <div class='ocr_carea' id='block_1_48' title="bbox 437 3875 2135 3948">
    <p class='ocr_par' dir='ltr' id='par_1_48' title="bbox 437 3875 2135 3948">
     <span class='ocr_line' id='line_1_48' title="bbox 437 3875 2135 3948; baseline 0.001 -19"><span class='ocrx_word' id='word_1_339' title='bbox 437 3875 638 3929; x_wconf 89' lang='lat' dir='ltr'>norius</span> <span class='ocrx_word' id='word_1_340' title='bbox 666 3881 865 3930; x_wconf 90' lang='lat' dir='ltr'>contra</span> <span class='ocrx_word' id='word_1_341' title='bbox 905 3891 1004 3930; x_wconf 91' lang='lat' dir='ltr'>eos</span> <span class='ocrx_word' id='word_1_342' title='bbox 1046 3877 1198 3942; x_wconf 88' lang='lat' dir='ltr'>tulit,</span> <span class='ocrx_word' id='word_1_343' title='bbox 1234 3893 1362 3946; x_wconf 85' lang='lat' dir='ltr'>qua</span> <span class='ocrx_word' id='word_1_344' title='bbox 1394 3877 1627 3947; x_wconf 87' lang='lat' dir='ltr'>quidem</span> <span class='ocrx_word' id='word_1_345' title='bbox 1676 3877 1814 3948; x_wconf 91' lang='lat' dir='ltr'>legis</span> <span class='ocrx_word' id='word_1_346' title='bbox 1842 3878 2008 3932; x_wconf 90' lang='lat' dir='ltr'>tertio</span> <span class='ocrx_word' id='word_1_347' title='bbox 2039 3878 2135 3931; x_wconf 88' lang='lat' dir='ltr'>ka-</span> 
     </span>
    </p>
   </div>
   <div class='ocr_carea' id='block_1_49' title="bbox 438 3963 2133 4034">
    <p class='ocr_par' dir='ltr' id='par_1_49' title="bbox 438 3963 2133 4034">
     <span class='ocr_line' id='line_1_49' title="bbox 438 3963 2133 4034; baseline 0.002 -18"><span class='ocrx_word' id='word_1_348' title='bbox 438 3963 636 4017; x_wconf 89' lang='lat' dir='ltr'>lendas</span> <span class='ocrx_word' id='word_1_349' title='bbox 682 3963 998 4017; x_wconf 89' lang='lat' dir='ltr'>februarias</span> <span class='ocrx_word' id='word_1_350' title='bbox 1036 3963 1173 4018; x_wconf 89' lang='lat' dir='ltr'>anni</span> <span class='ocrx_word' id='word_1_351' title='bbox 1211 3965 1766 4034; x_wconf 89' lang='lat' dir='ltr'>quadringentesimi</span> <span class='ocrx_word' id='word_1_352' title='bbox 1809 3965 2133 4021; x_wconf 90' lang='lat' dir='ltr'>duodecimi</span> 
     </span>
    </p>
   </div>
   <div class='ocr_carea' id='block_1_50' title="bbox 435 4052 2134 4123">
    <p class='ocr_par' dir='ltr' id='par_1_50' title="bbox 435 4052 2134 4123">
     <span class='ocr_line' id='line_1_50' title="bbox 435 4052 2134 4123; baseline 0.002 -18"><span class='ocrx_word' id='word_1_353' title='bbox 435 4052 815 4122; x_wconf 78' lang='lat' dir='ltr'>promulgata</span> <span class='ocrx_word' id='word_1_354' title='bbox 841 4052 1081 4123; x_wconf 89' lang='lat' dir='ltr'>singulis</span> <span class='ocrx_word' id='word_1_355' title='bbox 1109 4069 1256 4123; x_wconf 88' lang='lat' dir='ltr'>pene</span> <span class='ocrx_word' id='word_1_356' title='bbox 1283 4053 1562 4123; x_wconf 86' lang='lat' dir='ltr'>capitibus</span> <span class='ocrx_word' id='word_1_357' title='bbox 1589 4053 1906 4120; x_wconf 87' lang='lat' dir='ltr'>insistebat,</span> <span class='ocrx_word' id='word_1_358' title='bbox 1931 4054 2031 4108; x_wconf 90' lang='lat' dir='ltr'>sed</span> <span class='ocrx_word' id='word_1_359' title='bbox 2062 4054 2134 4108; x_wconf 91' lang='lat' dir='ltr'>ad</span> 
     </span>
    </p>
   </div>
   <div class='ocr_carea' id='block_1_51' title="bbox 438 4141 2134 4211">
    <p class='ocr_par' dir='ltr' id='par_1_51' title="bbox 438 4141 2134 4211">
     <span class='ocr_line' id='line_1_51' title="bbox 438 4141 2134 4211; baseline 0.002 -18"><span class='ocrx_word' id='word_1_360' title='bbox 438 4155 641 4194; x_wconf 90' lang='lat' dir='ltr'>eorum</span> <span class='ocrx_word' id='word_1_361' title='bbox 665 4141 1026 4195; x_wconf 86' lang='lat' dir='ltr'>severitatem</span> <span class='ocrx_word' id='word_1_362' title='bbox 1054 4141 1300 4195; x_wconf 90' lang='lat' dir='ltr'>multum</span> <span class='ocrx_word' id='word_1_363' title='bbox 1320 4141 1562 4196; x_wconf 88' lang='lat' dir='ltr'>addebat</span> <span class='ocrx_word' id='word_1_364' title='bbox 1585 4141 1787 4211; x_wconf 59' lang='lat' dir='ltr'>(Codice</span> <span class='ocrx_word' id='word_1_365' title='bbox 1819 4143 2039 4209; x_wconf 86' lang='lat' dir='ltr'>Theod.,</span> <span class='ocrx_word' id='word_1_366' title='bbox 2069 4143 2134 4197; x_wconf 90' lang='lat' dir='ltr'>de</span> 
     </span>
    </p>
   </div>
   <div class='ocr_carea' id='block_1_52' title="bbox 434 4231 2134 4303">
    <p class='ocr_par' dir='ltr' id='par_1_52' title="bbox 434 4231 2134 4303">
     <span class='ocr_line' id='line_1_52' title="bbox 434 4231 2134 4303; baseline 0 -17"><span class='ocrx_word' id='word_1_367' title='bbox 434 4233 736 4294; x_wconf 75' lang='lat' dir='ltr'>Hareticis,</span> <span class='ocrx_word' id='word_1_368' title='bbox 771 4232 882 4300; x_wconf 84' lang='lat' dir='ltr'>lege</span> <span class='ocrx_word' id='word_1_369' title='bbox 919 4231 1026 4300; x_wconf 85' lang='grc'><strong>44).</strong></span> <span class='ocrx_word' id='word_1_370' title='bbox 1080 4231 1378 4286; x_wconf 85' lang='lat' dir='ltr'>Enimvero</span> <span class='ocrx_word' id='word_1_371' title='bbox 1408 4247 1540 4286; x_wconf 90' lang='lat' dir='ltr'>cum</span> <span class='ocrx_word' id='word_1_372' title='bbox 1578 4232 1665 4286; x_wconf 84' lang='lat' dir='ltr'>lex</span> <span class='ocrx_word' id='word_1_373' title='bbox 1698 4232 1834 4286; x_wconf 91' lang='lat' dir='ltr'>anni</span> <span class='ocrx_word' id='word_1_374' title='bbox 1864 4231 2134 4303; x_wconf 90' lang='lat' dir='ltr'>quadrin-</span> 
     </span>
    </p>
   </div>
   <div class='ocr_carea' id='block_1_53' title="bbox 434 4318 2136 4392">
    <p class='ocr_par' dir='ltr' id='par_1_53' title="bbox 434 4318 2136 4392">
     <span class='ocr_line' id='line_1_53' title="bbox 434 4318 2136 4392; baseline 0.001 -18"><span class='ocrx_word' id='word_1_375' title='bbox 434 4318 738 4392; x_wconf 88' lang='lat' dir='ltr'>gentesimi</span> <span class='ocrx_word' id='word_1_376' title='bbox 769 4318 1092 4374; x_wconf 90' lang='lat' dir='ltr'>duodecimi</span> <span class='ocrx_word' id='word_1_377' title='bbox 1118 4319 1206 4373; x_wconf 90' lang='lat' dir='ltr'>vel</span> <span class='ocrx_word' id='word_1_378' title='bbox 1230 4319 1584 4374; x_wconf 91' lang='lat' dir='ltr'>nobilissimo</span> <span class='ocrx_word' id='word_1_379' title='bbox 1615 4319 1820 4390; x_wconf 90' lang='lat' dir='ltr'>cuique</span> <span class='ocrx_word' id='word_1_380' title='bbox 1851 4320 2136 4391; x_wconf 85' lang='lat' dir='ltr'>quinqua-</span> 
     </span>
    </p>
   </div>
   <div class='ocr_carea' id='block_1_54' title="bbox 435 4406 2129 4479">
    <p class='ocr_par' dir='ltr' id='par_1_54' title="bbox 435 4406 2129 4479">
     <span class='ocr_line' id='line_1_54' title="bbox 435 4406 2129 4479; baseline 0.001 -18"><span class='ocrx_word' id='word_1_381' title='bbox 435 4408 598 4479; x_wconf 87' lang='lat' dir='ltr'>ginta</span> <span class='ocrx_word' id='word_1_382' title='bbox 626 4411 851 4461; x_wconf 89' lang='lat' dir='ltr'>tantum</span> <span class='ocrx_word' id='word_1_383' title='bbox 902 4406 1028 4462; x_wconf 89' lang='lat' dir='ltr'>auri</span> <span class='ocrx_word' id='word_1_384' title='bbox 1058 4407 1248 4477; x_wconf 90' lang='lat' dir='ltr'>pondo</span> <span class='ocrx_word' id='word_1_385' title='bbox 1295 4409 1522 4462; x_wconf 84' lang='lat' dir='ltr'>mulcta</span> <span class='ocrx_word' id='word_1_386' title='bbox 1552 4408 1786 4462; x_wconf 90' lang='lat' dir='ltr'>nomine</span> <span class='ocrx_word' id='word_1_387' title='bbox 1832 4409 2129 4479; x_wconf 88' lang='lat' dir='ltr'>irrogaret,</span> 
     </span>
    </p>
   </div>
   <div class='ocr_carea' id='block_1_55' title="bbox 435 4495 2128 4567">
    <p class='ocr_par' dir='ltr' id='par_1_55' title="bbox 435 4495 2128 4567">
     <span class='ocr_line' id='line_1_55' title="bbox 435 4495 2128 4567; baseline 0.001 -17"><span class='ocrx_word' id='word_1_388' title='bbox 435 4496 558 4550; x_wconf 86' lang='lat' dir='ltr'>hac</span> <span class='ocrx_word' id='word_1_389' title='bbox 587 4495 814 4551; x_wconf 90' lang='lat' dir='ltr'>eosdem</span> <span class='ocrx_word' id='word_1_390' title='bbox 859 4496 1118 4551; x_wconf 86' lang='lat' dir='ltr'>ducentis</span> <span class='ocrx_word' id='word_1_391' title='bbox 1162 4496 1382 4567; x_wconf 87' lang='lat' dir='ltr'>argenti</span> <span class='ocrx_word' id='word_1_392' title='bbox 1425 4497 1586 4551; x_wconf 89' lang='lat' dir='ltr'>libris</span> <span class='ocrx_word' id='word_1_393' title='bbox 1615 4498 1886 4565; x_wconf 87' lang='lat' dir='ltr'>mulctat;</span> <span class='ocrx_word' id='word_1_394' title='bbox 1917 4498 2128 4564; x_wconf 87' lang='lat' dir='ltr'>addito,</span> 
     </span>
    </p>
   </div>
   <div class='ocr_carea' id='block_1_56' title="bbox 407 4571 2132 4658">
    <p class='ocr_par' dir='ltr' id='par_1_56' title="bbox 407 4571 2132 4658">
     <span class='ocr_line' id='line_1_56' title="bbox 407 4571 2132 4658; baseline 0.001 -20"><span class='ocrx_word' id='word_1_395' title='bbox 407 4571 748 4654; x_wconf 55' lang='lat' dir='ltr'>&#39;irrogatam</span> <span class='ocrx_word' id='word_1_396' title='bbox 794 4600 1078 4639; x_wconf 90' lang='lat' dir='ltr'>summam</span> <span class='ocrx_word' id='word_1_397' title='bbox 1126 4601 1246 4638; x_wconf 90' lang='lat' dir='ltr'>esse</span> <span class='ocrx_word' id='word_1_398' title='bbox 1295 4584 1461 4640; x_wconf 88' lang='lat' dir='ltr'>toties</span> <span class='ocrx_word' id='word_1_399' title='bbox 1515 4586 1586 4640; x_wconf 90' lang='lat' dir='ltr'>ab</span> <span class='ocrx_word' id='word_1_400' title='bbox 1643 4601 1992 4658; x_wconf 90' lang='lat' dir='ltr'>unoquoque</span> <span class='ocrx_word' id='word_1_401' title='bbox 2041 4603 2132 4640; x_wconf 81' lang='lat' dir='ltr'>ex-</span> 
     </span>
    </p>
   </div>
   <div class='ocr_carea' id='block_1_57' title="bbox 438 4672 2131 4743">
    <p class='ocr_par' dir='ltr' id='par_1_57' title="bbox 438 4672 2131 4743">
     <span class='ocr_line' id='line_1_57' title="bbox 438 4672 2131 4743; baseline 0.002 -17"><span class='ocrx_word' id='word_1_402' title='bbox 438 4672 724 4743; x_wconf 88' lang='lat' dir='ltr'>igendam,</span> <span class='ocrx_word' id='word_1_403' title='bbox 757 4673 979 4742; x_wconf 91' lang='lat' dir='ltr'>quoties</span> <span class='ocrx_word' id='word_1_404' title='bbox 1015 4674 1086 4728; x_wconf 92' lang='lat' dir='ltr'>ad</span> <span class='ocrx_word' id='word_1_405' title='bbox 1130 4674 1597 4728; x_wconf 90' lang='lat' dir='ltr'>communionem</span> <span class='ocrx_word' id='word_1_406' title='bbox 1639 4674 2131 4729; x_wconf 87' lang='lat' dir='ltr'>schismaticorum</span> 
     </span>
    </p>
   </div>
   <div class='ocr_carea' id='block_1_58' title="bbox 438 4758 2131 4834">
    <p class='ocr_par' dir='ltr' id='par_1_58' title="bbox 438 4758 2131 4834">
     <span class='ocr_line' id='line_1_58' title="bbox 438 4758 2131 4834; baseline 0.002 -20"><span class='ocrx_word' id='word_1_407' title='bbox 438 4758 708 4824; x_wconf 88' lang='lat' dir='ltr'>redierit;</span> <span class='ocrx_word' id='word_1_408' title='bbox 740 4761 840 4830; x_wconf 90' lang='lat' dir='ltr'>qui</span> <span class='ocrx_word' id='word_1_409' title='bbox 881 4761 929 4814; x_wconf 91' lang='lat' dir='ltr'>si</span> <span class='ocrx_word' id='word_1_410' title='bbox 966 4762 1095 4830; x_wconf 92' lang='lat' dir='ltr'>plus</span> <span class='ocrx_word' id='word_1_411' title='bbox 1137 4762 1446 4834; x_wconf 89' lang='lat' dir='ltr'>quinquies</span> <span class='ocrx_word' id='word_1_412' title='bbox 1489 4763 1744 4833; x_wconf 89' lang='lat' dir='ltr'>relapsus</span> <span class='ocrx_word' id='word_1_413' title='bbox 1784 4764 1974 4831; x_wconf 89' lang='lat' dir='ltr'>fuerit,</span> <span class='ocrx_word' id='word_1_414' title='bbox 2007 4768 2131 4818; x_wconf 88' lang='lat' dir='ltr'>tum</span> 
     </span>
    </p>
   </div>
   <div class='ocr_carea' id='block_1_59' title="bbox 439 4847 2132 4923">
    <p class='ocr_par' dir='ltr' id='par_1_59' title="bbox 439 4847 2132 4923">
     <span class='ocr_line' id='line_1_59' title="bbox 439 4847 2132 4923; baseline 0.003 -21"><span class='ocrx_word' id='word_1_415' title='bbox 439 4847 562 4917; x_wconf 90' lang='lat' dir='ltr'>ejus</span> <span class='ocrx_word' id='word_1_416' title='bbox 591 4863 802 4901; x_wconf 88' lang='lat' dir='ltr'>nomen</span> <span class='ocrx_word' id='word_1_417' title='bbox 831 4849 900 4902; x_wconf 89' lang='lat' dir='ltr'>ad</span> <span class='ocrx_word' id='word_1_418' title='bbox 943 4850 1372 4919; x_wconf 87' lang='lat' dir='ltr'>Imperatorem,</span> <span class='ocrx_word' id='word_1_419' title='bbox 1405 4855 1470 4906; x_wconf 88' lang='lat' dir='ltr'>ut</span> <span class='ocrx_word' id='word_1_420' title='bbox 1500 4851 1582 4905; x_wconf 93' lang='lat' dir='ltr'>illi</span> <span class='ocrx_word' id='word_1_421' title='bbox 1625 4868 1852 4923; x_wconf 85' lang='lat' dir='ltr'>poenam</span> <span class='ocrx_word' id='word_1_422' title='bbox 1878 4853 2132 4923; x_wconf 89' lang='lat' dir='ltr'>aliquam</span> 
     </span>
    </p>
   </div>
   <div class='ocr_carea' id='block_1_60' title="bbox 436 4935 2133 5013">
    <p class='ocr_par' dir='ltr' id='par_1_60' title="bbox 436 4935 2133 5013">
     <span class='ocr_line' id='line_1_60' title="bbox 436 4935 2133 5013; baseline 0.005 -25"><span class='ocrx_word' id='word_1_423' title='bbox 436 4935 622 4989; x_wconf 74' lang='lat' dir='ltr'>adhuc</span> <span class='ocrx_word' id='word_1_424' title='bbox 652 4936 994 4990; x_wconf 88' lang='lat' dir='ltr'>severiorem</span> <span class='ocrx_word' id='word_1_425' title='bbox 1025 4943 1264 5008; x_wconf 76' lang='lat' dir='ltr'>quaret,</span> <span class='ocrx_word' id='word_1_426' title='bbox 1305 4940 1678 4994; x_wconf 88' lang='lat' dir='ltr'>deferendum</span> <span class='ocrx_word' id='word_1_427' title='bbox 1716 4957 1836 4995; x_wconf 89' lang='lat' dir='ltr'>esse</span> <span class='ocrx_word' id='word_1_428' title='bbox 1866 4958 1879 4995; x_wconf 92' lang='lat'>:</span> <span class='ocrx_word' id='word_1_429' title='bbox 1911 4942 2050 5013; x_wconf 89' lang='lat' dir='ltr'>quin</span> <span class='ocrx_word' id='word_1_430' title='bbox 2077 4946 2133 4996; x_wconf 87' lang='lat' dir='ltr'>et</span> 
     </span>
    </p>
   </div>
   <div class='ocr_carea' id='block_1_61' title="bbox 438 5021 2132 5097">
    <p class='ocr_par' dir='ltr' id='par_1_61' title="bbox 438 5021 2132 5097">
     <span class='ocr_line' id='line_1_61' title="bbox 438 5021 2132 5097; baseline 0.004 -21"><span class='ocrx_word' id='word_1_431' title='bbox 438 5021 721 5093; x_wconf 88' lang='lat' dir='ltr'>superiori</span> <span class='ocrx_word' id='word_1_432' title='bbox 750 5022 964 5093; x_wconf 88' lang='lat' dir='ltr'>adjicit,</span> <span class='ocrx_word' id='word_1_433' title='bbox 1011 5024 1290 5092; x_wconf 91' lang='lat' dir='ltr'>dominos,</span> <span class='ocrx_word' id='word_1_434' title='bbox 1333 5027 1433 5097; x_wconf 88' lang='lat' dir='ltr'>qui</span> <span class='ocrx_word' id='word_1_435' title='bbox 1473 5033 1874 5097; x_wconf 86' lang='lat' dir='ltr'>procuratores</span> <span class='ocrx_word' id='word_1_436' title='bbox 1913 5045 2064 5091; x_wconf 89' lang='lat' dir='ltr'>suos,</span> <span class='ocrx_word' id='word_1_437' title='bbox 2099 5046 2132 5083; x_wconf 89' lang='lat' dir='ltr'>a</span> 
     </span>
    </p>
   </div>
   <div class='ocr_carea' id='block_1_62' title="bbox 438 5110 2132 5184">
    <p class='ocr_par' dir='ltr' id='par_1_62' title="bbox 438 5110 2132 5184">
     <span class='ocr_line' id='line_1_62' title="bbox 438 5110 2132 5184; baseline 0.004 -20"><span class='ocrx_word' id='word_1_438' title='bbox 438 5110 643 5182; x_wconf 88' lang='lat' dir='ltr'>quibus</span> <span class='ocrx_word' id='word_1_439' title='bbox 670 5116 848 5166; x_wconf 84' lang='lat' dir='ltr'>catus</span> <span class='ocrx_word' id='word_1_440' title='bbox 877 5111 936 5166; x_wconf 92' lang='lat' dir='ltr'>in</span> <span class='ocrx_word' id='word_1_441' title='bbox 971 5127 1171 5166; x_wconf 90' lang='lat' dir='ltr'>eorum</span> <span class='ocrx_word' id='word_1_442' title='bbox 1214 5114 1440 5184; x_wconf 83' lang='lat' dir='ltr'>pradiis</span> <span class='ocrx_word' id='word_1_443' title='bbox 1479 5115 1630 5170; x_wconf 91' lang='lat' dir='ltr'>coire</span> <span class='ocrx_word' id='word_1_444' title='bbox 1670 5116 1976 5171; x_wconf 81' lang='lat' dir='ltr'>Donatista</span> <span class='ocrx_word' id='word_1_445' title='bbox 2016 5133 2132 5171; x_wconf 91' lang='lat' dir='ltr'>non</span> 
     </span>
    </p>
   </div>
   <div class='ocr_carea' id='block_1_63' title="bbox 437 5199 2133 5275">
    <p class='ocr_par' dir='ltr' id='par_1_63' title="bbox 437 5199 2133 5275">
     <span class='ocr_line' id='line_1_63' title="bbox 437 5199 2133 5275; baseline 0.004 -23"><span class='ocrx_word' id='word_1_446' title='bbox 437 5199 553 5254; x_wconf 91' lang='lat' dir='ltr'>sint</span> <span class='ocrx_word' id='word_1_447' title='bbox 579 5199 876 5271; x_wconf 89' lang='lat' dir='ltr'>prohibiti,</span> <span class='ocrx_word' id='word_1_448' title='bbox 910 5199 1222 5271; x_wconf 89' lang='lat' dir='ltr'>impunitos</span> <span class='ocrx_word' id='word_1_449' title='bbox 1250 5203 1612 5275; x_wconf 89' lang='lat' dir='ltr'>reliquerint,</span> <span class='ocrx_word' id='word_1_450' title='bbox 1641 5205 1920 5260; x_wconf 87' lang='lat' dir='ltr'>fructibus</span> <span class='ocrx_word' id='word_1_451' title='bbox 1950 5205 2133 5259; x_wconf 86' lang='lat' dir='ltr'>omni-</span> 
     </span>
    </p>
   </div>
   <div class='ocr_carea' id='block_1_64' title="bbox 435 5288 2132 5365">
    <p class='ocr_par' dir='ltr' id='par_1_64' title="bbox 435 5288 2132 5365">
     <span class='ocr_line' id='line_1_64' title="bbox 435 5288 2132 5365; baseline 0.003 -22"><span class='ocrx_word' id='word_1_452' title='bbox 435 5288 560 5355; x_wconf 87' lang='lat' dir='ltr'>bus,</span> <span class='ocrx_word' id='word_1_453' title='bbox 590 5288 691 5360; x_wconf 90' lang='lat' dir='ltr'>qui</span> <span class='ocrx_word' id='word_1_454' title='bbox 721 5305 836 5343; x_wconf 92' lang='lat' dir='ltr'>uno</span> <span class='ocrx_word' id='word_1_455' title='bbox 865 5305 1017 5343; x_wconf 90' lang='lat' dir='ltr'>anno</span> <span class='ocrx_word' id='word_1_456' title='bbox 1037 5289 1099 5344; x_wconf 90' lang='lat' dir='ltr'>in</span> <span class='ocrx_word' id='word_1_457' title='bbox 1126 5289 1330 5344; x_wconf 91' lang='lat' dir='ltr'>iisdem</span> <span class='ocrx_word' id='word_1_458' title='bbox 1350 5293 1576 5362; x_wconf 87' lang='lat' dir='ltr'>pradiis</span> <span class='ocrx_word' id='word_1_459' title='bbox 1596 5294 1962 5365; x_wconf 91' lang='lat' dir='ltr'>colliguntur,</span> <span class='ocrx_word' id='word_1_460' title='bbox 1987 5295 2132 5348; x_wconf 92' lang='lat' dir='ltr'>mul-</span> 
     </span>
    </p>
   </div>
   <div class='ocr_carea' id='block_1_65' title="bbox 438 5377 2127 5455">
    <p class='ocr_par' dir='ltr' id='par_1_65' title="bbox 438 5377 2127 5455">
     <span class='ocr_line' id='line_1_65' title="bbox 438 5377 2127 5455; baseline 0.004 -25"><span class='ocrx_word' id='word_1_461' title='bbox 438 5377 704 5444; x_wconf 88' lang='lat' dir='ltr'>ctandos;</span> <span class='ocrx_word' id='word_1_462' title='bbox 737 5378 972 5433; x_wconf 90' lang='lat' dir='ltr'>clericos</span> <span class='ocrx_word' id='word_1_463' title='bbox 1015 5382 1322 5449; x_wconf 89' lang='lat' dir='ltr'>antequam</span> <span class='ocrx_word' id='word_1_464' title='bbox 1370 5381 1449 5436; x_wconf 90' lang='lat' dir='ltr'>eis</span> <span class='ocrx_word' id='word_1_465' title='bbox 1497 5398 1646 5453; x_wconf 89' lang='lat' dir='ltr'>aqua</span> <span class='ocrx_word' id='word_1_466' title='bbox 1690 5388 1747 5436; x_wconf 90' lang='lat' dir='ltr'>et</span> <span class='ocrx_word' id='word_1_467' title='bbox 1789 5383 1912 5455; x_wconf 88' lang='lat' dir='ltr'>igni</span> <span class='ocrx_word' id='word_1_468' title='bbox 1952 5383 2127 5438; x_wconf 90' lang='lat' dir='ltr'>inter-</span> 
     </span>
    </p>
   </div>
   <div class='ocr_carea' id='block_1_66' title="bbox 438 5463 2131 5542">
    <p class='ocr_par' dir='ltr' id='par_1_66' title="bbox 438 5463 2131 5542">
     <span class='ocr_line' id='line_1_66' title="bbox 438 5463 2131 5542; baseline 0.006 -25"><span class='ocrx_word' id='word_1_469' title='bbox 438 5463 680 5536; x_wconf 88' lang='lat' dir='ltr'>dicatur,</span> <span class='ocrx_word' id='word_1_470' title='bbox 733 5467 1012 5522; x_wconf 89' lang='lat' dir='ltr'>universis</span> <span class='ocrx_word' id='word_1_471' title='bbox 1066 5467 1184 5522; x_wconf 91' lang='lat' dir='ltr'>suis</span> <span class='ocrx_word' id='word_1_472' title='bbox 1237 5469 1602 5525; x_wconf 85' lang='lat' dir='ltr'>facultatibus</span> <span class='ocrx_word' id='word_1_473' title='bbox 1655 5472 2014 5542; x_wconf 90' lang='lat' dir='ltr'>spoliandos;</span> <span class='ocrx_word' id='word_1_474' title='bbox 2075 5475 2131 5527; x_wconf 90' lang='lat' dir='ltr'>et</span> 
     </span>
    </p>
   </div>
   <div class='ocr_carea' id='block_1_67' title="bbox 2231 877 2483 947">
    <p class='ocr_par' dir='ltr' id='par_1_67' title="bbox 2231 877 2483 947">
     <span class='ocr_line' id='line_1_67' title="bbox 2231 877 2483 947; baseline -0.008 -15"><span class='ocrx_word' id='word_1_475' title='bbox 2231 880 2342 946; x_wconf 82' lang='lat' dir='ltr'>lege</span> <span class='ocrx_word' id='word_1_476' title='bbox 2371 877 2483 947; x_wconf 78' lang='grc'><strong>55).</strong></span> 
     </span>
    </p>
   </div>
   <div class='ocr_carea' id='block_1_68' title="bbox 2299 959 3856 1033">
    <p class='ocr_par' dir='ltr' id='par_1_68' title="bbox 2299 959 3856 1033">
     <span class='ocr_line' id='line_1_68' title="bbox 2299 959 3856 1033; baseline -0.003 -14"><span class='ocrx_word' id='word_1_477' title='bbox 2299 969 2353 1018; x_wconf 82' lang='lat'>2.</span> <span class='ocrx_word' id='word_1_478' title='bbox 2388 964 2502 1019; x_wconf 84' lang='lat' dir='ltr'>Etsi</span> <span class='ocrx_word' id='word_1_479' title='bbox 2532 961 2884 1033; x_wconf 80' lang='lat' dir='ltr'>Augustinus</span> <span class='ocrx_word' id='word_1_480' title='bbox 2913 959 3065 1030; x_wconf 91' lang='lat' dir='ltr'>apud</span> <span class='ocrx_word' id='word_1_481' title='bbox 3093 959 3310 1030; x_wconf 88' lang='lat' dir='ltr'>judices</span> <span class='ocrx_word' id='word_1_482' title='bbox 3335 975 3536 1029; x_wconf 89' lang='lat' dir='ltr'>magno</span> <span class='ocrx_word' id='word_1_483' title='bbox 3565 959 3732 1014; x_wconf 91' lang='lat' dir='ltr'>studio</span> <span class='ocrx_word' id='word_1_484' title='bbox 3753 977 3856 1031; x_wconf 79' lang='lat' dir='ltr'>age-</span> 
     </span>
    </p>
   </div>
   <div class='ocr_carea' id='block_1_69' title="bbox 2231 1046 3853 1120">
    <p class='ocr_par' dir='ltr' id='par_1_69' title="bbox 2231 1046 3853 1120">
     <span class='ocr_line' id='line_1_69' title="bbox 2231 1046 3853 1120; baseline -0.003 -14"><span class='ocrx_word' id='word_1_485' title='bbox 2231 1056 2336 1119; x_wconf 91' lang='lat' dir='ltr'>ret,</span> <span class='ocrx_word' id='word_1_486' title='bbox 2370 1057 2433 1105; x_wconf 92' lang='lat' dir='ltr'>ut</span> <span class='ocrx_word' id='word_1_487' title='bbox 2463 1049 2862 1120; x_wconf 68' lang='lat' dir='ltr'>imperialium</span> <span class='ocrx_word' id='word_1_488' title='bbox 2891 1049 3086 1118; x_wconf 86' lang='lat' dir='ltr'>legum</span> <span class='ocrx_word' id='word_1_489' title='bbox 3114 1046 3175 1100; x_wconf 90' lang='lat' dir='ltr'>in</span> <span class='ocrx_word' id='word_1_490' title='bbox 3215 1047 3527 1101; x_wconf 88' lang='lat' dir='ltr'>Donatistas</span> <span class='ocrx_word' id='word_1_491' title='bbox 3555 1048 3853 1101; x_wconf 74' lang='lat' dir='ltr'>severitatem</span> 
     </span>
    </p>
   </div>
   <div class='ocr_carea' id='block_1_70' title="bbox 2232 1135 3858 1206">
    <p class='ocr_par' dir='ltr' id='par_1_70' title="bbox 2232 1135 3858 1206">
     <span class='ocr_line' id='line_1_70' title="bbox 2232 1135 3858 1206; baseline -0.004 -11"><span class='ocrx_word' id='word_1_492' title='bbox 2232 1140 2540 1195; x_wconf 89' lang='lat' dir='ltr'>christiana</span> <span class='ocrx_word' id='word_1_493' title='bbox 2566 1137 3005 1192; x_wconf 88' lang='lat' dir='ltr'>mansuetudine</span> <span class='ocrx_word' id='word_1_494' title='bbox 3037 1135 3397 1206; x_wconf 87' lang='lat' dir='ltr'>mitigarent;</span> <span class='ocrx_word' id='word_1_495' title='bbox 3429 1139 3662 1190; x_wconf 88' lang='lat' dir='ltr'>attamen</span> <span class='ocrx_word' id='word_1_496' title='bbox 3693 1135 3858 1190; x_wconf 81' lang='lat' dir='ltr'>facien-</span> 
     </span>
    </p>
   </div>
   <div class='ocr_carea' id='block_1_71' title="bbox 2232 1224 3858 1298">
    <p class='ocr_par' dir='ltr' id='par_1_71' title="bbox 2232 1224 3858 1298">
     <span class='ocr_line' id='line_1_71' title="bbox 2232 1224 3858 1298; baseline -0.004 -14"><span class='ocrx_word' id='word_1_497' title='bbox 2232 1230 2368 1284; x_wconf 89' lang='lat' dir='ltr'>dum</span> <span class='ocrx_word' id='word_1_498' title='bbox 2399 1228 2505 1283; x_wconf 87' lang='lat' dir='ltr'>sibi</span> <span class='ocrx_word' id='word_1_499' title='bbox 2532 1228 2790 1298; x_wconf 88' lang='lat' dir='ltr'>putabat,</span> <span class='ocrx_word' id='word_1_500' title='bbox 2813 1229 2874 1279; x_wconf 91' lang='lat' dir='ltr'>ut</span> <span class='ocrx_word' id='word_1_501' title='bbox 2904 1226 3134 1279; x_wconf 89' lang='lat' dir='ltr'>illarum</span> <span class='ocrx_word' id='word_1_502' title='bbox 3154 1225 3486 1279; x_wconf 89' lang='lat' dir='ltr'>auctoritate</span> <span class='ocrx_word' id='word_1_503' title='bbox 3506 1224 3700 1278; x_wconf 88' lang='lat' dir='ltr'>sensim</span> <span class='ocrx_word' id='word_1_504' title='bbox 3713 1226 3858 1279; x_wconf 59' lang='lat' dir='ltr'>traduo</span> 
     </span>
    </p>
   </div>
   <div class='ocr_carea' id='block_1_72' title="bbox 2232 1311 3858 1383">
    <p class='ocr_par' dir='ltr' id='par_1_72' title="bbox 2232 1311 3858 1383">
     <span class='ocr_line' id='line_1_72' title="bbox 2232 1311 3858 1383; baseline -0.003 -12"><span class='ocrx_word' id='word_1_505' title='bbox 2232 1321 2497 1371; x_wconf 89' lang='lat' dir='ltr'>cerentur</span> <span class='ocrx_word' id='word_1_506' title='bbox 2525 1316 2593 1369; x_wconf 91' lang='lat' dir='ltr'>ad</span> <span class='ocrx_word' id='word_1_507' title='bbox 2626 1314 2927 1370; x_wconf 84' lang='lat' dir='ltr'>Ecclesiam</span> <span class='ocrx_word' id='word_1_508' title='bbox 2960 1313 3319 1380; x_wconf 85' lang='lat' dir='ltr'>catholicam,</span> <span class='ocrx_word' id='word_1_509' title='bbox 3349 1311 3390 1366; x_wconf 90' lang='lat' dir='ltr'>ii</span> <span class='ocrx_word' id='word_1_510' title='bbox 3426 1311 3710 1382; x_wconf 87' lang='lat' dir='ltr'>pracipue,</span> <span class='ocrx_word' id='word_1_511' title='bbox 3746 1329 3858 1383; x_wconf 82' lang='lat' dir='ltr'>quo-</span> 
     </span>
    </p>
   </div>
   <div class='ocr_carea' id='block_1_73' title="bbox 2232 1400 3858 1472">
    <p class='ocr_par' dir='ltr' id='par_1_73' title="bbox 2232 1400 3858 1472">
     <span class='ocr_line' id='line_1_73' title="bbox 2232 1400 3858 1472; baseline -0.002 -14"><span class='ocrx_word' id='word_1_512' title='bbox 2232 1422 2363 1460; x_wconf 90' lang='lat' dir='ltr'>rum</span> <span class='ocrx_word' id='word_1_513' title='bbox 2410 1405 2472 1458; x_wconf 92' lang='lat' dir='ltr'>in</span> <span class='ocrx_word' id='word_1_514' title='bbox 2513 1419 2616 1458; x_wconf 91' lang='lat' dir='ltr'>sua</span> <span class='ocrx_word' id='word_1_515' title='bbox 2673 1401 3028 1472; x_wconf 85' lang='lat' dir='ltr'>Hipponensi</span> <span class='ocrx_word' id='word_1_516' title='bbox 3074 1400 3302 1455; x_wconf 75' lang='lat' dir='ltr'>dioecesi</span> <span class='ocrx_word' id='word_1_517' title='bbox 3340 1400 3695 1455; x_wconf 89' lang='lat' dir='ltr'>residentium</span> <span class='ocrx_word' id='word_1_518' title='bbox 3730 1401 3858 1454; x_wconf 87' lang='lat' dir='ltr'>saluti</span> 
     </span>
    </p>
   </div>
   <div class='ocr_carea' id='block_1_74' title="bbox 2232 1489 3858 1563">
    <p class='ocr_par' dir='ltr' id='par_1_74' title="bbox 2232 1489 3858 1563">
     <span class='ocr_line' id='line_1_74' title="bbox 2232 1489 3858 1563; baseline -0.003 -16"><span class='ocrx_word' id='word_1_519' title='bbox 2232 1492 2556 1563; x_wconf 88' lang='lat' dir='ltr'>prospicere</span> <span class='ocrx_word' id='word_1_520' title='bbox 2584 1489 2886 1544; x_wconf 83' lang='lat' dir='ltr'>tenebatur</span> <span class='ocrx_word' id='word_1_521' title='bbox 2916 1489 3114 1560; x_wconf 79' lang='lat' dir='ltr'>(Epist.</span> <span class='ocrx_word' id='word_1_522' title='bbox 3153 1492 3273 1556; x_wconf 88' lang='grc'><strong>133,</strong></span> <span class='ocrx_word' id='word_1_523' title='bbox 3305 1493 3354 1543; x_wconf 86' lang='lat' dir='ltr'>et</span> <span class='ocrx_word' id='word_1_524' title='bbox 3383 1490 3554 1558; x_wconf 83' lang='lat' dir='ltr'>Epist.</span> <span class='ocrx_word' id='word_1_525' title='bbox 3589 1489 3717 1559; x_wconf 77' lang='grc'><strong>134).</strong></span> <span class='ocrx_word' id='word_1_526' title='bbox 3743 1490 3794 1543; x_wconf 89' lang='lat' dir='ltr'>In</span> <span class='ocrx_word' id='word_1_527' title='bbox 3811 1505 3858 1542; x_wconf 83' lang='lat' dir='ltr'>ea</span> 
     </span>
    </p>
   </div>
   <div class='ocr_carea' id='block_1_75' title="bbox 2233 1577 3858 1654">
    <p class='ocr_par' dir='ltr' id='par_1_75' title="bbox 2233 1577 3858 1654">
     <span class='ocr_line' id='line_1_75' title="bbox 2233 1577 3858 1654; baseline -0.004 -18"><span class='ocrx_word' id='word_1_528' title='bbox 2233 1582 2430 1654; x_wconf 91' lang='lat' dir='ltr'>procul</span> <span class='ocrx_word' id='word_1_529' title='bbox 2461 1579 2634 1634; x_wconf 91' lang='lat' dir='ltr'>dubio</span> <span class='ocrx_word' id='word_1_530' title='bbox 2663 1583 2828 1633; x_wconf 88' lang='lat' dir='ltr'>erant</span> <span class='ocrx_word' id='word_1_531' title='bbox 2855 1577 2968 1632; x_wconf 93' lang='lat' dir='ltr'>duo</span> <span class='ocrx_word' id='word_1_532' title='bbox 2999 1577 3085 1631; x_wconf 94' lang='lat' dir='ltr'>illi</span> <span class='ocrx_word' id='word_1_533' title='bbox 3122 1577 3439 1648; x_wconf 86' lang='lat' dir='ltr'>presbyteri</span> <span class='ocrx_word' id='word_1_534' title='bbox 3480 1577 3644 1648; x_wconf 89' lang='lat' dir='ltr'>partis</span> <span class='ocrx_word' id='word_1_535' title='bbox 3687 1578 3858 1640; x_wconf 84' lang='lat' dir='ltr'>Donati,</span> 
     </span>
    </p>
   </div>
   <div class='ocr_carea' id='block_1_76' title="bbox 2236 1664 3861 1742">
    <p class='ocr_par' dir='ltr' id='par_1_76' title="bbox 2236 1664 3861 1742">
     <span class='ocr_line' id='line_1_76' title="bbox 2236 1664 3861 1742; baseline -0.004 -18"><span class='ocrx_word' id='word_1_536' title='bbox 2236 1671 2334 1742; x_wconf 91' lang='lat' dir='ltr'>qui</span> <span class='ocrx_word' id='word_1_537' title='bbox 2362 1672 2557 1723; x_wconf 91' lang='lat' dir='ltr'>sancto</span> <span class='ocrx_word' id='word_1_538' title='bbox 2590 1668 2864 1740; x_wconf 84' lang='lat' dir='ltr'>Episcopo</span> <span class='ocrx_word' id='word_1_539' title='bbox 2886 1667 2974 1720; x_wconf 91' lang='lat' dir='ltr'>vel</span> <span class='ocrx_word' id='word_1_540' title='bbox 2996 1670 3310 1736; x_wconf 84' lang='lat' dir='ltr'>satagente,</span> <span class='ocrx_word' id='word_1_541' title='bbox 3335 1665 3423 1720; x_wconf 83' lang='lat' dir='ltr'>vel</span> <span class='ocrx_word' id='word_1_542' title='bbox 3443 1666 3631 1719; x_wconf 89' lang='lat' dir='ltr'>saltem</span> <span class='ocrx_word' id='word_1_543' title='bbox 3650 1664 3861 1736; x_wconf 85' lang='lat' dir='ltr'>cupiente</span> 
     </span>
    </p>
   </div>
   <div class='ocr_carea' id='block_1_77' title="bbox 2235 1754 3864 1829">
    <p class='ocr_par' dir='ltr' id='par_1_77' title="bbox 2235 1754 3864 1829">
     <span class='ocr_line' id='line_1_77' title="bbox 2235 1754 3864 1829; baseline -0.004 -16"><span class='ocrx_word' id='word_1_544' title='bbox 2235 1756 2629 1829; x_wconf 87' lang='lat' dir='ltr'>comprehensi</span> <span class='ocrx_word' id='word_1_545' title='bbox 2659 1759 2812 1825; x_wconf 90' lang='lat' dir='ltr'>sunt,</span> <span class='ocrx_word' id='word_1_546' title='bbox 2837 1759 3008 1824; x_wconf 89' lang='lat' dir='ltr'>atque</span> <span class='ocrx_word' id='word_1_547' title='bbox 3039 1754 3360 1825; x_wconf 89' lang='lat' dir='ltr'>Hipponem</span> <span class='ocrx_word' id='word_1_548' title='bbox 3388 1755 3662 1824; x_wconf 90' lang='lat' dir='ltr'>perducti,</span> <span class='ocrx_word' id='word_1_549' title='bbox 3682 1759 3735 1807; x_wconf 90' lang='lat' dir='ltr'>ut</span> <span class='ocrx_word' id='word_1_550' title='bbox 3751 1754 3864 1822; x_wconf 88' lang='lat' dir='ltr'>judi-</span> 
     </span>
    </p>
   </div>
   <div class='ocr_carea' id='block_1_78' title="bbox 2236 1841 3864 1916">
    <p class='ocr_par' dir='ltr' id='par_1_78' title="bbox 2236 1841 3864 1916">
     <span class='ocr_line' id='line_1_78' title="bbox 2236 1841 3864 1916; baseline -0.004 -14"><span class='ocrx_word' id='word_1_551' title='bbox 2236 1849 2394 1903; x_wconf 90' lang='lat' dir='ltr'>cibus</span> <span class='ocrx_word' id='word_1_552' title='bbox 2422 1847 2602 1914; x_wconf 85' lang='lat' dir='ltr'>forte,</span> <span class='ocrx_word' id='word_1_553' title='bbox 2619 1845 2827 1916; x_wconf 90' lang='lat' dir='ltr'>quibus</span> <span class='ocrx_word' id='word_1_554' title='bbox 2851 1845 3047 1915; x_wconf 88' lang='lat' dir='ltr'>legum</span> <span class='ocrx_word' id='word_1_555' title='bbox 3072 1843 3354 1914; x_wconf 88' lang='lat' dir='ltr'>imperata</span> <span class='ocrx_word' id='word_1_556' title='bbox 3384 1843 3607 1915; x_wconf 87' lang='lat' dir='ltr'>exsequi</span> <span class='ocrx_word' id='word_1_557' title='bbox 3632 1841 3864 1896; x_wconf 87' lang='lat' dir='ltr'>incumbe-</span> 
     </span>
    </p>
   </div>
   <div class='ocr_carea' id='block_1_79' title="bbox 2236 1930 3864 2006">
    <p class='ocr_par' dir='ltr' id='par_1_79' title="bbox 2236 1930 3864 2006">
     <span class='ocr_line' id='line_1_79' title="bbox 2236 1930 3864 2006; baseline -0.006 -15"><span class='ocrx_word' id='word_1_558' title='bbox 2236 1938 2353 2006; x_wconf 89' lang='lat' dir='ltr'>bat,</span> <span class='ocrx_word' id='word_1_559' title='bbox 2385 1936 2740 2001; x_wconf 86' lang='lat' dir='ltr'>sisterentur,</span> <span class='ocrx_word' id='word_1_560' title='bbox 2773 1937 2948 2004; x_wconf 90' lang='lat' dir='ltr'>utque</span> <span class='ocrx_word' id='word_1_561' title='bbox 2995 1933 3058 1986; x_wconf 92' lang='lat' dir='ltr'>in</span> <span class='ocrx_word' id='word_1_562' title='bbox 3104 1932 3379 1997; x_wconf 90' lang='lat' dir='ltr'>custodia,</span> <span class='ocrx_word' id='word_1_563' title='bbox 3413 1948 3484 1986; x_wconf 90' lang='lat' dir='ltr'>ne</span> <span class='ocrx_word' id='word_1_564' title='bbox 3521 1931 3766 1986; x_wconf 85' lang='lat' dir='ltr'>violentas</span> <span class='ocrx_word' id='word_1_565' title='bbox 3788 1930 3864 1983; x_wconf 85' lang='lat' dir='ltr'>sibi</span> 
     </span>
    </p>
   </div>
   <div class='ocr_carea' id='block_1_80' title="bbox 2236 2019 3864 2089">
    <p class='ocr_par' dir='ltr' id='par_1_80' title="bbox 2236 2019 3864 2089">
     <span class='ocr_line' id='line_1_80' title="bbox 2236 2019 3864 2089; baseline -0.005 -10"><span class='ocrx_word' id='word_1_566' title='bbox 2236 2041 2440 2079; x_wconf 90' lang='lat' dir='ltr'>manus</span> <span class='ocrx_word' id='word_1_567' title='bbox 2472 2023 2770 2089; x_wconf 88' lang='lat' dir='ltr'>inferrent,</span> <span class='ocrx_word' id='word_1_568' title='bbox 2819 2024 3197 2076; x_wconf 80' lang='lat' dir='ltr'>servarentur.</span> <span class='ocrx_word' id='word_1_569' title='bbox 3230 2022 3387 2075; x_wconf 87' lang='lat' dir='ltr'>Alter</span> <span class='ocrx_word' id='word_1_570' title='bbox 3434 2036 3642 2087; x_wconf 90' lang='lat' dir='ltr'>eorum,</span> <span class='ocrx_word' id='word_1_571' title='bbox 3671 2019 3748 2072; x_wconf 90' lang='lat' dir='ltr'>cui</span> <span class='ocrx_word' id='word_1_572' title='bbox 3785 2020 3864 2072; x_wconf 86' lang='lat' dir='ltr'>llo-</span> 
     </span>
    </p>
   </div>
   <div class='ocr_carea' id='block_1_81' title="bbox 2235 2105 3865 2181">
    <p class='ocr_par' dir='ltr' id='par_1_81' title="bbox 2235 2105 3865 2181">
     <span class='ocr_line' id='line_1_81' title="bbox 2235 2105 3865 2181; baseline -0.007 -13"><span class='ocrx_word' id='word_1_573' title='bbox 2235 2118 2369 2168; x_wconf 89' lang='lat' dir='ltr'>nato</span> <span class='ocrx_word' id='word_1_574' title='bbox 2396 2127 2632 2178; x_wconf 91' lang='lat' dir='ltr'>nomen,</span> <span class='ocrx_word' id='word_1_575' title='bbox 2655 2111 2910 2165; x_wconf 90' lang='lat' dir='ltr'>oblatum</span> <span class='ocrx_word' id='word_1_576' title='bbox 2931 2125 3144 2181; x_wconf 88' lang='lat' dir='ltr'>equum</span> <span class='ocrx_word' id='word_1_577' title='bbox 3165 2125 3284 2164; x_wconf 91' lang='lat' dir='ltr'>non</span> <span class='ocrx_word' id='word_1_578' title='bbox 3316 2109 3482 2164; x_wconf 91' lang='lat' dir='ltr'>modo</span> <span class='ocrx_word' id='word_1_579' title='bbox 3511 2107 3776 2171; x_wconf 86' lang='lat' dir='ltr'>recusavit,</span> <span class='ocrx_word' id='word_1_580' title='bbox 3795 2105 3865 2158; x_wconf 88' lang='lat' dir='ltr'>sed</span> 
     </span>
    </p>
   </div>
   <div class='ocr_carea' id='block_1_82' title="bbox 2238 2195 3864 2269">
    <p class='ocr_par' dir='ltr' id='par_1_82' title="bbox 2238 2195 3864 2269">
     <span class='ocr_line' id='line_1_82' title="bbox 2238 2195 3864 2269; baseline -0.007 -12"><span class='ocrx_word' id='word_1_581' title='bbox 2238 2203 2410 2258; x_wconf 87' lang='lat' dir='ltr'>etiam</span> <span class='ocrx_word' id='word_1_582' title='bbox 2453 2216 2574 2255; x_wconf 87' lang='lat' dir='ltr'>sese</span> <span class='ocrx_word' id='word_1_583' title='bbox 2614 2200 2686 2254; x_wconf 89' lang='lat' dir='ltr'>ad</span> <span class='ocrx_word' id='word_1_584' title='bbox 2729 2203 2939 2253; x_wconf 91' lang='lat' dir='ltr'>terram</span> <span class='ocrx_word' id='word_1_585' title='bbox 2987 2199 3263 2252; x_wconf 90' lang='lat' dir='ltr'>collidens</span> <span class='ocrx_word' id='word_1_586' title='bbox 3309 2197 3554 2269; x_wconf 83' lang='lat' dir='ltr'>graviter</span> <span class='ocrx_word' id='word_1_587' title='bbox 3596 2195 3864 2250; x_wconf 73' lang='lat' dir='ltr'>sauciarit:</span> 
     </span>
    </p>
   </div>
   <div class='ocr_carea' id='block_1_83' title="bbox 2238 2285 3865 2360">
    <p class='ocr_par' dir='ltr' id='par_1_83' title="bbox 2238 2285 3865 2360">
     <span class='ocr_line' id='line_1_83' title="bbox 2238 2285 3865 2360; baseline -0.006 -15"><span class='ocrx_word' id='word_1_588' title='bbox 2238 2294 2434 2360; x_wconf 88' lang='lat' dir='ltr'>postea</span> <span class='ocrx_word' id='word_1_589' title='bbox 2454 2290 2574 2360; x_wconf 90' lang='lat' dir='ltr'>jam</span> <span class='ocrx_word' id='word_1_590' title='bbox 2601 2289 2879 2343; x_wconf 90' lang='lat' dir='ltr'>adductus</span> <span class='ocrx_word' id='word_1_591' title='bbox 2913 2287 3258 2358; x_wconf 84' lang='lat' dir='ltr'>Hipponem,</span> <span class='ocrx_word' id='word_1_592' title='bbox 3290 2287 3637 2357; x_wconf 88' lang='lat' dir='ltr'>pracipitem</span> <span class='ocrx_word' id='word_1_593' title='bbox 3655 2301 3706 2338; x_wconf 91' lang='lat' dir='ltr'>se</span> <span class='ocrx_word' id='word_1_594' title='bbox 3725 2285 3772 2337; x_wconf 90' lang='lat' dir='ltr'>in</span> <span class='ocrx_word' id='word_1_595' title='bbox 3792 2298 3865 2353; x_wconf 87' lang='lat' dir='ltr'>pu-</span> 
     </span>
    </p>
   </div>
   <div class='ocr_carea' id='block_1_84' title="bbox 2235 2372 3866 2443">
    <p class='ocr_par' dir='ltr' id='par_1_84' title="bbox 2235 2372 3866 2443">
     <span class='ocr_line' id='line_1_84' title="bbox 2235 2372 3866 2443; baseline -0.007 -11"><span class='ocrx_word' id='word_1_596' title='bbox 2235 2383 2394 2433; x_wconf 91' lang='lat' dir='ltr'>teum</span> <span class='ocrx_word' id='word_1_597' title='bbox 2408 2378 2586 2443; x_wconf 87' lang='lat' dir='ltr'>dedit,</span> <span class='ocrx_word' id='word_1_598' title='bbox 2601 2377 2752 2432; x_wconf 91' lang='lat' dir='ltr'>unde</span> <span class='ocrx_word' id='word_1_599' title='bbox 2768 2377 2931 2431; x_wconf 91' lang='lat' dir='ltr'>illum</span> <span class='ocrx_word' id='word_1_600' title='bbox 2951 2375 3198 2430; x_wconf 90' lang='lat' dir='ltr'>invitum</span> <span class='ocrx_word' id='word_1_601' title='bbox 3217 2391 3282 2429; x_wconf 89' lang='lat' dir='ltr'>ac</span> <span class='ocrx_word' id='word_1_602' title='bbox 3303 2376 3662 2429; x_wconf 89' lang='lat' dir='ltr'>reluctantem</span> <span class='ocrx_word' id='word_1_603' title='bbox 3679 2372 3866 2426; x_wconf 75' lang='lat' dir='ltr'>eduxere</span> 
     </span>
    </p>
   </div>
   <div class='ocr_carea' id='block_1_85' title="bbox 2241 2459 3866 2534">
    <p class='ocr_par' dir='ltr' id='par_1_85' title="bbox 2241 2459 3866 2534">
     <span class='ocr_line' id='line_1_85' title="bbox 2241 2459 3866 2534; baseline -0.007 -11"><span class='ocrx_word' id='word_1_604' title='bbox 2241 2465 2530 2522; x_wconf 88' lang='lat' dir='ltr'>Catholici.</span> <span class='ocrx_word' id='word_1_605' title='bbox 2576 2467 2752 2520; x_wconf 89' lang='lat' dir='ltr'>Tanta</span> <span class='ocrx_word' id='word_1_606' title='bbox 2786 2465 2958 2534; x_wconf 88' lang='lat' dir='ltr'>hujus</span> <span class='ocrx_word' id='word_1_607' title='bbox 3004 2467 3125 2518; x_wconf 89' lang='lat' dir='ltr'>erat</span> <span class='ocrx_word' id='word_1_608' title='bbox 3163 2463 3499 2534; x_wconf 89' lang='lat' dir='ltr'>pervicacia,</span> <span class='ocrx_word' id='word_1_609' title='bbox 3524 2466 3586 2516; x_wconf 88' lang='lat' dir='ltr'>ut</span> <span class='ocrx_word' id='word_1_610' title='bbox 3612 2459 3866 2516; x_wconf 83' lang='lat' dir='ltr'>clamitaret</span> 
     </span>
    </p>
   </div>
   <div class='ocr_carea' id='block_1_86' title="bbox 2238 2547 3864 2626">
    <p class='ocr_par' dir='ltr' id='par_1_86' title="bbox 2238 2547 3864 2626">
     <span class='ocr_line' id='line_1_86' title="bbox 2238 2547 3864 2626; baseline -0.008 -16"><span class='ocrx_word' id='word_1_611' title='bbox 2238 2558 2537 2626; x_wconf 89' lang='lat' dir='ltr'>perpetuo,</span> <span class='ocrx_word' id='word_1_612' title='bbox 2569 2553 2713 2607; x_wconf 87' lang='lat' dir='ltr'>velle</span> <span class='ocrx_word' id='word_1_613' title='bbox 2761 2568 2820 2607; x_wconf 90' lang='lat' dir='ltr'>se</span> <span class='ocrx_word' id='word_1_614' title='bbox 2853 2552 2916 2606; x_wconf 91' lang='lat' dir='ltr'>in</span> <span class='ocrx_word' id='word_1_615' title='bbox 2955 2567 3146 2606; x_wconf 90' lang='lat' dir='ltr'>errore</span> <span class='ocrx_word' id='word_1_616' title='bbox 3184 2566 3569 2622; x_wconf 90' lang='lat' dir='ltr'>perseverare,</span> <span class='ocrx_word' id='word_1_617' title='bbox 3601 2549 3725 2604; x_wconf 89' lang='lat' dir='ltr'>velle</span> <span class='ocrx_word' id='word_1_618' title='bbox 3749 2547 3795 2600; x_wconf 88' lang='lat' dir='ltr'>in</span> <span class='ocrx_word' id='word_1_619' title='bbox 3820 2561 3864 2598; x_wconf 86' lang='lat' dir='ltr'>eo</span> 
     </span>
    </p>
   </div>
   <div class='ocr_carea' id='block_1_87' title="bbox 2239 2637 3865 2715">
    <p class='ocr_par' dir='ltr' id='par_1_87' title="bbox 2239 2637 3865 2715">
     <span class='ocr_line' id='line_1_87' title="bbox 2239 2637 3865 2715; baseline -0.008 -17"><span class='ocrx_word' id='word_1_620' title='bbox 2239 2644 2426 2715; x_wconf 87' lang='lat' dir='ltr'>perire</span> <span class='ocrx_word' id='word_1_621' title='bbox 2461 2659 2474 2697; x_wconf 90' lang='lat'><strong>:</strong></span> <span class='ocrx_word' id='word_1_622' title='bbox 2507 2642 2831 2713; x_wconf 85' lang='lat' dir='ltr'>cogendum</span> <span class='ocrx_word' id='word_1_623' title='bbox 2866 2641 2938 2695; x_wconf 87' lang='lat' dir='ltr'>ad</span> <span class='ocrx_word' id='word_1_624' title='bbox 2983 2641 3224 2709; x_wconf 91' lang='lat' dir='ltr'>bonum,</span> <span class='ocrx_word' id='word_1_625' title='bbox 3271 2640 3663 2712; x_wconf 88' lang='lat' dir='ltr'>quodcumque</span> <span class='ocrx_word' id='word_1_626' title='bbox 3690 2637 3865 2691; x_wconf 87' lang='lat' dir='ltr'>demum</span> 
     </span>
    </p>
   </div>
   <div class='ocr_carea' id='block_1_88' title="bbox 2239 2727 3867 2800">
    <p class='ocr_par' dir='ltr' id='par_1_88' title="bbox 2239 2727 3867 2800">
     <span class='ocr_line' id='line_1_88' title="bbox 2239 2727 3867 2800; baseline -0.007 -14"><span class='ocrx_word' id='word_1_627' title='bbox 2239 2732 2380 2786; x_wconf 92' lang='lat' dir='ltr'>illud</span> <span class='ocrx_word' id='word_1_628' title='bbox 2407 2731 2498 2797; x_wconf 90' lang='lat' dir='ltr'>sit,</span> <span class='ocrx_word' id='word_1_629' title='bbox 2523 2730 2834 2796; x_wconf 89' lang='lat' dir='ltr'>neminem,</span> <span class='ocrx_word' id='word_1_630' title='bbox 2858 2729 3086 2800; x_wconf 87' lang='lat' dir='ltr'>quando</span> <span class='ocrx_word' id='word_1_631' title='bbox 3106 2730 3257 2783; x_wconf 91' lang='lat' dir='ltr'>Deus</span> <span class='ocrx_word' id='word_1_632' title='bbox 3280 2745 3388 2783; x_wconf 90' lang='lat' dir='ltr'>nos</span> <span class='ocrx_word' id='word_1_633' title='bbox 3409 2727 3584 2783; x_wconf 86' lang='lat' dir='ltr'>nostri</span> <span class='ocrx_word' id='word_1_634' title='bbox 3599 2727 3729 2797; x_wconf 89' lang='lat' dir='ltr'>juris</span> <span class='ocrx_word' id='word_1_635' title='bbox 3745 2729 3867 2792; x_wconf 86' lang='lat' dir='ltr'>atque</span> 
     </span>
    </p>
   </div>
   <div class='ocr_carea' id='block_1_89' title="bbox 2240 2816 3867 2887">
    <p class='ocr_par' dir='ltr' id='par_1_89' title="bbox 2240 2816 3867 2887">
     <span class='ocr_line' id='line_1_89' title="bbox 2240 2816 3867 2887; baseline -0.008 -12"><span class='ocrx_word' id='word_1_636' title='bbox 2240 2820 2463 2875; x_wconf 86' lang='lat' dir='ltr'>arbitrii</span> <span class='ocrx_word' id='word_1_637' title='bbox 2493 2835 2613 2874; x_wconf 89' lang='lat' dir='ltr'>esse</span> <span class='ocrx_word' id='word_1_638' title='bbox 2641 2818 2911 2873; x_wconf 87' lang='lat' dir='ltr'>voluisset</span> <span class='ocrx_word' id='word_1_639' title='bbox 2938 2833 2952 2872; x_wconf 87' lang='lat'><strong>:</strong></span> <span class='ocrx_word' id='word_1_640' title='bbox 2984 2816 3276 2872; x_wconf 86' lang='lat' dir='ltr'>Christum</span> <span class='ocrx_word' id='word_1_641' title='bbox 3301 2816 3602 2887; x_wconf 86' lang='lat' dir='ltr'>discipulos</span> <span class='ocrx_word' id='word_1_642' title='bbox 3629 2830 3760 2880; x_wconf 88' lang='lat' dir='ltr'>suos,</span> <span class='ocrx_word' id='word_1_643' title='bbox 3776 2825 3867 2864; x_wconf 88' lang='lat' dir='ltr'>cum</span> 
     </span>
    </p>
   </div>
   <div class='ocr_carea' id='block_1_90' title="bbox 2241 2904 3868 2971">
    <p class='ocr_par' dir='ltr' id='par_1_90' title="bbox 2241 2904 3868 2971">
     <span class='ocr_line' id='line_1_90' title="bbox 2241 2904 3868 2971; baseline -0.007 -8"><span class='ocrx_word' id='word_1_644' title='bbox 2241 2926 2336 2963; x_wconf 91' lang='lat' dir='ltr'>eos</span> <span class='ocrx_word' id='word_1_645' title='bbox 2365 2907 2607 2963; x_wconf 80' lang='lat' dir='ltr'>deficere</span> <span class='ocrx_word' id='word_1_646' title='bbox 2637 2907 2708 2962; x_wconf 89' lang='lat' dir='ltr'>ab</span> <span class='ocrx_word' id='word_1_647' title='bbox 2745 2906 2844 2960; x_wconf 90' lang='lat' dir='ltr'>illo</span> <span class='ocrx_word' id='word_1_648' title='bbox 2885 2905 3160 2971; x_wconf 90' lang='lat' dir='ltr'>libuisset,</span> <span class='ocrx_word' id='word_1_649' title='bbox 3190 2921 3311 2959; x_wconf 92' lang='lat' dir='ltr'>non</span> <span class='ocrx_word' id='word_1_650' title='bbox 3337 2905 3658 2969; x_wconf 87' lang='lat' dir='ltr'>retinuisse;</span> <span class='ocrx_word' id='word_1_651' title='bbox 3689 2904 3868 2971; x_wconf 79' lang='lat' dir='ltr'>Aposto-</span> 
     </span>
    </p>
   </div>
   <div class='ocr_carea' id='block_1_91' title="bbox 2240 2994 3868 3068">
    <p class='ocr_par' dir='ltr' id='par_1_91' title="bbox 2240 2994 3868 3068">
     <span class='ocr_line' id='line_1_91' title="bbox 2240 2994 3868 3068; baseline -0.007 -16"><span class='ocrx_word' id='word_1_652' title='bbox 2240 2998 2424 3068; x_wconf 89' lang='lat' dir='ltr'>lisque</span> <span class='ocrx_word' id='word_1_653' title='bbox 2455 2997 2570 3051; x_wconf 91' lang='lat' dir='ltr'>suis</span> <span class='ocrx_word' id='word_1_654' title='bbox 2600 2995 2894 3067; x_wconf 91' lang='lat' dir='ltr'>optionem</span> <span class='ocrx_word' id='word_1_655' title='bbox 2940 3011 3004 3050; x_wconf 90' lang='lat' dir='ltr'>ac</span> <span class='ocrx_word' id='word_1_656' title='bbox 3029 2995 3262 3065; x_wconf 89' lang='lat' dir='ltr'>plenam</span> <span class='ocrx_word' id='word_1_657' title='bbox 3295 2994 3618 3049; x_wconf 86' lang='lat' dir='ltr'>facultatem</span> <span class='ocrx_word' id='word_1_658' title='bbox 3646 3007 3732 3045; x_wconf 89' lang='lat' dir='ltr'>seu</span> <span class='ocrx_word' id='word_1_659' title='bbox 3756 3003 3868 3042; x_wconf 84' lang='lat' dir='ltr'>rece-</span> 
     </span>
    </p>
   </div>
   <div class='ocr_carea' id='block_1_92' title="bbox 2242 3082 3874 3154">
    <p class='ocr_par' dir='ltr' id='par_1_92' title="bbox 2242 3082 3874 3154">
     <span class='ocr_line' id='line_1_92' title="bbox 2242 3082 3874 3154; baseline -0.007 -13"><span class='ocrx_word' id='word_1_660' title='bbox 2242 3086 2411 3141; x_wconf 91' lang='lat' dir='ltr'>dendi</span> <span class='ocrx_word' id='word_1_661' title='bbox 2449 3103 2547 3140; x_wconf 92' lang='lat' dir='ltr'>seu</span> <span class='ocrx_word' id='word_1_662' title='bbox 2578 3083 2914 3139; x_wconf 89' lang='lat' dir='ltr'>remanendi</span> <span class='ocrx_word' id='word_1_663' title='bbox 2950 3082 3320 3154; x_wconf 86' lang='lat' dir='ltr'>permisisse;</span> <span class='ocrx_word' id='word_1_664' title='bbox 3354 3082 3426 3136; x_wconf 88' lang='lat' dir='ltr'>ad</span> <span class='ocrx_word' id='word_1_665' title='bbox 3467 3087 3773 3147; x_wconf 84' lang='lat' dir='ltr'>extremum,</span> <span class='ocrx_word' id='word_1_666' title='bbox 3796 3091 3874 3129; x_wconf 87' lang='lat' dir='ltr'>non</span> 
     </span>
    </p>
   </div>
   <div class='ocr_carea' id='block_1_93' title="bbox 2243 3166 3869 3242">
    <p class='ocr_par' dir='ltr' id='par_1_93' title="bbox 2243 3166 3869 3242">
     <span class='ocr_line' id='line_1_93' title="bbox 2243 3166 3869 3242; baseline -0.01 -12"><span class='ocrx_word' id='word_1_667' title='bbox 2243 3177 2448 3230; x_wconf 90' lang='lat' dir='ltr'>debere</span> <span class='ocrx_word' id='word_1_668' title='bbox 2468 3173 2577 3228; x_wconf 92' lang='lat' dir='ltr'>sibi</span> <span class='ocrx_word' id='word_1_669' title='bbox 2597 3173 2732 3227; x_wconf 92' lang='lat' dir='ltr'>vitio</span> <span class='ocrx_word' id='word_1_670' title='bbox 2754 3171 2916 3239; x_wconf 89' lang='lat' dir='ltr'>verti,</span> <span class='ocrx_word' id='word_1_671' title='bbox 2940 3171 3095 3242; x_wconf 92' lang='lat' dir='ltr'>quod</span> <span class='ocrx_word' id='word_1_672' title='bbox 3124 3171 3242 3225; x_wconf 90' lang='lat' dir='ltr'>vim</span> <span class='ocrx_word' id='word_1_673' title='bbox 3263 3170 3380 3225; x_wconf 90' lang='lat' dir='ltr'>sibi</span> <span class='ocrx_word' id='word_1_674' title='bbox 3403 3171 3595 3225; x_wconf 80' lang='lat' dir='ltr'>afferre</span> <span class='ocrx_word' id='word_1_675' title='bbox 3615 3166 3869 3226; x_wconf 83' lang='lat' dir='ltr'>statuisset;</span> 
     </span>
    </p>
   </div>
   <div class='ocr_carea' id='block_1_94' title="bbox 2239 3253 3870 3334">
    <p class='ocr_par' dir='ltr' id='par_1_94' title="bbox 2239 3253 3870 3334">
     <span class='ocr_line' id='line_1_94' title="bbox 2239 3253 3870 3334; baseline -0.007 -17"><span class='ocrx_word' id='word_1_676' title='bbox 2239 3264 2576 3334; x_wconf 87' lang='lat' dir='ltr'>Apostolum</span> <span class='ocrx_word' id='word_1_677' title='bbox 2624 3262 2779 3316; x_wconf 89' lang='lat' dir='ltr'>enim</span> <span class='ocrx_word' id='word_1_678' title='bbox 2822 3260 2987 3315; x_wconf 91' lang='lat' dir='ltr'>bonis</span> <span class='ocrx_word' id='word_1_679' title='bbox 3034 3263 3091 3314; x_wconf 90' lang='lat' dir='ltr'>et</span> <span class='ocrx_word' id='word_1_680' title='bbox 3128 3260 3302 3314; x_wconf 86' lang='lat' dir='ltr'>laude</span> <span class='ocrx_word' id='word_1_681' title='bbox 3348 3259 3534 3331; x_wconf 85' lang='lat' dir='ltr'>dignis</span> <span class='ocrx_word' id='word_1_682' title='bbox 3579 3253 3870 3326; x_wconf 80' lang='lat' dir='ltr'>adscripsisse</span> 
     </span>
    </p>
   </div>
   <div class='ocr_carea' id='block_1_95' title="bbox 2243 3345 3869 3420">
    <p class='ocr_par' dir='ltr' id='par_1_95' title="bbox 2243 3345 3869 3420">
     <span class='ocr_line' id='line_1_95' title="bbox 2243 3345 3869 3420; baseline -0.006 -14"><span class='ocrx_word' id='word_1_683' title='bbox 2243 3351 2581 3414; x_wconf 88' lang='lat' dir='ltr'>actionibus,</span> <span class='ocrx_word' id='word_1_684' title='bbox 2613 3350 2660 3404; x_wconf 90' lang='lat' dir='ltr'>si</span> <span class='ocrx_word' id='word_1_685' title='bbox 2689 3349 2817 3420; x_wconf 89' lang='lat' dir='ltr'>quis</span> <span class='ocrx_word' id='word_1_686' title='bbox 2845 3364 3051 3418; x_wconf 90' lang='lat' dir='ltr'>corpus</span> <span class='ocrx_word' id='word_1_687' title='bbox 3081 3348 3338 3402; x_wconf 82' lang='lat' dir='ltr'>flammis</span> <span class='ocrx_word' id='word_1_688' title='bbox 3377 3345 3766 3402; x_wconf 88' lang='lat' dir='ltr'>absumendum</span> <span class='ocrx_word' id='word_1_689' title='bbox 3788 3347 3869 3395; x_wconf 77' lang='lat' dir='ltr'>tra-</span> 
     </span>
    </p>
   </div>
   <div class='ocr_carea' id='block_1_96' title="bbox 2243 3431 3872 3508">
    <p class='ocr_par' dir='ltr' id='par_1_96' title="bbox 2243 3431 3872 3508">
     <span class='ocr_line' id='line_1_96' title="bbox 2243 3431 3872 3508; baseline -0.004 -15"><span class='ocrx_word' id='word_1_690' title='bbox 2243 3439 2420 3494; x_wconf 91' lang='lat' dir='ltr'>deret.</span> <span class='ocrx_word' id='word_1_691' title='bbox 2467 3440 2608 3494; x_wconf 90' lang='lat' dir='ltr'>Cum</span> <span class='ocrx_word' id='word_1_692' title='bbox 2637 3437 2708 3504; x_wconf 91' lang='lat' dir='ltr'>ei,</span> <span class='ocrx_word' id='word_1_693' title='bbox 2743 3453 2873 3508; x_wconf 86' lang='lat' dir='ltr'>qua</span> <span class='ocrx_word' id='word_1_694' title='bbox 2903 3436 3206 3491; x_wconf 89' lang='lat' dir='ltr'>constituta</span> <span class='ocrx_word' id='word_1_695' title='bbox 3235 3435 3305 3490; x_wconf 90' lang='lat' dir='ltr'>in</span> <span class='ocrx_word' id='word_1_696' title='bbox 3349 3437 3652 3492; x_wconf 88' lang='lat' dir='ltr'>Collatione</span> <span class='ocrx_word' id='word_1_697' title='bbox 3686 3431 3872 3488; x_wconf 85' lang='lat' dir='ltr'>fuerant.</span> 
     </span>
    </p>
   </div>
   <div class='ocr_carea' id='block_1_97' title="bbox 2242 3519 3871 3598">
    <p class='ocr_par' dir='ltr' id='par_1_97' title="bbox 2242 3519 3871 3598">
     <span class='ocr_line' id='line_1_97' title="bbox 2242 3519 3871 3598; baseline -0.007 -17"><span class='ocrx_word' id='word_1_698' title='bbox 2242 3527 2689 3598; x_wconf 88' lang='lat' dir='ltr'>objectabantur,</span> <span class='ocrx_word' id='word_1_699' title='bbox 2714 3525 2962 3596; x_wconf 89' lang='lat' dir='ltr'>partium</span> <span class='ocrx_word' id='word_1_700' title='bbox 2984 3540 3217 3579; x_wconf 89' lang='lat' dir='ltr'>suarum</span> <span class='ocrx_word' id='word_1_701' title='bbox 3239 3541 3475 3579; x_wconf 85' lang='lat' dir='ltr'>causam</span> <span class='ocrx_word' id='word_1_702' title='bbox 3489 3519 3871 3596; x_wconf 83' lang='lat' dir='ltr'>jactabat,etiam</span> 
     </span>
    </p>
   </div>
   <div class='ocr_carea' id='block_1_98' title="bbox 2243 3610 3870 3686">
    <p class='ocr_par' dir='ltr' id='par_1_98' title="bbox 2243 3610 3870 3686">
     <span class='ocr_line' id='line_1_98' title="bbox 2243 3610 3870 3686; baseline -0.008 -16"><span class='ocrx_word' id='word_1_703' title='bbox 2243 3619 2438 3671; x_wconf 89' lang='lat' dir='ltr'>contra</span> <span class='ocrx_word' id='word_1_704' title='bbox 2463 3614 2868 3686; x_wconf 86' lang='lat' dir='ltr'>Augustinum,</span> <span class='ocrx_word' id='word_1_705' title='bbox 2912 3613 3218 3668; x_wconf 87' lang='lat' dir='ltr'>defendere</span> <span class='ocrx_word' id='word_1_706' title='bbox 3249 3630 3310 3668; x_wconf 89' lang='lat' dir='ltr'>se</span> <span class='ocrx_word' id='word_1_707' title='bbox 3360 3629 3548 3685; x_wconf 91' lang='lat' dir='ltr'>posse,</span> <span class='ocrx_word' id='word_1_708' title='bbox 3575 3610 3729 3666; x_wconf 89' lang='lat' dir='ltr'>modo</span> <span class='ocrx_word' id='word_1_709' title='bbox 3754 3619 3870 3660; x_wconf 78' lang='lat' dir='ltr'>revo-</span> 
     </span>
    </p>
   </div>
   <div class='ocr_carea' id='block_1_99' title="bbox 2243 3703 3871 3774">
    <p class='ocr_par' dir='ltr' id='par_1_99' title="bbox 2243 3703 3871 3774">
     <span class='ocr_line' id='line_1_99' title="bbox 2243 3703 3871 3774; baseline -0.007 -15"><span class='ocrx_word' id='word_1_710' title='bbox 2243 3710 2467 3759; x_wconf 89' lang='lat' dir='ltr'>caretur</span> <span class='ocrx_word' id='word_1_711' title='bbox 2510 3705 2571 3759; x_wconf 92' lang='lat' dir='ltr'>id</span> <span class='ocrx_word' id='word_1_712' title='bbox 2615 3703 2768 3774; x_wconf 90' lang='lat' dir='ltr'>quod</span> <span class='ocrx_word' id='word_1_713' title='bbox 2815 3703 3124 3757; x_wconf 89' lang='lat' dir='ltr'>Donatista</span> <span class='ocrx_word' id='word_1_714' title='bbox 3166 3706 3586 3770; x_wconf 86' lang='lat' dir='ltr'>concesserant,</span> <span class='ocrx_word' id='word_1_715' title='bbox 3633 3707 3871 3771; x_wconf 84' lang='lat' dir='ltr'>personam</span> 
     </span>
    </p>
   </div>
   <div class='ocr_carea' id='block_1_100' title="bbox 2247 3787 3872 3863">
    <p class='ocr_par' dir='ltr' id='par_1_100' title="bbox 2247 3787 3872 3863">
     <span class='ocr_line' id='line_1_100' title="bbox 2247 3787 3872 3863; baseline -0.007 -16"><span class='ocrx_word' id='word_1_716' title='bbox 2247 3810 2364 3848; x_wconf 91' lang='lat' dir='ltr'>non</span> <span class='ocrx_word' id='word_1_717' title='bbox 2393 3791 2770 3863; x_wconf 84' lang='lat' dir='ltr'>prajudicare</span> <span class='ocrx_word' id='word_1_718' title='bbox 2794 3807 3074 3862; x_wconf 89' lang='lat' dir='ltr'>persona.</span> <span class='ocrx_word' id='word_1_719' title='bbox 3104 3791 3369 3861; x_wconf 86' lang='lat' dir='ltr'>Angebat</span> <span class='ocrx_word' id='word_1_720' title='bbox 3387 3803 3719 3861; x_wconf 89' lang='lat' dir='ltr'>magnopere</span> <span class='ocrx_word' id='word_1_721' title='bbox 3735 3787 3872 3852; x_wconf 78' lang='lat' dir='ltr'>Augu-</span> 
     </span>
    </p>
   </div>
   <div class='ocr_carea' id='block_1_101' title="bbox 2244 3876 3870 3950">
    <p class='ocr_par' dir='ltr' id='par_1_101' title="bbox 2244 3876 3870 3950">
     <span class='ocr_line' id='line_1_101' title="bbox 2244 3876 3870 3950; baseline -0.009 -14"><span class='ocrx_word' id='word_1_722' title='bbox 2244 3881 2458 3936; x_wconf 90' lang='lat' dir='ltr'>stinum</span> <span class='ocrx_word' id='word_1_723' title='bbox 2480 3879 2673 3935; x_wconf 89' lang='lat' dir='ltr'>miseri</span> <span class='ocrx_word' id='word_1_724' title='bbox 2693 3880 2857 3934; x_wconf 90' lang='lat' dir='ltr'>istius</span> <span class='ocrx_word' id='word_1_725' title='bbox 2878 3879 3196 3950; x_wconf 87' lang='lat' dir='ltr'>presbyteri</span> <span class='ocrx_word' id='word_1_726' title='bbox 3217 3880 3476 3950; x_wconf 88' lang='lat' dir='ltr'>lugenda</span> <span class='ocrx_word' id='word_1_727' title='bbox 3492 3876 3740 3940; x_wconf 88' lang='lat' dir='ltr'>conditio,</span> <span class='ocrx_word' id='word_1_728' title='bbox 3757 3885 3870 3926; x_wconf 87' lang='lat' dir='ltr'>eum-</span> 
     </span>
    </p>
   </div>
   <div class='ocr_carea' id='block_1_102' title="bbox 2243 3965 3866 4042">
    <p class='ocr_par' dir='ltr' id='par_1_102' title="bbox 2243 3965 3866 4042">
     <span class='ocr_line' id='line_1_102' title="bbox 2243 3965 3866 4042; baseline -0.009 -17"><span class='ocrx_word' id='word_1_729' title='bbox 2243 3987 2354 4042; x_wconf 90' lang='lat' dir='ltr'>que</span> <span class='ocrx_word' id='word_1_730' title='bbox 2395 3969 2640 4024; x_wconf 81' lang='lat' dir='ltr'>maxime</span> <span class='ocrx_word' id='word_1_731' title='bbox 2681 3969 2988 4023; x_wconf 90' lang='lat' dir='ltr'>sollicitum</span> <span class='ocrx_word' id='word_1_732' title='bbox 3025 3968 3281 4022; x_wconf 90' lang='lat' dir='ltr'>habebat</span> <span class='ocrx_word' id='word_1_733' title='bbox 3321 3968 3523 4022; x_wconf 89' lang='lat' dir='ltr'>salutis</span> <span class='ocrx_word' id='word_1_734' title='bbox 3567 3965 3726 4037; x_wconf 88' lang='lat' dir='ltr'>ipsius</span> <span class='ocrx_word' id='word_1_735' title='bbox 3757 3974 3866 4014; x_wconf 82' lang='lat' dir='ltr'>cura.</span> 
     </span>
    </p>
   </div>
   <div class='ocr_carea' id='block_1_103' title="bbox 2244 4051 3870 4130">
    <p class='ocr_par' dir='ltr' id='par_1_103' title="bbox 2244 4051 3870 4130">
     <span class='ocr_line' id='line_1_103' title="bbox 2244 4051 3870 4130; baseline -0.008 -16"><span class='ocrx_word' id='word_1_736' title='bbox 2244 4061 2356 4114; x_wconf 84' lang='lat' dir='ltr'>Hac</span> <span class='ocrx_word' id='word_1_737' title='bbox 2387 4074 2523 4130; x_wconf 88' lang='lat' dir='ltr'>ergo</span> <span class='ocrx_word' id='word_1_738' title='bbox 2554 4057 2878 4125; x_wconf 70' lang='lat' dir='ltr'>stimulatus</span> <span class='ocrx_word' id='word_1_739' title='bbox 2908 4056 3210 4127; x_wconf 89' lang='lat' dir='ltr'>epistolam</span> <span class='ocrx_word' id='word_1_740' title='bbox 3253 4057 3328 4112; x_wconf 90' lang='lat' dir='ltr'>ad</span> <span class='ocrx_word' id='word_1_741' title='bbox 3377 4074 3512 4112; x_wconf 89' lang='lat' dir='ltr'>eum</span> <span class='ocrx_word' id='word_1_742' title='bbox 3555 4055 3697 4110; x_wconf 89' lang='lat' dir='ltr'>misit</span> <span class='ocrx_word' id='word_1_743' title='bbox 3723 4051 3870 4120; x_wconf 78' lang='lat' dir='ltr'>(Epist-</span> 
     </span>
    </p>
   </div>
   <div class='ocr_carea' id='block_1_104' title="bbox 2247 4145 3872 4216">
    <p class='ocr_par' dir='ltr' id='par_1_104' title="bbox 2247 4145 3872 4216">
     <span class='ocr_line' id='line_1_104' title="bbox 2247 4145 3872 4216; baseline -0.012 -12"><span class='ocrx_word' id='word_1_744' title='bbox 2247 4150 2387 4216; x_wconf 85' lang='lat' dir='ltr'>l73),</span> <span class='ocrx_word' id='word_1_745' title='bbox 2419 4146 2629 4201; x_wconf 91' lang='lat' dir='ltr'>amoris</span> <span class='ocrx_word' id='word_1_746' title='bbox 2657 4145 2827 4199; x_wconf 90' lang='lat' dir='ltr'>simul</span> <span class='ocrx_word' id='word_1_747' title='bbox 2859 4150 2917 4200; x_wconf 90' lang='lat' dir='ltr'>et</span> <span class='ocrx_word' id='word_1_748' title='bbox 2940 4145 3322 4200; x_wconf 87' lang='lat' dir='ltr'>vehementia</span> <span class='ocrx_word' id='word_1_749' title='bbox 3355 4147 3604 4216; x_wconf 88' lang='lat' dir='ltr'>plenam,</span> <span class='ocrx_word' id='word_1_750' title='bbox 3627 4156 3726 4214; x_wconf 86' lang='lat' dir='ltr'>qua</span> <span class='ocrx_word' id='word_1_751' title='bbox 3749 4148 3872 4190; x_wconf 83' lang='lat' dir='ltr'>vanas</span> 
     </span>
    </p>
   </div>
   <div class='ocr_carea' id='block_1_105' title="bbox 2243 4221 3874 4304">
    <p class='ocr_par' dir='ltr' id='par_1_105' title="bbox 2243 4221 3874 4304">
     <span class='ocr_line' id='line_1_105' title="bbox 2243 4221 3874 4304; baseline -0.012 -13"><span class='ocrx_word' id='word_1_752' title='bbox 2243 4238 2368 4291; x_wconf 91' lang='lat' dir='ltr'>illas</span> <span class='ocrx_word' id='word_1_753' title='bbox 2401 4235 2652 4290; x_wconf 89' lang='lat' dir='ltr'>rationes</span> <span class='ocrx_word' id='word_1_754' title='bbox 2692 4234 3200 4304; x_wconf 88' lang='lat' dir='ltr'>argutationesque</span> <span class='ocrx_word' id='word_1_755' title='bbox 3239 4234 3551 4301; x_wconf 88' lang='lat' dir='ltr'>evertebat,</span> <span class='ocrx_word' id='word_1_756' title='bbox 3593 4231 3772 4304; x_wconf 88' lang='lat' dir='ltr'>quibus</span> <span class='ocrx_word' id='word_1_757' title='bbox 3800 4221 3874 4277; x_wconf 87' lang='lat' dir='ltr'>sibi</span> 
     </span>
    </p>
   </div>
   <div class='ocr_carea' id='block_1_106' title="bbox 2241 4313 3874 4393">
    <p class='ocr_par' dir='ltr' id='par_1_106' title="bbox 2241 4313 3874 4393">
     <span class='ocr_line' id='line_1_106' title="bbox 2241 4313 3874 4393; baseline -0.006 -13"><span class='ocrx_word' id='word_1_758' title='bbox 2241 4327 2339 4380; x_wconf 89' lang='lat' dir='ltr'>ille</span> <span class='ocrx_word' id='word_1_759' title='bbox 2349 4325 2545 4379; x_wconf 89' lang='lat' dir='ltr'>fucum</span> <span class='ocrx_word' id='word_1_760' title='bbox 2561 4323 2622 4377; x_wconf 92' lang='lat' dir='ltr'>in</span> <span class='ocrx_word' id='word_1_761' title='bbox 2641 4339 2743 4376; x_wconf 90' lang='lat' dir='ltr'>sua</span> <span class='ocrx_word' id='word_1_762' title='bbox 2763 4322 3076 4393; x_wconf 89' lang='lat' dir='ltr'>pertinacia</span> <span class='ocrx_word' id='word_1_763' title='bbox 3097 4328 3269 4393; x_wconf 90' lang='lat' dir='ltr'>atque</span> <span class='ocrx_word' id='word_1_764' title='bbox 3293 4324 3549 4378; x_wconf 86' lang='lat' dir='ltr'>cacitate</span> <span class='ocrx_word' id='word_1_765' title='bbox 3567 4318 3792 4376; x_wconf 79' lang='lat' dir='ltr'>faciebat.</span> <span class='ocrx_word' id='word_1_766' title='bbox 3806 4313 3874 4365; x_wconf 64' lang='grc' dir='ltr'>ΒΘ·</span> 
     </span>
    </p>
   </div>
   <div class='ocr_carea' id='block_1_107' title="bbox 2241 4398 3873 4483">
    <p class='ocr_par' dir='ltr' id='par_1_107' title="bbox 2241 4398 3873 4483">
     <span class='ocr_line' id='line_1_107' title="bbox 2241 4398 3873 4483; baseline -0.007 -14"><span class='ocrx_word' id='word_1_767' title='bbox 2241 4415 2418 4469; x_wconf 90' lang='lat' dir='ltr'>clarat</span> <span class='ocrx_word' id='word_1_768' title='bbox 2445 4413 2542 4474; x_wconf 90' lang='lat' dir='ltr'>ibi,</span> <span class='ocrx_word' id='word_1_769' title='bbox 2571 4412 2709 4483; x_wconf 91' lang='lat' dir='ltr'>quid</span> <span class='ocrx_word' id='word_1_770' title='bbox 2729 4411 2961 4465; x_wconf 90' lang='lat' dir='ltr'>inducat</span> <span class='ocrx_word' id='word_1_771' title='bbox 2982 4410 3314 4480; x_wconf 87' lang='lat' dir='ltr'>Ecclesiam,</span> <span class='ocrx_word' id='word_1_772' title='bbox 3339 4417 3406 4467; x_wconf 90' lang='lat' dir='ltr'>ut</span> <span class='ocrx_word' id='word_1_773' title='bbox 3425 4411 3540 4466; x_wconf 90' lang='lat' dir='ltr'>vim</span> <span class='ocrx_word' id='word_1_774' title='bbox 3569 4409 3787 4479; x_wconf 85' lang='lat' dir='ltr'>aliquam</span> <span class='ocrx_word' id='word_1_775' title='bbox 3803 4398 3873 4453; x_wconf 86' lang='lat' dir='ltr'>ad-</span> 
     </span>
    </p>
   </div>
   <div class='ocr_carea' id='block_1_108' title="bbox 2241 4497 3872 4563">
    <p class='ocr_par' dir='ltr' id='par_1_108' title="bbox 2241 4497 3872 4563">
     <span class='ocr_line' id='line_1_108' title="bbox 2241 4497 3872 4563; baseline -0.002 -11"><span class='ocrx_word' id='word_1_776' title='bbox 2241 4499 2456 4553; x_wconf 89' lang='lat' dir='ltr'>hibeat.</span> <span class='ocrx_word' id='word_1_777' title='bbox 2491 4499 2650 4563; x_wconf 90' lang='lat' dir='ltr'>Quod</span> <span class='ocrx_word' id='word_1_778' title='bbox 2690 4503 2882 4553; x_wconf 87' lang='lat' dir='ltr'>autem</span> <span class='ocrx_word' id='word_1_779' title='bbox 2911 4497 3154 4553; x_wconf 90' lang='lat' dir='ltr'>confessi</span> <span class='ocrx_word' id='word_1_780' title='bbox 3188 4499 3501 4554; x_wconf 88' lang='lat' dir='ltr'>Donatista</span> <span class='ocrx_word' id='word_1_781' title='bbox 3537 4497 3757 4556; x_wconf 84' lang='lat' dir='ltr'>fuerant,</span> <span class='ocrx_word' id='word_1_782' title='bbox 3779 4501 3872 4559; x_wconf 67' lang='lat' dir='ltr'>pef-</span> 
     </span>
    </p>
   </div>
   <div class='ocr_carea' id='block_1_109' title="bbox 2241 4580 3873 4658">
    <p class='ocr_par' dir='ltr' id='par_1_109' title="bbox 2241 4580 3873 4658">
     <span class='ocr_line' id='line_1_109' title="bbox 2241 4580 3873 4658; baseline -0.004 -18"><span class='ocrx_word' id='word_1_783' title='bbox 2241 4603 2440 4641; x_wconf 89' lang='lat' dir='ltr'>sonam</span> <span class='ocrx_word' id='word_1_784' title='bbox 2471 4603 2588 4641; x_wconf 90' lang='lat' dir='ltr'>non</span> <span class='ocrx_word' id='word_1_785' title='bbox 2623 4587 2997 4658; x_wconf 85' lang='lat' dir='ltr'>prajudicare</span> <span class='ocrx_word' id='word_1_786' title='bbox 3023 4603 3308 4658; x_wconf 85' lang='lat' dir='ltr'>persona,</span> <span class='ocrx_word' id='word_1_787' title='bbox 3341 4588 3702 4650; x_wconf 84' lang='lat' dir='ltr'>demonstrat,</span> <span class='ocrx_word' id='word_1_788' title='bbox 3729 4580 3768 4634; x_wconf 87' lang='lat' dir='ltr'>si</span> <span class='ocrx_word' id='word_1_789' title='bbox 3791 4589 3873 4631; x_wconf 82' lang='lat' dir='ltr'>non</span> 
     </span>
    </p>
   </div>
   <div class='ocr_carea' id='block_1_110' title="bbox 2240 4660 3872 4747">
    <p class='ocr_par' dir='ltr' id='par_1_110' title="bbox 2240 4660 3872 4747">
     <span class='ocr_line' id='line_1_110' title="bbox 2240 4660 3872 4747; baseline -0.003 -17"><span class='ocrx_word' id='word_1_790' title='bbox 2240 4676 2422 4746; x_wconf 91' lang='lat' dir='ltr'>possit</span> <span class='ocrx_word' id='word_1_791' title='bbox 2461 4676 2536 4743; x_wconf 92' lang='lat' dir='ltr'>ei,</span> <span class='ocrx_word' id='word_1_792' title='bbox 2583 4675 2803 4747; x_wconf 87' lang='lat' dir='ltr'>privato</span> <span class='ocrx_word' id='word_1_793' title='bbox 2846 4676 3055 4731; x_wconf 89' lang='lat' dir='ltr'>scilicet</span> <span class='ocrx_word' id='word_1_794' title='bbox 3099 4677 3462 4747; x_wconf 85' lang='lat' dir='ltr'>presbytero,</span> <span class='ocrx_word' id='word_1_795' title='bbox 3511 4675 3738 4738; x_wconf 71' lang='lat' dir='ltr'>ofﬁcere,</span> <span class='ocrx_word' id='word_1_796' title='bbox 3763 4660 3872 4737; x_wconf 77' lang='lat' dir='ltr'>quod</span> 
     </span>
    </p>
   </div>
   <div class='ocr_carea' id='block_1_111' title="bbox 2240 4752 3872 4833">
    <p class='ocr_par' dir='ltr' id='par_1_111' title="bbox 2240 4752 3872 4833">
     <span class='ocr_line' id='line_1_111' title="bbox 2240 4752 3872 4833; baseline -0.003 -15"><span class='ocrx_word' id='word_1_797' title='bbox 2240 4765 2324 4818; x_wconf 91' lang='lat' dir='ltr'>illi</span> <span class='ocrx_word' id='word_1_798' title='bbox 2351 4769 2470 4819; x_wconf 83' lang='lat' dir='ltr'>tam</span> <span class='ocrx_word' id='word_1_799' title='bbox 2495 4764 2826 4820; x_wconf 89' lang='lat' dir='ltr'>solemniter</span> <span class='ocrx_word' id='word_1_800' title='bbox 2853 4770 3287 4833; x_wconf 86' lang='lat' dir='ltr'>concesserant;</span> <span class='ocrx_word' id='word_1_801' title='bbox 3320 4765 3506 4820; x_wconf 90' lang='lat' dir='ltr'>multo</span> <span class='ocrx_word' id='word_1_802' title='bbox 3537 4763 3714 4819; x_wconf 82' lang='lat' dir='ltr'>minus</span> <span class='ocrx_word' id='word_1_803' title='bbox 3737 4752 3872 4813; x_wconf 70' lang='grc' dir='ltr'>Εοειθο</span> 
     </span>
    </p>
   </div>
   <div class='ocr_carea' id='block_1_112' title="bbox 2241 4841 3873 4925">
    <p class='ocr_par' dir='ltr' id='par_1_112' title="bbox 2241 4841 3873 4925">
     <span class='ocr_line' id='line_1_112' title="bbox 2241 4841 3873 4925; baseline -0.005 -18"><span class='ocrx_word' id='word_1_804' title='bbox 2241 4854 2337 4908; x_wconf 83' lang='lat' dir='ltr'>sia</span> <span class='ocrx_word' id='word_1_805' title='bbox 2362 4853 2641 4908; x_wconf 88' lang='lat' dir='ltr'>universa</span> <span class='ocrx_word' id='word_1_806' title='bbox 2667 4854 2851 4909; x_wconf 89' lang='lat' dir='ltr'>fraudi</span> <span class='ocrx_word' id='word_1_807' title='bbox 2875 4854 3153 4919; x_wconf 87' lang='lat' dir='ltr'>futurum,</span> <span class='ocrx_word' id='word_1_808' title='bbox 3177 4854 3334 4925; x_wconf 92' lang='lat' dir='ltr'>quod</span> <span class='ocrx_word' id='word_1_809' title='bbox 3365 4852 3646 4909; x_wconf 89' lang='lat' dir='ltr'>commisit</span> <span class='ocrx_word' id='word_1_810' title='bbox 3671 4841 3873 4903; x_wconf 70' lang='lat' dir='ltr'>commit-</span> 
     </span>
    </p>
   </div>
   <div class='ocr_carea' id='block_1_113' title="bbox 2240 4928 3876 5015">
    <p class='ocr_par' dir='ltr' id='par_1_113' title="bbox 2240 4928 3876 5015">
     <span class='ocr_line' id='line_1_113' title="bbox 2240 4928 3876 5015; baseline -0.006 -19"><span class='ocrx_word' id='word_1_811' title='bbox 2240 4947 2430 4996; x_wconf 90' lang='lat' dir='ltr'>tereve</span> <span class='ocrx_word' id='word_1_812' title='bbox 2459 4943 2646 5012; x_wconf 89' lang='lat' dir='ltr'>potuit</span> <span class='ocrx_word' id='word_1_813' title='bbox 2673 4942 3022 4998; x_wconf 86' lang='lat' dir='ltr'>Cacilianus.</span> <span class='ocrx_word' id='word_1_814' title='bbox 3073 4944 3216 4997; x_wconf 90' lang='lat' dir='ltr'>Eum</span> <span class='ocrx_word' id='word_1_815' title='bbox 3253 4943 3509 5015; x_wconf 89' lang='lat' dir='ltr'>denique</span> <span class='ocrx_word' id='word_1_816' title='bbox 3557 4937 3808 5012; x_wconf 86' lang='lat' dir='ltr'>provocat,</span> <span class='ocrx_word' id='word_1_817' title='bbox 3834 4928 3876 4979; x_wconf 68' lang='lat' dir='ltr'>ut</span> 
     </span>
    </p>
   </div>
   <div class='ocr_carea' id='block_1_114' title="bbox 2241 5019 3877 5102">
    <p class='ocr_par' dir='ltr' id='par_1_114' title="bbox 2241 5019 3877 5102">
     <span class='ocr_line' id='line_1_114' title="bbox 2241 5019 3877 5102; baseline -0.004 -18"><span class='ocrx_word' id='word_1_818' title='bbox 2241 5036 2601 5102; x_wconf 87' lang='lat' dir='ltr'>argumento,</span> <span class='ocrx_word' id='word_1_819' title='bbox 2627 5032 2782 5102; x_wconf 90' lang='lat' dir='ltr'>quod</span> <span class='ocrx_word' id='word_1_820' title='bbox 2812 5047 2876 5085; x_wconf 84' lang='lat' dir='ltr'>ex</span> <span class='ocrx_word' id='word_1_821' title='bbox 2907 5031 3142 5085; x_wconf 89' lang='lat' dir='ltr'>historia</span> <span class='ocrx_word' id='word_1_822' title='bbox 3172 5031 3708 5086; x_wconf 79' lang='lat' dir='ltr'>Maximianistarum</span> <span class='ocrx_word' id='word_1_823' title='bbox 3733 5019 3877 5077; x_wconf 76' lang='lat' dir='ltr'>Catho-</span> 
     </span>
    </p>
   </div>
   <div class='ocr_carea' id='block_1_115' title="bbox 2242 5108 3872 5192">
    <p class='ocr_par' dir='ltr' id='par_1_115' title="bbox 2242 5108 3872 5192">
     <span class='ocr_line' id='line_1_115' title="bbox 2242 5108 3872 5192; baseline -0.005 -19"><span class='ocrx_word' id='word_1_824' title='bbox 2242 5120 2334 5174; x_wconf 87' lang='lat' dir='ltr'>lici</span> <span class='ocrx_word' id='word_1_825' title='bbox 2349 5119 2654 5191; x_wconf 89' lang='lat' dir='ltr'>petierant,</span> <span class='ocrx_word' id='word_1_826' title='bbox 2667 5119 3018 5175; x_wconf 88' lang='lat' dir='ltr'>commodius</span> <span class='ocrx_word' id='word_1_827' title='bbox 3038 5119 3086 5173; x_wconf 91' lang='lat' dir='ltr'>si</span> <span class='ocrx_word' id='word_1_828' title='bbox 3105 5136 3221 5192; x_wconf 89' lang='lat' dir='ltr'>qua</span> <span class='ocrx_word' id='word_1_829' title='bbox 3240 5121 3426 5190; x_wconf 90' lang='lat' dir='ltr'>possit</span> <span class='ocrx_word' id='word_1_830' title='bbox 3446 5121 3565 5190; x_wconf 92' lang='lat' dir='ltr'>ipse</span> <span class='ocrx_word' id='word_1_831' title='bbox 3581 5108 3872 5186; x_wconf 65' lang='lat' dir='ltr'>respondeat-</span> 
     </span>
    </p>
   </div>
   <div class='ocr_carea' id='block_1_116' title="bbox 2313 5207 3874 5279">
    <p class='ocr_par' dir='ltr' id='par_1_116' title="bbox 2313 5207 3874 5279">
     <span class='ocr_line' id='line_1_116' title="bbox 2313 5207 3874 5279; baseline -0.004 -16"><span class='ocrx_word' id='word_1_832' title='bbox 2313 5211 2364 5263; x_wconf 88' lang='lat'>3.</span> <span class='ocrx_word' id='word_1_833' title='bbox 2404 5208 2758 5279; x_wconf 89' lang='lat' dir='ltr'>Augustinus</span> <span class='ocrx_word' id='word_1_834' title='bbox 2809 5209 3104 5278; x_wconf 89' lang='lat' dir='ltr'>superiore</span> <span class='ocrx_word' id='word_1_835' title='bbox 3153 5225 3327 5272; x_wconf 89' lang='lat' dir='ltr'>anno,</span> <span class='ocrx_word' id='word_1_836' title='bbox 3375 5213 3442 5263; x_wconf 87' lang='lat' dir='ltr'>ut</span> <span class='ocrx_word' id='word_1_837' title='bbox 3483 5207 3727 5265; x_wconf 87' lang='lat' dir='ltr'>vidimus,</span> <span class='ocrx_word' id='word_1_838' title='bbox 3769 5207 3874 5266; x_wconf 77' lang='grc' dir='ltr'>οριι5</span> 
     </span>
    </p>
   </div>
   <div class='ocr_carea' id='block_1_117' title="bbox 2241 5287 3873 5367">
    <p class='ocr_par' dir='ltr' id='par_1_117' title="bbox 2241 5287 3873 5367">
     <span class='ocr_line' id='line_1_117' title="bbox 2241 5287 3873 5367; baseline -0.002 -17"><span class='ocrx_word' id='word_1_839' title='bbox 2241 5313 2407 5351; x_wconf 91' lang='lat' dir='ltr'>suum</span> <span class='ocrx_word' id='word_1_840' title='bbox 2437 5299 2506 5352; x_wconf 91' lang='lat' dir='ltr'>de</span> <span class='ocrx_word' id='word_1_841' title='bbox 2538 5297 2772 5352; x_wconf 87' lang='lat' dir='ltr'>Civitate</span> <span class='ocrx_word' id='word_1_842' title='bbox 2821 5296 2923 5351; x_wconf 89' lang='lat' dir='ltr'>Dei</span> <span class='ocrx_word' id='word_1_843' title='bbox 2968 5297 3206 5351; x_wconf 89' lang='lat' dir='ltr'>adorsus</span> <span class='ocrx_word' id='word_1_844' title='bbox 3253 5301 3362 5366; x_wconf 87' lang='lat' dir='ltr'>est,</span> <span class='ocrx_word' id='word_1_845' title='bbox 3412 5297 3575 5367; x_wconf 87' lang='lat' dir='ltr'>cujus</span> <span class='ocrx_word' id='word_1_846' title='bbox 3620 5297 3672 5346; x_wconf 91' lang='lat' dir='ltr'>et</span> <span class='ocrx_word' id='word_1_847' title='bbox 3713 5287 3873 5367; x_wconf 49' lang='lat' dir='ltr'>libriin?</span> 
     </span>
    </p>
   </div>
   <div class='ocr_carea' id='block_1_118' title="bbox 2239 5366 3872 5456">
    <p class='ocr_par' dir='ltr' id='par_1_118' title="bbox 2239 5366 3872 5456">
     <span class='ocr_line' id='line_1_118' title="bbox 2239 5366 3872 5456; baseline 0 -19"><span class='ocrx_word' id='word_1_848' title='bbox 2239 5388 2508 5454; x_wconf 91' lang='lat' dir='ltr'>quartum</span> <span class='ocrx_word' id='word_1_849' title='bbox 2535 5401 2599 5438; x_wconf 92' lang='lat' dir='ltr'>ac</span> <span class='ocrx_word' id='word_1_850' title='bbox 2626 5385 2893 5456; x_wconf 89' lang='lat' dir='ltr'>quintum</span> <span class='ocrx_word' id='word_1_851' title='bbox 2915 5385 3176 5456; x_wconf 84' lang='lat' dir='ltr'>proxime</span> <span class='ocrx_word' id='word_1_852' title='bbox 3198 5386 3466 5456; x_wconf 91' lang='lat' dir='ltr'>sequenti</span> <span class='ocrx_word' id='word_1_853' title='bbox 3489 5366 3732 5439; x_wconf 82' lang='lat' dir='ltr'>absolvit.</span> <span class='ocrx_word' id='word_1_854' title='bbox 3751 5366 3872 5437; x_wconf 68' lang='grc' dir='ltr'>Οιιθί1</span> 
     </span>
    </p>
   </div>
   <div class='ocr_carea' id='block_1_119' title="bbox 2240 5467 3870 5547">
    <p class='ocr_par' dir='ltr' id='par_1_119' title="bbox 2240 5467 3870 5547">
     <span class='ocr_line' id='line_1_119' title="bbox 2240 5467 3870 5547; baseline -0.011 -20"><span class='ocrx_word' id='word_1_855' title='bbox 2240 5488 2368 5526; x_wconf 90' lang='lat' dir='ltr'>cum</span> <span class='ocrx_word' id='word_1_856' title='bbox 2398 5473 2477 5528; x_wconf 91' lang='lat' dir='ltr'>ita</span> <span class='ocrx_word' id='word_1_857' title='bbox 2506 5473 2598 5540; x_wconf 91' lang='lat' dir='ltr'>sit,</span> <span class='ocrx_word' id='word_1_858' title='bbox 2636 5489 3003 5547; x_wconf 88' lang='lat' dir='ltr'>nequaquam</span> <span class='ocrx_word' id='word_1_859' title='bbox 3033 5473 3134 5528; x_wconf 90' lang='lat' dir='ltr'>abs</span> <span class='ocrx_word' id='word_1_860' title='bbox 3173 5489 3236 5529; x_wconf 90' lang='lat' dir='ltr'>re</span> <span class='ocrx_word' id='word_1_861' title='bbox 3265 5473 3574 5539; x_wconf 89' lang='lat' dir='ltr'>videbitur,</span> <span class='ocrx_word' id='word_1_862' title='bbox 3607 5467 3726 5524; x_wconf 89' lang='lat' dir='ltr'>huic</span> <span class='ocrx_word' id='word_1_863' title='bbox 3759 5470 3870 5515; x_wconf 82' lang='lat' dir='ltr'>anno</span> 
     </span>
    </p>
   </div>
  </div>
