3912 6174
164 275 271 326 473
1633 266 1694 318 LI
1706 266 1834 319 BER
1874 266 2225 350 SEPTIMUS.

165 389 284 458 ejus
311 385 380 440 ad
410 383 800 440 Macedonium
842 382 1044 437 Africae
1072 388 1206 437 tunc
1236 383 1531 451 vicarium,
1561 384 1846 456 epistolas,

160 491 297 548 quas
323 472 532 545 partim
570 475 697 543 post
727 471 926 525 missos
955 472 1024 526 ad
1046 472 1315 526 eumdem
1343 473 1561 543 primos
1590 478 1704 529 tres
1735 475 1848 528 hu-

160 567 307 637 jusce
355 562 547 633 operis
577 562 754 616 libros
798 561 971 627 dedit,
1020 561 1307 633 assignare
1340 564 1601 632 (Possid.,
1635 566 1693 618 in
1725 566 1851 619 Vita

162 656 391 720 August.
410 693 424 720 ,
445 667 490 704 c.
514 649 627 721 20).
656 653 840 721 Atque
862 649 1041 720 ipsius
1066 650 1299 721 quidem
1321 652 1628 707 Macedonii
1646 652 1853 722 episto-

161 743 241 795 las
266 741 334 793 ad
364 739 753 810 Augustinum
796 739 1076 793 habemus
1115 739 1298 804 binas,
1340 740 1474 795 scite
1504 742 1757 811 profecto
1789 758 1853 796 ac

156 831 441 899 eleganter
460 827 695 898 scriptas
716 827 900 897 (Apud
923 828 1161 894 August.
1180 869 1193 894 ,
1226 831 1403 897 Epist.
1432 833 1552 896 152,
1590 831 1706 899 154)
1738 835 1854 884 :to-

152 917 330 971 tidem
376 931 606 986 quoque
635 914 941 984 Augustini
973 915 1043 967 ad
1072 916 1262 985 ipsum
1293 917 1694 988 responsiones
1724 934 1852 988 per—

148 1021 324 1075 quam
370 1005 627 1072 egregias
675 1003 878 1073 (Epist.
934 1006 1055 1070 153,
1104 1005 1243 1071 155).
1289 1006 1449 1059 Hunc
1478 1006 1849 1075 Augustinus,

144 1109 278 1146 cum
328 1098 565 1163 propter
602 1092 903 1161 praeclaras
935 1092 1059 1161 ejus
1089 1093 1249 1146 dotes
1289 1098 1459 1163 atque
1490 1094 1549 1146 in
1590 1094 1854 1164 gerendis

145 1181 401 1251 publicis
446 1182 617 1234 rebus
664 1180 1028 1249 prudentiam
1076 1186 1133 1234 et
1177 1181 1587 1251 integritatem,
1626 1187 1751 1236 tum
1782 1181 1854 1235 ob

150 1272 261 1325 hoc
287 1269 654 1341 potissimum
677 1269 870 1339 magni
891 1269 1152 1335 faciebat,
1186 1272 1340 1341 quod
1368 1270 1623 1324 animum
1652 1270 1851 1341 ipsius,

145 1364 209 1413 ut
233 1359 399 1425 dicit,
434 1358 708 1412 charitate
739 1358 1070 1412 aeternitatis
1097 1363 1152 1412 et
1180 1359 1452 1425 veritatis,
1477 1364 1647 1430 atque
1677 1360 1856 1429 ipsius

154 1447 456 1500 charitatis
509 1447 712 1500 affectu
766 1446 973 1500 divinae
1011 1447 1095 1501 illi
1138 1448 1463 1520 caelestique
1501 1449 1852 1519 reipublicae,

144 1535 314 1605 cujus
366 1539 637 1605 regnator
678 1540 763 1589 est
810 1536 1081 1601 Christus,
1133 1542 1469 1608 agnosceret
1514 1538 1853 1604 inhiantem,

142 1622 369 1677 videret
397 1622 902 1693 propinquantem,
950 1624 1187 1694 ejusque
1216 1626 1509 1696 potiundae
1539 1628 1854 1696 amplecte-

142 1715 305 1765 retur
353 1711 652 1764 ardentem
701 1710 898 1780 (Epist.
952 1715 1071 1773 155,
1120 1729 1174 1765 η.
1226 1717 1295 1782 1).
1329 1715 1687 1785 Quapropter
1724 1732 1852 1769 cum

142 1798 271 1853 talis
320 1815 387 1852 ac
426 1802 618 1851 tantus
669 1798 756 1851 vir
785 1799 1094 1853 amicitiam
1133 1801 1280 1855 inire
1311 1818 1441 1856 cum
1476 1808 1669 1857 sancto
1704 1806 1854 1858 Prae-

141 1889 286 1953 sule,
343 1903 566 1940 necnon
595 1903 700 1957 per
739 1887 954 1941 litteras
984 1905 1115 1942 cum
1144 1905 1210 1943 eo
1258 1892 1527 1962 colloqui,
1576 1892 1853 1963 scriptave

140 1976 263 2045 ejus
298 1974 495 2045 aliqua
542 1973 731 2028 videre
778 1980 1117 2045 percuperet
1164 1977 1343 2045 (Ibid,
1378 1994 1439 2031 n.
1485 1979 1592 2049 11),
1626 1984 1853 2049 gratum

141 2064 234 2117 ille
266 2067 685 2133 acceptumque
713 2061 943 2129 habuit;
974 2064 1238 2134 promisit
1266 2066 1488 2135 aliquot
1517 2084 1545 2120 e
1575 2068 1691 2121 suis
1716 2084 1856 2137 opu~

139 2152 319 2206 sculis
346 2151 398 2206 ei
430 2167 487 2204 se
518 2150 828 2205 missurum
857 2154 1055 2221 (Epist.
1096 2156 1217 2219 152,
1238 2170 1294 2207 n.
1331 2154 1404 2225 3),
1442 2171 1504 2208 ac
1534 2156 1718 2210 eidem
1750 2173 1855 2226 per

146 2240 513 2295 Bonifacium
552 2240 904 2310 episcopum,
953 2242 1099 2297 forte
1150 2242 1586 2313 Cataquensem,
1641 2246 1855 2299 litteras

142 2330 361 2401 quibus
420 2330 487 2383 ab
536 2329 658 2400 ipso
703 2330 929 2383 veniam
974 2347 1070 2384 reo
1126 2332 1350 2386 cuidam
1397 2336 1645 2403 petebat,
1700 2334 1857 2388 misit

145 2419 337 2486 (lbid.,
384 2434 441 2471 n.
496 2420 568 2487 1).
628 2418 989 2472 Macedonius
1033 2423 1184 2474 certe
1235 2422 1684 2493 haudquaquam
1734 2429 1856 2478 erat

144 2507 585 2575 commissurus,
632 2512 695 2560 ut
742 2508 1032 2578 repulsam
1078 2510 1149 2563 ab
1195 2525 1253 2563 se
1298 2511 1475 2565 ullam
1530 2511 1697 2566 ferret
1745 2514 1856 2567 An-

144 2596 332 2665 tistes,
377 2612 550 2667 quem
598 2596 762 2649 unice
806 2597 1113 2651 colendum
1140 2613 1387 2667 vereque
1426 2599 1852 2668 suspiciendum

142 2686 395 2754 putabat
434 2685 630 2755 (Epist.
670 2689 790 2751 152,
828 2687 947 2752 154,
988 2686 1094 2756 tit).
1129 2688 1517 2757 Prmterquam
1549 2688 1704 2758 quod
1733 2692 1855 2741 erat

144 2774 264 2844 ipse
319 2778 478 2828 tanta
520 2774 906 2845 propensione
952 2774 1014 2828 in
1060 2775 1445 2843 clementiam,
1493 2781 1556 2831 ut
1593 2794 1722 2831 cum
1752 2794 1855 2831 sua

143 2867 354 2932 sponte
418 2878 566 2929 reos,
623 2879 696 2917 ne
753 2863 1088 2917 criminibus
1139 2865 1487 2934 patrocinari
1540 2865 1852 2935 videretur,

141 2953 447 3007 absolvere
471 2968 588 3007 non
613 2952 875 3019 auderet;
909 2968 1004 3007 eos
1035 2952 1105 3007 de
1136 2969 1194 3007 se
1228 2953 1441 3024 optime
1471 2954 1705 3008 meritos
1733 2954 1850 3008 exi-

139 3040 425 3108 stimaret,
495 3057 528 3094 a
584 3041 790 3112 quibus
833 3040 901 3094 de
962 3057 1133 3112 poena
1179 3042 1437 3095 sontibus
1477 3042 1853 3097 condonanda

139 3135 383 3200 rogatus
428 3134 576 3183 esset
622 3130 820 3200 (Epist.
858 3132 977 3196 152,
1024 3146 1079 3184 η.
1115 3130 1193 3200 3).
1230 3132 1462 3199 Verum,
1504 3147 1634 3184 cum
1683 3131 1855 3185 vellet

141 3224 204 3272 ut
244 3217 574 3289 inquiebat,
622 3218 729 3271 sibi
774 3234 879 3289 pro
928 3234 1193 3273 concessa
1223 3219 1406 3290 gratia
1433 3220 1754 3273 mercedem
1780 3220 1851 3274 ab

140 3307 470 3378 Augustino
507 3307 762 3377 rependi,
795 3323 926 3362 eum
956 3323 1060 3378 per
1100 3308 1316 3362 litteras
1358 3308 1695 3362 urbanitatis
1722 3310 1851 3380 ple-

144 3396 418 3450 nissimas
473 3396 715 3465 rogavit,
765 3396 872 3450 sibi
902 3396 996 3450 ille
1028 3396 1253 3450 consilii
1282 3396 1371 3450 sui
1406 3397 1689 3451 rationem
1718 3414 1852 3468 ape-

144 3486 309 3551 riret,
337 3500 483 3538 anve
514 3484 806 3555 religionis
836 3484 1159 3539 christiana).
1183 3484 1383 3538 ofﬁciis
1405 3490 1854 3540 consentaneum

145 3579 319 3639 esset,
362 3590 467 3644 pro
498 3573 609 3627 reis
647 3573 943 3643 episcopos
986 3574 1339 3628 intercedere
1389 3574 1579 3641 simul,
1632 3579 1698 3629 ut
1726 3591 1854 3645 pro-

145 3663 324 3716 missa
350 3662 459 3715 sibi
489 3662 557 3716 ab
588 3678 654 3715 eo
686 3662 893 3732 scripta
923 3662 1305 3730 mitterentur,
1341 3662 1533 3732 petiit;
1563 3679 1675 3734 quo
1707 3663 1857 3717 scili-

145 3756 255 3820 cet,
290 3750 761 3821 quandoquidem
803 3751 926 3821 ejus
976 3750 1281 3820 praesentia
1320 3751 1433 3805 frui
1464 3751 1694 3805 intcrim
1737 3768 1855 3805 non

146 3840 367 3907 liceret,
411 3840 615 3893 saltem
660 3839 841 3909 ipsius
889 3838 1149 3893 doctrina
1177 3841 1425 3894 aleretur
1456 3841 1643 3911 (Ibid.,
1674 3857 1734 3895 n.
1780 3840 1849 3910 1).

147 3930 347 4000 Itaque
378 3928 729 3999 Augustinus
768 3928 983 3999 primos
1013 3933 1129 3983 tres
1172 3929 1347 3983 libros
1391 3930 1460 3984 de
1492 3929 1727 3984 Civitate
1754 3929 1855 3983 Dei

145 4017 369 4070 curavit
398 4017 471 4070 ad
500 4033 631 4070 eum
663 4016 1021 4073 deferendos.
1050 4018 1211 4081 Quod
1240 4035 1373 4072 vero
1402 4019 1474 4072 ad
1502 4018 1855 4089 propositam

146 4106 255 4160 sibi
302 4106 375 4160 ab
419 4122 485 4160 eo
535 4106 932 4175 quaestionem,
980 4108 1152 4161 verbo
1199 4107 1282 4161 illi
1316 4108 1631 4177 respondit,
1678 4108 1854 4161 vitam

146 4195 363 4249 scilicet
401 4211 465 4248 ac
490 4196 732 4249 salutem
762 4195 873 4249 reis
903 4212 970 4249 eo
1001 4196 1195 4250 animo
1224 4201 1418 4266 petere
1446 4196 1759 4267 episcopos,
1790 4201 1855 4250 ut

146 4283 257 4337 illis
288 4284 440 4337 facta
470 4284 775 4338 emendare
793 4300 857 4337 ac
879 4300 982 4354 per
1002 4285 1398 4355 paenitentiam
1433 4286 1625 4339 eluere
1648 4285 1850 4338 liceat:

144 4374 225 4427 Ne
253 4375 421 4426 istam
450 4375 639 4440 vitam,
675 4374 773 4441 ait,
823 4375 901 4427 sic
949 4374 1151 4444 ﬁniant
1177 4391 1279 4443 per
1315 4375 1666 4443 supplicium,
1706 4380 1765 4428 ut
1792 4390 1855 4428 ea

144 4464 307 4529 ﬁnita
346 4476 453 4515 non
476 4464 689 4530 possint
715 4464 874 4532 ﬁnire
900 4464 1227 4533 supplicium
1258 4464 1462 4532 (Epist.
1507 4467 1625 4531 153,
1660 4479 1722 4517 n.
1763 4464 1845 4532 3).

146 4552 261 4604 Hac
290 4554 487 4604 tamen
516 4551 584 4605 de
615 4567 676 4604 re
704 4551 877 4621 paulo
926 4551 1105 4605 fusius
1135 4568 1331 4606 eorum
1364 4552 1550 4623 gratia
1578 4552 1850 4622 disputat,

146 4638 248 4709 qui
274 4639 425 4693 forte
452 4655 570 4693 non
601 4639 824 4707 eadem,
858 4657 969 4711 qua
997 4641 1249 4710 pollebat
1277 4641 1655 4709 Macedonius,
1688 4657 1852 4713 saga-

144 4727 313 4781 citate
358 4727 607 4798 praediti,
656 4728 960 4799 epistolam
1002 4730 1149 4783 hanc
1199 4745 1361 4784 suam
1403 4730 1605 4785 lecturi
1644 4734 1847 4785 essent.

145 4816 393 4887 Exponit
431 4816 625 4883 etiam,
669 4833 783 4887 qua
828 4818 1048 4872 ratione
1088 4834 1194 4889 pro
1236 4819 1350 4873 reis
1379 4819 1742 4890 interpellare
1769 4819 1852 4873 fas

142 4904 219 4959 sit
255 4922 267 4959 :
311 4920 537 4959 necnon
575 4906 645 4960 de
684 4907 908 4976 legibus
948 4907 1011 4960 in
1040 4907 1396 4962 restituenda
1425 4924 1486 4961 re
1517 4908 1703 4962 aliena
1734 4925 1850 4963 ser-

140 4994 346 5048 vandis
392 4995 576 5048 multa
618 4995 903 5066 praecipit.
936 4995 1085 5059 Quin
1126 4996 1268 5050 illud
1296 4996 1495 5051 itidem
1526 5002 1705 5066 notat,
1737 4998 1850 5052 Ma-

139 5083 455 5137 cedonium
484 5083 684 5137 innata
714 5085 962 5155 quadam
995 5084 1355 5139 humanitate
1384 5086 1714 5156 impulsum,
1744 5103 1850 5157 pro

138 5171 353 5225 clerico
398 5171 499 5243 qui
551 5172 823 5227 delictum
852 5174 1085 5245 aliquod
1122 5174 1431 5229 admiserat
1469 5175 1847 5245 supplicasse;

138 5260 310 5330 cujus
355 5260 595 5332 quidem
644 5262 909 5333 precibus
946 5263 1275 5336 mitigatum
1316 5264 1613 5318 Aurelium
1654 5280 1849 5335 poenas

136 5347 334 5402 eidem
383 5348 589 5403 clerico
629 5350 848 5405 debitas
888 5355 1236 5423 temperasse
1278 5357 1515 5424 apparet
1561 5370 1575 5407 ε
1627 5353 1695 5415 de
1736 5369 1850 5424 qua

135 5435 367 5491 actione
406 5438 489 5492 ita
534 5438 792 5510 loquitur
821 5441 1195 5511 Augustinus,
1243 5446 1310 5497 ut
1353 5442 1539 5497 eidem
1587 5458 1645 5496 se
1675 5441 1846 5496 fuisse

132 5531 491 5595 praesentem
520 5526 803 5599 signiﬁcet
833 5530 1016 5598 (Ibid,
1047 5546 1148 5587 nn.
1192 5533 1276 5599 16,
1313 5530 1417 5599 10).

3564 273 3668 326 474

2029 387 2088 441 li.
2141 387 2514 457 Augustinus,
2549 389 2649 459 qui
2687 387 3090 460 episcoporum
3138 392 3570 447 intercessiones
3602 395 3662 450 in

1960 475 2159 529 eadem
2208 474 2449 546 epistola
2500 477 2929 546 approbaverat,
2982 494 3045 542 ac
3102 478 3409 533 Macedonii
3463 480 3657 548 ﬁdem,

1962 579 2075 634 qua
2104 565 2156 619 ei
2186 580 2243 619 se
2274 565 2685 634 postulationes
2716 566 2994 635 ejusmodi
3015 582 3130 620 non
3150 572 3495 637 negaturum
3523 585 3659 639 quo-

1960 652 2267 707 dammodo
2309 658 2618 724 receperat,
2668 654 2912 708 habebat
2956 654 3306 722 obstrictum,
3359 656 3509 710 haud
3559 674 3659 711 ne-

1961 741 2246 811 gligenter
2279 743 2412 812 jure
2444 759 2543 796 suo
2576 747 2760 807 utens,
2792 759 2921 796 reos
2951 744 3021 797 ad
3051 761 3108 797 se
3137 744 3530 815 confugientes
3560 763 3655 816 pa-

1962 831 2200 884 trocinio
2231 848 2331 885 suo
2364 831 2592 885 destitui
2628 848 2743 885 non
2777 834 2859 885 est
2889 848 3087 901 passus
3120 834 3314 903 (Epist.
3354 836 3473 899 152,
3504 850 3561 887 n.
3598 836 3659 898 3;

1962 920 2138 987 Epist.
2190 922 2309 985 154,
2342 936 2397 973 n.
2430 921 2481 989 1)
2516 936 2527 973 :
2563 936 2760 973 verum
2805 934 2932 973 eam
2964 921 3222 975 exhibuit
3249 923 3356 975 hac
3399 922 3459 975 in
3486 938 3546 976 re
3579 939 3665 975 sa-

1961 1007 2237 1075 pientiam
2269 1012 2326 1060 et
2353 1008 2776 1068 verecundiam,
2811 1013 2872 1062 ut
2901 1025 3018 1062 non
3052 1010 3219 1063 modo
3243 1012 3364 1080 ejus
3393 1026 3662 1081 respuere

1962 1095 2248 1165 postulata
2290 1111 2401 1147 non
2448 1095 2699 1165 potuerit
2748 1095 3126 1161 Macedonius,
3161 1097 3257 1149 sed
3294 1097 3484 1161 etiam,
3520 1099 3661 1167 quin

1964 1184 2306 1237 modestiam
2328 1183 2506 1253 ipsius
2524 1183 2786 1237 laudibus
2807 1186 3145 1250 cumularet,
3170 1200 3535 1255 nequaquam
3555 1185 3665 1238 sibi

1964 1271 2387 1343 temperaverit.
2419 1274 2604 1340 Atque
2634 1271 2694 1323 in
2740 1272 2921 1325 Vitam
2958 1272 3133 1325 sancti
3164 1273 3281 1326 Viri
3308 1273 3665 1343 transcripsit

1964 1361 2251 1415 Possidius
2271 1361 2367 1413 illa
2401 1360 2569 1413 verba
2598 1376 2609 1412 :
2644 1360 2785 1413 Miro
2813 1361 2967 1413 modo
2998 1363 3214 1428 afﬁcior
3239 1365 3511 1429 sapientia
3541 1367 3656 1427 tua,

1964 1455 2012 1504 et
2040 1453 2097 1503 in
2127 1450 2239 1503 illis
2275 1465 2392 1517 quae
2429 1448 2674 1513 edidisti,
2706 1451 2755 1501 et
2785 1450 2844 1501 in
2891 1450 2974 1501 his
3005 1465 3122 1516 qum
3168 1452 3525 1504 interveniens
3564 1467 3664 1519 pro

1963 1540 2232 1593 sceleratis
2260 1540 2471 1591 mittere
2500 1552 2605 1590 non
2634 1538 2905 1603 gravaris.
2944 1539 3084 1593 Nam
3110 1542 3158 1590 et
3189 1539 3288 1591 illa
3320 1543 3530 1592 tantum
3560 1540 3666 1592 ha-

1964 1628 2084 1682 bent
2113 1629 2400 1694 acuminis,
2431 1628 2685 1689 scientiaz,
2719 1628 3047 1693 sanctitatis,
3098 1630 3159 1679 ut
3195 1627 3338 1680 nihil
3366 1642 3536 1696 supra
3565 1630 3665 1698 sit;

1963 1722 2013 1770 et
2040 1718 2148 1770 haec
2181 1720 2391 1768 tantum
2414 1715 2769 1780 verecundiae,
2796 1719 2855 1767 ut
2874 1716 2986 1768 nisi
3005 1716 3211 1779 faciam
3243 1717 3387 1783 quod
3414 1717 3665 1782 mandas,

1963 1807 2177 1873 culpam
2203 1820 2364 1873 penes
2394 1820 2475 1857 me
2501 1819 2796 1869 remanere,
2820 1819 2925 1857 non
2954 1805 3012 1856 in
3038 1807 3247 1870 negotio
3285 1820 3416 1873 esse,
3447 1806 3668 1872 dijudi—

1963 1910 2091 1959 cem,
2134 1894 2347 1948 domine
2370 1895 2560 1946 merito
2589 1893 2938 1955 venerabilis,
2975 1897 3026 1947 et
3053 1908 3175 1946 uere
3198 1895 3538 1962 suspiciende
3562 1910 3664 1963 pa-

1963 1987 2063 2037 ter.
2094 1985 2211 2038 Non
2240 1984 2382 2036 enim
2409 1984 2580 2035 instas
2608 1981 2772 2051 (quod
2814 1983 3059 2050 plerique
3099 1982 3335 2036 homines
3365 1984 3521 2036 istius
3566 1984 3666 2036 loci

1961 2072 2197 2140 faciunt)
2228 2075 2289 2125 ut
2328 2070 2697 2140 quodcumque
2723 2070 2986 2124 sollicitus
3025 2072 3279 2132 uolueris,
3307 2075 3665 2138 emtor-queas;

1963 2161 2057 2216 sed
2086 2160 2231 2229 quod
2262 2160 2363 2214 tibi
2391 2176 2423 2212 a
2442 2160 2632 2228 judice
2678 2164 2752 2213 tot
2791 2157 2934 2213 curis
2960 2159 3213 2213 obstricto
3241 2159 3463 2229 petibile
3489 2161 3665 2213 visum

1961 2252 2154 2317 fuerit,
2203 2250 2453 2303 admones
2502 2249 2863 2303 subserviente
2900 2248 3245 2314 uerecundia,
3279 2262 3396 2315 quae
3423 2249 3667 2301 maxima

1963 2339 2277 2406 difﬁcilium
2326 2340 2468 2391 inter
2524 2338 2682 2390 bonos
2734 2336 2985 2407 efﬁcacia
3044 2341 3121 2390 est
3180 2336 3375 2406 (Ibid.,
3429 2340 3480 2389 et
3528 2338 3661 2390 Pos—

1962 2428 2095 2495 sid.,
2145 2430 2204 2481 in
2250 2427 2446 2493 Indic.,
2498 2441 2553 2479 n.
2605 2428 2711 2493 25).
2760 2425 2940 2479 Simul
2992 2424 3370 2488 Macedonius,
3422 2440 3549 2495 quae
3599 2441 3664 2478 ex

1962 2514 2118 2568 illius
2144 2513 2414 2584 operibus
2443 2515 2679 2583 legerat,
2716 2512 3018 2583 magniﬁca
3048 2513 3452 2583 praedicatione
3484 2514 3661 2567 extol-

1961 2603 2028 2656 lit
2060 2604 2262 2671 (Epist.
2298 2604 2419 2668 154,
2451 2619 2507 2656 n.
2540 2604 2596 2673 2)
2628 2618 2641 2655 :
2687 2619 2868 2673 eaque
2903 2619 3021 2656 non
3061 2604 3172 2657 alia
3200 2603 3372 2656 fuisse
3402 2618 3435 2655 a
3464 2602 3666 2673 primis

1962 2692 2123 2746 libris
2176 2692 2246 2745 de
2295 2691 2529 2745 Civitate
2590 2690 2713 2756 Dei,
2774 2706 2889 2744 non
2928 2690 3164 2744 obscure
3210 2690 3487 2759 indicant,
3528 2706 3657 2744 cum

1960 2779 2141 2850 ipsius
2173 2780 2385 2850 (Ibid),
2418 2783 2541 2832 tum
2568 2779 2877 2848 Augustini
2904 2779 3076 2832 verba
3108 2779 3306 2848 (Epist.
3342 2782 3464 2847 155,
3491 2796 3547 2831 τι.
3576 2780 3654 2846 2).

1964 2868 2356 2923 Macedoniam
2388 2867 2450 2920 in
2497 2867 2792 2938 procinctu
2846 2867 3018 2920 fuisse
3050 2872 3287 2937 apparet
3316 2867 3389 2919 ad
3415 2867 3661 2920 redeun-

1962 2958 2099 3011 dum
2147 2956 2208 3010 in
2257 2955 2501 3021 Italiam,
2539 2955 2690 3008 unde
2724 2954 3068 3025 scripturum
3100 2954 3440 3024 Augustino,
3474 2953 3521 3007 si
3550 2970 3663 3024 qua

1960 3046 2014 3099 id
2048 3045 2173 3099 ﬁeri
2203 3044 2400 3115 possit,
2451 3042 2736 3114 promittit
2769 3060 2782 3097 :
2811 3049 2872 3098 ut
2913 3048 3077 3098 tanta:
3105 3045 3361 3098 doctrinm
3390 3059 3542 3113 opus,
3576 3043 3662 3096 in-

1964 3133 2088 3204 quit
2116 3133 2232 3199 ille,
2263 3132 2480 3199 debitis,
2512 3134 2613 3186 etsi
2641 3148 2746 3186 non
2780 3133 3263 3198 satisfacientibus,
3297 3136 3665 3185 remuneretur

1963 3224 2230 3292 obsequiis
2263 3222 2462 3290 (Epist.
2514 3222 2632 3287 154,
2682 3237 2736 3275 n.
2775 3220 2847 3291 3).
2881 3222 3052 3275 Illum
3087 3225 3218 3274 ante
3248 3221 3660 3290 profectionem

1961 3328 2217 3377 munere,
2266 3311 2421 3381 quod
2462 3326 2520 3363 se
2569 3310 2810 3379 dignum
2842 3314 3007 3375 esset,
3037 3310 3309 3364 donatum
3340 3308 3518 3363 voluit
3556 3311 3665 3363 Au-

1962 3400 2223 3472 gustinus
2257 3416 2269 3454 :
2304 3398 2517 3454 etenim
2548 3398 2656 3469 ipsi
2676 3398 3144 3462 praestantissima
3165 3399 3404 3469 cpistola
3429 3413 3665 3468 respon-

1962 3490 2045 3543 dit
2064 3490 2267 3560 (Epist.
2306 3490 2452 3557 155),
2487 3503 2599 3558 qua
2625 3487 2913 3557 prmcipua
2945 3502 3187 3558 quaeque
3217 3487 3319 3539 viri
3352 3486 3662 3551 christiani,

1962 3593 2025 3631 ac
2054 3576 2376 3647 praesertim
2404 3578 2748 3644 potestatem
2779 3574 3026 3643 gerentis
3057 3574 3243 3627 ofﬁcia
3271 3574 3459 3627 eidem
3487 3590 3662 3644 pone-

1961 3666 2057 3719 bat
2109 3665 2180 3718 ob
2227 3664 2448 3729 oculos;
2499 3662 2643 3717 illud
2682 3662 2744 3715 in
2791 3661 2992 3731 primis
3036 3677 3168 3715 eum
3214 3662 3551 3726 admonens,
3601 3664 3666 3714 ut

1964 3769 2162 3808 omnes
2191 3768 2321 3806 suas
2353 3751 2590 3805 virtutes
2619 3750 2821 3805 divinae
2854 3749 3092 3803 bonitati
3122 3754 3377 3820 acceptas
3407 3748 3662 3815 referret,

1964 3846 2133 3911 atque
2174 3840 2350 3893 istum
2388 3838 2565 3893 ﬁnem
2610 3837 2672 3891 in
2701 3837 2967 3892 omnibus
3006 3836 3371 3908 magistratus
3420 3836 3506 3890 sui
3537 3836 3663 3890 ofﬁ-

1964 3929 2061 3982 ciis
2091 3928 2200 3983 sibi
2231 3928 2590 3999 propositum
2628 3927 2880 3991 haberet,
2915 3927 3172 3981 subditos
3201 3926 3272 3980 ad
3304 3928 3484 3980 Deum
3505 3930 3665 3981 mter-

1964 4034 2214 4088 namque
2265 4016 2439 4071 vitam
2488 4016 2787 4082 adducere,
2844 4017 2999 4069 Hanc
3050 4015 3356 4083 Possidius,
3410 4020 3485 4070 De
3523 4017 3666 4069 veris

1969 4109 2312 4175 Virtutibus;
2352 4108 2591 4161 alteram
2624 4122 2752 4161 vero
2797 4107 2870 4160 ad
2902 4107 3293 4162 Macedoniam
3338 4107 3662 4176 epistolam,

1963 4201 2037 4253 De
2078 4196 2551 4253 Intercessionibus
2590 4198 2960 4266 episcoporum
3014 4197 3263 4267 appellat
3308 4195 3569 4265 (Possid.,
3606 4197 3663 4249 in

1963 4288 2162 4348 Indic.,
2195 4302 2313 4355 cap.
2352 4288 2417 4354 1).

2035 4379 2086 4429 5.
2122 4377 2238 4428 Hoc
2266 4374 2411 4427 forte
2436 4389 2588 4427 anno
2620 4373 3186 4445 quadringentesimo
3214 4371 3434 4426 decimo
3457 4377 3661 4443 quarto

1962 4464 2174 4518 librum
2203 4478 2302 4516 seu
2350 4461 2654 4533 epistolam
2684 4462 3061 4525 adHilarium
3093 4462 3161 4515 de
3192 4459 3603 4531 quaestionibus
3632 4476 3663 4514 e

1962 4552 2151 4607 Sicilia
2198 4549 2387 4605 missis
2416 4549 2641 4621 scripsit
2681 4550 3034 4620 Augustinus
3067 4548 3262 4618 (Epist.
3318 4550 3459 4618 157).
3510 4551 3665 4603 Hanc

1961 4641 2245 4712 siquidem
2276 4655 2425 4694 anno
2458 4638 3023 4711 quadringentesimo
3048 4637 3266 4691 decimo
3299 4638 3498 4708 quinto
3533 4638 3661 4693 Hie-

1961 4747 2233 4802 ronymus
2264 4735 2320 4785 et
2344 4729 2574 4785 Orosius
2602 4732 2946 4795 memorant,
2967 4743 3030 4781 ac
3045 4742 3218 4796 nuper
3248 4727 3515 4798 scriptam
3536 4744 3657 4782 esse

1958 4824 2258 4875 testantur.
2311 4819 2611 4873 Neminem
2656 4834 2721 4871 ex
2764 4819 2883 4870 toto
2923 4815 3229 4871 christiano
3259 4818 3393 4870 orbe
3422 4818 3658 4885 latebat,

1961 4926 2133 4980 quam
2179 4910 2347 4980 longe
2395 4908 2545 4961 inter
2600 4904 2860 4959 Ecclesiae
2918 4905 3176 4959 doctores
3225 4905 3542 4960 eruditione
3595 4922 3659 4959 ac

1961 4998 2197 5052 scientia
2242 5001 2540 5068 praestaret
2586 4993 2967 5065 Hipponensis
3002 4994 3335 5064 episcopus;
3367 5011 3538 5065 quem
3568 4996 3658 5049 vel

1960 5087 2081 5157 ipse
2111 5085 2449 5140 Volusianus
2476 5084 2726 5138 nondum
2750 5083 3104 5151 ﬁdelis,nihil
3134 5084 3290 5156 quod
3318 5085 3386 5138 ad
3414 5099 3652 5150 sacram,

1960 5176 2274 5230 doctrinam
2303 5173 2635 5244 pertineret,
2667 5172 2935 5244 ignorare
2965 5173 3242 5229 audierat.
3278 5174 3407 5230 Cum
3432 5172 3505 5225 ad
3533 5172 3658 5225 Au—

1958 5266 2237 5332 gustinum
2276 5264 2512 5325 uenitur,
2552 5261 2850 5333 inquiebat
2888 5262 3007 5331 ille,
3047 5264 3153 5330 legi
3190 5262 3349 5323 deest,
3387 5259 3660 5329 quidquid

1956 5354 2239 5418 contigerit
2267 5353 2515 5419 ignorari
2548 5353 2747 5421 (Epist.
2789 5355 2908 5418 135,
2940 5368 2995 5407 n.
3033 5352 3081 5419 2)
3117 5368 3128 5404 :
3165 5354 3333 5420 atque
3366 5348 3507 5402 adeo
3538 5351 3655 5403 Au-

1956 5440 2168 5512 gustini
2197 5440 2363 5494 famae
2393 5439 2664 5496 interesse
2695 5441 2998 5506 asserebat,
3030 5442 3095 5493 ut
3126 5453 3225 5491 sua
3256 5436 3362 5490 sibi
3411 5436 3655 5508 quaesita

1958 5546 2060 5599 per
2089 5545 2222 5583 eum
2251 5528 2683 5599 explicarentur.
2717 5531 2857 5584 Cum
2889 5544 3024 5599 ergo
3051 5525 3531 5581 animadverteret
3558 5525 3653 5587 Hi-
