4038 6182
385 260 489 312 475

373 376 572 446 larius,
613 378 764 433 tradi
801 394 835 431 a
881 377 1226 449 quibusdam
1266 375 1417 446 apud
1458 375 1758 446 Syracusas
1784 388 1930 426 nova
1960 372 2083 426 haec

378 471 666 540 dogmata,
719 470 876 521 Posse
925 481 1036 520 esse
1093 467 1352 519 hominem
1398 466 1514 519 sine
1558 467 1794 533 peccato,
1844 466 1894 515 et
1933 477 2082 515 man-

381 559 517 622 data
544 559 642 610 Dei
669 557 831 622 facile
870 555 1159 621 custodire,
1193 557 1242 607 si
1270 555 1402 608 velit
1417 547 1434 614 ς’
1466 555 1731 620 infantem
1760 567 1866 604 non
1896 551 2082 619 bapti—

382 651 562 700 zatum
594 648 764 698 morte
803 648 1134 707 praeventum
1176 658 1279 696 non
1308 656 1463 710 posse
1498 643 1676 710 perire
1703 642 1914 708 merito,
1947 655 2080 708 quo-

382 737 531 789 niam
580 737 694 787 sine
733 737 952 801 peccato
995 732 1259 784 nascitur.
1306 731 1538 783 Divitem
1573 732 1873 781 manentem
1901 729 1958 780 in
1990 728 2083 780 di-

385 825 536 876 vitiis
584 824 718 884 suis,
761 835 982 887 regnum
1033 821 1126 872 Dei
1171 832 1276 870 non
1302 831 1456 885 posse
1495 816 1729 882 ingredi,
1761 817 1874 870 nisi
1903 818 2083 871 omnia

385 927 488 965 sua
542 909 882 973 vendiderit;
956 923 1048 960 nec
1108 905 1362 976 prodesse
1410 905 1578 958 eidem
1618 919 1794 974 posse,
1843 906 1894 958 si
1942 907 2085 971 forte

383 1015 448 1052 ea:
503 999 640 1066 ipsis
703 996 916 1048 divitiis
972 993 1235 1047 mandata
1280 995 1492 1061 fecerit,
1539 997 1673 1060 etc.,
1722 993 1789 1047 de
1833 992 1921 1046 bis
1967 995 2083 1047 Au-

385 1085 678 1156 gustinum
729 1082 1043 1149 consuluit;
1090 1098 1393 1153 persuasus
1431 1081 1612 1151 ipsius
1657 1081 1857 1152 gratia,
1891 1081 1946 1134 id
1981 1085 2081 1149 est,

391 1188 657 1227 concessa
706 1172 756 1225 ei
804 1170 1080 1225 divinitus
1127 1170 1196 1224 ad
1245 1169 1564 1224 docendum
1603 1171 1887 1234 facultate,
1946 1186 2082 1238 quae,

383 1263 482 1329 ait,
515 1261 759 1316 omnibus
799 1265 925 1313 nota
957 1264 1053 1314 est.
1089 1259 1228 1313 Hinc
1264 1259 1420 1312 enim
1452 1275 1677 1312 summa
1707 1274 1840 1313 eum
1868 1261 2084 1330 pollere

381 1349 736 1414 auctoritate,
789 1348 1111 1419 signiﬁcare
1151 1347 1377 1402 videtur
1422 1347 1545 1402 istis
1588 1347 1774 1402 verbis
1824 1365 1837 1402 :
1888 1351 1962 1402 De
2001 1350 2085 1403 his

381 1440 630 1495 omnibus
653 1453 801 1505 rogo,
825 1439 1046 1507 quantis
1065 1438 1213 1491 raleo
1233 1437 1508 1506 precibus,
1538 1438 1891 1492 Sanctitatcm
1912 1441 2083 1504 tuam,

382 1534 443 1584 ut
466 1529 664 1598 jubeas
705 1542 801 1581 nos
834 1529 1078 1596 apertius
1109 1529 1332 1594 instrui,
1369 1542 1471 1594 quo
1494 1528 1796 1581 noverimus
1825 1531 2086 1595 quatenus

381 1619 581 1671 sentire
626 1615 911 1669 debeamus
965 1615 1167 1683 (Epist.
1222 1614 1360 1684 156).
1407 1615 1784 1679 Quamobrem
1817 1614 2084 1686 Augusti-

387 1723 516 1773 nus,
563 1708 936 1774 posteaquam
986 1703 1203 1757 aﬂ'atim
1234 1703 1522 1774 explicuit,
1556 1704 1692 1774 quid
1723 1705 1792 1757 de
1834 1704 1946 1757 illis
1975 1706 2085 1758 Pe-

386 1793 632 1864 lagianis
644 1791 1056 1864 quaestionibus
1078 1797 1359 1846 censeret:
1375 1797 1413 1848 Α
1426 1795 1662 1862 ccepisti,
1685 1792 1782 1860 ait,
1798 1793 1943 1862 quod
1952 1794 2090 1847 mihi

386 1883 608 1939 videtur
642 1901 653 1937 :
681 1883 870 1937 melius
893 1887 1167 1952 exponant
1188 1885 1296 1936 ista
1314 1885 1587 1945 meliores;
1613 1899 1717 1937 non
1739 1885 1834 1937 isti
1862 1899 2089 1952 quorum

383 1973 505 2043 jam
532 1973 663 2026 novi
687 1973 1008 2025 sententiam
1029 1971 1450 2041 reprobandum,
1474 1972 1568 2026 sed
1588 1973 1688 2026 alii
1706 1975 1802 2040 qui
1827 1975 2090 2026 veraciter

381 2063 630 2131 possunt.
680 2061 821 2115 Nam
864 2063 915 2113 et
951 2075 1045 2127 ego
1080 2061 1335 2128 paratior
1382 2075 1499 2114 sum
1541 2059 1764 2125 discere,
1798 2075 1962 2128 quam
1987 2061 2090 2115 do-

389 2164 531 2214 cere;
569 2151 620 2201 et
665 2151 724 2201 tu
751 2162 1008 2214 magnum
1037 2150 1273 2215 confcres
1304 2149 1631 2217 beneﬁcium,
1669 2151 1717 2202 si
1743 2164 1804 2202 ea
1832 2165 1950 2218 qua
1978 2151 2091 2204 illic

393 2253 427 2290 a
463 2237 666 2289 sanctis
709 2236 983 2302 fratribus
1021 2237 1281 2290 adversus
1313 2240 1539 2292 istorum
1567 2238 1887 2306 vaniloquia
1927 2239 2091 2294 disse-

394 2328 610 2391 runtur,
634 2339 742 2379 non
769 2340 851 2378 me
877 2327 1056 2392 facias
1087 2327 1338 2392 ignorare
1359 2325 1556 2395 (Epist.
1594 2329 1689 2380 157
1701 2367 1714 2392 ,
1745 2341 1798 2380 n.
1833 2328 1948 2398 41).

1039 2413 1266 2468 CAPUT
1306 2415 1450 2468 VIII.

404 2508 425 2560 1
482 2504 686 2559 Psalmi
725 2503 911 2573 plures
966 2507 1080 2557 tum
1129 2518 1270 2557 anno
1317 2504 1523 2560 Christi
1564 2503 2094 2572 quadringentesimo

471 2593 673 2647 decimo
726 2594 934 2660 quinto,
979 2595 1091 2645 tum
1129 2597 1253 2645 ante
1279 2594 1533 2662 expositi.
1565 2597 1598 2646 2
1630 2595 1851 2649 Orosius
1875 2593 2097 2663 presby-

467 2687 547 2736 ter
575 2681 644 2735 ab
674 2686 915 2735 eartrema
942 2683 1215 2750 Hispania
1241 2684 1387 2735 venit
1412 2682 1485 2736 ad
1512 2683 1900 2749 Augustinum.
1935 2685 1965 2737 3
1997 2685 2095 2736 Hic

463 2773 614 2826 illius
659 2772 1046 2825 consultationi
1069 2773 1319 2838 facturus
1347 2773 1481 2825 satis
1511 2771 1712 2826 librum
1759 2775 1946 2826 contra
1972 2773 2095 2826 Pri-

469 2860 824 2915 scillianistas
863 2863 911 2912 et
942 2860 1275 2928 Origenistas
1306 2861 1611 2915 conscribit.
1640 2863 1673 2915 4
1704 2861 1949 2916 Orosium
1979 2876 2096 2914 cum

469 2951 582 3003 suis
629 2950 841 3016 aliquot
887 2949 1272 3018 scriptionibus
1316 2952 1489 3003 mittit
1520 2949 1594 3003 ad
1622 2951 2024 3018 Hieronymum,
2063 2965 2098 3002 a

468 3053 572 3106 quo
619 3037 827 3091 edoceri
864 3037 929 3090 de
953 3040 1149 3092 animae
1174 3040 1474 3107 przsertim
1503 3039 1711 3105 origine
1740 3040 1904 3107 cupit.
1939 3041 1968 3091 5
2018 3037 2098 3090 Ti-

467 3127 702 3179 masium
731 3128 781 3177 et
817 3125 1072 3178 Jacobum
1108 3131 1322 3180 revocat
1351 3127 1420 3178 ab
1450 3142 1628 3180 errore
1651 3127 1882 3193 Pelagii,
1913 3129 2100 3180 contra

475 3227 629 3281 quem
675 3213 990 3280 opusculum
1034 3213 1147 3266 edit
1191 3215 1257 3267 de
1305 3215 1517 3268 Natura
1571 3218 1620 3267 et
1669 3214 1882 3270 Gratia.
1934 3218 1964 3269 6
2008 3216 2100 3269 Ad

476 3302 705 3370 quaesita
747 3299 994 3368 quadam
1037 3301 1254 3362 Evodii,
1299 3317 1464 3369 eaque
1488 3304 1785 3370 praecipua,
1819 3303 2101 3372 respondet

471 3404 570 3459 per
598 3389 808 3458 aliquot
836 3389 1108 3458 epistolas.
1157 3393 1188 3442 ’7
1222 3389 1445 3443 Libram
1483 3390 1548 3444 de
1581 3392 1910 3458 Perfectione
1929 3392 2098 3460 justi-

471 3480 560 3532 tiae
579 3479 812 3532 homines
844 3479 1130 3547 componit.

479 3569 522 3621 1.
577 3567 639 3619 In
680 3565 916 3638 epistola
946 3567 1014 3620 ad
1049 3565 1324 3620 Evodium
1355 3566 1462 3621 hoc
1493 3570 1742 3620 vertente
1773 3582 1924 3620 anno
1968 3582 2102 3637 qua-

405 3655 858 3727 dringentesimo
906 3655 1128 3710 decimo
1158 3655 1358 3726 quinto
1398 3656 1529 3710 data
1559 3656 1730 3710 variae
1752 3660 2100 3710 commenta-

403 3745 586 3799 tiones
614 3749 907 3811 notantur,
937 3761 1078 3815 quas
1107 3745 1481 3815 Augustinus,
1507 3749 1571 3798 ut
1598 3745 1718 3815 ipse
1749 3745 1941 3812 tradit,
1971 3749 2101 3798 ante

408 3833 642 3898 Pascha,
690 3848 754 3885 ac
795 3833 916 3902 jam
961 3832 1297 3887 imminente
1329 3833 1776 3904 Quadragesima
1806 3833 2100 3904 incmptas,

409 3925 544 3974 tunc
591 3920 866 3989 temporis
910 3919 981 3973 ad
1017 3920 1352 3974 umbilicum
1395 3921 1708 3975 adduxerat
1737 3923 1930 3991 (Epist.
1981 3925 2099 3988 169,

407 4027 461 4063 n.
519 4010 571 4077 1)
617 4009 679 4061 In
722 4008 813 4062 bis
856 4012 1045 4062 autem
1079 4008 1252 4062 libros
1292 4010 1452 4074 duos,
1499 4001 2021 4080 quartumiscilicet
2049 4015 2105 4064 et

408 4097 672 4169 quintum
705 4096 773 4151 de
795 4096 1030 4152 Civitate
1054 4097 1173 4164 Dei,
1205 4101 1488 4151 memorat
1519 4115 1532 4151 :
1566 4099 1772 4170 quibus
1802 4099 1955 4154 addit
1984 4116 2096 4170 per-

411 4187 628 4259 amplas
671 4202 703 4240 a
747 4202 805 4240 se
847 4186 1080 4240 dictatas
1124 4187 1477 4241 Psalmorum
1522 4187 1857 4258 sexagesimi
1907 4188 2101 4258 primi,

405 4274 813 4346 septuagesimi
841 4274 1015 4347 primi
1037 4279 1092 4329 et
1113 4275 1519 4347 septuagesimi
1540 4277 1766 4348 septimi
1797 4277 2103 4348 expositio-

408 4383 524 4420 nes.
556 4365 814 4419 Psalmos
845 4365 986 4418 alios
1018 4381 1117 4418 seu
1148 4365 1365 4419 calamo
1397 4381 1498 4419 seu
1527 4381 1787 4420 sermone
1811 4366 1931 4438 jam
1960 4367 2105 4421 bene

407 4453 617 4506 multos
646 4453 992 4524 explicuerat
1026 4469 1038 4506 :
1073 4469 1206 4506 nam
1233 4453 1477 4507 vidimus
1497 4453 1854 4524 trigesimum
1885 4461 2106 4510 sextum

408 4541 748 4611 Carthagine
794 4541 865 4594 ab
909 4557 976 4594 eo
1024 4541 1174 4595 inter
1219 4541 1670 4596 concionandum
1717 4543 1836 4613 jam
1867 4544 1998 4598 inde
2039 4545 2107 4598 ab

409 4645 561 4683 anno
637 4629 1200 4701 quadringentesimo
1262 4629 1429 4684 tertio
1504 4631 1870 4701 explanatum
1935 4633 2108 4687 fuisse

413 4717 636 4787 (Supra,
661 4717 754 4770 lib.
785 4721 839 4786 5,
860 4734 981 4788 cap.
1007 4721 1058 4787 8,
1082 4735 1138 4781 n,
1157 4721 1210 4789 6)
1231 4734 1244 4785 ;
1271 4735 1333 4773 ac
1355 4719 1412 4772 in
1433 4727 1748 4774 memorata
1769 4721 2004 4792 epistola
2015 4723 2111 4776 do-

412 4809 505 4860 cet
532 4805 902 4861 vehementer
949 4809 1256 4880 exspectari
1295 4809 1657 4882 ﬂagitarique
1707 4811 1774 4865 ab
1821 4811 1943 4883 ipso
1983 4812 2112 4868 reli-

415 4909 560 4967 quos
589 4895 862 4962 Psalmos,
915 4912 1159 4968 quorum
1207 4899 1448 4953 necdum
1481 4899 1895 4970 expositionem
1922 4918 2110 4973 neque

414 4983 696 5054 scriptura
742 4999 929 5054 neque
958 4985 1152 5040 habito
1192 4988 1262 5042 ad
1292 4988 1518 5058 plebem
1563 5004 1826 5044 sermone
1857 4990 2112 5045 ediderat

418 5075 612 5144 (Epist.
648 5076 770 5142 169,
800 5090 856 5127 n.
891 5077 960 5142 1).
995 5075 1186 5130 Innuit
1215 5077 1384 5131 etiam
1411 5077 1469 5132 id
1501 5077 1608 5132 sibi
1637 5082 1792 5146 tunc,
1836 5079 2111 5133 nimirum

415 5163 522 5217 sub
565 5162 700 5217 anni
750 5179 783 5216 a
813 5163 1373 5234 quadringentesimo
1427 5167 1613 5238 quinti
1643 5167 1848 5222 decimi
1875 5168 2110 5231 exitum,

414 5251 478 5306 in
507 5252 698 5308 animo
731 5251 925 5320 fuisse,
975 5252 1210 5308 omnino
1254 5255 1387 5310 huic
1423 5257 1604 5327 operi,
1637 5256 1920 5328 simulque
1951 5256 2114 5311 alteri

419 5339 490 5394 de
535 5339 772 5395 Civitate
812 5341 935 5408 Dei,
982 5341 1324 5396 absolvenda
1372 5343 1720 5410 incumbere,
1772 5361 2010 5417 eamque
2041 5345 2112 5398 ob

421 5443 544 5482 rem
575 5429 751 5484 libros
772 5431 842 5485 de
870 5431 1146 5486 Trinitate
1180 5431 1360 5486 adhuc
1389 5433 1645 5500 differre;
1678 5451 1806 5489 cum
1837 5438 2113 5506 praeterea

423 5519 480 5568 et
509 5518 742 5587 majoris
771 5524 959 5575 essent
985 5518 1356 5588 difﬁcultatis,
1387 5523 1442 5574 et
1471 5521 1731 5593 minoris,
1763 5525 1961 5578 saltem
2001 5523 2116 5593 ple-

1638 250 1795 303 VITA
1833 248 1888 302 S.
1930 247 2309 328 AUGUSTINI
2353 247 2683 303 EPISCOPI.
3730 261 3808 313 1176

2190 372 2380 445 risque
2431 371 2760 438 hominum,
2809 370 3090 425 utilitatis.
3139 370 3202 424 Et
3250 385 3434 441 reapse
3471 375 3685 430 maxime
3709 379 3811 435 huic

2193 462 2354 532 operi
2381 465 2696 516 extremam
2730 459 3010 531 imposuit
3033 475 3289 526 manum,
3320 475 3380 513 ac
3407 462 3628 517 Psalmos
3655 482 3810 523 omnes

2193 551 2402 623 partim
2449 549 2736 618 dictando,
2783 548 2989 619 partim
3036 547 3416 602 concionando
3443 550 3719 616 edisseruit;
3754 561 3813 609 at-

2195 656 2306 711 que
2336 639 2507 694 etiam
2539 644 2597 694 et
2626 640 2732 693 hoc
2764 642 2819 692 et
2853 638 2952 692 illo
2985 637 3154 692 modo
3185 637 3489 692 nonnullos.

2263 733 2316 784 2.
2349 731 2486 783 Post
2513 732 2863 782 memoratas
2903 727 2960 780 in
2993 731 3106 780 tres
3138 725 3267 779 illos
3305 727 3536 780 Psalmos
3580 745 3816 784 commen-

2195 818 2464 887 tationes,
2514 816 2811 887 subjungit
2851 815 3205 887 Augustinus
3251 815 3421 869 libros
3449 832 3476 869 a
3512 833 3562 870 se
3596 834 3683 888 per
3709 819 3818 873 Oro-

2196 907 2344 961 siurn
2395 907 2744 977 Hieronymo
2795 905 3018 971 missos,
3070 908 3190 958 tum
3239 902 3410 957 alium
3450 921 3649 975 quoque
3675 906 3820 961 eidem

2197 995 2413 1061 Orosio,
2469 997 2669 1051 Contra
2699 995 3150 1049 Priscillianistas
3193 998 3244 1046 et
3292 994 3621 1062 Origenistas,
3664 994 3818 1048 inscri-

2194 1090 2358 1156 ptum
2381 1085 2546 1155 (Ibid.
2563 1127 2576 1153 ,
2597 1101 2652 1138 n.
2675 1086 2777 1150 13).
2805 1082 3038 1139 Orosius
3058 1087 3248 1137 autem
3273 1082 3536 1152 Hispanus
3556 1085 3816 1154 presbyter,

2196 1173 2294 1245 qui
2326 1177 2380 1227 et
2408 1173 2615 1227 Paulus
2645 1173 2704 1226 in
2733 1171 2824 1240 iis,
2857 1188 2985 1243 quae
3031 1187 3099 1225 ex
3129 1172 3252 1242 ejus
3294 1171 3548 1242 operibus
3577 1172 3733 1226 adhuc
3756 1189 3820 1225 su-

2134 1330 2140 1335 ,
2197 1267 2454 1334 persunt,
2486 1262 2778 1323 vocitatur,
2802 1262 2860 1315 in
2891 1265 3142 1315 extrema
3164 1260 3642 1330 Hispania,scilicet
3657 1260 3820 1314 Oceani

2196 1352 2591 1420 littore,natus
2605 1355 2727 1404 erat
2749 1350 2932 1419 (Ibid.,
2949 1354 2998 1403 et
3018 1352 3196 1418 Epist.
3225 1352 3344 1412 166,
3367 1349 3521 1419 ηηῖ).
3548 1350 3595 1402 Is
3611 1365 3722 1402 cum
3737 1365 3821 1402 non

2197 1439 2598 1495 communione
2628 1444 2852 1494 tantum
2882 1439 3210 1499 catholicus,
3252 1453 3444 1492 verum
3474 1437 3630 1491 etiam
3657 1437 3822 1507 pietate

2198 1546 2261 1584 ac
2305 1529 2440 1584 ﬁdei
2485 1528 2812 1584 Christianae
2853 1528 3041 1582 studio
3085 1543 3388 1582 succensus
3427 1531 3581 1592 esset,
3631 1525 3824 1597 patriam

2198 1636 2359 1673 suam
2383 1623 2520 1672 tunc
2549 1635 2581 1671 a
2610 1617 2872 1672 Barbaris
2895 1616 3066 1687 diripi
3089 1616 3409 1687 vastarique
3429 1615 3606 1668 minus
3634 1614 3826 1684 gemuit,

2199 1723 2372 1778 quam
2393 1707 2566 1762 ﬁdem
2587 1723 2691 1777 per
2722 1705 3018 1776 Hispanias
3047 1704 3218 1759 variis
3247 1704 3524 1759 erroribus
3544 1701 3826 1773 oppugnari.

2197 1795 2406 1852 Audita
2424 1795 2599 1867 igitur
2615 1795 2920 1866 Augustini
2943 1795 3113 1861 fama,
3147 1810 3212 1848 eo
3242 1794 3466 1849 doctore
3494 1793 3558 1847 de
3583 1791 3825 1862 capitibus,

2200 1882 2409 1954 quibus
2453 1883 2789 1952 angebatur,
2840 1881 3122 1953 quidquid
3164 1881 3352 1947 vellet,
3382 1880 3583 1934 discere
3610 1895 3660 1932 se
3687 1889 3827 1949 posse,

2200 1986 2424 2025 necnon
2470 1987 2571 2024 suo
2617 1986 2751 2040 erga
2799 1985 2984 2023 sacras
3026 1969 3241 2024 litteras
3284 1968 3463 2022 amori
3498 1966 3675 2020 abillo
3701 1966 3830 2036 plene

2201 2060 2602 2130 cumulateque
2635 2059 2985 2113 satisfactum
3016 2058 3090 2112 iri
3121 2056 3478 2112 existimavit.
3501 2057 3604 2110 Hoc
3625 2070 3723 2109 uno
3737 2069 3830 2106 con-

2201 2149 2328 2203 silio
2361 2165 2516 2213 eum,
2549 2152 2613 2202 ut
2643 2147 2702 2201 in
2733 2148 2980 2202 Africam
3011 2163 3075 2202 ex
3107 2147 3326 2202 ultimis
3364 2144 3632 2218 Hispaniis
3658 2141 3830 2212 trajice-

2200 2243 2308 2305 ret,
2343 2238 2651 2292 adductum
2679 2237 2850 2291 fuisse
2881 2235 3036 2291 testis
3066 2241 3150 2291 est
3178 2236 3340 2291 omni
3370 2233 3669 2304 exceptione
3694 2229 3832 2299 major

2203 2326 2557 2398 Augustinus
2592 2326 2794 2396 (Epist.
2823 2328 2941 2392 169,
2964 2342 3018 2379 n.
3049 2325 3156 2396 13).
3183 2325 3422 2380 Videtur
3437 2319 3767 2378 nihilominus
3785 2315 3832 2369 ad

2201 2416 2564 2488 propositum
2609 2415 3035 2486 exsequendum
3081 2414 3245 2468 citius
3299 2429 3468 2485 quam
3498 2409 3831 2466 destinaverat,

2206 2505 2587 2559 Barbarorum
2617 2503 2954 2558 crudelitate
2984 2507 3226 2559 coactus.
3265 2503 3558 2558 Enimvero
3588 2499 3650 2554 de
3675 2513 3724 2550 se
3747 2494 3834 2564 ipse

2205 2593 2426 2662 asserit,
2459 2609 2517 2648 se
2550 2593 2607 2647 in
2643 2593 2896 2647 tumultu
2933 2593 3206 2664 quodam,
3257 2589 3556 2646 infortunii
3595 2583 3834 2642 formidine

2205 2683 2530 2755 perculsum
2550 2682 2841 2753 aufugisse
2870 2681 3067 2751 (Oros,
3085 2684 3225 2736 Hist.
3250 2682 3348 2736 lib.
3375 2685 3425 2749 5,
3449 2694 3561 2748 cap.
3585 2671 3837 2744 2);Barbao

2207 2787 2407 2826 rerum
2449 2770 2540 2824 vix
2590 2771 2827 2824 evitasse
2869 2769 3132 2836 insidias;
3177 2774 3350 2841 atque
3395 2769 3557 2823 etiam
3600 2767 3836 2836 postquam

2200 2861 2322 2930 jam
2354 2875 2511 2913 mare
2539 2858 2978 2926 conscendisset,
3011 2859 3158 2912 saxis
3179 2874 3243 2912 ac
3261 2858 3392 2912 telis
3409 2852 3839 2928 petitum,demum

2205 2949 2530 3020 repentinae
2571 2948 2798 3003 nebulae
2841 2947 3137 3013 beneficio,
3178 2963 3309 3002 cum
3336 2947 3566 3018 jamjam
3595 2937 3840 3011 capiendus

2207 3039 2518 3105 videretur,
2565 3037 2810 3092 evasisse
2843 3053 2857 3091 :
2891 3053 3019 3108 quas
3047 3036 3306 3107 pericula
3335 3039 3490 3090 tanta
3517 3032 3671 3086 fuisse
3707 3022 3840 3084 addit,

2208 3132 2272 3182 ut
2297 3143 2360 3181 ea
2380 3127 2502 3180 sine
2526 3125 2790 3197 lacrymis
2807 3142 2979 3180 nemo
3000 3125 3106 3179 nisi
3129 3125 3308 3179 durus
3323 3123 3518 3178 audire
3534 3121 3688 3192 queat
3705 3111 3840 3182 (Ιὸἰόη

2210 3217 2306 3272 lib.
2341 3219 2390 3279 3,
2425 3231 2544 3285 cap.
2569 3215 2679 3284 20).
2701 3214 2847 3269 Dicit
2865 3219 3163 3285 praeterea,
3187 3230 3320 3268 cum
3344 3229 3374 3267 e
3395 3210 3572 3283 patria
3587 3207 3632 3260 vi
3652 3201 3840 3276 quadam

2211 3306 2429 3359 occulta
2476 3303 2710 3374 ejectus,
2760 3320 2824 3357 ac
2875 3303 2996 3358 sine
3039 3303 3358 3368 voluntate,
3405 3300 3524 3354 sine
3554 3291 3842 3351 necessitate.

2211 3393 2332 3447 sine
2379 3408 2657 3446 consensu
2700 3395 2846 3446 esset
2887 3407 3165 3462 egressus,
3211 3390 3274 3444 in
3318 3389 3562 3444 Africam
3597 3378 3844 3452 trajecissc.

2212 3497 2400 3552 neque
2440 3497 2498 3534 se
2547 3479 2972 3549 navigationem
3003 3496 3164 3533 suam
3198 3495 3266 3533 eo
3301 3478 3532 3534 tendere
3572 3472 3713 3546 prius
3736 3480 3846 3521 com-

2211 3569 2449 3640 perisse,
2477 3584 2650 3639 quam
2673 3567 2742 3621 ad
2765 3567 2888 3637 ejus
2904 3566 3213 3638 provincia:
3234 3567 3400 3621 littus
3421 3562 3734 3635 appelleret;
3759 3558 3847 3606 tum

2214 3659 2444 3714 demum
2499 3656 2867 3718 considerato,
2920 3671 3034 3726 qua
3081 3654 3308 3709 ratione
3359 3653 3676 3724 deportatus
3699 3642 3849 3698 eodem

2215 3747 2436 3814 fuisset,
2460 3761 2659 3799 cursus
2689 3745 2773 3798 sui
2804 3744 2979 3798 ﬁnem
3009 3748 3065 3798 et
3095 3742 3404 3797 consilium
3451 3729 3848 3821 deprehendisse;

2215 3853 2279 3889 ac
2314 3839 2578 3890 revocato
2627 3834 2975 3905 collectoque
3024 3832 3218 3886 animo
3266 3829 3614 3902 cognovisse,
3643 3839 3701 3877 eo
3725 3835 3770 3872 se
3793 3814 3849 3868 d1-

2213 3923 2426 3978 vinitus
2440 3924 2511 3977 ad
2523 3922 2908 3993 Augustinum
2929 3921 3121 3992 dirigi,
3138 3925 3198 3974 ut
3210 3922 3250 3975 Η
3261 3918 3531 3991 ispanicis
3553 3914 3702 3969 malis
3719 3917 3852 3961 reme'

2216 4013 2376 4068 dium
2395 4013 2455 4066 in
2483 4013 2608 4083 ipso
2639 4012 2919 4082 reperiret
2945 4011 3137 4080 (Apud
3165 4011 3431 4078 August,
3465 4005 3635 4063 Orosii
3653 3993 3852 4058 Consulis

2217 4119 2270 4156 η.
2311 4104 2387 4171 1).
2422 4101 2626 4172 Sicque
2657 4118 2688 4154 a
2720 4099 3014 4155 verisimili
3036 4116 3150 4154 non
3174 4099 3471 4165 abhorret,
3493 4103 3746 4160 eum,qua
3770 4094 3855 4172 ξεεε

2216 4185 2500 4262 praecipiti
2531 4171 2896 4244 festinatione
2927 4189 2992 4243 ad
3019 4205 3220 4242 navem
3245 4188 3528 4260 rapiebat,
3553 4184 3608 4237 in
3629 4171 3853 4262 quoddam

2217 4279 2533 4351 navigium,
2567 4279 2719 4351 quod
2747 4279 2858 4333 alio
2888 4278 3013 4332 vela
3041 4278 3270 4343 faceret,
3306 4277 3623 4347 ingressum
3656 4279 3772 4328 esse.

2217 4372 2414 4423 tamen
2457 4369 2573 4422 Deo
2611 4383 2840 4421 cursum
2871 4366 3024 4421 illius
3053 4366 3416 4430 moderante,
3451 4363 3518 4418 ad
3549 4372 3692 4414 oram
3715 4346 3854 4422 ερρυ-

2217 4457 2397 4512 cuisse
2426 4456 2778 4512 Africanam.

2290 4550 2342 4602 3.
2394 4548 2534 4602 Cum
2583 4545 2888 4616 Augustini
2924 4543 3274 4616 colloquium
3305 4542 3669 4597 vehementer
3692 4526 3858 4616 opt/arti

2222 4635 2475 4702 Orosius,
2508 4612 2976 4706 exspectaretque
3007 4612 3526 4706 opportunitatem,
3559 4631 3617 4680 ut
3641 4612 3861 4706 capitali?

2221 4724 2428 4797 quibus
2475 4704 2689 4778 erudiri
2734 4740 2792 4778 se
2842 4704 3127 4795 cupiebat,
3155 4721 3348 4777 eidem
3381 4720 3441 4774 in
3467 4715 3707 4771 libellum
3732 4704 3861 4760 ΐεΙθίδ

2218 4815 2494 4881 traderet;
2529 4811 2766 4883 contigit
2795 4817 2860 4867 ut
2887 4813 3111 4881 eodem,
3155 4826 3268 4882 quo
3301 4810 3451 4882 ipse,
3481 4797 3739 4862 desiderio
3761 4805 3862 4865 prO‘

2221 4902 2487 4957 curandae
2519 4901 2778 4956 omnium
2809 4902 3007 4956 salutis
3028 4899 3275 4971 permoti
3298 4899 3515 4954 Paulus
3537 4899 3694 4964 amne
3714 4884 3862 4973 Ευίηξ·

2220 4991 2353 5063 pius
2384 4990 2633 5061 episcopi
2675 4989 3181 5044 commonitorium
3212 4989 3280 5043 de
3313 4984 3652 5060 quibusdam
3679 4977 3863 5063 bam?

2223 5080 2331 5134 bus
2362 5083 2554 5133 sancto
2585 5078 2816 5133 Doctori
2846 5079 3136 5133 offerrent.
3170 5079 3352 5132 Porro
3382 5072 3651 5146 quoniam
3681 5061 3756 5118 isti
3782 5067 3863 5110 non

2223 5185 2442 5235 omnes,
2478 5169 2576 5223 sed
2623 5173 2803 5222 certas
2846 5167 3125 5239 quasdam
3163 5167 3415 5220 haereses
3442 5151 3864 5242 prodiderant.ea

2222 5261 2460 5328 propter
2480 5255 2588 5311 sibi
2609 5256 2990 5311 necessarium
3005 5255 3165 5310 duxit
3183 5253 3444 5320 Orosius,
3469 5262 3658 5306 omnes
3678 5244 3862 5331 οφῐξξυίξ

2223 5345 2558 5415 dogmatum
2610 5345 3008 5400 haereticorum
3050 5344 3279 5399 arbores
3320 5357 3455 5395 cum
3485 5336 3616 5410 ipsis
3641 5319 3862 5415 radicxbuf

2224 5449 2289 5488 ac
2324 5433 2500 5487 ramis
2542 5434 2825 5506 colligere.
2871 5435 3022 5487 Hanc
3071 5432 3130 5486 in
3173 5447 3294 5486 rem
3335 5431 3435 5484 ille
3485 5428 3643 5482 beato
3679 5406 3861 5506 Ριίωευιι

2225 5503 2709 5578 consultationem
2761 5539 2858 5577 seu
2885 5519 3393 5576 commonitorium
3426 5505 3699 5588 epistolari
3723 5503 3860 5558 fol“!!!a
