3912 6174
177 259 276 312 477

178 376 405 443 obtulit,
441 378 538 430 ubi
581 394 710 448 quae
750 377 1107 445 Priscilliani,
1142 394 1339 450 quaeve
1372 380 1632 451 Origenis
1658 397 1878 435 venena

177 465 508 536 Hispaniam
531 481 597 519 eo
629 471 886 537 tempore
906 465 1263 534 infestarent,
1298 474 1638 539 exposuerat
1666 470 1873 540 (Ibid)

180 554 439 609 Discendi
463 555 748 625 cupiditas
778 556 895 621 illa,
938 572 1051 626 qua
1072 556 1349 625 ﬂagrabat
1371 558 1623 627 Orosius,
1646 575 1761 612 non
1782 576 1879 629 po-

182 648 323 698 terat
353 660 472 697 non
509 660 629 698 esse
660 644 1050 714 acceptissima
1081 646 1398 714 Augustino
1434 662 1445 699 :
1481 647 1526 699 is
1566 663 1700 717 ergo
1728 647 1879 700 illius

183 731 385 802 optatis
426 737 490 785 ut
531 732 893 797 satisfaceret,
929 733 1160 801 librum,
1194 734 1284 787 cui
1314 734 1512 788 titulus
1545 740 1649 802 est,
1682 737 1879 791 Contra

176 822 630 875 Prisciltianistas
655 825 705 874 et
734 822 1091 887 Origenistas,
1120 822 1366 892 scripsit,
1394 828 1563 894 atque
1594 822 1705 894 ipsi
1727 840 1877 877 nun-

175 908 406 978 cupavit
428 909 640 964 Orosio.
672 910 733 962 In
767 926 832 963 eo
855 914 1066 981 quanta
1088 911 1276 980 potuit
1290 915 1412 964 tum
1436 912 1731 976 brevitate,
1755 917 1880 965 tum

170 997 584 1067 perspicuitate
620 1014 775 1063 usus,
812 999 949 1051 nihil
982 999 1099 1051 fere
1130 1000 1396 1053 adversus
1426 1000 1880 1053 Priscillianista-

169 1103 307 1140 rum
355 1103 578 1140 errores
625 1088 797 1154 dixit;
840 1104 905 1140 eo
954 1088 1106 1158 quod
1150 1088 1266 1141 suis
1313 1092 1510 1141 contra
1543 1089 1880 1142 Manichaeos

172 1175 686 1244 disputationibus,
728 1193 867 1247 quas
908 1177 1139 1231 Orosius
1170 1178 1256 1231 vel
1277 1178 1399 1247 jam
1426 1178 1651 1247 legerit,
1681 1179 1767 1231 vel
1799 1179 1880 1232 le-

171 1278 315 1332 gere
339 1264 639 1317 commode
669 1265 864 1335 possit,
882 1266 1130 1319 stabilita
1150 1266 1431 1336 principia
1451 1270 1658 1331 essent,
1675 1266 1881 1336 quibus

172 1357 235 1405 et
255 1352 368 1422 ipsi
403 1352 845 1407 Priscillianista:
879 1354 1258 1425 proﬂigantur
1294 1354 1523 1425 (Contra
1563 1357 1799 1410 Priscill.
1834 1360 1883 1409 et

172 1442 426 1506 Origen,
451 1457 501 1494 η.
534 1442 603 1509 1).
630 1443 695 1494 In
720 1442 852 1507 ﬁne,
870 1444 1007 1495 dum
1022 1444 1089 1496 de
1111 1443 1424 1496 caelestium
1445 1443 1747 1511 spirituum
1773 1444 1885 1497 dis-

174 1527 459 1582 tinctione
508 1529 781 1599 loquitur,
831 1531 1067 1600 pulchre
1099 1531 1409 1585 admodum
1448 1532 1518 1585 de
1552 1531 1883 1603 hujusmodi

173 1617 602 1687 quaestionibus
632 1619 906 1687 obscuris,
946 1619 1139 1691 eisque
1180 1636 1297 1674 non
1319 1621 1672 1689 necessariis,
1707 1621 1881 1675 disse-

174 1704 259 1758 rit
292 1720 304 1760 :
340 1722 403 1759 ac
430 1705 679 1775 ingenue
709 1707 919 1760 fatetur
942 1708 1161 1774 Orosio,
1192 1709 1262 1761 ad
1283 1709 1427 1762 illud
1459 1710 1801 1780 respondere
1827 1726 1883 1762 se

178 1794 528 1864 neutiquam
576 1812 757 1865 posse.
799 1797 928 1861 Quo,
980 1796 1189 1866 inquit,
1233 1812 1315 1849 me
1357 1801 1678 1861 contemnas,
1731 1812 1885 1865 quem

177 1898 443 1949 magnum
466 1890 629 1953 putas
658 1900 767 1938 esse
787 1885 1070 1943 doctrrem,
1096 1901 1341 1953 quamam
1366 1888 1475 1939 ista
1504 1888 1637 1951 sint,
1670 1890 1719 1939 et
1751 1886 1887 1954 quid

179 1974 331 2026 inter
370 1987 425 2025 se
469 1973 758 2041 differant,
807 1975 982 2027 nescio
1036 1973 1220 2043 (Ibid.,
1268 1989 1325 2027 η.
1387 1975 1492 2043 14).
1553 1973 1705 2027 Alibi
1751 1990 1888 2044 quo-

179 2077 298 2131 que
326 2060 572 2113 fructum
614 2060 763 2114 hunc
791 2062 1036 2116 afﬁrmat
1064 2079 1129 2115 ex
1161 2079 1262 2115 sua
1294 2062 1756 2133 peregrinatione
1787 2078 1882 2115 ca-

178 2155 424 2219 pturum
457 2149 624 2203 fuisse
673 2150 955 2216 Orosium,
1007 2151 1160 2221 quod
1187 2151 1320 2217 illis,
1368 2168 1496 2222 quae
1529 2152 1597 2205 de
1640 2169 1696 2205 se
1738 2153 1887 2205 fama

183 2238 462 2309 vulgabit,
482 2240 713 2309 posthac
733 2256 849 2293 non
872 2245 1094 2293 tantum
1115 2240 1246 2294 ﬁdei
1277 2240 1348 2293 sit
1368 2240 1664 2294 habiturus
1690 2242 1881 2311 (Epist.

192 2329 317 2392 166,
365 2344 421 2381 η.
468 2331 540 2395 2).
602 2328 742 2382 Huic
785 2328 1047 2382 tractatui
1092 2329 1446 2400 Augustinus
1498 2331 1686 2383 locum
1747 2329 1887 2383 assi-

188 2421 332 2485 gnat
368 2417 518 2469 inter
547 2434 663 2481 eos,
710 2434 853 2488 quos
894 2434 1041 2471 anno
1073 2419 1637 2489 quadringentesimo
1669 2418 1890 2473 decimo

187 2507 395 2577 quinto
416 2506 735 2576 composuit
765 2523 777 2560 :
813 2522 1056 2578 cumque
1087 2507 1303 2561 editum
1328 2523 1461 2561 eum
1492 2512 1752 2577 oporteat
1774 2524 1889 2560 non

190 2595 376 2648 multo
407 2600 537 2663 post
575 2594 757 2648 Orosii
793 2595 1099 2648 adventum
1146 2595 1207 2648 in
1255 2594 1523 2656 Africam,
1571 2612 1671 2648 cur
1716 2595 1809 2649 hic
1831 2595 1891 2648 in

190 2699 319 2736 eam
346 2682 699 2752 provinciam
730 2682 889 2753 prius
910 2683 1110 2736 eodem
1141 2700 1290 2737 anno
1324 2684 1890 2754 quadringentesimo

190 2772 417 2826 decimo
448 2772 647 2843 quinto
679 2771 897 2825 venisse
938 2772 1209 2827 dicendus
1251 2773 1340 2839 sit,
1372 2790 1485 2827 non
1516 2774 1793 2827 videmus.

262 2863 318 2913 4.
354 2861 468 2913 Etsi
500 2877 672 2930 quem
702 2877 762 2914 ex
799 2860 1159 2931 navigatione
1203 2878 1305 2915 sua
1343 2861 1593 2916 fructum
1621 2863 1729 2916 sibi
1768 2879 1894 2932 pro-

192 2950 427 3004 miserat
457 2950 708 3013 Orosius,
760 2967 889 3004 eum
940 2950 1166 3004 abunde
1206 2950 1326 3004 viso
1366 2951 1678 3022 auditoque
1705 2954 1895 3023 Augu-

194 3041 347 3093 stino
390 3038 709 3109 perciperet
739 3056 751 3092 :
801 3040 1150 3110 Augustinus
1180 3044 1392 3103 tamen,
1427 3039 1526 3110 qui
1566 3056 1696 3093 eum
1730 3041 1897 3094 vellet

194 3130 366 3200 pleno
396 3128 593 3181 fenore
622 3129 977 3199 locupletari,
1011 3145 1127 3183 non
1158 3133 1456 3182 contentus
1483 3130 1568 3183 illi
1598 3129 1895 3184 tradidisse

194 3234 327 3289 quae
359 3222 610 3283 noverat,
643 3217 751 3288 ipsi
778 3218 991 3272 fontem
1013 3218 1390 3284 uberrimum,
1432 3219 1583 3273 unde
1615 3218 1893 3290 quidquid

196 3308 296 3361 abs
323 3323 381 3360 se
409 3307 597 3360 doceri
626 3324 791 3377 posse
818 3324 933 3360 non
961 3308 1221 3377 putabat,
1254 3307 1403 3360 facili
1433 3307 1665 3379 negotio
1697 3308 1897 3362 hauri-

195 3400 304 3462 ret,
336 3395 638 3461 indicavit;
669 3402 838 3467 atque
880 3400 940 3448 ut
984 3396 1394 3467 Hieronymum
1428 3396 1773 3455 conveniret,
1815 3400 1900 3450 est

198 3486 549 3539 adhortatus.
603 3485 665 3538 Id
717 3484 1018 3555 Augustini
1067 3484 1182 3538 sive
1232 3484 1552 3546 consilium,
1608 3485 1722 3538 sive
1751 3502 1899 3556 prae-

199 3580 451 3645 ceptum,
488 3590 661 3644 quam
692 3573 935 3627 libenter
955 3574 1172 3644 accepit
1205 3574 1455 3640 Orosius,
1485 3574 1653 3645 eique
1679 3591 1898 3628 morem

200 3679 399 3734 gerere
431 3663 595 3715 laetus
640 3662 903 3716 decrevit.
956 3664 1124 3716 Illum
1171 3668 1395 3716 sanctus
1443 3663 1713 3727 Antistes,
1746 3668 1809 3715 ut
1838 3662 1900 3715 in

203 3752 390 3806 reditu
424 3750 581 3821 prius
611 3752 681 3804 ad
711 3768 769 3804 se
795 3751 1313 3821 diverteret,quam
1338 3751 1393 3803 in
1418 3749 1661 3821 patriam
1693 3767 1903 3804 remea-

202 3846 306 3903 ret,
348 3841 602 3910 rogavit;
644 3840 796 3910 quod
845 3857 901 3893 se
950 3840 1344 3910 praestiturum
1388 3839 1605 3910 recepit
1648 3840 1898 3894 Orosius.

202 3930 519 4001 Augustino
544 3935 877 3999 pergratum
909 3929 1034 3996 fuit,
1060 3929 1213 4000 quod
1231 3946 1355 3982 eam
1387 3929 1742 3983 occasionem
1772 3929 1903 3983 Hie-

200 4033 445 4086 ronymo
480 4018 861 4071 dubitationes
891 4034 1020 4070 suas
1046 4018 1408 4088 proponendi
1433 4018 1854 4072 nancisceretur
1887 4036 1898 4072 :

199 4108 415 4161 etenim
446 4122 551 4176 pro
582 4122 803 4160 summo
834 4122 933 4158 suo
964 4107 1025 4158 in
1068 4106 1364 4159 veritatem
1399 4106 1609 4173 studio,
1658 4108 1902 4160 multum

201 4195 563 4251 desiderabat
599 4210 726 4247 cum
757 4211 824 4247 eo
856 4193 1106 4265 colloqui
1136 4210 1240 4265 per
1269 4194 1524 4261 litteras;
1559 4195 1771 4264 quippe
1802 4211 1902 4248 cu-

194 4286 290 4355 jus
321 4284 622 4355 ingenium
649 4287 818 4354 atque
853 4283 1238 4337 eruditionem
1270 4281 1507 4353 plurimi
1529 4282 1785 4335 faciebat.
1814 4284 1906 4335 At-

202 4374 301 4444 qui
341 4389 490 4441 opus
520 4372 588 4425 ad
629 4371 777 4425 istud
811 4376 931 4424 erat
970 4372 1205 4425 homine
1243 4372 1310 4424 ad
1343 4371 1625 4441 agendum
1672 4371 1805 4436 fido,
1836 4373 1905 4425 ad

202 4460 524 4532 parendum
556 4465 844 4529 prompto,
876 4459 942 4513 ad
968 4460 1230 4512 ferendos
1262 4458 1480 4512 itineris
1509 4459 1728 4512 labores
1759 4475 1909 4511 exer-

203 4550 395 4603 citato.
422 4549 615 4602 Talem
635 4552 825 4602 autem
851 4548 1073 4618 jamdiu
1098 4549 1390 4618 quaerebat
1411 4552 1637 4601 sanctus
1660 4549 1869 4601 Praesul
1892 4564 1905 4615 ;

203 4655 306 4693 nec
329 4638 439 4709 ipsi
460 4637 622 4691 facile
655 4637 1001 4691 occurrebat.
1028 4637 1300 4700 Quocirca
1324 4653 1417 4689 eas
1438 4653 1633 4690 omnes
1656 4636 1907 4707 aliasque

206 4729 366 4783 dotes
408 4727 471 4780 in
516 4726 710 4781 Orosio
742 4726 924 4780 adhuc
946 4725 1155 4796 juvene
1191 4730 1411 4788 nactus,
1443 4725 1607 4779 illum
1639 4727 1708 4780 ad
1736 4742 1794 4778 se
1824 4726 1908 4779 di-

206 4817 340 4871 vino
374 4816 613 4869 consilio
656 4816 890 4886 hujusce
929 4815 1011 4868 rei
1051 4814 1233 4885 gratia
1272 4814 1510 4868 missum
1545 4815 1905 4869 existimavit.

206 4906 470 4975 Arripuit
490 4905 666 4977 igitur
695 4906 1071 4967 occasionem,
1124 4920 1186 4958 ac
1229 4904 1569 4975 Hieronymo
1608 4905 1912 4959 deferenda

207 4994 430 5049 curavit
448 4994 657 5064 scripta
679 4994 791 5047 duo
814 4993 1190 5064 longiuscula,
1215 5010 1342 5064 quae
1363 4994 1538 5048 libros
1565 4994 1806 5064 ipsemet
1821 5011 1911 5047 vo-

208 5083 346 5137 citat
379 5084 577 5152 (Epist.
606 5085 798 5143 169,12.
832 5085 891 5137 13
915 5102 929 5147 ;
950 5084 1129 5151 Epist.
1170 5085 1289 5149 190,
1310 5099 1364 5136 η.
1401 5085 1510 5150 20),
1545 5099 1726 5153 eoque
1746 5082 1910 5135 titulo

208 5172 265 5226 in
297 5171 819 5227 Retractationibus
851 5171 968 5224 suis
998 5175 1276 5238 recenset,
1311 5171 1571 5242 quamvis
1600 5172 1704 5224 hac
1725 5174 1915 5224 nostra

208 5267 374 5317 aetate
422 5262 572 5315 inter
614 5260 767 5315 illius
812 5260 1078 5331 epistolas
1125 5265 1501 5315 numerentur
1547 5262 1742 5331 (Epist.
1792 5263 1913 5329 166,

209 5352 351 5420 167).
379 5350 793 5421 Hieronymum
815 5349 873 5403 in
900 5349 1085 5421 primo
1106 5350 1352 5404 consulit
1374 5350 1442 5403 de
1465 5349 1686 5419 origine
1709 5348 1915 5403 anima:

206 5438 495 5504 hominis;
526 5438 585 5491 in
618 5439 795 5492 altero
820 5442 1009 5492 autem
1039 5439 1106 5493 de
1128 5437 1410 5492 sententia
1435 5437 1533 5490 illa
1553 5436 1763 5503 Jacobi,
1788 5437 1916 5502 Qui-

209 5543 431 5598 cumque
466 5530 633 5581 totam
663 5528 827 5595 legem
867 5529 1183 5593 servaverit,
1221 5527 1462 5595 offendat
1497 5530 1673 5581 autem
1698 5528 1754 5580 in
1782 5541 1911 5592 uno,

1607 259 1816 314 LIBER
1859 258 2228 315 SEPTIMUS.

3583 265 3687 317 478

1984 385 2164 449 factus
2208 386 2288 437 est
2332 383 2569 435 omnium
2616 395 2738 435 reus
2782 381 2998 451 (Jacobi
3048 399 3104 449 ιι,
3161 384 3263 454 10).
3315 384 3487 438 Hosce
3517 385 3690 439 libros

1989 472 2363 542 Hieronymus
2387 486 2501 524 non
2522 469 2642 522 sine
2673 470 2904 523 honoris
2934 469 3333 524 testiﬁcatione
3363 478 3645 526 memorat
3673 490 3684 526 :

1988 561 2086 615 sed
2128 560 2243 614 illis
2291 559 2631 629 respondere
2687 575 2751 613 eo
2799 559 3099 623 recusavit,
3150 559 3300 629 quod
3350 575 3539 629 neque
3581 561 3687 614 sibi

1989 647 2170 701 otium
2202 648 2271 701 ad
2303 647 2357 701 id
2396 647 2773 701 necessarium
2811 652 3161 718 suppeteret,
3204 664 3391 718 neque
3424 647 3686 701 utilitati-

1989 736 2093 790 bus
2144 736 2399 790 Ecclesiee
2443 736 2800 800 conduceret,
2852 737 3235 807 Augustinum
3287 753 3350 789 ac
3410 736 3687 805 Hierony-

1988 840 2169 890 mum,
2201 826 2288 878 vel
2314 825 2375 877 in
2406 825 2678 887 minimis,
2723 824 2995 895 opinione
3028 824 3236 879 divisos
3260 824 3454 878 videri.
3481 826 3545 878 Et
3581 824 3689 877 hoc

1990 914 2135 966 forte
2166 914 2506 982 Augustino,
2539 918 2925 984 praeterquam
2957 914 3111 983 quod
3151 913 3312 966 illum
3359 913 3468 966 sibi
3497 913 3565 965 de
3596 911 3685 965 his

1988 1001 2290 1071 aliquando
2314 1018 2717 1071 responsurum
2740 1002 3023 1070 sperabat,
3050 1002 3410 1070 potissimum
3433 1001 3493 1053 in
3517 1017 3683 1053 causa

1990 1088 2117 1157 fuit,
2148 1105 2248 1142 cur
2278 1090 2507 1143 eosdem
2529 1090 2654 1143 illos
2686 1090 2881 1158 libros,
2906 1090 3095 1159 quoad
3119 1090 3255 1142 vixit
3287 1090 3685 1159 Hieronymus,

1988 1177 2203 1248 publici
2215 1178 2359 1247 juris
2381 1178 2561 1231 facere
2582 1178 2829 1230 noluerit
2859 1179 3044 1246 (Apud
3067 1179 3326 1245 August.,
3350 1180 3527 1246 Epist.
3565 1180 3685 1243 172,

1991 1284 2045 1321 n.
2080 1270 2097 1320 1
2123 1284 2135 1331 ;
2162 1256 2395 1322 Retract.
2415 1268 2578 1334 lib.2,
2596 1268 2839 1335 cap.45).
2860 1267 3069 1319 Exinde
3092 1267 3244 1319 enim
3270 1271 3546 1319 uteorum
3560 1281 3693 1335 apo-

1993 1357 2277 1427 graphum
2300 1356 2548 1425 cuipiam
2569 1356 2746 1420 daret,
2765 1371 2878 1407 non
2898 1354 3069 1407 modo
3094 1354 3282 1408 induci
3306 1371 3418 1407 non
3444 1358 3691 1424 poterat,

1993 1446 2091 1499 sed
2138 1462 2321 1516 neque
2369 1445 2564 1497 amicis
2607 1444 2869 1496 credebat
2916 1444 3149 1497 domum
3198 1443 3535 1497 deferendos
3576 1461 3591 1496 :
3636 1442 3692 1496 id

1991 1534 2190 1605 gratim
2218 1537 2437 1587 tantum
2470 1534 2805 1600 concedens,
2838 1536 2898 1585 ut
2926 1532 3157 1585 eosdem
3187 1532 3398 1585 lectum
3421 1531 3491 1583 ad
3519 1546 3574 1583 se
3601 1547 3693 1583 ve-

1992 1622 2201 1676 nirent.
2238 1624 2399 1676 Certe
2420 1623 2478 1676 in
2510 1624 2614 1676 hac
2644 1627 2825 1691 parte,
2860 1627 3164 1691 antequam
3192 1618 3521 1689 Hieronymi
3546 1617 3688 1671 litte-

1993 1728 2083 1765 ras
2114 1713 2304 1781 (Apud
2332 1714 2591 1779 August,
2628 1714 2800 1779 Epist.
2835 1710 2959 1779 172)
2990 1710 3442 1778 accepisset,sese
3458 1708 3693 1778 gerebat

1993 1800 2225 1853 liberius
2260 1817 2429 1854 :narn
2462 1799 2763 1853 interalios
2795 1799 3117 1867 complures
3145 1797 3338 1862 libros,
3373 1813 3515 1867 quos
3546 1796 3690 1849 Evo-

1995 1889 2088 1942 dio
2115 1889 2513 1942 describendos
2536 1889 2718 1954 offert,
2744 1888 2847 1940 hos
2872 1902 3101 1957 quoque
3127 1888 3467 1939 annumerat
3486 1884 3690 1953 (Epist.

2000 1981 2118 2044 169,
2164 1994 2219 2031 η.
2265 1977 2368 2049 13).
2423 1978 2652 2031 Videtur
2693 1976 2844 2029 idem
2896 1975 2963 2028 ab
3014 1975 3357 2044 Hieronymo
3389 1971 3695 2026 traductio-

1997 2082 2131 2119 nem
2176 2066 2548 2137 Septuaginta
2596 2065 2997 2137 interpretum,
3050 2064 3117 2116 ab
3159 2079 3225 2115 eo
3257 2062 3483 2127 factam,
3518 2064 3692 2130 atque

2001 2155 2280 2207 asteriscis
2305 2154 2666 2225 verubusque
2692 2153 3038 2215 distinctam,
3058 2168 3159 2222 per
3180 2150 3445 2206 Orosium
3468 2148 3696 2219 petiisse

2001 2245 2193 2313 (Epist.
2234 2248 2352 2309 172,
2386 2260 2436 2297 η.
2460 2244 2516 2313 2)
2551 2260 2563 2296 :
2592 2257 2811 2296 necnon
2835 2241 3098 2311 epistolas
3120 2239 3340 2310 aliquot
3359 2243 3480 2292 tum
3502 2237 3569 2291 ad
3591 2236 3699 2289 vir-

1999 2333 2190 2403 ginem
2226 2331 2613 2395 Eustochiam,
2648 2336 2771 2383 tum
2795 2330 2861 2382 ad
2886 2329 3054 2399 hujus
3079 2333 3321 2403 matrem
3352 2324 3696 2394 Paulamju-

1999 2401 2219 2473 niorem
2261 2419 2568 2488 scripsisse,
2620 2417 2827 2497 quibus
2878 2415 3021 2477 illas,
3049 2419 3109 2468 ut
3138 2401 3446 2485 procedere
3481 2429 3545 2467 ac
3574 2426 3700 2483 pro-

2001 2508 2158 2579 gredi
2191 2508 2249 2561 in
2280 2508 2486 2561 virtute
2524 2510 2850 2577 pergerent,
2884 2505 3304 2559 adhortaretur.

2073 2601 2122 2650 5.
2152 2596 2240 2650 Ad
2288 2596 2649 2650 scribendum
2680 2596 2891 2651 librum
2922 2594 2989 2647 de
3025 2594 3239 2647 Natura
3269 2595 3326 2645 et
3353 2590 3544 2647 Gratia
3578 2591 3698 2661 jam

2001 2686 2143 2740 forte
2162 2685 2512 2755 Augustinus
2535 2700 2832 2755 aggressus
2854 2687 2993 2747 crat,
3027 2698 3156 2735 cum
3188 2697 3253 2734 ex
3283 2680 3471 2734 Africa
3501 2679 3701 2733 disces-

2003 2775 2075 2828 sit
2104 2773 2353 2829 Orosius.
2392 2772 2490 2826 Hic
2520 2772 2673 2825 enim
2703 2788 2818 2825 non
2848 2772 2926 2824 ita
2958 2771 3135 2823 multo
3158 2772 3302 2839 post,
3324 2784 3496 2839 quam
3515 2767 3574 2821 in
3604 2769 3701 2820 Pa-

2002 2863 2283 2918 laestinam
2340 2861 2719 2932 pervenisset,
2783 2860 3031 2929 ipsemet
3083 2856 3311 2923 Pelagio
3379 2860 3695 2926 praesente,

2004 2955 2261 3005 sanctum
2287 2949 2861 3018 Antistitemhujusce
2890 2945 3318 3009 hasreticilibro,
3342 2944 3530 2998 sibiab
3549 2943 3701 2997 illius

2007 3039 2297 3109 discipulis
2346 3038 2574 3100 tradito,
2628 3037 2957 3090 eorumdem
3013 3038 3211 3105 rogatu
3256 3032 3582 3103 plenissime
3614 3049 3703 3086 re-

2006 3130 2287 3200 spondere
2347 3126 2650 3181 afﬁrmavit
2702 3126 2972 3197 (Orosius,
3034 3126 3093 3177 in
3139 3124 3454 3191 Apologia.)
3494 3122 3599 3173 Per
3647 3120 3702 3173 id

2008 3233 2237 3288 quoque
2258 3215 2527 3286 temporis
2546 3216 2613 3268 de
2629 3214 2836 3284 scripto
2861 3213 3106 3283 quodam
3125 3209 3429 3281 Augustini
3454 3208 3706 3279 loquitur

2008 3306 2408 3376 Hieronymus,
2443 3303 2596 3374 quod
2640 3303 2901 3357 nondum
2950 3300 3055 3354 sibi
3106 3300 3163 3353 in
3196 3315 3402 3353 manus
3451 3302 3702 3365 venerat,

2009 3395 2275 3466 quodque
2299 3393 2593 3463 Pelagium
2629 3395 2775 3445 recta
2802 3391 3141 3461 impugnare
3166 3388 3451 3442 ferebatur
3488 3386 3706 3456 (Contra

2008 3484 2214 3549 Pelag.,
2244 3482 2379 3535 dial.
2412 3485 2461 3547 3,
2495 3496 2614 3549 cap.
2650 3480 2724 3549 6).
2748 3478 3099 3548 Augustinus
3125 3475 3385 3529 similiter
3415 3475 3603 3529 eidem
3637 3474 3705 3527 li-

2008 3572 2111 3626 bro
2142 3574 2327 3625 locum
2354 3586 2449 3623 eos
2482 3568 2645 3635 inter,
2700 3582 2947 3638 quorum
2979 3565 3216 3635 epistola
3247 3580 3398 3617 anno
3431 3563 3705 3634 quadrin-

2010 3660 2328 3731 gentesimo
2360 3657 2579 3712 decimo
2608 3656 2808 3727 quinto
2838 3659 3091 3709 vertente
3126 3654 3254 3707 data
3287 3651 3566 3717 meminit,
3602 3668 3708 3721 po-

2011 3754 2285 3803 stremum
2318 3746 2588 3816 assignat.
2624 3744 2837 3815 Pelagii
2860 3744 3069 3797 librum
3094 3740 3413 3812 Augustino
3437 3739 3710 3794 miserant

2010 3836 2290 3893 Timasius
2317 3840 2372 3889 et
2404 3835 2641 3889 Jacobus
2684 3833 2776 3903 (De
2805 3835 3020 3887 Natura
3051 3836 3101 3885 et
3128 3832 3306 3895 Grat.,
3338 3845 3393 3883 η.
3432 3831 3484 3897 1)
3515 3829 3709 3882 adole—

2012 3930 2229 3980 scentes
2258 3922 2651 3977 honestissime
2674 3920 2811 3987 nati,
2843 3924 2897 3973 et
2926 3919 3197 3973 institutis
3231 3917 3558 3972 liberalibus
3589 3932 3711 3970 eru-

2014 4013 2117 4068 diti
2144 4014 2342 4083 (Epist.
2389 4014 2503 4077 179,
2549 4027 2604 4064 n.
2648 4010 2721 4079 2),
2753 4008 2852 4080 qui
2884 4007 3184 4079 ipsiusmet
3213 4006 3427 4076 Pelagii
3456 4007 3709 4070 hortatu,

2014 4103 2171 4157 omni
2196 4118 2292 4172 spe
2325 4097 2579 4153 saeculari
2608 4098 2843 4168 abjecta,
2878 4114 2997 4151 sese
3038 4097 3105 4151 ad
3130 4096 3228 4150 Dei
3262 4095 3555 4149 servitium
3578 4109 3711 4146 con-

2011 4190 2474 4260 tulerant(Epist.
2500 4192 2686 4255 177,11.
2705 4191 2767 4252 6;
2793 4188 2967 4255 Epist.
2991 4189 3109 4250 179,
3128 4200 3182 4238 η.
3212 4184 3294 4253 2).
3327 4182 3431 4236 Sed
3448 4182 3535 4233 vix
3552 4180 3635 4233 illi
3654 4198 3710 4233 se

2014 4280 2229 4350 Pelagii
2258 4294 2432 4349 opera
2479 4275 2849 4329 saecularibus
2877 4272 3117 4327 vinculis
3139 4270 3556 4341 expediverant,
3583 4284 3711 4322 cum

2015 4385 2073 4422 se
2104 4367 2324 4438 laqueis
2354 4366 2534 4419 multo
2566 4363 2996 4425 funestioribus,
3029 4360 3301 4414 nimirum
3336 4358 3580 4411 inducta:
3610 4372 3713 4427 per

2016 4458 2182 4512 illum
2208 4457 2507 4519 haereseos,
2524 4453 2889 4523 implicarunt
2907 4468 2966 4517 ;a
2993 4449 3200 4520 quibus
3223 4453 3415 4501 tamen
3448 4463 3543 4499 eos
3566 4448 3712 4500 Deus

2017 4545 2231 4616 eripuit
2259 4543 2507 4599 subsidio
2534 4558 2598 4596 ac
2627 4540 2856 4595 monitis
2879 4535 3203 4609 Augustini.
3239 4535 3337 4589 Hic
3358 4533 3509 4587 enim
3543 4534 3715 4589 inter-

2014 4634 2202 4689 missis
2232 4633 2527 4687 confestim
2575 4647 2704 4701 quze
2735 4629 2794 4682 in
2826 4626 3089 4681 manibus
3127 4627 3306 4689 erant,
3358 4622 3569 4691 librum
3598 4639 3714 4677 non

2016 4722 2293 4777 mediocri
2324 4721 2640 4775 intentione
2669 4714 2911 4788 perlegit
2939 4714 3040 4784 (De
3070 4715 3198 4769 Nat.
3242 4717 3293 4767 et
3323 4713 3503 4781 Grut,
3532 4729 3588 4765 η.
3626 4712 3709 4781 1);

2018 4811 2343 4882 reperitque
2362 4809 2652 4879 Pelagium
2678 4809 2951 4859 naturam
2970 4801 3221 4855 hominis
3248 4806 3443 4855 contra
3465 4801 3562 4854 Dei
3585 4816 3714 4871 gra-

2018 4901 2156 4955 tiam
2170 4903 2382 4971 quanta
2397 4901 2620 4968 poterat
2633 4891 3125 4965 argumentatione
3141 4890 3443 4945 defendere
3460 4893 3711 4959 (Retract.

2021 4991 2116 5043 lib.
2134 4993 2187 5056 2,
2210 5004 2329 5057 cap.
2347 4988 2456 5056 42).
2486 4988 2536 5039 Is
2567 4988 2757 5038 autem
2781 4982 2927 5035 liber
2940 4984 3059 5034 erat
3080 4980 3287 5049 dialogi
3310 4979 3717 5049 forma,quem-

2022 5078 2331 5131 admodum
2378 5090 2443 5127 ex
2495 5072 2628 5126 locis
2668 5072 2738 5125 ab
2784 5069 3102 5139 Augustino
3142 5068 3325 5122 citatis
3356 5066 3713 5136 intelligitur,

2021 5166 2412 5220 concinnatus.
2466 5164 2528 5215 In
2560 5177 2626 5215 eo
2657 5160 2765 5214 sibi
2804 5160 2925 5229 ipse
2955 5156 3333 5230 quaestionem
3360 5155 3518 5209 illam
3545 5169 3717 5223 oppo-

2023 5256 2193 5309 nebat
2236 5270 2249 5306 :
2302 5249 2592 5322 Numquid
2627 5248 2869 5320 gratiam
2900 5265 3018 5302 non
3049 5246 3390 5310 excluderet,
3427 5258 3556 5296 cum
3595 5240 3716 5295 sine

2024 5346 2252 5415 peccato
2282 5340 2467 5394 vivere
2504 5339 2799 5394 hominem
2840 5354 3008 5408 posse
3050 5330 3461 5390 contenderet?
3509 5329 3611 5384 Cui
3637 5329 3720 5383 rei

2023 5430 2207 5487 verbis
2220 5429 2445 5484 disertis
2460 5428 2657 5500 gratiae
2674 5444 2840 5499 opem
2869 5426 3232 5493 divinamque
3267 5418 3717 5473 misericordiam

2028 5520 2404 5576 necessariam
2455 5535 2573 5573 esse
2618 5517 3009 5588 proﬁtebatur.
3061 5509 3441 5581 Augustinum
3482 5508 3715 5581 quidem
