4028 6174
243 259 347 310 4³79

243 397 361 444 eos,
395 377 496 450 qui
521 377 736 432 seclusa
751 374 932 446 gratia
949 371 1441 443 dejustiﬁcatione
1471 368 1719 426 hominis
1744 368 1940 439 loque-

240 473 458 534 rentur,
491 482 620 520 cum
649 466 889 519 horrore
921 463 1316 529 detestantem,
1347 460 1545 515 laetitia
1563 461 1798 529 repente
1814 472 1940 527 per-

240 557 387 612 fudit
410 554 685 609 confessio
709 552 910 623 gratiae
933 557 1049 605 tam
1078 555 1290 621 aperta.
1315 552 1523 604 Verum
1550 547 1808 619 pergenti
1829 546 1938 616 ipsi

247 647 440 716 legere
470 647 694 708 czetera,
736 640 1101 711 perspicuum
1133 638 1361 691 tandem
1389 636 1514 704 fuit,
1541 636 1645 688 sub
1670 635 1774 688 hac
1802 650 1939 688 voce

243 731 753 804 eequivocationem
785 731 962 782 latere
994 728 1085 796 (De
1115 729 1242 780 Nat.
1277 730 1326 779 et
1358 727 1537 795 Grai,
1560 740 1654 778 nn.
1693 728 1774 785 11,
1811 723 1890 788 12)
1923 740 1935 776 :

245 838 376 875 cum
419 821 535 874 illic
574 817 835 888 Pelagius
878 831 1070 869 veram
1109 814 1314 869 Christi
1343 812 1584 882 gratiam
1623 828 1735 866 non
1767 811 1937 864 modo

243 927 357 964 non
388 911 738 980 agnosceret,
775 906 867 959 sed
897 905 1069 958 etiam
1099 902 1382 957 contraria
1407 901 1457 955 ei
1484 902 1938 984 multaloquere-

242 1008 336 1052 tur
371 998 561 1065 (Epist.
602 998 718 1059 169,
745 1010 798 1047 η.
828 992 897 1059 3),
931 1007 1108 1062 eaque
1131 990 1365 1044 omnino
1385 989 1687 1043 moliretur
1707 1005 1937 1060 persua-

247 1086 394 1145 dere,
419 1100 546 1154 qua:
567 1083 722 1135 illam
747 1082 816 1134 de
844 1080 1098 1133 ﬁdelium
1130 1078 1398 1132 cordibus
1420 1077 1693 1131 creditam
1714 1077 1940 1132 deleant

246 1174 445 1243 (Epist.
485 1175 604 1238 186,
625 1189 679 1226 η.
711 1173 772 1240 1).
802 1170 896 1224 Isti
919 1185 1055 1238 ergo
1087 1169 1252 1234 libro,
1285 1167 1420 1238 quia
1446 1167 1500 1221 id
1531 1167 1655 1221 ﬁeri
1677 1170 1938 1236 Oportere

241 1262 488 1330 videbat,
523 1260 677 1322 edita
715 1259 774 1312 iu
822 1259 1024 1328 vulgus
1071 1257 1456 1327 disputatione
1502 1256 1796 1326 respondit
1822 1258 1939 1309 Au-

241 1349 530 1419 gustinus,
577 1346 677 1418 qui
706 1347 815 1400 hoc
845 1362 1011 1399 suum
1043 1361 1186 1414 opus
1218 1361 1283 1398 eo
1313 1343 1603 1414 inscripsit
1624 1347 1700 1399 De
1728 1346 1940 1400 Natura

241 1442 290 1492 et
338 1439 566 1503 Gratia;
611 1435 767 1506 quod
814 1435 893 1488 ibi
946 1433 1190 1504 gratiam
1235 1433 1519 1498 defendat,
1565 1448 1680 1486 non
1705 1432 1938 1503 quidem

240 1530 435 1579 contra
473 1529 759 1590 naturam,
811 1523 907 1577 sed
961 1538 1064 1593 per
1107 1537 1278 1592 quam
1320 1521 1592 1574 liberatur
1622 1525 1678 1575 et
1722 1520 1941 1592 regitur

245 1618 448 1667 natura
478 1616 730 1683 (Retract.
760 1613 852 1665 lib.
877 1615 1064 1680 2,cap.
1091 1611 1201 1680 42).
1225 1610 1309 1664 Ibi
1327 1609 1539 1663 dictum
1566 1609 1702 1663 illud
1728 1607 1938 1678 Pelagii

247 1703 510 1755 hominem
537 1716 692 1770 posse
723 1715 832 1754 esse
873 1702 988 1753 sine
1020 1703 1258 1768 peccato,
1286 1703 1336 1752 et
1365 1697 1627 1750 mandata
1656 1699 1752 1750 Dei
1775 1697 1940 1762 facile

245 1791 533 1854 custodire,
560 1791 611 1844 si
635 1790 783 1854 velit,
825 1789 894 1842 ab
923 1787 1240 1857 Augustino
1269 1786 1657 1848 condemnari,
1692 1785 1941 1838 afﬁrmat

245 1879 477 1936 Orosius
525 1880 604 1948 (In
646 1877 957 1948 Apologia).
1009 1876 1175 1931 Nulla
1225 1879 1418 1929 autem
1459 1873 1592 1928 libri
1634 1891 1667 1928 a
1707 1872 1937 1943 Pelagio

241 1967 438 2038 scripti
470 1967 639 2021 verba
649 1982 767 2020 non
784 1964 1011 2020 discutit
1031 1968 1087 2018 et
1105 1964 1372 2030 confutet,
1391 1963 1651 2034 aperiens
1664 1963 1937 2017 nimirum

242 2062 300 2111 et
328 2061 683 2128 quantopere
709 2055 957 2109 aliorum
987 2055 1289 2109 verborum
1324 2052 1483 2108 errbr
1525 2054 1830 2123 fugiendus
1868 2053 1941 2106 sit

244 2162 307 2200 ac
337 2145 724 2214 detestandus,
747 2149 803 2198 et
824 2144 992 2197 simul
1023 2147 1303 2214 quantum
1332 2142 1392 2195 in
1422 2142 1534 2196 illis
1564 2141 1701 2212 ipsis
1729 2141 1936 2207 verbis,

245 2251 375 2305 quae
407 2233 643 2287 minime
690 2233 842 2287 mala
869 2232 1187 2298 videantur,
1235 2237 1427 2285 tamen
1455 2235 1690 2301 propter
1714 2230 1937 2284 affecta-

243 2329 366 2377 tum
398 2339 546 2376 veras
577 2322 774 2393 gratim
818 2323 1052 2392 ejusque
1087 2320 1285 2375 auxilii
1315 2319 1627 2385 silentium,
1661 2318 1940 2372 inhaereat

243 2411 584 2481 suspicionis
600 2411 791 2481 (Apud
809 2412 1069 2477 August,
1091 2411 1267 2478 Epist.
1287 2408 1431 2479 168).
1448 2409 1587 2462 Cum
1610 2423 1736 2461 eam
1753 2409 1940 2476 Augu-

243 2499 379 2552 stini
407 2498 865 2552 lucubrationem
899 2496 1247 2567 accepissent
1278 2495 1556 2550 Timasius
1587 2500 1643 2550 et
1679 2496 1936 2561 Jacobus,

240 2587 462 2658 scriptis
494 2585 698 2641 litteris
723 2585 932 2658 gratias
967 2589 1228 2656 egerunt,
1261 2589 1319 2640 et
1344 2585 1690 2655 singularem
1722 2601 1787 2638 ex
1816 2584 1940 2654 ejus

238 2676 483 2730 lectione
509 2691 567 2730 se
583 2676 935 2746 voluptatem
961 2674 1174 2746 cepisse
1195 2673 1477 2729 testiﬁcati
1495 2679 1654 2740 sunt;
1683 2673 1939 2728 afﬁrma-

243 2769 513 2835 runtque,
533 2764 757 2818 tametsi
776 2765 897 2835 jam
921 2767 1051 2818 ante
1072 2763 1426 2818 abdicassent
1444 2779 1720 2831 errorem,
1745 2766 1938 2816 tamen

241 2854 294 2908 ei
325 2871 384 2906 se
415 2853 622 2908 debere
651 2852 988 2925 plurimum,
1020 2853 1174 2924 quod
1205 2867 1361 2906 arma
1391 2852 1517 2918 sibi,
1553 2851 1936 2922 quibusillum

240 2943 299 2997 in
326 2944 451 2997 aliis
483 2947 908 3014 oppugnarent,
954 2943 1389 3013 suppeditasset.
1435 2944 1498 2996 In
1527 2942 1631 2995 hac
1673 2940 1933 3012 epistola,

244 3017 417 3102 quam
457 3031 761 3102 Augustini
790 3031 1068 3086 beneﬁcio
1096 3033 1267 3085 etiam
1299 3047 1451 3084 nunc
1478 3031 1754 3084 habemus
1782 3029 1936 3083 inte-

241 3136 427 3190 gram,
459 3119 739 3173 Timasius
769 3124 827 3173 et
847 3120 1112 3187 Jacobus,
1135 3121 1285 3190 quod
1318 3120 1424 3173 hoc
1449 3123 1566 3172 tam
1595 3120 1936 3188 praeclarum

238 3207 441 3279 gratiae
473 3207 575 3260 Dei
604 3223 835 3273 munus,
861 3209 940 3260 sic
960 3207 1115 3261 enim
1137 3208 1402 3261 eumdem
1425 3207 1636 3261 librum
1665 3208 1932 3274 vocitant,

240 3312 355 3350 non
382 3295 544 3366 prius
575 3295 913 3366 acceperint,
956 3295 1146 3349 dolere
1189 3311 1245 3349 se
1276 3300 1591 3363 testantur;
1633 3295 1934 3366 contigisse

237 3385 547 3456 siquidem,
581 3387 644 3438 ut
681 3383 965 3451 nonnulli,
997 3400 1244 3456 quorum
1281 3384 1503 3439 caecitas
1533 3385 1636 3438 hac
1665 3389 1782 3439 tam
1811 3401 1936 3456 per-

237 3474 452 3545 spicuae
499 3473 752 3529 veritatis
801 3473 1182 3528 illustrations
1227 3474 1528 3545 indigeret,
1574 3473 1634 3528 id
1662 3473 1935 3544 temporis

237 3564 499 3619 absentes
529 3567 750 3632 essent;
783 3580 925 3636 quos
953 3567 1148 3618 tamen
1175 3565 1328 3619 idem
1372 3565 1568 3636 gratiae
1599 3564 1834 3630 donum,
1867 3564 1934 3618 li-

238 3657 326 3708 cet
370 3655 570 3721 serius,
622 3657 918 3724 sperarent
965 3658 1311 3725 accepturos.
1357 3654 1574 3719 Quibus
1621 3653 1810 3707 verbis
1838 3669 1934 3707 eos

241 3743 537 3814 Pelagium
566 3742 930 3813 potissimum
961 3743 1325 3814 signiﬁcasse,
1361 3743 1676 3815 suspicatus
1707 3746 1792 3796 est
1816 3745 1931 3797 Au-

235 3831 500 3902 gustinus
530 3830 622 3900 (De
659 3829 832 3885 Gestis
857 3831 1084 3898 Pelagii,
1114 3847 1169 3885 u.
1195 3833 1303 3898 49).

304 3921 356 3972 6.
387 3919 414 3972 ,Ι
422 3933 511 3971 am
547 3916 784 3986 quidem
813 3918 1076 3972 absoluta
1105 3923 1226 3972 erat
1249 3919 1347 3972 illa
1377 3919 1445 3973 de
1477 3919 1688 3972 Natura
1713 3923 1770 3973 et
1795 3921 1930 3973 Gra-

233 4005 314 4062 tia
343 4004 673 4077 disputatio,
697 4020 896 4058 verum
924 4005 1016 4060 hic
1047 4021 1231 4060 annus
1260 4007 1500 4061 necdum
1520 4007 1932 4073 evolutus,cum

233 4094 588 4168 Augustinus
618 4094 1046 4166 responsionem
1077 4096 1145 4150 ad
1177 4095 1414 4166 quaesita
1438 4095 1630 4150 Evodii
1659 4097 1727 4150 de
1752 4095 1934 4150 Trini-

230 4188 345 4239 tate
384 4187 442 4238 et
479 4183 743 4238 columba
773 4182 998 4254 scripsit
1029 4183 1224 4255 (Epist.
1258 4184 1398 4254 169).
1434 4184 1667 4239 Sanctus
1683 4184 1778 4238 ille
1802 4186 1933 4238 Uza-

235 4273 409 4329 lensis
438 4272 693 4339 antistes,
710 4288 954 4344 quocum
985 4273 1033 4326 is
1058 4277 1210 4327 arcta
1241 4273 1486 4344 quadam
1517 4273 1931 4328 necessitudine

229 4363 352 4433 jam
382 4363 514 4418 inde
544 4379 578 4416 a
611 4361 898 4434 Baptismo
944 4361 1278 4432 conjunctus
1303 4366 1440 4429 erat,
1474 4362 1656 4416 varias
1685 4362 1735 4416 ei
1775 4379 1931 4433 quie-

238 4451 453 4506 stiones
486 4452 555 4506 de
580 4452 749 4506 rebus
771 4451 1020 4506 maxime
1050 4451 1259 4518 arduis,
1286 4452 1930 4523 quemadmodum,quae

231 4545 464 4603 restant,
499 4541 795 4613 utriusque
819 4541 1072 4614 epistola:
1092 4542 1330 4611 planum
1356 4541 1587 4607 faciunt,
1609 4556 1932 4612 preponere

239 4632 626 4683 consueverat.
662 4629 801 4683 Huic
830 4634 1055 4684 sanctus
1086 4631 1294 4683 Doctor
1322 4629 1444 4698 ejus
1465 4630 1742 4684 momenti
1762 4630 1932 4684 rebus

239 4715 556 4788 studiisque
585 4720 721 4771 tunc
748 4719 1013 4789 occupari
1042 4735 1099 4772 se
1134 4718 1420 4785 innuerat,
1462 4734 1496 4772 a
1520 4719 1728 4790 quibus
1753 4721 1933 4775 nollet

239 4805 478 4860 avocari.
515 4803 896 4860 Nihilominus
925 4811 1120 4862 tamen
1147 4807 1200 4862 ei
1223 4807 1373 4862 circa
1399 4805 1719 4879 praecipuas
1749 4809 1934 4882 inqui-

239 4894 473 4950 sitiones
522 4893 811 4962 satisfecit,
850 4896 1062 4966 partim
1093 4913 1240 4952 anno
1281 4897 1568 4968 praesenti,
1611 4898 1820 4968 partim
1851 4915 1934 4953 su-

240 4981 497 5057 periore;
529 4981 716 5036 missis
738 4983 971 5038 interim
995 4985 1142 5053 aliis,
1165 5003 1234 5040 ex
1263 5002 1507 5057 quarum
1533 4987 1934 5057 explanatione

236 5075 432 5131 minus
463 5072 706 5128 existere
727 5078 919 5144 posset
941 5075 1344 5130 emolumenti:
1367 5075 1582 5147 quippe
1601 5077 1763 5147 cujus
1784 5081 1936 5130 certa

237 5168 385 5219 esset
418 5161 724 5229 sententia,
756 5177 872 5216 non
919 5162 1040 5233 pati
1069 5181 1126 5217 se
1153 5181 1185 5218 a
1221 5164 1507 5220 laboribus
1537 5165 1719 5236 magis
1751 5180 1937 5219 neces-

239 5254 423 5320 sariis,
459 5253 677 5325 quique
709 5251 970 5325 pluribus
995 5253 1396 5321 conducerent,
1430 5253 1655 5324 abduci,
1692 5259 1759 5309 ut
1784 5253 1936 5309 difﬁ-

240 5343 505 5414 cultates,
537 5360 665 5416 quae
688 5342 837 5398 solos
867 5341 1118 5396 eruditos
1137 5348 1458 5414 spectarent
1480 5343 1936 5399 enuclearet.Ubi

251 5434 439 5485 autem
471 5433 848 5503 quaestionem
877 5432 947 5487 de
973 5429 1106 5485 visis
1133 5433 1473 5505 prodigiosis
1507 5433 1845 5505 quibusdam
1866 5433 1936 5486 ab

247 5519 457 5573 Evodio
484 5521 720 5590 prolatis
747 5525 1070 5593 pertractat,
1099 5537 1303 5592 cupere
1334 5539 1392 5578 se
1415 5525 1736 5593 proﬁtetur,
1761 5521 1935 5577 ratio-

1462 248 1632 304 VITA
1673 246 1726 301 S.
1771 243 2159 302 AUGUSTINI
2211 243 2548 300 EPISCOPI.

3657 243 3768 296 480

2048 381 2182 421 nem
2213 367 2468 438 aliquam
2507 367 2574 421 ad
2605 381 2843 420 manum
2864 365 3096 434 habere,
3136 381 3249 438 qua
3271 366 3502 436 piorum
3533 381 3597 419 ac
3629 382 3766 419 san-

2047 458 2269 510 ctorum
2299 455 2438 519 visa,
2469 456 2540 510 ab
2569 453 3078 524 imaginationibus
3097 454 3267 525 plane
3298 469 3501 509 eorum
3533 453 3766 508 similli-

2047 545 2176 611 mis,
2218 561 2360 616 quas
2386 561 2644 615 persazpe
2674 545 2761 598 vel
2793 559 2954 597 error
2986 544 3074 596 vel
3105 542 3372 614 impietas
3397 543 3458 597 in
3494 544 3762 598 fraudem

2047 633 2286 702 inducit,
2317 633 2652 704 dignoscere
2681 634 2923 686 valeret:
2959 631 3230 703 additque
3254 631 3417 686 citius
3445 632 3585 696 fore,
3611 636 3681 686 ut
3699 648 3766 686 se

2047 721 2115 775 de
2151 720 2444 774 fallacibus
2493 720 2804 774 visionibus
2855 724 3184 774 narrantem
3238 722 3462 789 tempus
3506 719 3758 775 deﬁciat.

2047 826 2219 880 quam
2250 809 2533 879 ejusmodi
2551 809 2887 863 illusionum
2917 809 3178 878 exempla
3209 811 3410 878 (Epist.
3441 812 3560 874 159,
3587 825 3643 862 n.
3680 809 3759 877 5).

2050 899 2114 952 Et
2143 898 2278 953 hinc
2304 898 2592 969 intelligas
2619 898 2791 952 fuisse
2823 898 2878 952 id
2907 898 3181 968 temporis
3210 903 3267 952 et
3307 914 3471 952 veras
3502 903 3558 951 et
3585 898 3762 952 falsas

2047 986 2314 1051 visiones,
2358 991 2531 1058 atque
2586 987 2973 1058 Augustinum
3022 986 3368 1051 cautionem,
3420 1001 3491 1039 ne
3539 989 3760 1039 temere

2047 1091 2244 1129 omnes
2272 1076 2359 1128 vel
2416 1081 2733 1145 respueret,
2769 1077 2852 1130 vel
2896 1075 3247 1141 admitteret,
3280 1090 3570 1128 summam
3601 1074 3760 1128 adhi-

2047 1163 2235 1218 buisse
2269 1166 2492 1234 (Supra,
2529 1165 2623 1219 lib.
2654 1168 2705 1230 ὅ,
2739 1180 2862 1234 cap.
2890 1168 2943 1231 8,
2974 1179 3030 1217 π.
3065 1163 3144 1232 3).

2117 1257 2172 1307 7.
2202 1252 2373 1307 Nobis
2407 1269 2526 1306 non
2554 1253 2717 1306 licuit
2742 1257 2871 1306 ante
2901 1253 3010 1307 hoc
3037 1256 3264 1323 tempus
3291 1251 3502 1305 librum
3532 1252 3602 1306 de
3628 1253 3760 1306 Per-

2045 1341 2291 1395 fectione
2335 1341 2571 1410 justitia:
2593 1339 2846 1394 hominis
2869 1341 3169 1402 collocare,
3205 1355 3377 1410 quem
3407 1339 3468 1393 in
3499 1340 3759 1394 Indiculo

2047 1429 2202 1498 (Cap.
2248 1429 2298 1498 4)
2351 1445 2469 1482 non
2515 1433 2732 1484 temere
2775 1433 2906 1499 post
2944 1445 3090 1498 opus
3123 1428 3193 1482 de
3240 1429 3454 1482 Natura
3481 1432 3538 1481 et
3567 1427 3763 1481 Gratia

2045 1516 2214 1587 ponit
2261 1515 2583 1571 Possidius:
2626 1515 3095 1588 quandoquidem
3142 1515 3493 1586 Augustinus
3531 1515 3592 1569 in
3635 1531 3759 1568 me-

2047 1610 2269 1659 morata
2328 1605 2396 1659 ad
2437 1605 2711 1660 Evodium
2751 1605 2988 1676 epistola
3031 1607 3228 1674 (Epist.
3285 1604 3404 1674 169)
3445 1604 3599 1658 illius
3639 1621 3761 1658 non

2048 1695 2330 1748 meminit.
2353 1696 2567 1749 Verum
2581 1698 2774 1748 tamen
2796 1694 3119 1764 proximum
3140 1697 3269 1764 post
3281 1694 3438 1747 illam
3457 1693 3758 1765 epistolam

2048 1785 2236 1838 locum
2270 1785 2459 1838 eidem
2480 1785 2757 1851 tribuere,
2784 1783 2993 1838 rationi
3026 1783 3161 1837 satis
3190 1799 3506 1854 congruum
3536 1784 3622 1836 vel
3651 1784 3764 1836 hoc

2045 1889 2165 1928 uno
2190 1873 2472 1936 videatur,
2521 1874 2674 1944 quod
2707 1873 2882 1928 Paulo
2920 1877 2976 1927 et
3002 1873 3273 1943 Eutropio
3302 1871 3582 1943 episcopis
3627 1873 3762 1926 scri-

2046 1967 2180 2032 ptus
2211 1961 2300 2028 sit,
2342 1962 2456 2016 illis
2485 1962 2768 2031 videlicet,
2800 1962 2898 2033 qui
2919 1961 3238 2032 Augustino
3269 1962 3532 2016 libellum
3561 1960 3762 2014 adver-

2049 2068 2144 2105 sus
2183 2050 2402 2122 aliquas
2430 2052 2674 2106 haereses
2704 2053 2874 2122 paulo
2895 2056 3028 2105 ante
3050 2051 3397 2112 obtulerant,
3416 2065 3589 2122 quam
3623 2049 3762 2104 Oro-

2047 2140 2162 2194 sius
2190 2140 2252 2194 iu
2302 2140 2550 2195 Africam
2597 2141 2869 2211 appulsus
2910 2140 3194 2195 deiisdem
3231 2139 3297 2193 ad
3333 2139 3522 2209 ipsum
3556 2138 3764 2192 scribe-

2046 2233 2152 2283 ret.
2187 2232 2329 2283 Tum
2358 2230 2505 2284 forte
2555 2229 2617 2283 in
2648 2229 3049 2300 episcoporum
3088 2229 3320 2284 illorum
3353 2244 3559 2282 manus
3601 2228 3763 2282 venit

2047 2319 2324 2382 chartula,
2359 2334 2389 2370 e
2420 2317 2612 2372 Sicilia
2641 2334 2744 2389 per
2773 2319 2974 2372 fratres
3001 2334 3100 2372 seu
3131 2319 3408 2389 quosdam
3436 2317 3759 2372 Catholicos

2050 2406 2238 2469 allata,
2261 2422 2505 2477 quaeque
2533 2406 2591 2460 in
2613 2407 2800 2462 fronte
2822 2407 2900 2462 sic
2917 2393 3347 2478 prmnotabatur
3368 2424 3380 2461 :
3405 2408 3761 2476 Deﬁnitiones

2047 2498 2108 2547 ut
2132 2495 2336 2548 dicitur
2367 2497 2619 2551 Caelestii.
2640 2498 2793 2550 Hauc
2813 2497 2896 2551 illi
2913 2497 3104 2551 statim
3127 2496 3409 2551 dederunt
3435 2496 3760 2551 clarissimo

2047 2582 2180 2636 ﬁdei
2211 2583 2478 2637 assertori
2519 2601 2582 2638 ac
2603 2584 2836 2651 vindici,
2866 2589 3036 2656 atque
3057 2590 3123 2640 ut
3168 2586 3221 2640 ei
3245 2586 3642 2656 responderet,
3665 2603 3760 2657 pe-

2046 2671 2284 2726 tierunt.
2334 2673 2384 2725 Is
2432 2671 2867 2743 inscriptionem
2919 2674 3154 2745 quidem
3193 2674 3440 2730 leestii
3486 2691 3608 2729 non
3638 2689 3759 2731 esse

2041 2758 2343 2831 judicavit,
2382 2760 2479 2814 sed
2499 2761 2696 2815 breves
2729 2761 2868 2815 istas
2896 2762 3257 2816 deﬁnitiones
3282 2763 3370 2816 vel
3415 2763 3617 2832 potius
3660 2779 3756 2816 ra-

2045 2847 2442 2902 tiocinationes
2473 2866 2593 2903 non
2623 2851 2929 2904 abhorrere
2972 2850 3044 2905 ab
3078 2850 3232 2904 illius
3261 2851 3492 2922 ingenio
3523 2851 3755 2916 detexit,

2048 2936 2302 3007 inspecto
2336 2938 2445 2992 alio
2467 2939 2592 3008 ejus
2624 2955 2817 3010 opere,
2836 2941 2998 3010 cujus
3021 2943 3311 2993 auctorem
3333 2957 3465 2994 eum
3482 2957 3607 2994 esse
3628 2957 3758 2994 con~

2045 3026 2246 3080 stabat.
2279 3027 2559 3097 Adjuncta
2600 3027 3009 3083 deﬁnitionbus
3048 3033 3210 3082 erant
3249 3029 3560 3099 Scriptura:
3600 3029 3757 3084 testi-

2045 3114 2260 3180 monia,
2291 3130 2473 3186 eoque
2511 3121 2696 3170 totum
2739 3117 2797 3171 id
2841 3118 3150 3187 spectabat,
3191 3122 3258 3171 ut
3300 3119 3572 3172 humanas
3607 3119 3760 3172 vires

2045 3207 2454 3270 astruerentur,
2501 3204 2948 3276 suadereturque
2978 3222 3142 3276 posse
3176 3207 3474 3262 hominem
3500 3205 3598 3261 hic
3632 3206 3755 3261 sine

2042 3296 2276 3362 peccato
2318 3308 2438 3347 esse
2462 3293 2551 3364 (De
2573 3297 2799 3362 Per/eet.
2827 3296 3078 3364 justitia,
3109 3312 3165 3350 η.
3204 3295 3274 3366 1).
3310 3296 3644 3350 Chartulam
3686 3311 3756 3349 eo

2043 3385 2207 3452 pacto
2239 3382 2447 3436 refellit
2495 3383 2870 3454 Augustinus,
2899 3388 2966 3438 ut
2994 3385 3254 3439 nondum
3283 3384 3412 3439 illos
3442 3385 3754 3456 reprehen-

2044 3470 2178 3524 dere
2214 3471 2436 3537 audeat,
2487 3471 2586 3542 qui
2625 3471 2898 3536 dicerent,
2930 3473 3102 3527 fuisse
3144 3475 3233 3528 vel
3263 3490 3382 3528 esse
3413 3475 3472 3529 in
3504 3475 3612 3528 hac
3640 3475 3758 3527 vita

2045 3559 2264 3629 aliquos
2287 3559 2549 3614 homines
2575 3561 2758 3630 justos
2788 3562 2910 3615 sine
2935 3567 3167 3632 peccato
3188 3563 3371 3633 (Ibid.,
3389 3579 3445 3620 η,
3469 3564 3592 3633 411-):
3620 3580 3758 3633 quo-

2043 3663 2173 3702 rum
2203 3648 2581 3703 nihilominus
2605 3650 2959 3721 opinionem,
2976 3651 3320 3706 auctoritate
3346 3652 3757 3722 Carthaginen-

2044 3735 2120 3790 sis
2142 3737 2373 3791 concilii
2403 3753 2553 3790 anno
2585 3738 3152 3809 quadringentesimo
3193 3740 3412 3794 decimo
3443 3744 3641 3794 octavo
3662 3741 3759 3795 da-

2041 3829 2317 3893 mnatam,
2331 3829 2531 3896 postea
2543 3830 2771 3880 sanctus
2788 3829 2994 3882 Doctor
3013 3828 3478 3899 utperniciosum
3496 3846 3755 3884 errorem

2043 3914 2245 3984 carpit,
2303 3919 2359 3968 et
2412 3931 2610 3969 cavere
2649 3915 2815 3986 jubet
2860 3915 3086 3986 (Contra
3129 3921 3276 3972 Duas
3319 3920 3497 3987 Epist.
3545 3919 3754 3985 Pelag.,

2044 4005 2140 4059 lib.
2170 4005 2225 4070 4,
2254 4021 2306 4058 η.
2341 4005 2454 4074 28).
2481 4003 2717 4058 Interim
2747 4019 2880 4058 vero
2919 4004 2979 4058 in
3010 4005 3118 4060 isto
3153 4005 3297 4060 libro
3326 4007 3435 4060 hoc
3475 4006 3643 4061 docet
3672 4012 3756 4060 at-

2041 4109 2152 4164 que
2190 4093 2300 4156 huc
2343 4092 2621 4147 incumbit
2659 4097 2722 4147 ut
2764 4097 2964 4148 nostra
3008 4094 3193 4148 omnis
3223 4096 3286 4149 in
3313 4095 3459 4165 ipsa,
3495 4112 3610 4166 qua
3652 4112 3758 4166 per

2045 4181 2218 4235 ﬁdem
2249 4180 2634 4247 ambulamus,
2668 4181 3133 4252 peregrinatione
3148 4182 3373 4252 justitia
3399 4183 3760 4255 intelligatur

2041 4270 2164 4324 haec
2191 4285 2333 4334 esse,
2389 4273 2453 4324 ut
2482 4270 2551 4324 ad
2582 4269 2740 4324 illam
2770 4270 3179 4341 perfectionem
3217 4271 3758 4343 plenitudinemque

2037 4357 2300 4426 justitiaa,
2332 4356 2434 4412 ubi
2463 4357 2523 4412 in
2563 4357 2747 4428 specie
2781 4358 2903 4428 jam
2942 4359 3115 4428 plena
3140 4363 3197 4413 et
3218 4359 3472 4429 perfecta
3512 4359 3760 4427 charitas

2043 4446 2171 4513 erit,
2192 4462 2347 4500 nunc
2367 4445 2549 4516 ipsius
2569 4463 2767 4500 cursus
2808 4447 3149 4502 rectitudine
3195 4451 3252 4502 et
3266 4447 3617 4518 perfectione
3636 4453 3758 4503 ten-

2041 4533 2242 4587 damus
2274 4534 2366 4604 (De
2397 4535 2624 4600 Perfect.
2651 4536 2905 4604 justitia,
2928 4551 2984 4589 η.
3019 4537 3125 4605 18).

2715 4624 2938 4679 CAPUT
2977 4625 3063 4678 IX.

2051 4713 2066 4764 1
2111 4711 2326 4778 Pelagii
2370 4709 2590 4765 haeresis
2637 4713 2697 4766 in
2747 4713 3039 4766 Palestina
3070 4713 3426 4781 impugnatur
3469 4713 3540 4766 ab
3570 4715 3756 4768 Hiero-

2114 4815 2297 4868 nymo,
2329 4799 2620 4870 eademque
2664 4801 2724 4855 in
2751 4802 3201 4871 Jerosolymitano
3230 4806 3490 4856 conventu
3523 4801 3759 4857 discuti-

2122 4892 2230 4943 tur.
2263 4890 2297 4942 2
2327 4890 2580 4957 Pelagius
2605 4890 2673 4943 ab
2704 4892 2894 4944 Herote
2922 4895 2971 4944 et
2998 4892 3210 4944 Lazaro
3235 4895 3520 4945 accusatus
3543 4891 3760 4961 perdu-

2120 4979 2266 5032 citur
2317 4977 2392 5032 ad
2433 4980 2733 5047 episcopale
2754 4979 3030 5048 judicium
3077 4978 3326 5032 habitum
3364 4981 3630 5048 Diospoli,
3663 4979 3763 5033 ubi

2116 5069 2334 5121 haeresis
2393 5068 2604 5134 Pelagii
2616 5065 2744 5138 (ipso
2795 5069 3036 5123 absoluto
3085 5069 3301 5135 Pelagio
3344 5067 3756 5123 condemnatur.

2122 5158 2152 5210 3
2198 5157 2619 5223 Pelagianorum
2647 5159 2705 5211 in
2753 5159 3140 5225 Hieronymum
3168 5161 3218 5211 et
3255 5158 3527 5224 virginem
3555 5159 3764 5212 Eusto-

2122 5245 2306 5299 chiam
2350 5249 2472 5314 post
2510 5245 2660 5300 illius
2710 5246 2905 5314 synodi
2953 5245 3222 5315 judicium
3278 5247 3539 5300 uiolenter
3582 5248 3762 5312 facta.

2117 5333 2151 5386 4
2196 5335 2324 5387 Post
2353 5332 2594 5387 eamdem
2622 5335 3050 5403 Diospolitanam
3090 5335 3358 5403 synodum
3401 5336 3592 5389 varias
3619 5337 3762 5389 scri-

2117 5422 2334 5490 ptiones
2361 5423 2553 5488 vulgat
2576 5424 2844 5490 Pelagius.

2126 5525 2171 5575 1.
2206 5522 2438 5577 Orosius
2484 5521 2544 5576 in
2594 5524 2951 5579 Palaestinam
2999 5524 3252 5590 veniens,
3293 5524 3364 5578 ab
3405 5523 3759 5595 Hieronymo
