4028 6174
260 312 349 363 ἓ81
1698 310 1909 365 LIBER
1960 310 2329 367 SEPTIMUS.

246 451 354 503 pro
382 448 485 487 suo
517 431 747 498 merito,
782 435 838 486 et
866 448 968 502 pro
1003 448 1089 501 ea,
1118 447 1291 503 quam
1323 432 1393 486 ab
1428 432 1745 503 Augustino
1777 433 1953 488 habe-

248 522 365 585 bat,
427 521 923 576 commendatione
981 525 1247 591 exceptus
1299 525 1384 575 est
1430 521 1619 593 (Apud
1680 524 1953 589 August.,

250 614 431 680 Epist.
492 614 613 675 172,
654 628 711 664 η.
764 611 837 680 1).
889 611 1029 663 Illuc
1068 610 1331 680 Pelagius
1363 614 1493 665 ante
1530 611 1671 665 duos
1708 613 1797 664 vel
1842 617 1956 665 tres

244 700 389 753 forte
441 716 622 753 annos
650 700 974 765 advenerat,
1018 715 1081 752 ac
1112 698 1299 769 primo
1340 698 1819 753 necessitudinem
1847 698 1954 753 ali-

242 803 419 857 quam
448 804 579 840 cum
612 787 978 857 Hieronymo,
1000 803 1128 839 cum
1152 786 1203 839 ei
1234 790 1401 840 notus
1429 786 1612 841 adhuc
1640 803 1756 840 non
1786 791 1953 853 esset,

236 876 637 945 conjunxerat.
674 875 735 928 ld
772 890 907 927 sane
939 874 1029 928 his
1066 875 1273 941 verbis,
1306 891 1371 929 ne
1398 880 1623 929 veterem
1653 875 1843 928 laedere
1870 877 1952 929 vi-

231 962 474 1017 deamur
522 964 963 1017 necessitudinem
1006 965 1090 1030 (In
1125 965 1315 1017 Jerem.
1349 962 1444 1017 lib.
1468 965 1524 1033 4,
1553 964 1843 1033 pra/at);
1880 963 1954 1016 si-

236 1052 485 1121 gniﬁcat
514 1056 737 1106 sanctus
769 1053 1101 1122 Presbyter:
1136 1052 1235 1123 qui
1265 1057 1637 1123 posteaquam
1670 1052 1957 1122 pernicio-

234 1140 556 1211 sissimam,
600 1145 660 1195 ut
686 1146 864 1209 vocat,
899 1141 1163 1195 haeresim
1194 1142 1340 1196 clam
1367 1142 1435 1196 ab
1472 1142 1569 1195 illo
1598 1141 1956 1197 disseminari

236 1245 303 1283 ac
337 1230 555 1284 sensim
575 1230 859 1300 pullulare
885 1230 1185 1297 intellexit,
1210 1246 1444 1300 operam
1475 1231 1610 1285 dare
1641 1230 1954 1296 constituit,

236 1324 303 1371 ut
324 1334 399 1371 ea
417 1319 486 1373 de
506 1319 762 1374 Ecclesiis
780 1320 1097 1374 auferretur
1120 1320 1326 1391 (Apud.
1350 1322 1586 1389 August.
1599 1361 1613 1389 ,
1631 1323 1809 1389 Epist.
1834 1324 1953 1387 172,

232 1424 291 1461 τι.
324 1408 405 1477 1.)
424 1408 666 1477 Scriptio
694 1408 874 1479 ipsius
902 1410 964 1462 in
989 1409 1149 1463 illam
1170 1410 1435 1464 haeresim
1461 1410 1650 1480 prima
1677 1410 1805 1476 fuit,
1829 1425 1957 1480 quas

232 1500 322 1550 est
372 1498 449 1551 ad
490 1498 921 1567 Ctesiphontem
957 1498 1219 1569 epistola,
1249 1498 1310 1552 in
1362 1515 1475 1569 qua
1509 1498 1955 1569 disputationem

233 1585 344 1639 hac
380 1586 452 1640 de
492 1603 552 1640 re
577 1587 953 1657 promittebat
979 1587 1327 1643 uberiorem.
1364 1587 1496 1641 Tria
1521 1587 1728 1642 deinde
1757 1593 1956 1641 contra

236 1676 584 1745 Pelagianos
646 1677 939 1730 volumina
980 1677 1163 1731 forma
1204 1676 1561 1748 dialogorum
1611 1678 1951 1748 composuit,

232 1764 455 1834 quibus
486 1781 723 1820 manum
762 1767 883 1835 jam
913 1766 1045 1819 inde
1076 1766 1146 1820 ab
1190 1771 1440 1820 extremo
1472 1766 1619 1835 julio
1658 1767 1953 1836 praesentis

234 1854 383 1907 anni
417 1854 765 1909 admoverat.
801 1855 1034 1922 Eodem,
1074 1872 1187 1925 quo
1219 1854 1619 1926 Hieronymus,
1661 1855 1953 1926 Pelagiani

234 1943 460 1997 erroris
489 1944 727 1998 horrore
774 1945 1020 2015 perculsi
1059 1945 1521 2016 Jerosolymitani
1556 1961 1785 2016 quoque
1822 1961 1954 2015 pre-

235 2031 483 2101 sbyteri,
510 2038 707 2086 contra
730 2034 948 2087 hostem
963 2033 1215 2105 antiquae
1236 2034 1369 2087 ﬁdei
1390 2033 1643 2087 veniunt.
1666 2035 1805 2088 Cum
1818 2033 1951 2101 illis,

234 2135 303 2173 ac
332 2120 570 2175 illorum
600 2123 745 2175 forte
775 2121 1030 2188 inductu,
1064 2126 1409 2176 conventum
1435 2121 1802 2191 Jerosolymis
1844 2122 1954 2175 hoc

234 2210 371 2278 ipso
396 2226 546 2264 anno
568 2211 1129 2283 quadringentesimo
1152 2211 1371 2265 decimo
1394 2212 1613 2281 quinto,
1638 2211 1729 2265 die
1751 2216 1952 2282 quarto

235 2298 329 2351 vel
362 2299 532 2352 tertio
566 2300 835 2353 kalendas
883 2299 1133 2369 augusti,
1165 2301 1333 2353 habet
1361 2301 1605 2354 Joannes
1631 2300 1949 2370 episcopus.

235 2387 316 2440 Eo
353 2392 585 2441 vocatus
615 2387 847 2442 Orosius
885 2389 1210 2443 Coelestium
1230 2390 1352 2460 jam
1386 2406 1418 2443 a
1443 2389 1682 2443 concilio
1710 2390 1949 2444 Cartha—

236 2475 477 2545 ginensi
504 2476 837 2531 damnatum
888 2477 1059 2531 fuisse
1094 2478 1376 2532 declarat:
1419 2478 1634 2548 Pelagii
1659 2482 1849 2531 autem
1877 2478 1951 2531 li-

236 2564 415 2617 brum
458 2565 527 2618 ab
566 2564 747 2635 ipsius
778 2565 1069 2635 discipulis
1100 2565 1393 2636 proditum
1426 2566 1608 2620 refelli
1636 2566 1705 2620 ab
1757 2570 1950 2636 Augu-

237 2653 397 2706 stino
423 2667 436 2707 :
462 2654 625 2723 cujus
646 2654 825 2708 sancti
849 2654 1101 2708 Doctoris
1120 2654 1180 2708 in
1202 2655 1532 2725 Pelagianas
1562 2654 1778 2725 aliquot
1801 2671 1953 2725 qua:-

238 2740 462 2794 stiones
485 2742 809 2811 epistolam,
833 2743 1068 2796 missam
1090 2760 1275 2814 nuper
1299 2744 1368 2797 ad
1385 2744 1655 2805 Siciliam,
1675 2744 1735 2797 in
1747 2743 1951 2796 eodem

238 2833 530 2883 conventu
560 2830 716 2900 legit.
751 2831 1115 2885 Introductus
1154 2838 1353 2903 postea
1382 2832 1665 2901 Pelagius,
1708 2832 1950 2885 interro-

238 2925 414 2988 gatur
446 2920 514 2973 ab
548 2920 836 2983 omnibus,
860 2937 933 2974 an
963 2938 1029 2974 ea
1055 2937 1183 2992 qua:
1215 2922 1286 2975 ab
1311 2920 1632 2991 Augustino
1659 2924 1845 2973 essent
1868 2936 1952 2973 re-

240 3008 449 3073 futata,
505 3008 812 3063 docuisset.
870 3009 1084 3073 Quibus
1138 3009 1233 3063 ille
1276 3025 1405 3063 cum
1438 3008 1849 3079 respondisset:
1881 3010 1952 3061 Et

240 3099 368 3164 quis
396 3101 473 3150 est
503 3098 642 3151 mihi
683 3099 1072 3163 Augustinus?
1100 3099 1205 3152 hac
1239 3097 1609 3168 responsione
1642 3096 1703 3149 in
1736 3096 1949 3167 episco-

238 3202 406 3256 pum,
437 3186 599 3255 cujus
631 3202 727 3240 ore
758 3187 1034 3241 Dominus
1065 3187 1344 3241 universa:
1374 3185 1576 3241 Africae
1606 3185 1840 3239 unitatis
1872 3202 1953 3238 sa-

241 3274 485 3328 nitatem
526 3275 799 3329 exstincto
831 3276 1256 3331 Donatistarum
1286 3276 1585 3329 schismate
1612 3275 1949 3341 indulserat,

243 3363 523 3434 injuriosa
553 3365 755 3418 offensi
797 3370 929 3420 sunt
959 3370 1240 3437 quotquot
1284 3366 1539 3431 aderant,
1574 3374 1628 3417 et
1657 3363 1950 3433 Pelagium

242 3468 365 3506 non
394 3468 425 3505 e
455 3458 737 3507 conventu
785 3455 990 3523 solum,
1041 3456 1139 3509 sed
1167 3455 1340 3509 etiam
1388 3470 1457 3508 ex
1492 3453 1733 3507 Ecclesia
1766 3452 1953 3522 expel-

244 3540 483 3594 lendum
531 3543 979 3598 conclamarunt.
1010 3545 1154 3597 Tum
1183 3561 1316 3598 vero
1363 3546 1628 3612 Joannes,
1659 3558 1773 3613 quo
1810 3542 1951 3596 libe-

243 3628 365 3683 rius
415 3630 690 3698 injuriam
728 3632 1050 3703 Augustino
1092 3632 1309 3686 illatam
1340 3633 1571 3702 Pelagio
1604 3631 1950 3701 ignosceret,

245 3719 510 3772 eamdem
542 3720 603 3773 in
632 3737 689 3773 se
727 3721 979 3791 recipere
1011 3722 1299 3791 professus
1348 3727 1450 3775 est.
1483 3722 1825 3787 Augustinus
1860 3735 1953 3786 ego

244 3822 383 3875 sum,
412 3808 617 3879 inquit.
648 3810 751 3863 Cui
781 3810 852 3863 ab
885 3810 1106 3877 Orosio,
1141 3810 1258 3864 sive
1278 3811 1453 3864 etiam
1485 3810 1554 3863 ab
1584 3809 1731 3875 aliis,
1765 3809 1953 3863 statim

242 3897 563 3966 repositum
591 3898 682 3953 :Si
703 3900 1004 3966 Augustini
1026 3915 1315 3968 personam
1344 3900 1535 3967 sumis,
1556 3898 1859 3965 Augustini
1876 3911 1951 3950 se-

245 3988 755 4054 queresententiam.
781 3988 970 4057 Pergit
988 3989 1221 4043 Orosius
1233 4004 1439 4059 urgere
1457 3986 1771 4057 Pelagium.
1792 3987 1956 4040 Joan-

244 4089 344 4126 nes
376 4079 569 4128 autem
599 4080 729 4145 post
768 4076 1006 4130 multam
1036 4077 1528 4147 disceptationem,
1556 4075 1617 4127 in
1644 4091 1758 4145 qua
1796 4073 1955 4127 Pela-

245 4162 336 4232 gio
370 4163 485 4232 ipsi
508 4162 694 4217 studio
725 4169 781 4217 et
797 4180 968 4234 opera
1001 4166 1194 4219 adesse
1223 4164 1464 4231 videtur,
1498 4162 1956 4233 obstrepentibus

244 4250 510 4320 plurimis
540 4268 603 4306 ac
629 4252 967 4320 dicentibus,
988 4271 1103 4307 non
1129 4270 1292 4324 posse
1318 4252 1585 4307 eumdem
1617 4251 1955 4305 advocatum

244 4346 297 4395 et
318 4342 575 4412 judicem
594 4360 735 4411 esse,
760 4344 1098 4413 pronuntiat
1124 4345 1325 4397 fratres
1356 4342 1662 4396 mittendos
1680 4358 1810 4395 cum
1832 4342 1955 4411 epi-

244 4432 402 4485 stolis
433 4432 503 4485 ad
535 4433 935 4487 Innocentium
968 4450 1199 4503 papam,
1229 4430 1510 4486 universis
1538 4431 1689 4501 quod
1722 4430 1817 4484 ille
1858 4430 1953 4483 de-

244 4524 504 4575 cerneret
528 4521 836 4575 secuturis:
872 4539 935 4576 ac
966 4523 1044 4576 sic
1073 4522 1303 4593 utrique
1340 4520 1493 4592 parti
1524 4519 1753 4573 interim
1783 4520 1954 4572 silen-

244 4610 390 4664 tium
420 4610 738 4681 imperatur
756 4614 1021 4681 (Orosius,
1052 4615 1110 4665 in
1130 4612 1443 4682 Apologia).
1478 4612 1541 4663 In
1572 4626 1639 4663 eo
1671 4614 1957 4662 conventu

244 4703 497 4752 mentem
538 4700 753 4770 Pelagii
805 4702 1055 4755 Joannes
1094 4701 1209 4753 sive
1241 4716 1429 4754 errore
1466 4698 1579 4753 sive
1617 4698 1841 4752 fallacia
1868 4698 1951 4750 in-

243 4786 510 4855 terpretis
538 4786 683 4840 adeo
716 4802 831 4841 non
871 4792 957 4841 est
990 4792 1297 4853 assecutus,
1338 4791 1399 4841 ut
1428 4786 1649 4857 aliquot
1676 4788 1809 4855 post
1838 4784 1954 4838 die-

242 4873 348 4928 bus
391 4876 582 4945 ipsum
609 4876 873 4931 Orosium
913 4876 1284 4947 blasphemiae
1324 4876 1614 4947 arguerit:
1648 4891 1821 4945 quam
1862 4874 1955 4927 ille

242 4964 703 5019 criminationem
726 4966 957 5035 vulgata
983 4982 1116 5020 mox
1138 4964 1402 5037 apologia
1433 4965 1500 5019 ab
1533 4980 1590 5018 se
1622 4963 1955 5034 propulsare

242 5053 574 5123 compulsus
608 5058 712 5108 est.

309 5143 361 5193 2.
396 5141 686 5195 Mensibus
749 5142 818 5195 ab
882 5143 1358 5213 Jerosolymitano
1408 5146 1713 5207 conventu,
1785 5155 1957 5210 quem

242 5229 693 5300 presbyteralem
726 5246 924 5285 vocare
955 5232 1106 5299 licet,
1140 5231 1397 5303 quinque
1430 5231 1693 5285 nondum
1724 5227 1953 5294 exactis,

242 5322 471 5371 vocatur
500 5318 763 5389 Pelagius
794 5320 865 5373 ad
892 5320 1047 5374 aliud
1078 5320 1139 5373 in
1180 5320 1482 5374 Palaestina
1512 5318 1836 5389 episcopale
1857 5317 1954 5386 ju-

244 5406 456 5461 dicium
516 5410 611 5474 (De
646 5410 786 5463 Gest.
842 5411 1068 5478 Pelagii,
1129 5428 1195 5466 η.
1259 5411 1368 5480 53).
1415 5410 1547 5480 Ejus
1601 5411 1958 5463 accusatores

243 5494 400 5549 fuere
422 5496 568 5550 Galli
587 5497 720 5563 duo,
745 5499 922 5552 Heros
942 5499 1364 5553 Arelatensium
1387 5502 1443 5553 et
1466 5500 1705 5552 Lazarus
1727 5498 1957 5566 Aquen-

244 5582 393 5639 sium
424 5585 701 5655 episcopi,
736 5587 835 5656 qui
866 5589 1232 5657 perversitate
1263 5587 1715 5658 disputationum
1739 5584 1860 5654 ejus
1876 5583 1959 5636 of-

3666 322 3770 375 482

2064 433 2230 501 fensi,
2261 433 2523 489 libellum
2579 434 2814 506 Eulogio
2860 436 3204 497 Cesareensi
3233 437 3498 510 episcopo
3548 440 3766 495 obtule-

2066 528 2222 589 runt,
2244 522 2553 589 erroribus,
2582 540 2726 595 quos
2756 541 2821 578 ex
2852 524 3069 596 Pelagii
3099 526 3457 597 Coelestiique
3489 527 3647 581 libris
3677 546 3768 583 ex-

2066 612 2423 682 scripserant,
2467 614 2759 679 refertum,
2810 630 2939 668 cum
2968 614 3231 684 capitulis
3273 616 3458 669 eidem
3504 617 3765 670 Coelestio

2067 700 2298 771 objectis
2328 701 2725 771 damnatisque
2763 702 2823 754 in
2854 704 3287 772 Carthagineusi
3314 703 3572 771 concilio,
3607 722 3767 758 cum-

2066 806 2177 860 que
2208 789 2298 857 iis,
2334 806 2462 860 qua:
2493 790 2559 843 ad
2591 791 2973 860 Augustinum
2998 808 3027 845 e
3053 792 3242 845 Sicilia
3271 792 3601 846 transmissa
3643 793 3766 846 fue-

2066 883 2215 933 rant.
2246 878 2562 933 Concilium
2582 879 2727 933 hanc
2745 880 2815 933 ob
2838 897 3066 934 causam
3092 882 3245 950 apud
3279 881 3609 951 Diospolim,
3636 898 3764 952 quas

2068 968 2201 1021 urbs
2234 967 2294 1021 in
2325 968 2627 1037 Scripturis
2664 970 2847 1039 Lydda
2877 970 3195 1040 appellatur
3222 972 3367 1039 (Act.
3429 986 3509 1038 1x,
3539 975 3626 1035 32,
3678 974 3763 1035 35,

2069 1058 2182 1125 38),
2229 1056 2486 1111 habitum
2521 1062 2604 1111 est
2650 1058 2756 1112 hoc
2794 1059 2993 1112 eodem
3026 1075 3175 1112 anno
3206 1057 3767 1129 quadringentesimo

2068 1144 2289 1198 decimo
2321 1146 2540 1215 quinto,
2565 1146 2787 1199 circiter
2811 1148 2961 1201 diem
2994 1147 3279 1201 decimum
3308 1148 3539 1201 tertium
3572 1148 3767 1200 kalen-

2066 1233 2166 1285 das
2210 1233 2524 1303 januarias,
2579 1233 2671 1287 cui
2728 1233 2979 1305 episcopi
3022 1251 3260 1289 numero
3311 1235 3763 1306 quatuordecim,

2068 1335 2212 1390 quos
2233 1320 2381 1374 inter
2400 1320 2724 1400 primoloco
2752 1323 2898 1377 sedit
2920 1324 3207 1394 Eulogius,
3236 1325 3559 1378 adfuerunt.
3588 1326 3765 1378 Heros

2066 1411 2259 1461 autem
2285 1412 2339 1461 et
2369 1409 2608 1462 Lazarus
2640 1415 2873 1480 propter
2902 1428 3130 1481 gravem
3162 1413 3332 1465 unius
3362 1428 3559 1467 eorum
3590 1413 3763 1483 aegri-

2067 1496 2344 1561 tudinem,
2379 1504 2689 1567 praesentes
2715 1516 2834 1553 esse
2874 1500 3113 1554 minime
3152 1505 3459 1571 potuerunt
3490 1504 3581 1571 (De
3610 1506 3756 1556 Gest.

2064 1586 2295 1655 Pelagii,
2321 1603 2375 1640 η.
2423 1588 2488 1655 1).
2537 1588 2791 1642 Recitata
2824 1605 3024 1643 eorum
3074 1590 3286 1659 libello,
3320 1589 3583 1659 Pelagius
3609 1588 3761 1657 capi-

2065 1675 2184 1727 tula
2222 1674 2328 1728 sibi
2357 1676 2427 1728 ab
2453 1676 2523 1729 iis
2553 1677 2773 1747 objecta
2795 1678 3006 1747 partim
3044 1679 3313 1748 agnovit;
3347 1678 3445 1732 sed
3474 1678 3642 1731 simul
3674 1692 3759 1741 eo,

2066 1778 2180 1832 quo
2219 1763 2487 1817 volebant
2517 1764 2844 1831 adversarii,
2876 1782 3045 1820 sensu
3084 1766 3332 1836 negabat
3369 1766 3438 1818 ab
3487 1782 3544 1817 se
3591 1764 3757 1827 dicta,

2066 1867 2261 1904 verum
2292 1852 2402 1905 alio
2442 1853 2631 1923 plane,
2662 1853 2875 1924 quique
2924 1871 2957 1907 a
2995 1870 3127 1907 vera
3172 1854 3283 1907 tide
3314 1853 3455 1906 nihil
3498 1853 3767 1905 abhorre-

2064 1942 2176 1993 ret:
2208 1940 2421 2010 partim
2438 1940 2722 1995 inﬁciatus
2748 1946 2849 2009 est,
2873 1942 2971 1996 illa
2990 1947 3286 2013 tamquam
3314 1957 3497 1996 meras
3516 1941 3761 2011 ineptias

2065 2029 2403 2099 explodens;
2435 2029 2551 2083 imo
2601 2030 2773 2085 etiam
2817 2033 3119 2086 anathema
3151 2032 3341 2086 dicens
3371 2031 3460 2097 iis,
3492 2048 3523 2084 a
3554 2031 3763 2101 quibus

2063 2122 2564 2188 propugnarentur
2620 2121 2876 2187 (Photius,
2940 2120 3197 2181 Biblioth,
3267 2120 3383 2175 cod.
3439 2121 3546 2188 διε).
3600 2117 3761 2182 Quod

2063 2223 2197 2261 vero
2228 2207 2299 2261 ad
2330 2207 2575 2261 Coelestii
2615 2209 2955 2273 doctrinam,
2990 2225 3162 2279 quam
3194 2226 3225 2263 a
3256 2208 3497 2262 concilio
3530 2208 3762 2262 Cartha-

2064 2294 2290 2365 ginensi
2312 2302 2368 2351 et
2395 2297 2464 2351 ab
2498 2297 2817 2368 Augustino
2838 2299 3166 2352 damnatam
3195 2296 3610 2364 asseverabant,
3640 2310 3767 2349 eam

2063 2385 2131 2440 ad
2168 2402 2226 2438 se
2279 2387 2569 2441 contendit
2616 2387 2954 2457 neutiquam
2983 2386 3272 2456 pertinere
3305 2385 3403 2456 (De
3433 2386 3574 2441 Gest.
3607 2385 3764 2438 Pela-

2062 2477 2160 2541 gii,
2202 2490 2295 2528 nn.
2330 2478 2419 2544 57,
2447 2476 2529 2545 58)
2553 2496 2566 2543 ;
2595 2475 2969 2529 nihilominus
3000 2480 3192 2529 tamen
3218 2474 3277 2528 in
3301 2490 3418 2540 eos,
3452 2473 3551 2544 qui
3579 2472 3763 2542 ipsam

2064 2569 2325 2618 tenerent
2360 2570 2752 2631 tenuerantve,
2795 2566 3100 2619 anathema
3129 2562 3527 2633 pronuntiavit
3565 2562 3762 2632 (Ibid.,

2061 2668 2118 2706 n.
2153 2653 2261 2718 47).
2299 2653 2536 2721 Objecta,
2570 2657 2633 2707 ut
2670 2653 2925 2723 loquitur
2956 2652 3317 2706 Innocentius
3346 2667 3513 2721 papa,
3558 2652 3765 2718 partim

2061 2743 2152 2795 ille
2180 2741 2405 2795 vitando
2432 2744 2763 2809 suppressit;
2788 2742 2997 2809 partim
3027 2742 3199 2793 multa
3230 2742 3287 2792 in
3325 2754 3379 2791 se
3404 2738 3568 2791 verba
3598 2743 3765 2791 retor-

2064 2828 2271 2895 quendo
2300 2832 2409 2881 tota
2426 2828 2751 2882 obscuritate
2764 2828 3014 2893 confudit
3036 2843 3048 2891 ;
3078 2828 3265 2894 aliqua
3294 2826 3469 2891 magis
3488 2824 3651 2889 falsis
3670 2839 3763 2876 ar-

2062 2919 2349 2984 gumentis,
2380 2932 2543 2983 quam
2572 2932 2699 2971 vera
2742 2919 2970 2980 ratione,
3014 2920 3071 2968 ut
3106 2915 3180 2967 ad
3207 2918 3410 2980 tempus
3436 2917 3652 2980 poterat
3678 2914 3761 2965 vi-

2062 3004 2204 3065 deri,
2233 3007 2517 3074 purgavit,
2558 3004 2804 3072 negando
2835 3006 2968 3069 alia,
3004 3004 3114 3056 alia
3144 3001 3293 3067 falsa
3322 3002 3764 3069 interpretatione

2061 3094 2312 3148 vertendo
2344 3094 2531 3163 (Apud
2556 3094 2945 3159 Augustinum,
2973 3094 3151 3161 Epist.
3193 3093 3308 3157 183,
3340 3106 3394 3143 n.
3431 3092 3505 3159 3).
3555 3090 3759 3142 Verum

2059 3188 2257 3251 praeter
2282 3184 2381 3237 illa
2411 3199 2549 3251 quae,
2590 3199 2693 3251 quo
2729 3182 2882 3235 modo
2910 3182 3107 3250 potuit,
3139 3194 3302 3233 ausus
3349 3182 3427 3232 est
3461 3179 3761 3247 qualicum-

2065 3287 2165 3339 que
2190 3274 2397 3325 ratione
2434 3272 2737 3338 defendere,
2772 3270 2979 3339 objecta
3025 3270 3273 3339 quaedam
3315 3271 3459 3333 sunt,
3495 3282 3615 3334 quae
3651 3268 3765 3319 nisi

2062 3366 2267 3415 remota
2295 3364 2440 3415 omni
2464 3362 2901 3429 tergiversatione
2929 3360 3464 3423 anathematizasset,
3491 3358 3605 3424 ipse
3634 3371 3765 3408 ana-

2065 3451 2447 3504 thematizatus
2469 3453 2665 3503 emisset
2694 3452 2887 3519 (Epist.
2927 3450 3046 3513 186,
3078 3464 3129 3500 n.
3161 3448 3271 3514 32).
3308 3446 3371 3499 Id
3401 3445 3634 3515 quidem
3664 3444 3759 3497 fu-

2065 3540 2181 3593 sius
2211 3540 2400 3609 legere
2424 3544 2509 3592 est
2536 3539 2687 3607 apud
2722 3536 3119 3607 Augustinum,
3164 3537 3360 3603 utpote
3390 3533 3489 3603 qui
3520 3537 3575 3585 et
3602 3531 3762 3585 Anti-

2066 3628 2262 3682 stitum
2292 3632 2345 3681 et
2368 3626 2581 3695 Pelagii
2611 3626 2781 3679 verba
2802 3642 2869 3678 ex
2901 3623 3410 3693 autographorum,
3444 3636 3571 3691 quas
3600 3620 3671 3673 ad
3703 3635 3761 3673 se

2065 3716 2237 3770 missa
2286 3716 2531 3784 fuerant,
2564 3715 2673 3769 fide
2728 3716 2954 3778 referat,
3014 3710 3243 3781 adjectis
3298 3708 3491 3773 etiam,
3527 3708 3623 3762 ubi
3674 3724 3766 3761 res

2065 3806 2353 3876 postulare
2376 3804 2694 3872 videbatur,
2716 3801 3209 3857 observationibus
3240 3815 3302 3852 ac
3326 3797 3765 3852 refutationibus

2067 3894 2181 3947 suis
2213 3894 2370 3965 (Ibid.
2405 3899 2453 3947 et
2479 3896 2550 3947 De
2589 3893 2733 3949 Gest.
2765 3893 2989 3957 Pelagii,
3030 3906 3124 3943 nn.
3158 3892 3247 3954 23,
3279 3889 3366 3953 24,
3397 3889 3493 3953 65;
3521 3888 3595 3940 De
3617 3888 3762 3940 Pecc.

2066 3984 2284 4049 origin.,
2320 3998 2377 4035 n.
2404 3982 2512 4051 12).
2549 3982 2689 4035 Cum
2719 3985 2910 4033 autem
2934 3979 2995 4032 in
3015 3976 3252 4032 concilio
3278 3990 3448 4029 nemo
3479 3978 3640 4039 esset,
3667 3973 3765 4044 qui

2066 4071 2373 4124 intentatas
2389 4069 2618 4139 Pelagio
2640 4068 3023 4122 accusationes
3044 4064 3391 4129 defenderet,
3417 4079 3479 4115 ac
3501 4060 3769 4130 tergiver-

2067 4159 2315 4213 sationes
2344 4158 2466 4228 ejus
2498 4163 2669 4227 atque
2707 4156 3002 4210 mendacia
3034 4155 3341 4223 detegeret,
3375 4164 3561 4218 neque
3592 4147 3769 4201 Graeci

2065 4248 2341 4317 praesules
2361 4247 2614 4317 ejusdem
2642 4246 2834 4305 libros,
2855 4244 3026 4298 latine
3048 4240 3308 4295 videlicet
3333 4237 3534 4301 editos,
3558 4234 3767 4287 exami-

2067 4353 2205 4391 nare
2236 4352 2339 4406 per
2366 4352 2423 4388 se
2448 4336 2731 4401 valerent;
2756 4334 2815 4388 id
2838 4348 3039 4397 unum,
3073 4329 3222 4400 quod
3252 4327 3645 4396 sequerentur,
3679 4340 3768 4376 su-

2065 4430 2315 4495 pererat,
2338 4440 2545 4495 nempe
2559 4422 2856 4494 opiniones
2877 4419 3094 4489 Pelagii
3115 4433 3183 4471 ex
3201 4416 3378 4486 ipsius
3396 4412 3581 4466 verbis
3600 4427 3665 4465 ac
3686 4416 3765 4465 te-

2069 4513 2336 4567 stimonio
2352 4512 2612 4583 judicare
2638 4528 2651 4565 :
2674 4516 2843 4582 atque
2870 4510 2948 4563 ita
2968 4504 3209 4575 decepti,
3240 4519 3393 4569 eum,
3416 4506 3480 4556 ut
3498 4500 3733 4555 homine
3748 4518 3773 4554 s

2069 4606 2250 4671 erant,
2284 4602 2442 4655 nullo
2482 4618 2548 4655 ex
2580 4602 2755 4655 altera
2796 4602 2957 4669 parte
2990 4598 3228 4665 urgente
3278 4590 3633 4657 adversaria,
3667 4607 3772 4660 pu-

2068 4696 2252 4745 tantes
2277 4691 2639 4758 catholicum,
2660 4693 2933 4758 tanquam
2959 4683 3302 4738 catholicum
3323 4679 3770 4752 pronuntiarunt

2070 4781 2560 4851 (Cont..lulianum,
2584 4778 2677 4831 lib.
2719 4780 2761 4840 ε,
2794 4790 2849 4828 n.
2883 4776 2990 4843 19).
3031 4771 3118 4826 Sic
3147 4771 3215 4825 de
3240 4770 3455 4841 judicio
3483 4768 3768 4840 Diospoli-

2068 4875 2204 4923 tano
2237 4868 2496 4939 Pelagius
2526 4866 2757 4936 quidem
2787 4866 3067 4934 quantum
3103 4861 3171 4915 ad
3205 4860 3508 4915 hominum
3536 4873 3771 4927 conspe-

2069 4964 2222 5013 ctum
2258 4958 2475 5019 attinet,
2534 4955 2688 5009 velut
2720 4952 3034 5017 absolutus,
3068 4967 3170 5005 suo
3225 4955 3418 5004 tamen
3448 4949 3638 5018 palam
3668 4947 3766 5000 da-

2068 5052 2262 5101 mnato
2293 5046 2578 5115 dogmate,
2622 5058 2881 5112 egressus
2911 5045 2995 5093 est
3026 5040 3207 5110 (Ibid.,
3239 5040 3335 5093 lib.
3368 5041 3420 5102 2,
3453 5054 3508 5090 η.
3540 5037 3651 5101 34).

2142 5140 2191 5189 3.
2222 5138 2344 5189 Post
2375 5136 2467 5187 hoc
2509 5132 2801 5200 judicium,
2851 5129 2936 5183 uti
2983 5133 3178 5182 narrat
3204 5125 3575 5197 Augustinus,
3610 5122 3689 5175 ibi
3733 5137 3767 5176 a

2068 5227 2240 5279 nescio
2288 5240 2390 5291 quo
2437 5237 2599 5275 cuneo
2634 5220 2994 5290 perditorum,
3051 5222 3147 5287 qui
3172 5217 3329 5272 valde
3356 5218 3413 5267 in
3452 5228 3765 5282 perversum

2062 5313 2417 5383 perhibentur
2439 5312 2653 5377 Pelagio
2682 5310 3005 5379 suffragari,
3038 5306 3345 5362 incredibili
3364 5303 3600 5356 audacia
3633 5316 3769 5371 per-

2065 5405 2285 5472 petrata
2314 5400 2569 5453 dicuntur
2596 5404 2754 5453 tanta
2782 5399 2951 5463 mala,
2985 5402 3044 5451 ut
3076 5398 3171 5450 Dei
3208 5394 3350 5447 servi
3375 5395 3425 5444 et
3454 5390 3666 5443 ancilla
3696 5390 3770 5443 ad

2070 5505 2255 5544 curam
2279 5490 2455 5543 sancti
2474 5490 2787 5557 Hieronymi
2804 5486 3105 5557 presbyteri
3124 5484 3449 5553 pertinentes
3471 5480 3769 5534 sceleratis-

2071 5581 2209 5633 sima
2262 5578 2401 5633 caede
2441 5579 2795 5647 afﬁcerentur,
2851 5576 3107 5629 diaconus
3153 5569 3498 5636 occideretur,
3537 5567 3770 5636 aediﬁcia
