4028 6174
268 318 372 370 483
1468 312 1641 369 VITA
1695 313 1750 368 S.
1793 310 2179 370 AUGUSTINI
2238 310 2580 367 EPISCOPI.

267 440 714 493 monasteriorum
749 437 1179 505 incenderentur,
1208 440 1307 491 via:
1349 439 1529 506 ipsum
1561 436 1969 506 Hieronymum

267 527 335 580 ab
366 527 461 580 hoc
483 528 688 595 impetu
716 530 877 594 atque
906 528 1125 580 incursu
1150 526 1446 594 impiorum
1471 526 1529 577 in
1554 525 1650 578 Dei
1666 524 1969 577 misericor-

267 614 359 668 dia
401 617 572 669 turris
603 616 865 668 munitior
909 619 1182 667 tueretur:
1238 628 1465 681 quorum
1504 612 1759 666 scelerum
1812 613 1970 677 fama

264 718 650 771 usquequaque
677 703 936 755 volitante
964 702 1136 754 animi
1155 703 1398 768 graviter
1424 700 1694 754 vulnerati
1720 704 1846 752 sunt
1876 700 1970 768 (De

268 792 412 849 Gest.
442 792 669 857 Pelagii,
700 806 764 843 n.
803 790 912 860 66).
947 790 1025 842 De
1057 788 1143 842 his
1174 788 1404 859 quando
1437 787 1644 841 certior
1671 786 1849 841 factus
1865 787 1971 841 fuit

265 878 629 933 Innocentius
677 894 844 947 papa,
886 876 1112 947 scripsit
1142 876 1287 929 hanc
1317 875 1379 929 in
1410 891 1531 929 rem
1562 875 1725 929 binas
1757 874 1967 945 episto-

265 966 370 1033 las,
413 982 585 1020 unam
617 966 685 1020 ad
728 966 1005 1019 Joannem
1035 964 1579 1033 Jerosolymitanum
1611 963 1965 1034 episcopum,

267 1057 503 1111 alteram
544 1055 616 1109 ad
647 1054 1055 1124 Hieronymum
1086 1053 1502 1123 presbyterum.

336 1146 389 1199 4.
424 1146 558 1199 Post
614 1143 873 1197 eamdem
908 1142 1358 1212 Diospolitanam
1407 1142 1693 1212 synodum
1732 1140 1971 1196 editioni

266 1234 565 1288 Gestorum
604 1247 767 1285 mora
794 1231 986 1285 dolose
1017 1231 1185 1283 allata
1216 1230 1402 1299 (1bid.,
1439 1246 1498 1283 n.
1531 1232 1639 1295 55),
1670 1228 1970 1283 confestim

267 1321 507 1393 epistola
543 1319 785 1373 carnalis
811 1318 1163 1373 ventositatis
1193 1323 1250 1372 et
1282 1317 1561 1385 elationis,
1597 1334 1725 1388 quae
1758 1318 1971 1389 Pelagii

267 1410 340 1464 ad
378 1409 625 1463 amicum
674 1423 841 1461 suum
875 1407 1183 1478 quemdam
1231 1406 1627 1476 presbyterum
1673 1405 1971 1460 scribentis

268 1514 389 1553 esse
422 1496 716 1552 dicebatur
754 1495 938 1565 (lbid.,
980 1510 1035 1548 η.
1069 1494 1178 1565 54),
1220 1494 1509 1548 celeritate
1548 1493 1876 1563 praecedens
1910 1493 1970 1547 in

268 1598 471 1640 manus
509 1584 811 1640 hominum
853 1582 1206 1654 praevolavit;
1234 1583 1295 1635 in
1335 1598 1449 1652 qua
1486 1581 1566 1636 sic
1603 1597 1691 1635 res
1720 1586 1839 1635 acta
1881 1597 1973 1635 ex-

267 1674 609 1745 ponebatur,
643 1677 708 1727 ut
750 1672 921 1725 tacita
972 1671 1161 1725 divina
1191 1672 1392 1740 gratia,
1431 1670 1550 1724 sola
1581 1670 1657 1723 ibi
1687 1670 1973 1740 legeretur

266 1763 464 1817 infelix
502 1767 559 1816 et
597 1778 654 1814 se
693 1761 876 1830 ipsam
917 1758 1226 1829 decipiens,
1267 1759 1422 1813 velut
1458 1757 1679 1824 victrix,
1720 1758 1973 1812 humana

269 1852 553 1924 superbia.
589 1853 870 1905 Praeterea
902 1850 1198 1904 Gestorum
1238 1848 1667 1903 Palasstinorum
1696 1852 1972 1918 tanquam

267 1938 613 1994 breviarium
664 1937 922 2008 Pelagius
968 1938 1028 1991 in
1071 1937 1328 1991 chartula
1356 1936 1508 2004 fecit,
1545 1952 1673 2008 quas
1706 1936 1869 1991 facile
1907 1951 1971 1989 ac

266 2027 377 2082 cito
433 2042 845 2098 usquequaque
879 2025 1225 2093 discurrens,
1258 2026 1312 2080 ei
1358 2025 1476 2080 vice
1516 2024 1793 2096 apologis:
1825 2028 1971 2079 esset

262 2117 441 2188 (Ibid.
480 2133 535 2170 η.
595 2118 726 2182 57):
791 2131 964 2185 quam
1002 2115 1074 2169 ob
1131 2114 1188 2168 id
1244 2114 1392 2168 forte
1448 2114 1823 2184 Augustinus,
1876 2113 1971 2168 cui

268 2203 529 2258 eamdem
559 2202 654 2257 ille
686 2203 808 2257 sine
839 2202 1040 2272 litteris
1070 2201 1181 2272 ipsi
1212 2202 1550 2256 nominatim
1567 2200 1791 2272 scriptis
1816 2200 1971 2255 misit

267 2292 454 2360 (lbid.,
493 2307 548 2346 n.
600 2291 672 2361 1),
708 2291 1023 2345 chartulam
1052 2288 1400 2343 defensionis
1438 2289 1559 2359 ejus
1591 2294 1751 2342 vocat
1776 2288 1967 2357 (lbid.,
2018 2316 2021 2321 -

264 2396 320 2434 n.
368 2380 476 2449 57),
523 2383 579 2433 et
608 2378 985 2449 conscriptam
1019 2378 1090 2431 ab
1120 2394 1187 2431 eo
1220 2377 1608 2431 defensionem
1641 2393 1824 2444 suam,
1856 2393 1970 2447 qua

264 2484 325 2523 se
367 2466 589 2523 dicebat
612 2465 848 2537 objectis
892 2465 1252 2536 respondisse
1281 2465 1572 2519 Gallorum
1606 2464 1807 2533 (Epist.
1844 2468 1965 2531 169,

263 2574 321 2611 n.
361 2558 440 2627 7).
474 2554 647 2626 Atqui
678 2555 738 2608 in
768 2554 969 2608 eadem
997 2554 1276 2620 chartula,
1307 2551 1676 2607 breviationis
1706 2553 1966 2612 obtentu,

263 2646 428 2700 Gesta
473 2644 613 2697 locis
663 2642 1007 2714 quibusdam
1048 2640 1418 2703 adulterabat,
1474 2645 1573 2695 aut
1632 2640 1970 2695 obscurabat

262 2732 359 2804 (De
387 2733 528 2789 G‘est.
560 2732 789 2798 Pelagii,
828 2746 923 2785 nn.
954 2733 1043 2797 57,
1069 2731 1178 2800 58).
1213 2729 1566 2801 Opusculum
1605 2728 1873 2800 denique,
1907 2728 1966 2783 in

263 2838 378 2893 quo
416 2822 487 2876 de
513 2820 693 2876 Gestis
719 2818 1040 2874 Palaestinas
1071 2818 1276 2889 synodi
1306 2818 1663 2889 gloriabatur
1703 2819 1792 2887 (De
1814 2820 1959 2872 Pecc.

259 2913 486 2978 origin.,
516 2925 571 2963 n.
612 2910 716 2979 15),
748 2908 852 2963 sub
879 2907 1032 2963 idem
1053 2911 1279 2979 tempus
1308 2905 1529 2977 scripsit
1555 2922 1656 2977 pro
1675 2906 1853 2960 libero
1884 2922 1968 2959 ar-

259 2998 431 3053 bitrio
462 2998 650 3069 (lbid.,
698 3014 761 3052 η.
817 2996 923 3065 14),
953 3002 1202 3067 quatuor
1231 2996 1289 3050 in
1319 2996 1496 3050 libros
1527 2995 1807 3066 digestum
1834 3011 1847 3060 ;
1876 3011 1968 3049 cu-

264 3088 355 3157 jus
385 3085 574 3156 operis
603 3085 691 3138 sui
720 3084 782 3137 in
838 3085 1039 3138 litteris
1093 3087 1336 3139 Romam
1366 3083 1572 3148 missis,
1632 3083 1965 3155 scriptisque

261 3173 488 3227 circiter
499 3171 795 3226 ineuntem
810 3187 1025 3225 annum
1040 3171 1665 3243 quadringentesimum
1680 3171 1966 3225 decimum

264 3260 575 3329 septimum
597 3260 666 3314 ad
689 3258 1090 3313 Innocentium
1110 3275 1342 3328 papam,
1357 3260 1965 3313 commemorationem

259 3348 461 3403 fecisse
490 3347 777 3418 reperitur
806 3349 897 3417 (De
924 3345 1076 3401 Grat.
1135 3346 1358 3410 Christi,
1389 3361 1446 3399 η.
1480 3347 1587 3412 32).
1619 3347 1683 3399 In
1712 3344 1801 3400 his
1830 3363 1967 3417 qua-

264 3442 397 3492 tuor
442 3436 604 3491 libris
642 3450 1019 3507 quaecumque
1048 3449 1153 3504 pro
1185 3433 1369 3504 gratia
1415 3432 1715 3488 videbatur
1754 3433 1962 3510 dicere,

262 3542 375 3597 qua
398 3525 688 3597 juvamur,
720 3529 785 3579 ut
809 3521 1159 3578 declinemus
1179 3539 1212 3576 a
1230 3522 1404 3591 malo,
1433 3521 1765 3593 bonumque
1793 3521 1965 3576 facia-

256 3629 407 3680 mus,
440 3630 507 3668 eo
538 3613 731 3681 modo,
761 3626 942 3684 eaque
980 3611 1286 3665 verborum
1316 3608 1688 3679 ambiguitate
1712 3609 1962 3683 (dicebat,

260 3706 325 3757 ut
353 3718 388 3757 a
416 3719 518 3758 suo
538 3702 805 3773 dogmate
832 3717 946 3755 non
976 3699 1263 3754 recederet
1288 3698 1525 3753 omnino
1559 3698 1739 3766 (Ibid,
1770 3715 1824 3753 η.
1853 3698 1960 3770 45).

954 3787 1181 3843 CAPUT
1218 3788 1279 3841 X.

266 3882 287 3933 1
322 3881 545 3934 Littera:
583 3879 901 3945 Hieronymi
944 3877 1212 3945 simulque
1253 3877 1375 3929 alia
1412 3876 1625 3929 Herotis
1666 3879 1717 3928 et
1765 3877 1967 3929 Lazari

326 3983 425 4037 per
454 3967 701 4021 Orosium
729 3965 1034 4033 a/feruntur
1060 3966 1118 4018 in
1147 3964 1418 4030 Africam.
1447 3966 1480 4017 2
1510 3965 1804 4020 Concilium
1825 3964 1962 4019 Car-

329 4056 664 4122 thaginense,
696 4052 966 4123 hujusque
1003 4052 1245 4120 exemplo
1287 4052 1684 4119 Milevitanum,
1714 4053 1965 4106 Innocen-

329 4146 402 4200 tio
422 4158 585 4213 papz
613 4142 860 4197 scribunt
903 4145 1091 4194 contra
1118 4141 1418 4207 Pelagium.
1466 4142 1496 4193 3
1526 4139 1673 4194 Idem
1697 4144 1963 4209 praestant

327 4234 568 4303 quinque
597 4216 922 4300 conjunctim
942 4230 1180 4299 episcopi
1207 4229 1486 4294 Africani.
1514 4229 1548 4282 4
1573 4228 1848 4294 Africana
1876 4228 1963 4282 de-

327 4326 473 4377 creta
502 4324 691 4375 contra
720 4320 1043 4388 Pelagianos
1073 4332 1277 4371 errores
1301 4321 1430 4371 nota
1452 4318 1593 4383 facit
1618 4317 1962 4384 Augustinus

328 4411 543 4464 Hilario
581 4408 941 4467 Narbonensi.
974 4411 1003 4461 5
1034 4410 1109 4461 De
1136 4405 1330 4460 iisdem
1362 4406 1633 4460 erroribus
1658 4408 1716 4459 in
1745 4407 1961 4472 Pelagio

329 4498 672 4566 deprehensis
748 4496 822 4550 ad
874 4498 1132 4550 Joannem
1196 4495 1697 4561 Jerosolymitanum
1753 4494 1958 4548 scribit.

322 4587 354 4639 6
406 4586 657 4654 Epistola
703 4585 777 4639 ad
819 4585 1087 4640 Oceanum
1136 4583 1203 4637 ab
1234 4598 1290 4637 eo
1342 4584 1532 4636 missa.
1583 4586 1614 4634 7
1648 4584 1961 4636 Doctrinam

322 4674 568 4729 Ecclesiae
592 4675 652 4726 in
679 4673 977 4742 Scripturis
1003 4673 1250 4742 penitius
1278 4671 1522 4725 rimandi
1545 4671 1831 4741 provincia
1858 4671 1957 4725 da-

325 4766 417 4816 tur
436 4761 744 4828 Augustino
774 4776 808 4814 a
838 4761 1045 4816 duobus
1075 4761 1335 4816 conciliis.

328 4854 377 4905 l.
429 4849 573 4904 Cum
628 4848 877 4915 Orosius,
941 4865 1115 4921 quem
1170 4846 1527 4919 Augustinus
1562 4847 1634 4902 ad
1690 4846 1959 4918 Hierony-

250 4953 431 5001 mum,
488 4940 555 4990 ut
584 4934 654 4989 ab
683 4951 749 4989 eo
802 4935 1075 5006 quidnam
1129 4936 1200 4992 de
1253 4934 1445 4990 anima
1473 4934 1819 4989 credendum
1867 4934 1959 5004 sit,

253 5025 592 5093 addisceret,
616 5039 767 5079 anno
788 5025 1082 5094 superiore
1112 5025 1362 5091 miserat,
1390 5024 1496 5078 hoc
1515 5039 1667 5077 anno
1695 5022 1963 5093 quadrin-

243 5114 564 5187 gentesimo
603 5110 823 5167 decimo
854 5115 1009 5167 sexto
1048 5116 1429 5167 reverteretur
1461 5113 1522 5166 in
1565 5111 1953 5179 Occidentem;

251 5205 634 5276 Hieronymus
662 5200 1091 5272 opportunitate
1133 5217 1292 5271 usus,
1322 5201 1541 5256 litteras
1571 5200 1804 5256 abeunti
1839 5204 1959 5255 tra-

245 5293 406 5358 didit,
436 5294 647 5367 quibus
677 5290 834 5363 apud
856 5290 1262 5361 Augustinum,
1296 5290 1454 5362 quod
1473 5291 1596 5361 ejus
1625 5290 1849 5346 duobus
1879 5289 1955 5343 li-

247 5381 385 5451 bris,
419 5384 697 5439 nimirum
727 5381 796 5437 de
833 5379 1046 5442 anima,
1079 5378 1262 5451 deque
1292 5379 1576 5435 sententia
1610 5377 1802 5434 Jacobi
1831 5394 1950 5433 non

246 5472 623 5542 responderit,
671 5469 948 5543 temporis
1012 5466 1403 5524 difﬁcultatem
1456 5466 1741 5522 excusavit
1769 5465 1948 5538 (quod

241 5557 476 5630 quidem
520 5559 581 5615 in
625 5557 1001 5617 absolutionis
1046 5554 1265 5628 Pelagii
1293 5558 1538 5642 tempus.
1560 5554 1763 5612 cadere
1809 5553 1948 5611 satis

3677 314 3786 370 484

2078 450 2363 505 superque
2408 431 2880 504 intelligebatur),
2929 436 3165 488 testatus
3202 432 3311 488 sibi
3340 433 3636 489 decretum
3665 452 3791 490 esse

2078 523 2269 595 ipsum
2302 538 2516 589 amare,
2551 521 2860 593 suscipere,
2890 522 3099 588 colere,
3132 521 3349 589 mirari,
3383 538 3449 576 ac
3484 523 3670 594 ipsius
3698 522 3792 579 di-

2077 618 2187 678 cta,
2219 612 2381 683 quasi
2429 628 2531 665 sua
2570 610 2909 665 defendere:
2959 627 3179 665 necnon
3204 611 3325 682 jam
3366 628 3426 665 se
3459 611 3517 667 in
3555 612 3792 683 dialogo

2078 705 2276 755 contra
2306 701 2640 770 Pelagianos
2689 699 2866 763 edito,
2895 699 3093 771 ipsius,
3135 704 3200 753 ut
3228 700 3469 769 dignum
3498 706 3641 768 erat,
3698 717 3794 756 re-

2078 790 2372 845 cordatum
2399 788 2571 843 fuisse
2611 788 2799 859 (Apud
2841 789 3233 856 Augustinum,
3265 791 3444 859 Epist.
3478 792 3601 855 172,
3631 807 3690 844 n.
3720 790 3794 860 1).

2082 881 2193 934 Hoc
2232 883 2422 933 autem
2452 877 2512 931 in
2542 878 2667 931 haec
2695 878 2867 931 verba
2904 880 3130 931 sanctus
3186 878 3488 948 Presbyter
3517 879 3798 944 prmstite-

2079 972 2201 1022 rat:
2247 969 2480 1036 Scripsit
2508 966 2714 1020 dudum
2758 966 2847 1019 vir
2899 970 3117 1021 sanctus
3155 971 3206 1019 et
3232 966 3479 1035 eloquens
3509 968 3797 1035 episcopus

2080 1058 2421 1124 Augustinus
2466 1055 2540 1108 ad
2563 1055 2956 1121 Marcellinum,
3012 1056 3111 1123 qui
3129 1059 3319 1124 postea
3346 1054 3446 1109 sub
3471 1054 3687 1108 invidia
3710 1059 3793 1122 ty-

2079 1143 2337 1199 rannidis
2375 1145 2709 1198 Heracliam
2749 1142 2816 1197 ab
2866 1144 3130 1197 hwreticis
3168 1145 3418 1197 innocens
3475 1158 3644 1197 caesus
3690 1148 3788 1209 est,

2080 1233 2214 1287 duos
2253 1232 2418 1286 libros
2447 1232 2513 1285 de
2567 1231 2880 1299 lnfantibus
2921 1231 3271 1301 baptizandis
3308 1237 3498 1285 contra
3546 1232 3791 1286 haeresim

2078 1325 2332 1386 vestram,
2374 1325 2482 1374 etc.
2537 1320 2685 1374 Unde
2722 1319 3176 1388 supersedendum
3224 1321 3349 1374 huic
3382 1320 3560 1373 labori
3585 1335 3788 1387 censeo,

2077 1424 2143 1463 ne
2170 1409 2389 1463 dicatur
2415 1409 2553 1462 mihi
2582 1408 2722 1461 illud
2757 1408 2994 1475 Horatii,
3030 1409 3095 1461 In
3119 1407 3333 1477 sylvam
3361 1423 3426 1461 ne
3459 1406 3615 1476 ligna
3638 1408 3792 1474 feras

2083 1497 2354 1567 (Satyrar.
2387 1497 2479 1552 lib.
2516 1500 2565 1562 1,
2598 1501 2703 1551 sat.
2746 1498 2828 1561 10,
2858 1510 2999 1550 vers.
3032 1496 3143 1562 34).
3184 1495 3301 1549 Aut
3320 1498 3459 1549 enim
3487 1496 3679 1549 eadem
3695 1496 3791 1550 di-

2081 1600 2313 1641 ceremus
2344 1601 2413 1639 em
2456 1587 2753 1654 superﬂuo;
2788 1589 2885 1638 aut
2912 1586 2963 1638 si
3002 1598 3143 1637 nova
3170 1585 3496 1639 voluerimus
3527 1584 3725 1653 dicere,
3757 1601 3792 1638 a

2081 1675 2381 1728 clarissimo
2408 1675 2623 1739 ingenio
2669 1677 2929 1742 occupata
2961 1677 3087 1727 sunt
3137 1674 3359 1726 meliora
3387 1672 3569 1741 (Cont.
3635 1674 3790 1727 Pela-

2081 1765 2255 1830 gian.,
2287 1762 2422 1817 dial.
2456 1763 2531 1829 3).
2590 1763 2870 1815 Praeterea
2907 1761 3137 1815 Orosius
3168 1760 3386 1814 litteras
3428 1761 3491 1814 in
3538 1761 3791 1816 Africam

2081 1849 2270 1904 attulit
2298 1849 2368 1903 ab
2426 1850 2632 1903 Herote
2661 1864 2725 1902 ac
2764 1850 2995 1914 Lazaro,
3038 1847 3245 1919 quibus
3270 1848 3534 1920 Pelagius
3588 1856 3648 1904 et
3672 1849 3791 1904 Coe-

2082 1938 2277 1992 lestius
2314 1936 2521 1992 nefarii
2579 1936 3103 2007 anathemandique
3151 1936 3362 1991 erroris
3392 1941 3656 1991 auctores
3698 1954 3796 1992 ar-

2080 2025 2404 2097 guebantur
2462 2022 2655 2095 (Epist.
2695 2028 2814 2093 175,
2844 2040 2899 2078 n.
2935 2024 3029 2094 l):
3083 2026 3251 2094 atque
3291 2024 3495 2078 horum
3533 2040 3702 2088 unus,
3734 2024 3793 2079 id

2080 2119 2164 2167 est
2192 2112 2506 2179 Caelestius,
2540 2113 2712 2166 etiam
2760 2113 2830 2166 ad
2873 2111 3297 2183 presbyterium
3331 2112 3391 2166 in
3419 2112 3555 2166 Asia
3582 2129 3790 2183 perve-

2081 2202 2255 2267 nisse;
2291 2203 2434 2255 alter
2478 2205 2691 2269 autem,
2738 2200 2949 2256 scilicet
2977 2199 3261 2271 Pelagius,
3309 2217 3478 2271 agere
3504 2202 3794 2272 Jerosoly-

2078 2290 2188 2345 mis
2227 2290 2539 2355 dicebatur,
2600 2289 2795 2360 ibique
2825 2289 3136 2342 nonnullos
3191 2288 3474 2359 decipere,
3525 2290 3789 2360 quamvis

2080 2379 2245 2447 longe
2277 2377 2469 2447 plures
2493 2376 2593 2447 qui
2624 2377 2748 2447 ejus
2778 2393 2977 2431 sensus
3008 2377 3343 2447 diligentius
3371 2378 3649 2449 indagare
3681 2395 3785 2450 po-

2079 2470 2329 2530 tuerunt,
2359 2482 2422 2519 ac
2450 2464 2736 2536 praecipue
2778 2466 3174 2535 Hieronymus,
3206 2466 3473 2521 adversus
3506 2483 3641 2521 eum
3683 2484 3787 2538 pro

2078 2553 2261 2624 gratia
2289 2553 2496 2607 Christi
2525 2553 2903 2624 conﬂigerent
2933 2555 3127 2622 (Epist.
3167 2557 3287 2620 176,
3318 2571 3372 2609 n.
3396 2555 3468 2624 4).

2150 2643 2202 2695 '2.
2237 2643 2348 2695 Has
2385 2641 2603 2695 litteras
2652 2641 3083 2695 Proconsularis
3124 2642 3433 2697 Provinciae
3477 2642 3786 2715 episc0pis,

2079 2729 2177 2799 qui
2208 2734 2545 2783 consuetum
2593 2733 2920 2801 statumque
2959 2730 3265 2800 quotannis
3311 2731 3622 2786 concilium
3650 2738 3787 2786 tunc

2078 2818 2351 2889 temporis
2402 2818 2747 2888 Carthagine
2809 2818 3193 2884 celebrabant,
3248 2819 3479 2874 Orosius
3508 2820 3783 2877 reddidit.

2078 2906 2257 2961 Lectis
2285 2907 2344 2961 in
2375 2908 2591 2978 synodo
2614 2906 2816 2961 litteris
2844 2906 3304 2962 animadvertunt
3326 2909 3622 2978 praesules.
3658 2925 3788 2979 gra-

2080 2994 2372 3049 vissimum
2402 2996 2473 3049 ab
2532 2994 2858 3049 detestandi
2907 2995 3115 3049 erroris
3146 2997 3431 3066 magistris
3479 3014 3603 3052 esse
3652 2997 3785 3052 ﬁdei

2076 3083 2365 3137 catholicae
2393 3082 2732 3153 periculum.
2784 3083 3140 3153 Quapropter
3184 3083 3387 3154 judicii
3422 3084 3787 3155 episcopalis,

2076 3187 2189 3241 quo
2214 3176 2344 3226 ante
2376 3187 2554 3225 annos
2585 3171 2840 3242 quinque
2872 3171 3166 3226 Caelestius
3195 3171 3349 3242 apud
3378 3172 3786 3242 Carthaginem

2077 3259 2380 3314 damnatus
2410 3259 2615 3328 fuerat,
2645 3265 2768 3313 acta
2797 3259 3020 3314 recitari
3044 3259 3265 3330 jubent.
3310 3260 3375 3313 Et
3405 3261 3670 3331 quamvis
3716 3276 3785 3314 eo

2072 3346 2290 3417 judicio
2316 3352 2544 3402 tantum
2588 3346 2731 3402 illud
2758 3348 2965 3401 vulnus
2996 3352 3128 3402 tunc
3156 3346 3406 3401 excisum
3438 3348 3510 3402 ab
3544 3349 3787 3406 Ecclesia

2079 3434 2392 3501 videretur;
2422 3435 2801 3489 nihilominus
2822 3438 3014 3489 tamen
3044 3436 3338 3489 communi
3368 3435 3784 3491 deliberatione

2075 3529 2329 3590 censent,
2360 3523 2693 3594 hujusmodi
2723 3523 2934 3578 erroris
2960 3529 3244 3590 auctores,
3287 3522 3397 3577 nisi
3422 3523 3580 3577 hunc
3623 3540 3785 3595 aper-

2075 3611 2295 3667 tissime
2324 3612 2765 3678 anathemarint,
2812 3612 2968 3683 ipsos
2998 3611 3357 3666 anathemari
3385 3617 3652 3683 oportere
3678 3630 3691 3667 :
3721 3617 3785 3666 ut

2076 3699 2124 3753 si
2153 3699 2410 3771 ipsorum
2439 3717 2551 3755 non
2580 3700 2853 3771 potuerit,
2897 3701 3093 3755 saltem
3126 3716 3323 3755 eorum
3355 3700 3455 3771 qui
3484 3700 3557 3754 ab
3583 3700 3663 3754 eis
3682 3701 3781 3755 de-

2075 3790 2226 3860 cepti
2256 3794 2391 3844 sunt
2418 3790 2507 3844 vel
2559 3790 2744 3861 decipi
2774 3794 3040 3860 possunt,
3071 3789 3414 3860 cognitaque
3443 3789 3505 3842 in
3536 3806 3634 3843 eos
3671 3792 3782 3843 lata

2075 3881 2160 3931 est
2215 3877 2514 3944 sententia,
2569 3877 2781 3932 sanitas
2818 3882 3178 3948 procuretur.
3238 3878 3353 3932 Hoc
3406 3882 3601 3932 autem
3659 3894 3783 3933 ase

2075 3969 2298 4037 gestum
2345 3970 2545 4020 curant
2569 3966 2904 4021 Innocentio
2933 3982 3097 4037 papas
3125 3965 3536 4036 intimandum,
3574 3971 3640 4021 ut
3664 3967 3784 4021 suis

2074 4053 2333 4124 ipsorum
2350 4054 2574 4108 statutis
2596 4054 2770 4109 etiam
2789 4054 3116 4124 apostolica:
3138 4054 3295 4109 Sedis
3315 4054 3658 4109 adhibeatur
3679 4072 3781 4109 au-

2073 4143 2321 4197 ctoritas.
2359 4143 2500 4197 Nam
2524 4144 2864 4218 complures,
2898 4143 2995 4214 qui
3016 4159 3238 4209 eorum,
3283 4148 3343 4197 ut
3372 4143 3551 4210 aiunt,
3586 4143 3782 4214 perhi-

2071 4230 2281 4285 bentur
2326 4247 2449 4285 esse
2504 4232 2593 4285 vel
2644 4230 2816 4285 fuisse
2864 4231 3149 4302 discipuli,
3208 4231 3331 4284 haec
3360 4229 3534 4295 mala,
3568 4230 3784 4301 quibus

2069 4319 2445 4374 fundamenta
2490 4318 2813 4373 Christianae
2851 4319 2985 4374 ﬁdei
3013 4323 3292 4373 conantur
3320 4323 3596 4381 evertere,
3637 4334 3781 4389 qua-

2073 4423 2319 4477 cumque
2372 4411 2632 4477 possunt,
2673 4406 2962 4461 afﬁrmare
3003 4423 3121 4461 non
3161 4411 3383 4460 cessant
3408 4406 3610 4477 (Epist.
3661 4408 3778 4470 175,

2069 4508 2166 4548 nn.
2204 4496 2253 4560 t,
2293 4494 2369 4563 2).
2425 4493 2533 4557 Qui
2563 4510 2629 4547 eo
2683 4497 2943 4565 tempore
2995 4493 3199 4549 Sedem
3232 4493 3603 4563 apostolicam
3662 4507 3782 4546 non

2071 4580 2193 4635 sine
2223 4580 2498 4651 singulari
2546 4580 2646 4635 Dei
2676 4581 3037 4651 providentia
3061 4581 3357 4636 obtinebat
3387 4580 3779 4645 Innocentius,

2069 4668 2118 4723 is
2148 4672 2307 4723 tanta
2338 4669 2637 4740 diligentia
2670 4670 2935 4725 studebat
2957 4670 3127 4724 rebus
3156 4668 3439 4733 Ecclesiae,
3474 4673 3540 4722 ut
3572 4668 3621 4722 si
3649 4683 3781 4739 qua

2068 4772 2175 4827 pro
2222 4755 2321 4810 illa
2352 4760 2488 4812 tunc
2532 4756 2893 4828 suggerenda
2940 4762 3122 4824 erant,
3177 4756 3332 4827 apud
3362 4772 3496 4810 eum
3521 4758 3782 4811 tacerent

2069 4845 2318 4901 Africani
2342 4845 2636 4917 praesules,
2661 4846 2767 4900 hoc
2791 4845 2983 4917 potius
3002 4862 3069 4899 ex
3090 4844 3311 4899 incuria
3329 4844 3571 4911 veniret,
3604 4860 3780 4916 quam

2070 4950 2139 4988 ex
2162 4933 2357 4989 timori
2386 4936 2522 5002 ullo,
2570 4951 2642 4988 ne
2670 4934 2759 4989 vel
2788 4951 2854 4989 ea
2883 4934 3202 5006 negligeret
3226 4935 3369 5006 ipse,
3418 4935 3507 4989 vel
3538 4935 3780 4989 moleste

2070 5013 2418 5094 gravateque
2483 5024 2765 5094 acciperet
2818 5023 3017 5093 (Epist.
3073 5026 3193 5091 176,
3254 5039 3310 5078 n.
3371 5024 3444 5093 1).
3504 5023 3787 5088 Quocirca

2070 5111 2376 5182 provincia:
2423 5113 2708 5168 Numidiae
2767 5113 3017 5184 synodus
3045 5112 3108 5167 in
3139 5112 3278 5166 urbe
3309 5111 3507 5167 Milevo
3544 5127 3783 5183 congre-

2068 5205 2219 5271 gata,
2254 5218 2385 5256 eum
2410 5219 2514 5273 per
2533 5202 2750 5257 litteras
2778 5204 3040 5274 exemplo
3065 5201 3529 5271 Carthaginensis
3550 5201 3782 5256 concilii

2068 5294 2251 5361 rogat,
2287 5291 2557 5362 dignetur
2572 5292 2796 5362 magnis
2815 5290 3088 5361 periculis
3102 5290 3470 5345 inﬁrmorum
3491 5290 3783 5344 membro-

2028 5384 2041 5389 ”
2067 5393 2196 5432 rum
2249 5379 2458 5434 Christi
2502 5380 2853 5451 pastoralem
2882 5396 3077 5434 curam
3107 5378 3408 5446 adhibere;
3453 5383 3626 5449 atque
3658 5394 3779 5446 eos,

2066 5482 2138 5521 ne
2159 5467 2393 5522 haeresis
2422 5484 2587 5524 novin
2614 5484 2679 5523 ac
2696 5467 2942 5523 nimium
2961 5467 3321 5539 perniciosae,
3345 5483 3477 5538 quas
3498 5466 3780 5522 orationis

2065 5571 2101 5612 a
2124 5554 2459 5628 majoribus,
2491 5556 2778 5630 simulque
2802 5556 3081 5629 Baptismi
3117 5572 3151 5613 a
3178 5554 3434 5629 parvulis
3465 5555 3778 5612 necessita-
