  <div class='ocr_page' id='page_1' title='image "/cluster/home/n/w/nwhite01/storage/ocr_20150623/32/hvd.32044096580550/262.png"; bbox 0 0 4028 6174; ppageno 0'>
   <div class='ocr_carea' id='block_1_1' title="bbox 194 284 300 336">
    <p class='ocr_par' dir='ltr' id='par_1_1' title="bbox 194 284 300 336">
     <span class='ocr_line' id='line_1_1' title="bbox 194 284 300 336; baseline 0.009 -1"><span class='ocrx_word' id='word_1_1' title='bbox 194 284 300 336; x_wconf 58' lang='grc'>485</span> 
     </span>
    </p>
   </div>
   <div class='ocr_carea' id='block_1_2' title="bbox 189 400 1896 474">
    <p class='ocr_par' dir='ltr' id='par_1_2' title="bbox 189 400 1896 474">
     <span class='ocr_line' id='line_1_2' title="bbox 189 400 1896 474; baseline 0.006 -18"><span class='ocrx_word' id='word_1_2' title='bbox 189 407 305 456; x_wconf 91' lang='lat' dir='ltr'>tem</span> <span class='ocrx_word' id='word_1_3' title='bbox 335 400 537 469; x_wconf 83' lang='lat' dir='ltr'>aufert,</span> <span class='ocrx_word' id='word_1_4' title='bbox 564 402 781 473; x_wconf 86' lang='lat' dir='ltr'>laqueis</span> <span class='ocrx_word' id='word_1_5' title='bbox 818 402 1205 474; x_wconf 77' lang='lat' dir='ltr'>implicentur,</span> <span class='ocrx_word' id='word_1_6' title='bbox 1240 405 1517 462; x_wconf 80' lang='lat' dir='ltr'>instanter</span> <span class='ocrx_word' id='word_1_7' title='bbox 1552 412 1608 464; x_wconf 90' lang='lat' dir='ltr'>et</span> <span class='ocrx_word' id='word_1_8' title='bbox 1637 411 1896 467; x_wconf 82' lang='lat' dir='ltr'>celeriter</span> 
     </span>
    </p>
   </div>
   <div class='ocr_carea' id='block_1_3' title="bbox 189 491 506 560">
    <p class='ocr_par' dir='ltr' id='par_1_3' title="bbox 189 491 506 560">
     <span class='ocr_line' id='line_1_3' title="bbox 189 491 506 560; baseline 0.003 -16"><span class='ocrx_word' id='word_1_9' title='bbox 189 491 506 560; x_wconf 79' lang='lat' dir='ltr'>providere.</span> 
     </span>
    </p>
   </div>
   <div class='ocr_carea' id='block_1_4' title="bbox 264 579 1896 654">
    <p class='ocr_par' dir='ltr' id='par_1_4' title="bbox 264 579 1896 654">
     <span class='ocr_line' id='line_1_4' title="bbox 264 579 1896 654; baseline 0.005 -21"><span class='ocrx_word' id='word_1_10' title='bbox 264 582 311 633; x_wconf 87' lang='lat'>3.</span> <span class='ocrx_word' id='word_1_11' title='bbox 352 579 674 635; x_wconf 89' lang='lat' dir='ltr'>Christiana</span> <span class='ocrx_word' id='word_1_12' title='bbox 703 581 844 637; x_wconf 85' lang='lat' dir='ltr'>fides</span> <span class='ocrx_word' id='word_1_13' title='bbox 874 582 933 636; x_wconf 92' lang='lat' dir='ltr'>in</span> <span class='ocrx_word' id='word_1_14' title='bbox 962 581 1268 637; x_wconf 82' lang='lat' dir='ltr'>discrimen</span> <span class='ocrx_word' id='word_1_15' title='bbox 1295 586 1410 638; x_wconf 89' lang='lat' dir='ltr'>tam</span> <span class='ocrx_word' id='word_1_16' title='bbox 1444 588 1727 654; x_wconf 87' lang='lat' dir='ltr'>apertum,</span> <span class='ocrx_word' id='word_1_17' title='bbox 1752 590 1896 640; x_wconf 86' lang='lat' dir='ltr'>tam-</span> 
     </span>
    </p>
   </div>
   <div class='ocr_carea' id='block_1_5' title="bbox 190 670 1893 746">
    <p class='ocr_par' dir='ltr' id='par_1_5' title="bbox 190 670 1893 746">
     <span class='ocr_line' id='line_1_5' title="bbox 190 670 1893 746; baseline 0.006 -27"><span class='ocrx_word' id='word_1_18' title='bbox 190 684 299 737; x_wconf 97' lang='lat' dir='ltr'>que</span> <span class='ocrx_word' id='word_1_19' title='bbox 320 670 711 741; x_wconf 87' lang='lat' dir='ltr'>propinquum</span> <span class='ocrx_word' id='word_1_20' title='bbox 725 672 966 725; x_wconf 88' lang='lat' dir='ltr'>adducta</span> <span class='ocrx_word' id='word_1_21' title='bbox 986 672 1103 726; x_wconf 87' lang='lat' dir='ltr'>visa</span> <span class='ocrx_word' id='word_1_22' title='bbox 1118 677 1198 726; x_wconf 89' lang='lat' dir='ltr'>est</span> <span class='ocrx_word' id='word_1_23' title='bbox 1216 673 1423 727; x_wconf 77' lang='lat' dir='ltr'>sanctis</span> <span class='ocrx_word' id='word_1_24' title='bbox 1447 674 1558 727; x_wconf 87' lang='lat' dir='ltr'>illis</span> <span class='ocrx_word' id='word_1_25' title='bbox 1585 675 1893 746; x_wconf 81' lang='lat' dir='ltr'>episcopis,</span> 
     </span>
    </p>
   </div>
   <div class='ocr_carea' id='block_1_6' title="bbox 190 757 1895 833">
    <p class='ocr_par' dir='ltr' id='par_1_6' title="bbox 190 757 1895 833">
     <span class='ocr_line' id='line_1_6' title="bbox 190 757 1895 833; baseline 0.005 -25"><span class='ocrx_word' id='word_1_26' title='bbox 190 761 249 808; x_wconf 91' lang='lat' dir='ltr'>ut</span> <span class='ocrx_word' id='word_1_27' title='bbox 279 773 339 809; x_wconf 81' lang='lat' dir='ltr'>ex</span> <span class='ocrx_word' id='word_1_28' title='bbox 369 757 457 810; x_wconf 88' lang='lat' dir='ltr'>his</span> <span class='ocrx_word' id='word_1_29' title='bbox 474 759 631 827; x_wconf 87' lang='lat' dir='ltr'>ipsis,</span> <span class='ocrx_word' id='word_1_30' title='bbox 657 759 755 830; x_wconf 87' lang='lat' dir='ltr'>qui</span> <span class='ocrx_word' id='word_1_31' title='bbox 778 760 847 814; x_wconf 90' lang='lat' dir='ltr'>de</span> <span class='ocrx_word' id='word_1_32' title='bbox 867 761 1087 815; x_wconf 90' lang='lat' dir='ltr'>duobus</span> <span class='ocrx_word' id='word_1_33' title='bbox 1102 761 1409 831; x_wconf 77' lang='lat' dir='ltr'>provincias</span> <span class='ocrx_word' id='word_1_34' title='bbox 1432 764 1895 833; x_wconf 86' lang='lat' dir='ltr'>Carthaginensis</span> 
     </span>
    </p>
   </div>
   <div class='ocr_carea' id='block_1_7' title="bbox 177 846 1893 923">
    <p class='ocr_par' dir='ltr' id='par_1_7' title="bbox 177 846 1893 923">
     <span class='ocr_line' id='line_1_7' title="bbox 177 846 1893 923; baseline 0.005 -26"><span class='ocrx_word' id='word_1_35' title='bbox 177 860 243 897; x_wconf 86' lang='lat' dir='ltr'>ac</span> <span class='ocrx_word' id='word_1_36' title='bbox 290 846 579 900; x_wconf 71' lang='lat' dir='ltr'>Numidiae</span> <span class='ocrx_word' id='word_1_37' title='bbox 619 848 872 901; x_wconf 89' lang='lat' dir='ltr'>conciliis</span> <span class='ocrx_word' id='word_1_38' title='bbox 904 848 1121 902; x_wconf 81' lang='lat' dir='ltr'>litteras</span> <span class='ocrx_word' id='word_1_39' title='bbox 1160 855 1359 903; x_wconf 90' lang='lat' dir='ltr'>contra</span> <span class='ocrx_word' id='word_1_40' title='bbox 1398 850 1659 905; x_wconf 89' lang='lat' dir='ltr'>inimicos</span> <span class='ocrx_word' id='word_1_41' title='bbox 1692 854 1893 923; x_wconf 67' lang='lat' dir='ltr'>gratim</span> 
     </span>
    </p>
   </div>
   <div class='ocr_carea' id='block_1_8' title="bbox 178 932 1892 1011">
    <p class='ocr_par' dir='ltr' id='par_1_8' title="bbox 178 932 1892 1011">
     <span class='ocr_line' id='line_1_8' title="bbox 178 932 1892 1011; baseline 0.005 -24"><span class='ocrx_word' id='word_1_42' title='bbox 178 932 391 988; x_wconf 83' lang='lat' dir='ltr'>Christi</span> <span class='ocrx_word' id='word_1_43' title='bbox 428 936 749 1005; x_wconf 82' lang='lat' dir='ltr'>(Epist.l77)</span> <span class='ocrx_word' id='word_1_44' title='bbox 789 937 1063 991; x_wconf 85' lang='lat' dir='ltr'>miserant</span> <span class='ocrx_word' id='word_1_45' title='bbox 1102 939 1173 992; x_wconf 90' lang='lat' dir='ltr'>ad</span> <span class='ocrx_word' id='word_1_46' title='bbox 1219 940 1618 994; x_wconf 90' lang='lat' dir='ltr'>Innocentium</span> <span class='ocrx_word' id='word_1_47' title='bbox 1656 958 1892 1011; x_wconf 82' lang='lat' dir='ltr'>papam,</span> 
     </span>
    </p>
   </div>
   <div class='ocr_carea' id='block_1_9' title="bbox 181 1022 1892 1099">
    <p class='ocr_par' dir='ltr' id='par_1_9' title="bbox 181 1022 1892 1099">
     <span class='ocr_line' id='line_1_9' title="bbox 181 1022 1892 1099; baseline 0.005 -24"><span class='ocrx_word' id='word_1_48' title='bbox 181 1022 449 1093; x_wconf 90' lang='lat' dir='ltr'>quinque</span> <span class='ocrx_word' id='word_1_49' title='bbox 492 1024 841 1094; x_wconf 90' lang='lat' dir='ltr'>conjunctim</span> <span class='ocrx_word' id='word_1_50' title='bbox 890 1043 991 1079; x_wconf 92' lang='lat' dir='ltr'>suo</span> <span class='ocrx_word' id='word_1_51' title='bbox 1030 1026 1284 1090; x_wconf 85' lang='lat' dir='ltr'>nomine,</span> <span class='ocrx_word' id='word_1_52' title='bbox 1330 1028 1591 1082; x_wconf 80' lang='lat' dir='ltr'>Aurelius</span> <span class='ocrx_word' id='word_1_53' title='bbox 1613 1029 1892 1099; x_wconf 82' lang='lat' dir='ltr'>videlicet,</span> 
     </span>
    </p>
   </div>
   <div class='ocr_carea' id='block_1_10' title="bbox 178 1109 1896 1182">
    <p class='ocr_par' dir='ltr' id='par_1_10' title="bbox 178 1109 1896 1182">
     <span class='ocr_line' id='line_1_10' title="bbox 178 1109 1896 1182; baseline 0.006 -20"><span class='ocrx_word' id='word_1_54' title='bbox 178 1109 447 1180; x_wconf 75' lang='lat' dir='ltr'>Alypius,</span> <span class='ocrx_word' id='word_1_55' title='bbox 482 1112 851 1182; x_wconf 87' lang='lat' dir='ltr'>Augustinus,</span> <span class='ocrx_word' id='word_1_56' title='bbox 874 1114 1137 1176; x_wconf 87' lang='lat' dir='ltr'>Evodius,</span> <span class='ocrx_word' id='word_1_57' title='bbox 1171 1132 1235 1169; x_wconf 91' lang='lat' dir='ltr'>ac</span> <span class='ocrx_word' id='word_1_58' title='bbox 1256 1116 1564 1182; x_wconf 89' lang='lat' dir='ltr'>Possidius,</span> <span class='ocrx_word' id='word_1_59' title='bbox 1588 1116 1896 1172; x_wconf 83' lang='lat' dir='ltr'>familiares</span> 
     </span>
    </p>
   </div>
   <div class='ocr_carea' id='block_1_11' title="bbox 178 1199 1894 1277">
    <p class='ocr_par' dir='ltr' id='par_1_11' title="bbox 178 1199 1894 1277">
     <span class='ocr_line' id='line_1_11' title="bbox 178 1199 1894 1277; baseline 0.006 -25"><span class='ocrx_word' id='word_1_60' title='bbox 178 1199 249 1253; x_wconf 89' lang='lat' dir='ltr'>ad</span> <span class='ocrx_word' id='word_1_61' title='bbox 279 1199 559 1253; x_wconf 90' lang='lat' dir='ltr'>eumdem</span> <span class='ocrx_word' id='word_1_62' title='bbox 604 1201 840 1268; x_wconf 87' lang='lat' dir='ltr'>litteras,</span> <span class='ocrx_word' id='word_1_63' title='bbox 873 1203 970 1257; x_wconf 89' lang='lat' dir='ltr'>ubi</span> <span class='ocrx_word' id='word_1_64' title='bbox 1003 1204 1072 1257; x_wconf 91' lang='lat' dir='ltr'>de</span> <span class='ocrx_word' id='word_1_65' title='bbox 1099 1204 1221 1275; x_wconf 86' lang='lat' dir='ltr'>ipsa</span> <span class='ocrx_word' id='word_1_66' title='bbox 1250 1221 1419 1259; x_wconf 90' lang='lat' dir='ltr'>causa</span> <span class='ocrx_word' id='word_1_67' title='bbox 1450 1205 1741 1277; x_wconf 87' lang='lat' dir='ltr'>aliquanto</span> <span class='ocrx_word' id='word_1_68' title='bbox 1777 1212 1894 1262; x_wconf 87' lang='lat' dir='ltr'>stu-</span> 
     </span>
    </p>
   </div>
   <div class='ocr_carea' id='block_1_12' title="bbox 181 1286 1895 1365">
    <p class='ocr_par' dir='ltr' id='par_1_12' title="bbox 181 1286 1895 1365">
     <span class='ocr_line' id='line_1_12' title="bbox 181 1286 1895 1365; baseline 0.006 -25"><span class='ocrx_word' id='word_1_69' title='bbox 181 1286 407 1340; x_wconf 87' lang='lat' dir='ltr'>diosius</span> <span class='ocrx_word' id='word_1_70' title='bbox 453 1294 741 1359; x_wconf 86' lang='lat' dir='ltr'>ageretur,</span> <span class='ocrx_word' id='word_1_71' title='bbox 791 1291 1120 1362; x_wconf 83' lang='lat' dir='ltr'>scripserint</span> <span class='ocrx_word' id='word_1_72' title='bbox 1165 1296 1364 1363; x_wconf 82' lang='lat' dir='ltr'>(Epist,</span> <span class='ocrx_word' id='word_1_73' title='bbox 1430 1297 1548 1361; x_wconf 90' lang='grc'>186,</span> <span class='ocrx_word' id='word_1_74' title='bbox 1593 1312 1648 1349; x_wconf 84' lang='grc' dir='ltr'>η.</span> <span class='ocrx_word' id='word_1_75' title='bbox 1696 1297 1767 1365; x_wconf 87' lang='grc'>2).</span> <span class='ocrx_word' id='word_1_76' title='bbox 1820 1298 1895 1350; x_wconf 84' lang='lat' dir='ltr'>Ex</span> 
     </span>
    </p>
   </div>
   <div class='ocr_carea' id='block_1_13' title="bbox 178 1375 1896 1454">
    <p class='ocr_par' dir='ltr' id='par_1_13' title="bbox 178 1375 1896 1454">
     <span class='ocr_line' id='line_1_13' title="bbox 178 1375 1896 1454; baseline 0.006 -26"><span class='ocrx_word' id='word_1_77' title='bbox 178 1375 340 1430; x_wconf 89' lang='lat' dir='ltr'>hisce</span> <span class='ocrx_word' id='word_1_78' title='bbox 365 1376 571 1431; x_wconf 87' lang='lat' dir='ltr'>litteris</span> <span class='ocrx_word' id='word_1_79' title='bbox 601 1378 1009 1449; x_wconf 85' lang='lat' dir='ltr'>intelligimus;</span> <span class='ocrx_word' id='word_1_80' title='bbox 1044 1381 1341 1450; x_wconf 83' lang='lat' dir='ltr'>epistolam</span> <span class='ocrx_word' id='word_1_81' title='bbox 1374 1384 1442 1437; x_wconf 89' lang='lat' dir='ltr'>ab</span> <span class='ocrx_word' id='word_1_82' title='bbox 1472 1384 1792 1454; x_wconf 81' lang='lat' dir='ltr'>Augustino</span> <span class='ocrx_word' id='word_1_83' title='bbox 1824 1385 1896 1439; x_wconf 87' lang='lat' dir='ltr'>ad</span> 
     </span>
    </p>
   </div>
   <div class='ocr_carea' id='block_1_14' title="bbox 174 1466 1894 1544">
    <p class='ocr_par' dir='ltr' id='par_1_14' title="bbox 174 1466 1894 1544">
     <span class='ocr_line' id='line_1_14' title="bbox 174 1466 1894 1544; baseline 0.006 -26"><span class='ocrx_word' id='word_1_84' title='bbox 174 1466 505 1535; x_wconf 85' lang='lat' dir='ltr'>Pelagium,</span> <span class='ocrx_word' id='word_1_85' title='bbox 544 1483 656 1537; x_wconf 88' lang='lat' dir='ltr'>qua</span> <span class='ocrx_word' id='word_1_86' title='bbox 686 1468 755 1522; x_wconf 87' lang='lat' dir='ltr'>ad</span> <span class='ocrx_word' id='word_1_87' title='bbox 802 1468 1151 1523; x_wconf 90' lang='lat' dir='ltr'>defensionis</span> <span class='ocrx_word' id='word_1_88' title='bbox 1183 1470 1361 1540; x_wconf 89' lang='lat' dir='ltr'>ipsius</span> <span class='ocrx_word' id='word_1_89' title='bbox 1394 1488 1494 1525; x_wconf 91' lang='lat' dir='ltr'>seu</span> <span class='ocrx_word' id='word_1_90' title='bbox 1534 1474 1894 1544; x_wconf 84' lang='lat' dir='ltr'>purgationis</span> 
     </span>
    </p>
   </div>
   <div class='ocr_carea' id='block_1_15' title="bbox 176 1553 1893 1633">
    <p class='ocr_par' dir='ltr' id='par_1_15' title="bbox 176 1553 1893 1633">
     <span class='ocr_line' id='line_1_15' title="bbox 176 1553 1893 1633; baseline 0.006 -27"><span class='ocrx_word' id='word_1_91' title='bbox 176 1553 233 1606; x_wconf 92' lang='lat' dir='ltr'>in</span> <span class='ocrx_word' id='word_1_92' title='bbox 264 1554 666 1625; x_wconf 89' lang='lat' dir='ltr'>Diospolitana</span> <span class='ocrx_word' id='word_1_93' title='bbox 696 1557 912 1627; x_wconf 81' lang='lat' dir='ltr'>synodo</span> <span class='ocrx_word' id='word_1_94' title='bbox 945 1558 1261 1613; x_wconf 82' lang='lat' dir='ltr'>chartulam</span> <span class='ocrx_word' id='word_1_95' title='bbox 1294 1561 1692 1633; x_wconf 78' lang='lat' dir='ltr'>respondebat,</span> <span class='ocrx_word' id='word_1_96' title='bbox 1722 1563 1893 1617; x_wconf 85' lang='lat' dir='ltr'>fuisse</span> 
     </span>
    </p>
   </div>
   <div class='ocr_carea' id='block_1_16' title="bbox 176 1643 1896 1722">
    <p class='ocr_par' dir='ltr' id='par_1_16' title="bbox 176 1643 1896 1722">
     <span class='ocr_line' id='line_1_16' title="bbox 176 1643 1896 1722; baseline 0.006 -27"><span class='ocrx_word' id='word_1_97' title='bbox 176 1643 497 1712; x_wconf 84' lang='lat' dir='ltr'>scriptam:</span> <span class='ocrx_word' id='word_1_98' title='bbox 545 1644 687 1697; x_wconf 86' lang='lat' dir='ltr'>hanc</span> <span class='ocrx_word' id='word_1_99' title='bbox 732 1646 886 1700; x_wconf 88' lang='lat' dir='ltr'>enim</span> <span class='ocrx_word' id='word_1_100' title='bbox 918 1647 985 1700; x_wconf 88' lang='lat' dir='ltr'>ad</span> <span class='ocrx_word' id='word_1_101' title='bbox 1018 1648 1419 1702; x_wconf 90' lang='lat' dir='ltr'>Innocentium</span> <span class='ocrx_word' id='word_1_102' title='bbox 1470 1650 1747 1721; x_wconf 89' lang='lat' dir='ltr'>dirigunt,</span> <span class='ocrx_word' id='word_1_103' title='bbox 1799 1670 1896 1722; x_wconf 87' lang='lat' dir='ltr'>pe-</span> 
     </span>
    </p>
   </div>
   <div class='ocr_carea' id='block_1_17' title="bbox 176 1733 1895 1810">
    <p class='ocr_par' dir='ltr' id='par_1_17' title="bbox 176 1733 1895 1810">
     <span class='ocr_line' id='line_1_17' title="bbox 176 1733 1895 1810; baseline 0.007 -27"><span class='ocrx_word' id='word_1_104' title='bbox 176 1736 371 1784; x_wconf 84' lang='lat' dir='ltr'>tentes</span> <span class='ocrx_word' id='word_1_105' title='bbox 417 1736 482 1785; x_wconf 88' lang='lat' dir='ltr'>ut</span> <span class='ocrx_word' id='word_1_106' title='bbox 511 1749 637 1786; x_wconf 89' lang='lat' dir='ltr'>eam</span> <span class='ocrx_word' id='word_1_107' title='bbox 669 1733 857 1787; x_wconf 84' lang='lat' dir='ltr'>mittat</span> <span class='ocrx_word' id='word_1_108' title='bbox 890 1734 1007 1805; x_wconf 88' lang='lat' dir='ltr'>ipse</span> <span class='ocrx_word' id='word_1_109' title='bbox 1039 1737 1287 1807; x_wconf 89' lang='lat' dir='ltr'>Pelagio,</span> <span class='ocrx_word' id='word_1_110' title='bbox 1323 1754 1494 1808; x_wconf 85' lang='lat' dir='ltr'>quem</span> <span class='ocrx_word' id='word_1_111' title='bbox 1528 1740 1707 1810; x_wconf 85' lang='lat' dir='ltr'>ipsius</span> <span class='ocrx_word' id='word_1_112' title='bbox 1732 1741 1895 1795; x_wconf 87' lang='lat' dir='ltr'>indu-</span> 
     </span>
    </p>
   </div>
   <div class='ocr_carea' id='block_1_18' title="bbox 176 1821 1890 1900">
    <p class='ocr_par' dir='ltr' id='par_1_18' title="bbox 176 1821 1890 1900">
     <span class='ocr_line' id='line_1_18' title="bbox 176 1821 1890 1900; baseline 0.008 -28"><span class='ocrx_word' id='word_1_113' title='bbox 176 1824 337 1873; x_wconf 88' lang='lat' dir='ltr'>ctum</span> <span class='ocrx_word' id='word_1_114' title='bbox 355 1821 687 1876; x_wconf 83' lang='lat' dir='ltr'>auctoritate</span> <span class='ocrx_word' id='word_1_115' title='bbox 713 1823 999 1877; x_wconf 85' lang='lat' dir='ltr'>lubentius</span> <span class='ocrx_word' id='word_1_116' title='bbox 1021 1841 1145 1878; x_wconf 88' lang='lat' dir='ltr'>eam</span> <span class='ocrx_word' id='word_1_117' title='bbox 1169 1827 1449 1881; x_wconf 90' lang='lat' dir='ltr'>lecturum</span> <span class='ocrx_word' id='word_1_118' title='bbox 1468 1834 1671 1899; x_wconf 83' lang='lat' dir='ltr'>putant</span> <span class='ocrx_word' id='word_1_119' title='bbox 1693 1830 1890 1900; x_wconf 80' lang='lat' dir='ltr'>(Epist.</span> 
     </span>
    </p>
   </div>
   <div class='ocr_carea' id='block_1_19' title="bbox 181 1912 1894 1987">
    <p class='ocr_par' dir='ltr' id='par_1_19' title="bbox 181 1912 1894 1987">
     <span class='ocr_line' id='line_1_19' title="bbox 181 1912 1894 1987; baseline 0.007 -26"><span class='ocrx_word' id='word_1_120' title='bbox 181 1912 304 1975; x_wconf 77' lang='lat' dir='ltr'>I77,</span> <span class='ocrx_word' id='word_1_121' title='bbox 338 1926 397 1963; x_wconf 77' lang='grc' dir='ltr'>η.</span> <span class='ocrx_word' id='word_1_122' title='bbox 437 1912 546 1978; x_wconf 79' lang='grc'>15).</span> <span class='ocrx_word' id='word_1_123' title='bbox 587 1912 672 1965; x_wconf 83' lang='lat' dir='ltr'>Ad</span> <span class='ocrx_word' id='word_1_124' title='bbox 703 1912 898 1966; x_wconf 88' lang='lat' dir='ltr'>omnia</span> <span class='ocrx_word' id='word_1_125' title='bbox 927 1914 1287 1969; x_wconf 90' lang='lat' dir='ltr'>Innocentius</span> <span class='ocrx_word' id='word_1_126' title='bbox 1308 1916 1587 1987; x_wconf 87' lang='lat' dir='ltr'>episcopis</span> <span class='ocrx_word' id='word_1_127' title='bbox 1618 1919 1894 1973; x_wconf 82' lang='lat' dir='ltr'>Africanis</span> 
     </span>
    </p>
   </div>
   <div class='ocr_carea' id='block_1_20' title="bbox 179 1999 1896 2078">
    <p class='ocr_par' dir='ltr' id='par_1_20' title="bbox 179 1999 1896 2078">
     <span class='ocr_line' id='line_1_20' title="bbox 179 1999 1896 2078; baseline 0.007 -28"><span class='ocrx_word' id='word_1_128' title='bbox 179 1999 483 2069; x_wconf 88' lang='lat' dir='ltr'>rescripsit</span> <span class='ocrx_word' id='word_1_129' title='bbox 520 2016 586 2053; x_wconf 90' lang='lat' dir='ltr'>eo</span> <span class='ocrx_word' id='word_1_130' title='bbox 609 2001 801 2067; x_wconf 93' lang='lat' dir='ltr'>modo,</span> <span class='ocrx_word' id='word_1_131' title='bbox 835 2018 950 2072; x_wconf 91' lang='lat' dir='ltr'>quo</span> <span class='ocrx_word' id='word_1_132' title='bbox 982 2002 1063 2057; x_wconf 87' lang='lat' dir='ltr'>fas</span> <span class='ocrx_word' id='word_1_133' title='bbox 1093 2008 1215 2057; x_wconf 90' lang='lat' dir='ltr'>erat</span> <span class='ocrx_word' id='word_1_134' title='bbox 1238 2009 1406 2075; x_wconf 88' lang='lat' dir='ltr'>atque</span> <span class='ocrx_word' id='word_1_135' title='bbox 1437 2006 1735 2076; x_wconf 79' lang='lat' dir='ltr'>oportebat</span> <span class='ocrx_word' id='word_1_136' title='bbox 1764 2024 1896 2078; x_wconf 92' lang='lat' dir='ltr'>apo-</span> 
     </span>
    </p>
   </div>
   <div class='ocr_carea' id='block_1_21' title="bbox 178 2087 1536 2165">
    <p class='ocr_par' dir='ltr' id='par_1_21' title="bbox 178 2087 1536 2165">
     <span class='ocr_line' id='line_1_21' title="bbox 178 2087 1536 2165; baseline 0.007 -26"><span class='ocrx_word' id='word_1_137' title='bbox 178 2087 403 2140; x_wconf 81' lang='lat' dir='ltr'>stolicae</span> <span class='ocrx_word' id='word_1_138' title='bbox 434 2088 595 2141; x_wconf 81' lang='lat' dir='ltr'>Sedis</span> <span class='ocrx_word' id='word_1_139' title='bbox 627 2089 937 2143; x_wconf 87' lang='lat' dir='ltr'>antistitem</span> <span class='ocrx_word' id='word_1_140' title='bbox 969 2091 1176 2161; x_wconf 86' lang='lat' dir='ltr'>(Epist.</span> <span class='ocrx_word' id='word_1_141' title='bbox 1224 2096 1340 2160; x_wconf 86' lang='grc'>186,</span> <span class='ocrx_word' id='word_1_142' title='bbox 1372 2110 1423 2147; x_wconf 83' lang='grc' dir='ltr'>η.</span> <span class='ocrx_word' id='word_1_143' title='bbox 1457 2096 1536 2165; x_wconf 89' lang='grc'>2).</span> 
     </span>
    </p>
   </div>
   <div class='ocr_carea' id='block_1_22' title="bbox 246 2178 1894 2253">
    <p class='ocr_par' dir='ltr' id='par_1_22' title="bbox 246 2178 1894 2253">
     <span class='ocr_line' id='line_1_22' title="bbox 246 2178 1894 2253; baseline 0.005 -23"><span class='ocrx_word' id='word_1_144' title='bbox 246 2178 308 2230; x_wconf 80' lang='grc'>4.</span> <span class='ocrx_word' id='word_1_145' title='bbox 356 2178 489 2231; x_wconf 90' lang='lat' dir='ltr'>Post</span> <span class='ocrx_word' id='word_1_146' title='bbox 531 2178 730 2231; x_wconf 90' lang='lat' dir='ltr'>missas</span> <span class='ocrx_word' id='word_1_147' title='bbox 770 2194 803 2231; x_wconf 91' lang='lat' dir='ltr'>a</span> <span class='ocrx_word' id='word_1_148' title='bbox 849 2179 1073 2234; x_wconf 92' lang='lat' dir='ltr'>duobus</span> <span class='ocrx_word' id='word_1_149' title='bbox 1126 2198 1298 2253; x_wconf 89' lang='lat' dir='ltr'>supra</span> <span class='ocrx_word' id='word_1_150' title='bbox 1357 2183 1599 2238; x_wconf 88' lang='lat' dir='ltr'>laudatis</span> <span class='ocrx_word' id='word_1_151' title='bbox 1640 2185 1894 2239; x_wconf 90' lang='lat' dir='ltr'>conciliis</span> 
     </span>
    </p>
   </div>
   <div class='ocr_carea' id='block_1_23' title="bbox 176 2264 1891 2343">
    <p class='ocr_par' dir='ltr' id='par_1_23' title="bbox 176 2264 1891 2343">
     <span class='ocr_line' id='line_1_23' title="bbox 176 2264 1891 2343; baseline 0.006 -26"><span class='ocrx_word' id='word_1_152' title='bbox 176 2264 460 2335; x_wconf 85' lang='lat' dir='ltr'>epistolas</span> <span class='ocrx_word' id='word_1_153' title='bbox 497 2267 563 2320; x_wconf 92' lang='lat' dir='ltr'>ad</span> <span class='ocrx_word' id='word_1_154' title='bbox 601 2268 1017 2333; x_wconf 86' lang='lat' dir='ltr'>Innocentium,</span> <span class='ocrx_word' id='word_1_155' title='bbox 1051 2286 1113 2322; x_wconf 87' lang='lat' dir='ltr'>ac</span> <span class='ocrx_word' id='word_1_156' title='bbox 1146 2270 1302 2341; x_wconf 92' lang='lat' dir='ltr'>prius</span> <span class='ocrx_word' id='word_1_157' title='bbox 1329 2270 1470 2326; x_wconf 87' lang='lat' dir='ltr'>forte</span> <span class='ocrx_word' id='word_1_158' title='bbox 1497 2289 1671 2343; x_wconf 86' lang='lat' dir='ltr'>quam</span> <span class='ocrx_word' id='word_1_159' title='bbox 1702 2274 1891 2327; x_wconf 87' lang='lat' dir='ltr'>eidem</span> 
     </span>
    </p>
   </div>
   <div class='ocr_carea' id='block_1_24' title="bbox 179 2354 1892 2430">
    <p class='ocr_par' dir='ltr' id='par_1_24' title="bbox 179 2354 1892 2430">
     <span class='ocr_line' id='line_1_24' title="bbox 179 2354 1892 2430; baseline 0.006 -25"><span class='ocrx_word' id='word_1_160' title='bbox 179 2354 546 2425; x_wconf 81' lang='lat' dir='ltr'>scripsissent</span> <span class='ocrx_word' id='word_1_161' title='bbox 588 2355 841 2425; x_wconf 87' lang='lat' dir='ltr'>quinque</span> <span class='ocrx_word' id='word_1_162' title='bbox 891 2357 1163 2428; x_wconf 90' lang='lat' dir='ltr'>episcopi,</span> <span class='ocrx_word' id='word_1_163' title='bbox 1216 2360 1454 2430; x_wconf 86' lang='lat' dir='ltr'>contigit</span> <span class='ocrx_word' id='word_1_164' title='bbox 1496 2365 1554 2414; x_wconf 89' lang='lat' dir='ltr'>ut</span> <span class='ocrx_word' id='word_1_165' title='bbox 1606 2361 1892 2415; x_wconf 89' lang='lat' dir='ltr'>Palladius</span> 
     </span>
    </p>
   </div>
   <div class='ocr_carea' id='block_1_25' title="bbox 179 2444 1889 2518">
    <p class='ocr_par' dir='ltr' id='par_1_25' title="bbox 179 2444 1889 2518">
     <span class='ocr_line' id='line_1_25' title="bbox 179 2444 1889 2518; baseline 0.006 -23"><span class='ocrx_word' id='word_1_166' title='bbox 179 2444 427 2513; x_wconf 85' lang='lat' dir='ltr'>quidam</span> <span class='ocrx_word' id='word_1_167' title='bbox 481 2459 636 2497; x_wconf 87' lang='lat' dir='ltr'>mare</span> <span class='ocrx_word' id='word_1_168' title='bbox 681 2445 1039 2515; x_wconf 88' lang='lat' dir='ltr'>trajecturus,</span> <span class='ocrx_word' id='word_1_169' title='bbox 1104 2448 1172 2501; x_wconf 91' lang='lat' dir='ltr'>ab</span> <span class='ocrx_word' id='word_1_170' title='bbox 1227 2449 1548 2518; x_wconf 80' lang='lat' dir='ltr'>Augustino</span> <span class='ocrx_word' id='word_1_171' title='bbox 1594 2467 1889 2505; x_wconf 89' lang='lat' dir='ltr'>commen-</span> 
     </span>
    </p>
   </div>
   <div class='ocr_carea' id='block_1_26' title="bbox 179 2530 1889 2608">
    <p class='ocr_par' dir='ltr' id='par_1_26' title="bbox 179 2530 1889 2608">
     <span class='ocr_line' id='line_1_26' title="bbox 179 2530 1889 2608; baseline 0.006 -24"><span class='ocrx_word' id='word_1_172' title='bbox 179 2530 416 2584; x_wconf 87' lang='lat' dir='ltr'>datitias</span> <span class='ocrx_word' id='word_1_173' title='bbox 458 2531 671 2586; x_wconf 88' lang='lat' dir='ltr'>litteras</span> <span class='ocrx_word' id='word_1_174' title='bbox 720 2534 788 2587; x_wconf 89' lang='lat' dir='ltr'>ad</span> <span class='ocrx_word' id='word_1_175' title='bbox 850 2535 1126 2589; x_wconf 88' lang='lat' dir='ltr'>Hilarium</span> <span class='ocrx_word' id='word_1_176' title='bbox 1174 2536 1525 2608; x_wconf 89' lang='lat' dir='ltr'>episcopum,</span> <span class='ocrx_word' id='word_1_177' title='bbox 1572 2538 1716 2593; x_wconf 86' lang='lat' dir='ltr'>forte</span> <span class='ocrx_word' id='word_1_178' title='bbox 1753 2542 1889 2594; x_wconf 76' lang='lat' dir='ltr'>Nar-</span> 
     </span>
    </p>
   </div>
   <div class='ocr_carea' id='block_1_27' title="bbox 178 2619 1892 2695">
    <p class='ocr_par' dir='ltr' id='par_1_27' title="bbox 178 2619 1892 2695">
     <span class='ocr_line' id='line_1_27' title="bbox 178 2619 1892 2695; baseline 0.006 -23"><span class='ocrx_word' id='word_1_179' title='bbox 178 2619 522 2686; x_wconf 89' lang='lat' dir='ltr'>bonensem,</span> <span class='ocrx_word' id='word_1_180' title='bbox 583 2626 803 2691; x_wconf 89' lang='lat' dir='ltr'>peteret</span> <span class='ocrx_word' id='word_1_181' title='bbox 859 2622 1056 2693; x_wconf 90' lang='lat' dir='ltr'>(Epist.</span> <span class='ocrx_word' id='word_1_182' title='bbox 1126 2628 1241 2691; x_wconf 82' lang='grc'>178,</span> <span class='ocrx_word' id='word_1_183' title='bbox 1303 2642 1367 2680; x_wconf 88' lang='lat' dir='ltr'>n.</span> <span class='ocrx_word' id='word_1_184' title='bbox 1421 2628 1510 2695; x_wconf 83' lang='lat' dir='ltr'>l):</span> <span class='ocrx_word' id='word_1_185' title='bbox 1575 2628 1681 2681; x_wconf 89' lang='lat' dir='ltr'>hac</span> <span class='ocrx_word' id='word_1_186' title='bbox 1737 2645 1892 2682; x_wconf 90' lang='lat' dir='ltr'>occa-</span> 
     </span>
    </p>
   </div>
   <div class='ocr_carea' id='block_1_28' title="bbox 178 2708 1891 2782">
    <p class='ocr_par' dir='ltr' id='par_1_28' title="bbox 178 2708 1891 2782">
     <span class='ocr_line' id='line_1_28' title="bbox 178 2708 1891 2782; baseline 0.006 -21"><span class='ocrx_word' id='word_1_187' title='bbox 178 2708 345 2762; x_wconf 88' lang='lat' dir='ltr'>sione</span> <span class='ocrx_word' id='word_1_188' title='bbox 377 2710 632 2779; x_wconf 89' lang='lat' dir='ltr'>gaudeus</span> <span class='ocrx_word' id='word_1_189' title='bbox 652 2728 789 2765; x_wconf 88' lang='lat' dir='ltr'>usus</span> <span class='ocrx_word' id='word_1_190' title='bbox 808 2717 895 2765; x_wconf 92' lang='lat' dir='ltr'>est</span> <span class='ocrx_word' id='word_1_191' title='bbox 914 2712 1287 2782; x_wconf 88' lang='lat' dir='ltr'>Augustinus,</span> <span class='ocrx_word' id='word_1_192' title='bbox 1314 2719 1376 2768; x_wconf 91' lang='lat' dir='ltr'>ut</span> <span class='ocrx_word' id='word_1_193' title='bbox 1400 2715 1534 2769; x_wconf 89' lang='lat' dir='ltr'>huic</span> <span class='ocrx_word' id='word_1_194' title='bbox 1565 2716 1803 2771; x_wconf 88' lang='lat' dir='ltr'>antistiti</span> <span class='ocrx_word' id='word_1_195' title='bbox 1826 2734 1891 2772; x_wconf 91' lang='lat' dir='ltr'>ea</span> 
     </span>
    </p>
   </div>
   <div class='ocr_carea' id='block_1_29' title="bbox 178 2798 1891 2869">
    <p class='ocr_par' dir='ltr' id='par_1_29' title="bbox 178 2798 1891 2869">
     <span class='ocr_line' id='line_1_29' title="bbox 178 2798 1891 2869; baseline 0.004 -18"><span class='ocrx_word' id='word_1_196' title='bbox 178 2802 319 2851; x_wconf 89' lang='lat' dir='ltr'>nota</span> <span class='ocrx_word' id='word_1_197' title='bbox 345 2798 574 2866; x_wconf 90' lang='lat' dir='ltr'>faceret,</span> <span class='ocrx_word' id='word_1_198' title='bbox 609 2816 736 2869; x_wconf 68' lang='lat' dir='ltr'>quae</span> <span class='ocrx_word' id='word_1_199' title='bbox 758 2816 955 2853; x_wconf 88' lang='lat' dir='ltr'>recens</span> <span class='ocrx_word' id='word_1_200' title='bbox 981 2801 1041 2854; x_wconf 91' lang='lat' dir='ltr'>in</span> <span class='ocrx_word' id='word_1_201' title='bbox 1067 2801 1256 2855; x_wconf 88' lang='lat' dir='ltr'>Africa</span> <span class='ocrx_word' id='word_1_202' title='bbox 1286 2802 1512 2857; x_wconf 88' lang='lat' dir='ltr'>decreta</span> <span class='ocrx_word' id='word_1_203' title='bbox 1544 2803 1772 2857; x_wconf 89' lang='lat' dir='ltr'>fuerant</span> <span class='ocrx_word' id='word_1_204' title='bbox 1802 2804 1891 2857; x_wconf 88' lang='lat' dir='ltr'>ad-</span> 
     </span>
    </p>
   </div>
   <div class='ocr_carea' id='block_1_30' title="bbox 176 2878 1890 2960">
    <p class='ocr_par' dir='ltr' id='par_1_30' title="bbox 176 2878 1890 2960">
     <span class='ocr_line' id='line_1_30' title="bbox 176 2878 1890 2960; baseline 0.004 -20"><span class='ocrx_word' id='word_1_205' title='bbox 176 2902 378 2941; x_wconf 88' lang='lat' dir='ltr'>versus</span> <span class='ocrx_word' id='word_1_206' title='bbox 395 2888 661 2942; x_wconf 72' lang='lat' dir='ltr'>bteresim</span> <span class='ocrx_word' id='word_1_207' title='bbox 692 2878 1075 2959; x_wconf 82' lang='lat' dir='ltr'>Pelagianam.</span> <span class='ocrx_word' id='word_1_208' title='bbox 1112 2891 1290 2960; x_wconf 83' lang='lat' dir='ltr'>Hujus</span> <span class='ocrx_word' id='word_1_209' title='bbox 1320 2907 1478 2945; x_wconf 77' lang='lat' dir='ltr'>novae</span> <span class='ocrx_word' id='word_1_210' title='bbox 1501 2897 1633 2945; x_wconf 89' lang='lat' dir='ltr'>tunc</span> <span class='ocrx_word' id='word_1_211' title='bbox 1658 2893 1890 2946; x_wconf 70' lang='lat' dir='ltr'>haeresis</span> 
     </span>
    </p>
   </div>
   <div class='ocr_carea' id='block_1_31' title="bbox 178 2975 1891 3051">
    <p class='ocr_par' dir='ltr' id='par_1_31' title="bbox 178 2975 1891 3051">
     <span class='ocr_line' id='line_1_31' title="bbox 178 2975 1891 3051; baseline 0.004 -24"><span class='ocrx_word' id='word_1_212' title='bbox 178 2975 476 3045; x_wconf 72' lang='lat' dir='ltr'>praecipua</span> <span class='ocrx_word' id='word_1_213' title='bbox 505 2976 687 3046; x_wconf 86' lang='lat' dir='ltr'>capita</span> <span class='ocrx_word' id='word_1_214' title='bbox 718 2977 910 3047; x_wconf 87' lang='lat' dir='ltr'>paucis</span> <span class='ocrx_word' id='word_1_215' title='bbox 940 2977 1049 3047; x_wconf 89' lang='lat' dir='ltr'>ipsi</span> <span class='ocrx_word' id='word_1_216' title='bbox 1081 2978 1266 3033; x_wconf 87' lang='lat' dir='ltr'>verbis</span> <span class='ocrx_word' id='word_1_217' title='bbox 1296 2980 1516 3050; x_wconf 90' lang='lat' dir='ltr'>aperit:</span> <span class='ocrx_word' id='word_1_218' title='bbox 1551 2984 1612 3034; x_wconf 91' lang='lat' dir='ltr'>ut</span> <span class='ocrx_word' id='word_1_219' title='bbox 1631 2997 1765 3034; x_wconf 88' lang='lat' dir='ltr'>cura</span> <span class='ocrx_word' id='word_1_220' title='bbox 1801 2997 1891 3051; x_wconf 84' lang='lat' dir='ltr'>pa-</span> 
     </span>
    </p>
   </div>
   <div class='ocr_carea' id='block_1_32' title="bbox 179 3064 1891 3139">
    <p class='ocr_par' dir='ltr' id='par_1_32' title="bbox 179 3064 1891 3139">
     <span class='ocr_line' id='line_1_32' title="bbox 179 3064 1891 3139; baseline 0.004 -23"><span class='ocrx_word' id='word_1_221' title='bbox 179 3064 379 3117; x_wconf 89' lang='lat' dir='ltr'>storali</span> <span class='ocrx_word' id='word_1_222' title='bbox 401 3070 593 3119; x_wconf 87' lang='lat' dir='ltr'>caveat</span> <span class='ocrx_word' id='word_1_223' title='bbox 615 3067 896 3133; x_wconf 89' lang='lat' dir='ltr'>homines,</span> <span class='ocrx_word' id='word_1_224' title='bbox 921 3066 1018 3137; x_wconf 85' lang='lat' dir='ltr'>qui</span> <span class='ocrx_word' id='word_1_225' title='bbox 1040 3068 1308 3137; x_wconf 87' lang='lat' dir='ltr'>pestifera</span> <span class='ocrx_word' id='word_1_226' title='bbox 1328 3068 1424 3122; x_wconf 93' lang='lat' dir='ltr'>illa</span> <span class='ocrx_word' id='word_1_227' title='bbox 1445 3068 1739 3139; x_wconf 86' lang='lat' dir='ltr'>impietate</span> <span class='ocrx_word' id='word_1_228' title='bbox 1760 3085 1891 3123; x_wconf 91' lang='lat' dir='ltr'>con-</span> 
     </span>
    </p>
   </div>
   <div class='ocr_carea' id='block_1_33' title="bbox 179 3153 1886 3226">
    <p class='ocr_par' dir='ltr' id='par_1_33' title="bbox 179 3153 1886 3226">
     <span class='ocr_line' id='line_1_33' title="bbox 179 3153 1886 3226; baseline 0.004 -21"><span class='ocrx_word' id='word_1_229' title='bbox 179 3153 475 3208; x_wconf 87' lang='lat' dir='ltr'>tradicunt</span> <span class='ocrx_word' id='word_1_230' title='bbox 526 3154 878 3208; x_wconf 90' lang='lat' dir='ltr'>orationibus</span> <span class='ocrx_word' id='word_1_231' title='bbox 917 3155 1129 3209; x_wconf 89' lang='lat' dir='ltr'>nostris</span> <span class='ocrx_word' id='word_1_232' title='bbox 1180 3156 1363 3225; x_wconf 75' lang='lat' dir='ltr'>(Ibid,</span> <span class='ocrx_word' id='word_1_233' title='bbox 1395 3173 1449 3210; x_wconf 83' lang='grc' dir='ltr'>η.</span> <span class='ocrx_word' id='word_1_234' title='bbox 1488 3158 1567 3226; x_wconf 87' lang='grc'>3),</span> <span class='ocrx_word' id='word_1_235' title='bbox 1611 3158 1749 3211; x_wconf 88' lang='lat' dir='ltr'>dum</span> <span class='ocrx_word' id='word_1_236' title='bbox 1795 3175 1886 3211; x_wconf 87' lang='lat' dir='ltr'>as-</span> 
     </span>
    </p>
   </div>
   <div class='ocr_carea' id='block_1_34' title="bbox 180 3242 1889 3317">
    <p class='ocr_par' dir='ltr' id='par_1_34' title="bbox 180 3242 1889 3317">
     <span class='ocr_line' id='line_1_34' title="bbox 180 3242 1889 3317; baseline 0.002 -22"><span class='ocrx_word' id='word_1_237' title='bbox 180 3248 383 3297; x_wconf 91' lang='lat' dir='ltr'>serunt</span> <span class='ocrx_word' id='word_1_238' title='bbox 406 3242 700 3296; x_wconf 88' lang='lat' dir='ltr'>hominem</span> <span class='ocrx_word' id='word_1_239' title='bbox 723 3259 889 3313; x_wconf 89' lang='lat' dir='ltr'>posse</span> <span class='ocrx_word' id='word_1_240' title='bbox 914 3244 1029 3297; x_wconf 92' lang='lat' dir='ltr'>suis</span> <span class='ocrx_word' id='word_1_241' title='bbox 1049 3244 1262 3299; x_wconf 87' lang='lat' dir='ltr'>viribus</span> <span class='ocrx_word' id='word_1_242' title='bbox 1276 3245 1347 3298; x_wconf 89' lang='lat' dir='ltr'>ad</span> <span class='ocrx_word' id='word_1_243' title='bbox 1370 3250 1586 3299; x_wconf 78' lang='lat' dir='ltr'>tantam</span> <span class='ocrx_word' id='word_1_244' title='bbox 1600 3245 1889 3317; x_wconf 90' lang='lat' dir='ltr'>justitiam</span> 
     </span>
    </p>
   </div>
   <div class='ocr_carea' id='block_1_35' title="bbox 180 3331 1885 3402">
    <p class='ocr_par' dir='ltr' id='par_1_35' title="bbox 180 3331 1885 3402">
     <span class='ocr_line' id='line_1_35' title="bbox 180 3331 1885 3402; baseline 0.002 -17"><span class='ocrx_word' id='word_1_245' title='bbox 180 3331 509 3401; x_wconf 79' lang='lat' dir='ltr'>pervenire,</span> <span class='ocrx_word' id='word_1_246' title='bbox 556 3336 620 3385; x_wconf 91' lang='lat' dir='ltr'>ut</span> <span class='ocrx_word' id='word_1_247' title='bbox 655 3348 842 3402; x_wconf 90' lang='lat' dir='ltr'>neque</span> <span class='ocrx_word' id='word_1_248' title='bbox 888 3333 992 3385; x_wconf 87' lang='lat' dir='ltr'>hoc</span> <span class='ocrx_word' id='word_1_249' title='bbox 1039 3332 1122 3386; x_wconf 91' lang='lat' dir='ltr'>illi</span> <span class='ocrx_word' id='word_1_250' title='bbox 1161 3333 1235 3387; x_wconf 90' lang='lat' dir='ltr'>sit</span> <span class='ocrx_word' id='word_1_251' title='bbox 1264 3334 1450 3388; x_wconf 90' lang='lat' dir='ltr'>dicere</span> <span class='ocrx_word' id='word_1_252' title='bbox 1482 3334 1885 3401; x_wconf 90' lang='lat' dir='ltr'>necessarium,</span> 
     </span>
    </p>
   </div>
   <div class='ocr_carea' id='block_1_36' title="bbox 185 3419 1889 3489">
    <p class='ocr_par' dir='ltr' id='par_1_36' title="bbox 185 3419 1889 3489">
     <span class='ocr_line' id='line_1_36' title="bbox 185 3419 1889 3489; baseline 0.002 -16"><span class='ocrx_word' id='word_1_253' title='bbox 185 3423 407 3474; x_wconf 78' lang='lat' dir='ltr'>Dimitte</span> <span class='ocrx_word' id='word_1_254' title='bbox 437 3420 589 3473; x_wconf 85' lang='lat' dir='ltr'>nobis</span> <span class='ocrx_word' id='word_1_255' title='bbox 617 3419 799 3474; x_wconf 84' lang='lat' dir='ltr'>debita</span> <span class='ocrx_word' id='word_1_256' title='bbox 827 3426 1050 3485; x_wconf 84' lang='lat' dir='ltr'>nostra;</span> <span class='ocrx_word' id='word_1_257' title='bbox 1087 3425 1143 3475; x_wconf 92' lang='lat' dir='ltr'>et</span> <span class='ocrx_word' id='word_1_258' title='bbox 1167 3421 1328 3489; x_wconf 90' lang='lat' dir='ltr'>illud,</span> <span class='ocrx_word' id='word_1_259' title='bbox 1361 3425 1440 3479; x_wconf 85' lang='lat' dir='ltr'>Ne</span> <span class='ocrx_word' id='word_1_260' title='bbox 1468 3438 1563 3477; x_wconf 89' lang='lat' dir='ltr'>nos</span> <span class='ocrx_word' id='word_1_261' title='bbox 1594 3425 1805 3489; x_wconf 82' lang='lat' dir='ltr'>inferas</span> <span class='ocrx_word' id='word_1_262' title='bbox 1832 3425 1889 3477; x_wconf 89' lang='lat' dir='ltr'>in</span> 
     </span>
    </p>
   </div>
   <div class='ocr_carea' id='block_1_37' title="bbox 182 3508 1887 3581">
    <p class='ocr_par' dir='ltr' id='par_1_37' title="bbox 182 3508 1887 3581">
     <span class='ocr_line' id='line_1_37' title="bbox 182 3508 1887 3581; baseline 0.003 -21"><span class='ocrx_word' id='word_1_263' title='bbox 182 3512 531 3563; x_wconf 66' lang='lat' dir='ltr'>imitationem</span> <span class='ocrx_word' id='word_1_264' title='bbox 586 3508 799 3578; x_wconf 83' lang='lat' dir='ltr'>(Matth.</span> <span class='ocrx_word' id='word_1_265' title='bbox 858 3525 932 3574; x_wconf 75' lang='lat' dir='ltr'>vr,</span> <span class='ocrx_word' id='word_1_266' title='bbox 994 3513 1077 3576; x_wconf 74' lang='lat' dir='ltr'>l2,</span> <span class='ocrx_word' id='word_1_267' title='bbox 1142 3510 1247 3579; x_wconf 88' lang='grc'>13),</span> <span class='ocrx_word' id='word_1_268' title='bbox 1296 3510 1373 3563; x_wconf 92' lang='lat' dir='ltr'>sic</span> <span class='ocrx_word' id='word_1_269' title='bbox 1416 3510 1719 3581; x_wconf 88' lang='lat' dir='ltr'>accipiunt,</span> <span class='ocrx_word' id='word_1_270' title='bbox 1763 3516 1887 3565; x_wconf 89' lang='lat' dir='ltr'>tan-</span> 
     </span>
    </p>
   </div>
   <div class='ocr_carea' id='block_1_38' title="bbox 181 3596 1890 3671">
    <p class='ocr_par' dir='ltr' id='par_1_38' title="bbox 181 3596 1890 3671">
     <span class='ocr_line' id='line_1_38' title="bbox 181 3596 1890 3671; baseline 0.004 -23"><span class='ocrx_word' id='word_1_271' title='bbox 181 3611 355 3665; x_wconf 84' lang='lat' dir='ltr'>quam</span> <span class='ocrx_word' id='word_1_272' title='bbox 388 3596 637 3650; x_wconf 89' lang='lat' dir='ltr'>orandus</span> <span class='ocrx_word' id='word_1_273' title='bbox 656 3596 729 3650; x_wconf 91' lang='lat' dir='ltr'>sit</span> <span class='ocrx_word' id='word_1_274' title='bbox 757 3598 924 3663; x_wconf 84' lang='lat' dir='ltr'>Deus,</span> <span class='ocrx_word' id='word_1_275' title='bbox 959 3614 1031 3650; x_wconf 93' lang='lat' dir='ltr'>ne</span> <span class='ocrx_word' id='word_1_276' title='bbox 1058 3597 1344 3668; x_wconf 86' lang='lat' dir='ltr'>quispiam</span> <span class='ocrx_word' id='word_1_277' title='bbox 1374 3598 1598 3653; x_wconf 88' lang='lat' dir='ltr'>irruens</span> <span class='ocrx_word' id='word_1_278' title='bbox 1628 3615 1890 3671; x_wconf 88' lang='lat' dir='ltr'>corpora-</span> 
     </span>
    </p>
   </div>
   <div class='ocr_carea' id='block_1_39' title="bbox 176 3684 1887 3757">
    <p class='ocr_par' dir='ltr' id='par_1_39' title="bbox 176 3684 1887 3757">
     <span class='ocr_line' id='line_1_39' title="bbox 176 3684 1887 3757; baseline 0.002 -20"><span class='ocrx_word' id='word_1_279' title='bbox 176 3684 307 3738; x_wconf 88' lang='lat' dir='ltr'>liter</span> <span class='ocrx_word' id='word_1_280' title='bbox 348 3701 453 3738; x_wconf 93' lang='lat' dir='ltr'>nos</span> <span class='ocrx_word' id='word_1_281' title='bbox 493 3684 775 3739; x_wconf 82' lang='lat' dir='ltr'>humanus</span> <span class='ocrx_word' id='word_1_282' title='bbox 804 3702 963 3738; x_wconf 89' lang='lat' dir='ltr'>casus</span> <span class='ocrx_word' id='word_1_283' title='bbox 994 3686 1228 3757; x_wconf 71' lang='lat' dir='ltr'>affligat,</span> <span class='ocrx_word' id='word_1_284' title='bbox 1260 3703 1378 3741; x_wconf 92' lang='lat' dir='ltr'>non</span> <span class='ocrx_word' id='word_1_285' title='bbox 1408 3704 1521 3757; x_wconf 92' lang='lat' dir='ltr'>quo</span> <span class='ocrx_word' id='word_1_286' title='bbox 1555 3704 1657 3742; x_wconf 89' lang='lat' dir='ltr'>nos</span> <span class='ocrx_word' id='word_1_287' title='bbox 1687 3688 1758 3741; x_wconf 90' lang='lat' dir='ltr'>ad</span> <span class='ocrx_word' id='word_1_288' title='bbox 1790 3704 1887 3741; x_wconf 89' lang='lat' dir='ltr'>su-</span> 
     </span>
    </p>
   </div>
   <div class='ocr_carea' id='block_1_40' title="bbox 180 3774 1885 3847">
    <p class='ocr_par' dir='ltr' id='par_1_40' title="bbox 180 3774 1885 3847">
     <span class='ocr_line' id='line_1_40' title="bbox 180 3774 1885 3847; baseline 0.002 -20"><span class='ocrx_word' id='word_1_289' title='bbox 180 3775 462 3844; x_wconf 74' lang='lat' dir='ltr'>perandus</span> <span class='ocrx_word' id='word_1_290' title='bbox 506 3779 866 3845; x_wconf 89' lang='lat' dir='ltr'>peccatorum</span> <span class='ocrx_word' id='word_1_291' title='bbox 905 3774 1250 3829; x_wconf 89' lang='lat' dir='ltr'>tentationes</span> <span class='ocrx_word' id='word_1_292' title='bbox 1288 3776 1555 3846; x_wconf 82' lang='lat' dir='ltr'>adjuvet;</span> <span class='ocrx_word' id='word_1_293' title='bbox 1609 3777 1885 3847; x_wconf 89' lang='lat' dir='ltr'>quoniam</span> 
     </span>
    </p>
   </div>
   <div class='ocr_carea' id='block_1_41' title="bbox 183 3862 1888 3935">
    <p class='ocr_par' dir='ltr' id='par_1_41' title="bbox 183 3862 1888 3935">
     <span class='ocr_line' id='line_1_41' title="bbox 183 3862 1888 3935; baseline 0.001 -18"><span class='ocrx_word' id='word_1_294' title='bbox 183 3880 276 3917; x_wconf 90' lang='lat' dir='ltr'>eas</span> <span class='ocrx_word' id='word_1_295' title='bbox 316 3863 541 3917; x_wconf 76' lang='lat' dir='ltr'>vincere</span> <span class='ocrx_word' id='word_1_296' title='bbox 592 3864 670 3917; x_wconf 85' lang='lat' dir='ltr'>ita</span> <span class='ocrx_word' id='word_1_297' title='bbox 716 3864 787 3917; x_wconf 89' lang='lat' dir='ltr'>sit</span> <span class='ocrx_word' id='word_1_298' title='bbox 838 3862 901 3917; x_wconf 90' lang='lat' dir='ltr'>in</span> <span class='ocrx_word' id='word_1_299' title='bbox 939 3868 1133 3917; x_wconf 89' lang='lat' dir='ltr'>nostra</span> <span class='ocrx_word' id='word_1_300' title='bbox 1167 3869 1469 3935; x_wconf 88' lang='lat' dir='ltr'>potestate,</span> <span class='ocrx_word' id='word_1_301' title='bbox 1510 3865 1888 3935; x_wconf 88' lang='lat' dir='ltr'>possibilitate</span> 
     </span>
    </p>
   </div>
   <div class='ocr_carea' id='block_1_42' title="bbox 183 3952 1890 4022">
    <p class='ocr_par' dir='ltr' id='par_1_42' title="bbox 183 3952 1890 4022">
     <span class='ocr_line' id='line_1_42' title="bbox 183 3952 1890 4022; baseline 0.001 -16"><span class='ocrx_word' id='word_1_302' title='bbox 183 3957 402 4007; x_wconf 76' lang='lat' dir='ltr'>naturae</span> <span class='ocrx_word' id='word_1_303' title='bbox 430 3956 491 4006; x_wconf 89' lang='lat' dir='ltr'>ut</span> <span class='ocrx_word' id='word_1_304' title='bbox 513 3953 616 4006; x_wconf 89' lang='lat' dir='ltr'>hoc</span> <span class='ocrx_word' id='word_1_305' title='bbox 638 3952 887 4005; x_wconf 89' lang='lat' dir='ltr'>inaniter</span> <span class='ocrx_word' id='word_1_306' title='bbox 909 3952 1334 4022; x_wconf 89' lang='lat' dir='ltr'>impetrandum</span> <span class='ocrx_word' id='word_1_307' title='bbox 1370 3954 1725 4009; x_wconf 82' lang='lat' dir='ltr'>orationibus</span> <span class='ocrx_word' id='word_1_308' title='bbox 1745 3954 1890 4009; x_wconf 86' lang='lat' dir='ltr'>arbi-</span> 
     </span>
    </p>
   </div>
   <div class='ocr_carea' id='block_1_43' title="bbox 178 4042 1625 4113">
    <p class='ocr_par' dir='ltr' id='par_1_43' title="bbox 178 4042 1625 4113">
     <span class='ocr_line' id='line_1_43' title="bbox 178 4042 1625 4113; baseline 0.001 -19"><span class='ocrx_word' id='word_1_309' title='bbox 178 4046 397 4095; x_wconf 90' lang='lat' dir='ltr'>tremur</span> <span class='ocrx_word' id='word_1_310' title='bbox 429 4042 758 4110; x_wconf 80' lang='lat' dir='ltr'>(Sermonum</span> <span class='ocrx_word' id='word_1_311' title='bbox 782 4043 1095 4109; x_wconf 81' lang='lat' dir='ltr'>Fragm.,n.</span> <span class='ocrx_word' id='word_1_312' title='bbox 1125 4045 1153 4095; x_wconf 92' lang='lat'>3</span> <span class='ocrx_word' id='word_1_313' title='bbox 1182 4044 1355 4110; x_wconf 80' lang='lat' dir='ltr'>primi</span> <span class='ocrx_word' id='word_1_314' title='bbox 1372 4045 1625 4113; x_wconf 81' lang='lat' dir='ltr'>fragm).</span> 
     </span>
    </p>
   </div>
   <div class='ocr_carea' id='block_1_44' title="bbox 252 4130 1881 4202">
    <p class='ocr_par' dir='ltr' id='par_1_44' title="bbox 252 4130 1881 4202">
     <span class='ocr_line' id='line_1_44' title="bbox 252 4130 1881 4202; baseline 0.001 -19"><span class='ocrx_word' id='word_1_315' title='bbox 252 4134 302 4183; x_wconf 86' lang='lat'>5.</span> <span class='ocrx_word' id='word_1_316' title='bbox 342 4130 581 4184; x_wconf 85' lang='lat' dir='ltr'>Litteras</span> <span class='ocrx_word' id='word_1_317' title='bbox 608 4130 677 4184; x_wconf 91' lang='lat' dir='ltr'>ad</span> <span class='ocrx_word' id='word_1_318' title='bbox 707 4131 985 4184; x_wconf 86' lang='lat' dir='ltr'>Joannem</span> <span class='ocrx_word' id='word_1_319' title='bbox 1021 4131 1504 4200; x_wconf 84' lang='lat' dir='ltr'>Jerosolymorum</span> <span class='ocrx_word' id='word_1_320' title='bbox 1532 4131 1881 4202; x_wconf 90' lang='lat' dir='ltr'>episcopum,</span> 
     </span>
    </p>
   </div>
   <div class='ocr_carea' id='block_1_45' title="bbox 184 4219 1888 4291">
    <p class='ocr_par' dir='ltr' id='par_1_45' title="bbox 184 4219 1888 4291">
     <span class='ocr_line' id='line_1_45' title="bbox 184 4219 1888 4291; baseline 0 -17"><span class='ocrx_word' id='word_1_321' title='bbox 184 4221 278 4291; x_wconf 88' lang='lat' dir='ltr'>qui</span> <span class='ocrx_word' id='word_1_322' title='bbox 297 4236 450 4274; x_wconf 91' lang='lat' dir='ltr'>anno</span> <span class='ocrx_word' id='word_1_323' title='bbox 474 4219 764 4289; x_wconf 88' lang='lat' dir='ltr'>superiore</span> <span class='ocrx_word' id='word_1_324' title='bbox 785 4224 1129 4273; x_wconf 88' lang='lat' dir='ltr'>conventum</span> <span class='ocrx_word' id='word_1_325' title='bbox 1150 4235 1279 4273; x_wconf 89' lang='lat' dir='ltr'>cum</span> <span class='ocrx_word' id='word_1_326' title='bbox 1302 4219 1649 4289; x_wconf 84' lang='lat' dir='ltr'>presbyteris</span> <span class='ocrx_word' id='word_1_327' title='bbox 1668 4221 1888 4291; x_wconf 88' lang='lat' dir='ltr'>aliquot</span> 
     </span>
    </p>
   </div>
   <div class='ocr_carea' id='block_1_46' title="bbox 184 4307 1886 4379">
    <p class='ocr_par' dir='ltr' id='par_1_46' title="bbox 184 4307 1886 4379">
     <span class='ocr_line' id='line_1_46' title="bbox 184 4307 1886 4379; baseline 0.001 -17"><span class='ocrx_word' id='word_1_328' title='bbox 184 4308 239 4363; x_wconf 94' lang='lat' dir='ltr'>in</span> <span class='ocrx_word' id='word_1_329' title='bbox 268 4326 443 4364; x_wconf 90' lang='lat' dir='ltr'>causa</span> <span class='ocrx_word' id='word_1_330' title='bbox 472 4308 685 4379; x_wconf 91' lang='lat' dir='ltr'>Pelagii</span> <span class='ocrx_word' id='word_1_331' title='bbox 727 4307 948 4375; x_wconf 88' lang='lat' dir='ltr'>habuit,</span> <span class='ocrx_word' id='word_1_332' title='bbox 997 4308 1233 4362; x_wconf 90' lang='lat' dir='ltr'>dederat</span> <span class='ocrx_word' id='word_1_333' title='bbox 1280 4307 1650 4377; x_wconf 88' lang='lat' dir='ltr'>Augustinus,</span> <span class='ocrx_word' id='word_1_334' title='bbox 1686 4324 1789 4361; x_wconf 88' lang='lat' dir='ltr'>nec</span> <span class='ocrx_word' id='word_1_335' title='bbox 1816 4310 1886 4363; x_wconf 87' lang='lat' dir='ltr'>ab</span> 
     </span>
    </p>
   </div>
   <div class='ocr_carea' id='block_1_47' title="bbox 186 4395 1887 4468">
    <p class='ocr_par' dir='ltr' id='par_1_47' title="bbox 186 4395 1887 4468">
     <span class='ocr_line' id='line_1_47' title="bbox 186 4395 1887 4468; baseline -0.002 -17"><span class='ocrx_word' id='word_1_336' title='bbox 186 4398 277 4452; x_wconf 92' lang='lat' dir='ltr'>illo</span> <span class='ocrx_word' id='word_1_337' title='bbox 308 4398 585 4468; x_wconf 88' lang='lat' dir='ltr'>rescripta</span> <span class='ocrx_word' id='word_1_338' title='bbox 607 4399 725 4452; x_wconf 89' lang='lat' dir='ltr'>ulla</span> <span class='ocrx_word' id='word_1_339' title='bbox 751 4400 1071 4467; x_wconf 89' lang='lat' dir='ltr'>sumpserat</span> <span class='ocrx_word' id='word_1_340' title='bbox 1094 4412 1106 4450; x_wconf 90' lang='lat'>:</span> <span class='ocrx_word' id='word_1_341' title='bbox 1135 4395 1195 4450; x_wconf 91' lang='lat' dir='ltr'>id</span> <span class='ocrx_word' id='word_1_342' title='bbox 1214 4400 1406 4449; x_wconf 88' lang='lat' dir='ltr'>tamen</span> <span class='ocrx_word' id='word_1_343' title='bbox 1420 4401 1647 4449; x_wconf 90' lang='lat' dir='ltr'>sanctus</span> <span class='ocrx_word' id='word_1_344' title='bbox 1674 4396 1887 4449; x_wconf 76' lang='lat' dir='ltr'>Prmsul</span> 
     </span>
    </p>
   </div>
   <div class='ocr_carea' id='block_1_48' title="bbox 184 4484 1887 4559">
    <p class='ocr_par' dir='ltr' id='par_1_48' title="bbox 184 4484 1887 4559">
     <span class='ocr_line' id='line_1_48' title="bbox 184 4484 1887 4559; baseline -0.002 -18"><span class='ocrx_word' id='word_1_345' title='bbox 184 4488 330 4543; x_wconf 89' lang='lat' dir='ltr'>haud</span> <span class='ocrx_word' id='word_1_346' title='bbox 360 4487 419 4542; x_wconf 88' lang='lat' dir='ltr'>in</span> <span class='ocrx_word' id='word_1_347' title='bbox 451 4488 658 4541; x_wconf 89' lang='lat' dir='ltr'>malam</span> <span class='ocrx_word' id='word_1_348' title='bbox 686 4490 906 4559; x_wconf 88' lang='lat' dir='ltr'>partem</span> <span class='ocrx_word' id='word_1_349' title='bbox 928 4485 1231 4556; x_wconf 88' lang='lat' dir='ltr'>accipiens,</span> <span class='ocrx_word' id='word_1_350' title='bbox 1251 4485 1454 4538; x_wconf 88' lang='lat' dir='ltr'>iterato</span> <span class='ocrx_word' id='word_1_351' title='bbox 1476 4484 1544 4539; x_wconf 87' lang='lat' dir='ltr'>ad</span> <span class='ocrx_word' id='word_1_352' title='bbox 1572 4484 1735 4538; x_wconf 89' lang='lat' dir='ltr'>illum</span> <span class='ocrx_word' id='word_1_353' title='bbox 1756 4484 1887 4537; x_wconf 88' lang='lat' dir='ltr'>scri-</span> 
     </span>
    </p>
   </div>
   <div class='ocr_carea' id='block_1_49' title="bbox 184 4572 1887 4648">
    <p class='ocr_par' dir='ltr' id='par_1_49' title="bbox 184 4572 1887 4648">
     <span class='ocr_line' id='line_1_49' title="bbox 184 4572 1887 4648; baseline -0.002 -18"><span class='ocrx_word' id='word_1_354' title='bbox 184 4578 309 4647; x_wconf 89' lang='lat' dir='ltr'>psit.</span> <span class='ocrx_word' id='word_1_355' title='bbox 336 4578 482 4632; x_wconf 73' lang='lat' dir='ltr'>Nam</span> <span class='ocrx_word' id='word_1_356' title='bbox 505 4576 639 4648; x_wconf 89' lang='lat' dir='ltr'>quia</span> <span class='ocrx_word' id='word_1_357' title='bbox 654 4576 944 4630; x_wconf 88' lang='lat' dir='ltr'>auditione</span> <span class='ocrx_word' id='word_1_358' title='bbox 974 4578 1284 4644; x_wconf 89' lang='lat' dir='ltr'>acceperat.</span> <span class='ocrx_word' id='word_1_359' title='bbox 1320 4572 1618 4644; x_wconf 88' lang='lat' dir='ltr'>Pelagium</span> <span class='ocrx_word' id='word_1_360' title='bbox 1640 4573 1887 4627; x_wconf 87' lang='lat' dir='ltr'>multum</span> 
     </span>
    </p>
   </div>
   <div class='ocr_carea' id='block_1_50' title="bbox 184 4662 1885 4736">
    <p class='ocr_par' dir='ltr' id='par_1_50' title="bbox 184 4662 1885 4736">
     <span class='ocr_line' id='line_1_50' title="bbox 184 4662 1885 4736; baseline -0.002 -17"><span class='ocrx_word' id='word_1_361' title='bbox 184 4666 343 4736; x_wconf 88' lang='lat' dir='ltr'>diligi</span> <span class='ocrx_word' id='word_1_362' title='bbox 384 4683 415 4719; x_wconf 89' lang='lat' dir='ltr'>a</span> <span class='ocrx_word' id='word_1_363' title='bbox 441 4667 678 4731; x_wconf 82' lang='lat' dir='ltr'>Joanne,</span> <span class='ocrx_word' id='word_1_364' title='bbox 705 4666 856 4718; x_wconf 89' lang='lat' dir='ltr'>hunc</span> <span class='ocrx_word' id='word_1_365' title='bbox 886 4667 1081 4717; x_wconf 84' lang='lat' dir='ltr'>monet</span> <span class='ocrx_word' id='word_1_366' title='bbox 1109 4679 1236 4716; x_wconf 87' lang='lat' dir='ltr'>eam</span> <span class='ocrx_word' id='word_1_367' title='bbox 1256 4662 1340 4715; x_wconf 91' lang='lat' dir='ltr'>illi</span> <span class='ocrx_word' id='word_1_368' title='bbox 1369 4662 1746 4716; x_wconf 77' lang='lat' dir='ltr'>exhibendam</span> <span class='ocrx_word' id='word_1_369' title='bbox 1768 4678 1885 4716; x_wconf 76' lang='lat' dir='ltr'>esse</span> 
     </span>
    </p>
   </div>
   <div class='ocr_carea' id='block_1_51' title="bbox 183 4751 1886 4825">
    <p class='ocr_par' dir='ltr' id='par_1_51' title="bbox 183 4751 1886 4825">
     <span class='ocr_line' id='line_1_51' title="bbox 183 4751 1886 4825; baseline -0.002 -17"><span class='ocrx_word' id='word_1_370' title='bbox 183 4755 249 4808; x_wconf 89' lang='lat' dir='ltr'>ab</span> <span class='ocrx_word' id='word_1_371' title='bbox 280 4755 406 4825; x_wconf 92' lang='lat' dir='ltr'>ipso</span> <span class='ocrx_word' id='word_1_372' title='bbox 439 4752 825 4820; x_wconf 87' lang='lat' dir='ltr'>dilectionem,</span> <span class='ocrx_word' id='word_1_373' title='bbox 857 4759 923 4807; x_wconf 92' lang='lat' dir='ltr'>ut</span> <span class='ocrx_word' id='word_1_374' title='bbox 951 4753 1072 4823; x_wconf 90' lang='lat' dir='ltr'>ipse</span> <span class='ocrx_word' id='word_1_375' title='bbox 1102 4751 1223 4806; x_wconf 89' lang='lat' dir='ltr'>falli</span> <span class='ocrx_word' id='word_1_376' title='bbox 1251 4768 1282 4805; x_wconf 89' lang='lat' dir='ltr'>a</span> <span class='ocrx_word' id='word_1_377' title='bbox 1301 4751 1528 4823; x_wconf 89' lang='lat' dir='ltr'>Pelagio</span> <span class='ocrx_word' id='word_1_378' title='bbox 1560 4768 1675 4805; x_wconf 91' lang='lat' dir='ltr'>non</span> <span class='ocrx_word' id='word_1_379' title='bbox 1699 4751 1886 4805; x_wconf 82' lang='lat' dir='ltr'>existi-</span> 
     </span>
    </p>
   </div>
   <div class='ocr_carea' id='block_1_52' title="bbox 184 4840 1885 4913">
    <p class='ocr_par' dir='ltr' id='par_1_52' title="bbox 184 4840 1885 4913">
     <span class='ocr_line' id='line_1_52' title="bbox 184 4840 1885 4913; baseline -0.002 -15"><span class='ocrx_word' id='word_1_380' title='bbox 184 4850 390 4899; x_wconf 90' lang='lat' dir='ltr'>metur.</span> <span class='ocrx_word' id='word_1_381' title='bbox 428 4843 700 4897; x_wconf 69' lang='lat' dir='ltr'>Haaresim</span> <span class='ocrx_word' id='word_1_382' title='bbox 732 4859 865 4913; x_wconf 91' lang='lat' dir='ltr'>ergo</span> <span class='ocrx_word' id='word_1_383' title='bbox 892 4841 1111 4912; x_wconf 88' lang='lat' dir='ltr'>Pelagii</span> <span class='ocrx_word' id='word_1_384' title='bbox 1150 4840 1357 4911; x_wconf 88' lang='lat' dir='ltr'>retegit</span> <span class='ocrx_word' id='word_1_385' title='bbox 1384 4845 1707 4895; x_wconf 90' lang='lat' dir='ltr'>contentam</span> <span class='ocrx_word' id='word_1_386' title='bbox 1739 4841 1885 4895; x_wconf 85' lang='lat' dir='ltr'>libro</span> 
     </span>
    </p>
   </div>
   <div class='ocr_carea' id='block_1_53' title="bbox 180 4929 1886 5003">
    <p class='ocr_par' dir='ltr' id='par_1_53' title="bbox 180 4929 1886 5003">
     <span class='ocr_line' id='line_1_53' title="bbox 180 4929 1886 5003; baseline -0.004 -15"><span class='ocrx_word' id='word_1_387' title='bbox 180 4950 280 5003; x_wconf 87' lang='lat' dir='ltr'>per</span> <span class='ocrx_word' id='word_1_388' title='bbox 305 4950 440 4988; x_wconf 88' lang='lat' dir='ltr'>eum</span> <span class='ocrx_word' id='word_1_389' title='bbox 468 4934 538 4987; x_wconf 89' lang='lat' dir='ltr'>ad</span> <span class='ocrx_word' id='word_1_390' title='bbox 557 4932 907 4987; x_wconf 82' lang='lat' dir='ltr'>extollendas</span> <span class='ocrx_word' id='word_1_391' title='bbox 937 4936 1157 4985; x_wconf 77' lang='lat' dir='ltr'>naturae</span> <span class='ocrx_word' id='word_1_392' title='bbox 1177 4930 1324 4984; x_wconf 88' lang='lat' dir='ltr'>vires</span> <span class='ocrx_word' id='word_1_393' title='bbox 1345 4929 1679 5000; x_wconf 90' lang='lat' dir='ltr'>composito,</span> <span class='ocrx_word' id='word_1_394' title='bbox 1712 4945 1886 5000; x_wconf 89' lang='lat' dir='ltr'>quem</span> 
     </span>
    </p>
   </div>
   <div class='ocr_carea' id='block_1_54' title="bbox 180 5019 1885 5092">
    <p class='ocr_par' dir='ltr' id='par_1_54' title="bbox 180 5019 1885 5092">
     <span class='ocr_line' id='line_1_54' title="bbox 180 5019 1885 5092; baseline -0.001 -19"><span class='ocrx_word' id='word_1_395' title='bbox 180 5020 259 5075; x_wconf 88' lang='lat' dir='ltr'>illi</span> <span class='ocrx_word' id='word_1_396' title='bbox 287 5021 647 5088; x_wconf 88' lang='lat' dir='ltr'>transmittit,</span> <span class='ocrx_word' id='word_1_397' title='bbox 680 5038 795 5075; x_wconf 88' lang='lat' dir='ltr'>una</span> <span class='ocrx_word' id='word_1_398' title='bbox 819 5037 947 5076; x_wconf 86' lang='lat' dir='ltr'>cum</span> <span class='ocrx_word' id='word_1_399' title='bbox 966 5022 1241 5092; x_wconf 91' lang='lat' dir='ltr'>opusculo</span> <span class='ocrx_word' id='word_1_400' title='bbox 1274 5020 1342 5074; x_wconf 88' lang='lat' dir='ltr'>de</span> <span class='ocrx_word' id='word_1_401' title='bbox 1375 5022 1584 5075; x_wconf 86' lang='lat' dir='ltr'>Natura</span> <span class='ocrx_word' id='word_1_402' title='bbox 1612 5024 1667 5073; x_wconf 90' lang='lat' dir='ltr'>et</span> <span class='ocrx_word' id='word_1_403' title='bbox 1696 5019 1885 5073; x_wconf 87' lang='lat' dir='ltr'>Gratia</span> 
     </span>
    </p>
   </div>
   <div class='ocr_carea' id='block_1_55' title="bbox 181 5108 1881 5180">
    <p class='ocr_par' dir='ltr' id='par_1_55' title="bbox 181 5108 1881 5180">
     <span class='ocr_line' id='line_1_55' title="bbox 181 5108 1881 5180; baseline -0.001 -17"><span class='ocrx_word' id='word_1_404' title='bbox 181 5127 212 5163; x_wconf 88' lang='lat' dir='ltr'>a</span> <span class='ocrx_word' id='word_1_405' title='bbox 240 5128 298 5164; x_wconf 89' lang='lat' dir='ltr'>se</span> <span class='ocrx_word' id='word_1_406' title='bbox 322 5116 523 5164; x_wconf 88' lang='lat' dir='ltr'>contra</span> <span class='ocrx_word' id='word_1_407' title='bbox 546 5111 720 5164; x_wconf 85' lang='lat' dir='ltr'>istum</span> <span class='ocrx_word' id='word_1_408' title='bbox 744 5110 951 5164; x_wconf 90' lang='lat' dir='ltr'>librum</span> <span class='ocrx_word' id='word_1_409' title='bbox 983 5110 1274 5164; x_wconf 86' lang='lat' dir='ltr'>elaborato</span> <span class='ocrx_word' id='word_1_410' title='bbox 1300 5126 1312 5164; x_wconf 91' lang='lat'><strong>:</strong></span> <span class='ocrx_word' id='word_1_411' title='bbox 1337 5109 1589 5180; x_wconf 85' lang='lat' dir='ltr'>petitque</span> <span class='ocrx_word' id='word_1_412' title='bbox 1611 5108 1881 5173; x_wconf 83' lang='lat' dir='ltr'>vicissim,</span> 
     </span>
    </p>
   </div>
   <div class='ocr_carea' id='block_1_56' title="bbox 179 5198 1879 5268">
    <p class='ocr_par' dir='ltr' id='par_1_56' title="bbox 179 5198 1879 5268">
     <span class='ocr_line' id='line_1_56' title="bbox 179 5198 1879 5268; baseline -0.001 -14"><span class='ocrx_word' id='word_1_413' title='bbox 179 5205 241 5255; x_wconf 89' lang='lat' dir='ltr'>ut</span> <span class='ocrx_word' id='word_1_414' title='bbox 268 5202 379 5256; x_wconf 91' lang='lat' dir='ltr'>sibi</span> <span class='ocrx_word' id='word_1_415' title='bbox 440 5203 631 5256; x_wconf 91' lang='lat' dir='ltr'>mittat</span> <span class='ocrx_word' id='word_1_416' title='bbox 673 5203 838 5256; x_wconf 89' lang='lat' dir='ltr'>Gesta</span> <span class='ocrx_word' id='word_1_417' title='bbox 871 5199 1251 5254; x_wconf 89' lang='lat' dir='ltr'>ecclesiastica</span> <span class='ocrx_word' id='word_1_418' title='bbox 1292 5198 1611 5253; x_wconf 63' lang='lat' dir='ltr'>Palaestinae</span> <span class='ocrx_word' id='word_1_419' title='bbox 1660 5198 1879 5268; x_wconf 84' lang='lat' dir='ltr'>synodi,</span> 
     </span>
    </p>
   </div>
   <div class='ocr_carea' id='block_1_57' title="bbox 179 5286 1879 5362">
    <p class='ocr_par' dir='ltr' id='par_1_57' title="bbox 179 5286 1879 5362">
     <span class='ocr_line' id='line_1_57' title="bbox 179 5286 1879 5362; baseline -0.002 -17"><span class='ocrx_word' id='word_1_420' title='bbox 179 5291 385 5361; x_wconf 90' lang='lat' dir='ltr'>quibus</span> <span class='ocrx_word' id='word_1_421' title='bbox 400 5291 667 5362; x_wconf 84' lang='lat' dir='ltr'>Pelagius</span> <span class='ocrx_word' id='word_1_422' title='bbox 691 5290 1029 5361; x_wconf 89' lang='lat' dir='ltr'>perhibetur</span> <span class='ocrx_word' id='word_1_423' title='bbox 1054 5305 1175 5342; x_wconf 89' lang='lat' dir='ltr'>esse</span> <span class='ocrx_word' id='word_1_424' title='bbox 1206 5291 1482 5358; x_wconf 88' lang='lat' dir='ltr'>purgatus</span> <span class='ocrx_word' id='word_1_425' title='bbox 1514 5286 1710 5356; x_wconf 87' lang='lat' dir='ltr'>(Epist.</span> <span class='ocrx_word' id='word_1_426' title='bbox 1739 5290 1879 5358; x_wconf 78' lang='grc'>179).</span> 
     </span>
    </p>
   </div>
   <div class='ocr_carea' id='block_1_58' title="bbox 248 5374 1880 5449">
    <p class='ocr_par' dir='ltr' id='par_1_58' title="bbox 248 5374 1880 5449">
     <span class='ocr_line' id='line_1_58' title="bbox 248 5374 1880 5449; baseline -0.003 -15"><span class='ocrx_word' id='word_1_427' title='bbox 248 5384 298 5434; x_wconf 88' lang='grc'>6.</span> <span class='ocrx_word' id='word_1_428' title='bbox 335 5382 449 5435; x_wconf 88' lang='lat' dir='ltr'>Hoc</span> <span class='ocrx_word' id='word_1_429' title='bbox 467 5380 639 5434; x_wconf 89' lang='lat' dir='ltr'>etiam</span> <span class='ocrx_word' id='word_1_430' title='bbox 663 5396 832 5445; x_wconf 89' lang='lat' dir='ltr'>anno,</span> <span class='ocrx_word' id='word_1_431' title='bbox 857 5395 1043 5449; x_wconf 86' lang='lat' dir='ltr'>neque</span> <span class='ocrx_word' id='word_1_432' title='bbox 1063 5379 1243 5432; x_wconf 91' lang='lat' dir='ltr'>multo</span> <span class='ocrx_word' id='word_1_433' title='bbox 1264 5380 1392 5448; x_wconf 92' lang='lat' dir='ltr'>post</span> <span class='ocrx_word' id='word_1_434' title='bbox 1407 5374 1591 5431; x_wconf 89' lang='lat' dir='ltr'>Orosii</span> <span class='ocrx_word' id='word_1_435' title='bbox 1611 5375 1880 5445; x_wconf 89' lang='lat' dir='ltr'>reditum,</span> 
     </span>
    </p>
   </div>
   <div class='ocr_carea' id='block_1_59' title="bbox 178 5465 1880 5540">
    <p class='ocr_par' dir='ltr' id='par_1_59' title="bbox 178 5465 1880 5540">
     <span class='ocr_line' id='line_1_59' title="bbox 178 5465 1880 5540; baseline -0.002 -18"><span class='ocrx_word' id='word_1_436' title='bbox 178 5468 529 5540; x_wconf 83' lang='lat' dir='ltr'>Augustinus</span> <span class='ocrx_word' id='word_1_437' title='bbox 564 5467 997 5539; x_wconf 88' lang='lat' dir='ltr'>responsionem</span> <span class='ocrx_word' id='word_1_438' title='bbox 1040 5467 1111 5522; x_wconf 90' lang='lat' dir='ltr'>ad</span> <span class='ocrx_word' id='word_1_439' title='bbox 1156 5465 1413 5537; x_wconf 85' lang='lat' dir='ltr'>geminas</span> <span class='ocrx_word' id='word_1_440' title='bbox 1456 5468 1715 5519; x_wconf 88' lang='lat' dir='ltr'>ternasve</span> <span class='ocrx_word' id='word_1_441' title='bbox 1762 5465 1880 5535; x_wconf 87' lang='lat' dir='ltr'>epi-</span> 
     </span>
    </p>
   </div>
   <div class='ocr_carea' id='block_1_60' title="bbox 178 5552 1876 5628">
    <p class='ocr_par' dir='ltr' id='par_1_60' title="bbox 178 5552 1876 5628">
     <span class='ocr_line' id='line_1_60' title="bbox 178 5552 1876 5628; baseline -0.002 -17"><span class='ocrx_word' id='word_1_442' title='bbox 178 5558 348 5612; x_wconf 85' lang='lat' dir='ltr'>stolas</span> <span class='ocrx_word' id='word_1_443' title='bbox 396 5558 607 5612; x_wconf 86' lang='lat' dir='ltr'>Oceani</span> <span class='ocrx_word' id='word_1_444' title='bbox 650 5557 848 5622; x_wconf 88' lang='lat' dir='ltr'>dedit;</span> <span class='ocrx_word' id='word_1_445' title='bbox 884 5571 1058 5628; x_wconf 88' lang='lat' dir='ltr'>quem</span> <span class='ocrx_word' id='word_1_446' title='bbox 1097 5556 1383 5612; x_wconf 89' lang='lat' dir='ltr'>celebrem</span> <span class='ocrx_word' id='word_1_447' title='bbox 1424 5554 1672 5610; x_wconf 88' lang='lat' dir='ltr'>amicum</span> <span class='ocrx_word' id='word_1_448' title='bbox 1710 5552 1876 5609; x_wconf 90' lang='lat' dir='ltr'>illum</span> 
     </span>
    </p>
   </div>
   <div class='ocr_carea' id='block_1_61' title="bbox 1648 289 3707 366">
    <p class='ocr_par' dir='ltr' id='par_1_61' title="bbox 1648 289 3707 366">
     <span class='ocr_line' id='line_1_61' title="bbox 1648 289 3707 366; baseline 0.012 -24"><span class='ocrx_word' id='word_1_449' title='bbox 1648 289 1858 345; x_wconf 77' lang='lat' dir='ltr'>LIBER</span> <span class='ocrx_word' id='word_1_450' title='bbox 1899 290 2264 349; x_wconf 86' lang='lat' dir='ltr'>SEPTIMUS.</span> <span class='ocrx_word' id='word_1_451' title='bbox 3605 313 3707 366; x_wconf 77' lang='grc'>486</span> 
     </span>
    </p>
   </div>
   <div class='ocr_carea' id='block_1_62' title="bbox 2012 414 3705 501">
    <p class='ocr_par' dir='ltr' id='par_1_62' title="bbox 2012 414 3705 501">
     <span class='ocr_line' id='line_1_62' title="bbox 2012 414 3705 501; baseline 0.011 -34"><span class='ocrx_word' id='word_1_452' title='bbox 2012 414 2343 485; x_wconf 84' lang='lat' dir='ltr'>Hieronymi</span> <span class='ocrx_word' id='word_1_453' title='bbox 2369 414 2540 470; x_wconf 87' lang='lat' dir='ltr'>fuisse</span> <span class='ocrx_word' id='word_1_454' title='bbox 2557 417 2749 487; x_wconf 80' lang='lat' dir='ltr'>(Apud</span> <span class='ocrx_word' id='word_1_455' title='bbox 2762 420 3153 492; x_wconf 85' lang='lat' dir='ltr'>Augustinum,</span> <span class='ocrx_word' id='word_1_456' title='bbox 3178 428 3356 494; x_wconf 84' lang='lat' dir='ltr'>Epist.</span> <span class='ocrx_word' id='word_1_457' title='bbox 3396 429 3514 490; x_wconf 88' lang='lat'>165,</span> <span class='ocrx_word' id='word_1_458' title='bbox 3545 446 3600 484; x_wconf 84' lang='grc' dir='ltr'>η.</span> <span class='ocrx_word' id='word_1_459' title='bbox 3632 433 3705 501; x_wconf 88' lang='grc'>3),</span> 
     </span>
    </p>
   </div>
   <div class='ocr_carea' id='block_1_63' title="bbox 2007 504 3706 587">
    <p class='ocr_par' dir='ltr' id='par_1_63' title="bbox 2007 504 3706 587">
     <span class='ocr_line' id='line_1_63' title="bbox 2007 504 3706 587; baseline 0.009 -31"><span class='ocrx_word' id='word_1_460' title='bbox 2007 504 2220 574; x_wconf 91' lang='lat' dir='ltr'>quippe</span> <span class='ocrx_word' id='word_1_461' title='bbox 2251 505 2350 576; x_wconf 91' lang='lat' dir='ltr'>qui</span> <span class='ocrx_word' id='word_1_462' title='bbox 2372 505 2493 577; x_wconf 90' lang='lat' dir='ltr'>ejus</span> <span class='ocrx_word' id='word_1_463' title='bbox 2525 523 2637 561; x_wconf 90' lang='lat' dir='ltr'>non</span> <span class='ocrx_word' id='word_1_464' title='bbox 2663 509 2831 563; x_wconf 91' lang='lat' dir='ltr'>modo</span> <span class='ocrx_word' id='word_1_465' title='bbox 2859 511 3186 565; x_wconf 86' lang='lat' dir='ltr'>evolvendis</span> <span class='ocrx_word' id='word_1_466' title='bbox 3226 513 3451 584; x_wconf 87' lang='lat' dir='ltr'>scriptis</span> <span class='ocrx_word' id='word_1_467' title='bbox 3473 533 3706 587; x_wconf 89' lang='lat' dir='ltr'>operam</span> 
     </span>
    </p>
   </div>
   <div class='ocr_carea' id='block_1_64' title="bbox 2007 592 3704 673">
    <p class='ocr_par' dir='ltr' id='par_1_64' title="bbox 2007 592 3704 673">
     <span class='ocr_line' id='line_1_64' title="bbox 2007 592 3704 673; baseline 0.008 -28"><span class='ocrx_word' id='word_1_468' title='bbox 2007 592 2184 659; x_wconf 90' lang='lat' dir='ltr'>daret,</span> <span class='ocrx_word' id='word_1_469' title='bbox 2218 593 2317 647; x_wconf 91' lang='lat' dir='ltr'>sed</span> <span class='ocrx_word' id='word_1_470' title='bbox 2368 595 2683 650; x_wconf 89' lang='lat' dir='ltr'>doctrinam</span> <span class='ocrx_word' id='word_1_471' title='bbox 2714 614 2783 651; x_wconf 82' lang='lat' dir='ltr'>ex</span> <span class='ocrx_word' id='word_1_472' title='bbox 2809 615 2905 653; x_wconf 91' lang='lat' dir='ltr'>ore</span> <span class='ocrx_word' id='word_1_473' title='bbox 2953 616 3181 670; x_wconf 91' lang='lat' dir='ltr'>quoque</span> <span class='ocrx_word' id='word_1_474' title='bbox 3223 603 3507 673; x_wconf 87' lang='lat' dir='ltr'>loquentis</span> <span class='ocrx_word' id='word_1_475' title='bbox 3557 607 3704 659; x_wconf 81' lang='lat' dir='ltr'>exci-</span> 
     </span>
    </p>
   </div>
   <div class='ocr_carea' id='block_1_65' title="bbox 2002 684 3702 762">
    <p class='ocr_par' dir='ltr' id='par_1_65' title="bbox 2002 684 3702 762">
     <span class='ocr_line' id='line_1_65' title="bbox 2002 684 3702 762; baseline 0.009 -29"><span class='ocrx_word' id='word_1_476' title='bbox 2002 685 2161 751; x_wconf 92' lang='lat' dir='ltr'>peret</span> <span class='ocrx_word' id='word_1_477' title='bbox 2198 684 2406 752; x_wconf 86' lang='lat' dir='ltr'>(Epist.</span> <span class='ocrx_word' id='word_1_478' title='bbox 2468 686 2588 754; x_wconf 90' lang='grc'>180,</span> <span class='ocrx_word' id='word_1_479' title='bbox 2636 702 2690 739; x_wconf 90' lang='lat' dir='ltr'>n.</span> <span class='ocrx_word' id='word_1_480' title='bbox 2732 690 2811 754; x_wconf 88' lang='grc'>2),</span> <span class='ocrx_word' id='word_1_481' title='bbox 2858 687 3306 760; x_wconf 84' lang='lat' dir='ltr'>haudquaquam</span> <span class='ocrx_word' id='word_1_482' title='bbox 3338 693 3702 762; x_wconf 89' lang='lat' dir='ltr'>ambigimus.</span> 
     </span>
    </p>
   </div>
   <div class='ocr_carea' id='block_1_66' title="bbox 2004 768 3704 851">
    <p class='ocr_par' dir='ltr' id='par_1_66' title="bbox 2004 768 3704 851">
     <span class='ocr_line' id='line_1_66' title="bbox 2004 768 3704 851; baseline 0.009 -30"><span class='ocrx_word' id='word_1_483' title='bbox 2004 769 2068 821; x_wconf 92' lang='lat' dir='ltr'>In</span> <span class='ocrx_word' id='word_1_484' title='bbox 2098 768 2213 823; x_wconf 90' lang='lat' dir='ltr'>suis</span> <span class='ocrx_word' id='word_1_485' title='bbox 2234 770 2329 823; x_wconf 92' lang='lat' dir='ltr'>ille</span> <span class='ocrx_word' id='word_1_486' title='bbox 2351 771 2606 840; x_wconf 90' lang='lat' dir='ltr'>epistolis</span> <span class='ocrx_word' id='word_1_487' title='bbox 2636 773 2704 827; x_wconf 93' lang='lat' dir='ltr'>de</span> <span class='ocrx_word' id='word_1_488' title='bbox 2732 774 2952 844; x_wconf 89' lang='lat' dir='ltr'>origine</span> <span class='ocrx_word' id='word_1_489' title='bbox 2984 777 3192 831; x_wconf 65' lang='lat' dir='ltr'>animas</span> <span class='ocrx_word' id='word_1_490' title='bbox 3220 779 3474 849; x_wconf 90' lang='lat' dir='ltr'>primum</span> <span class='ocrx_word' id='word_1_491' title='bbox 3506 798 3704 851; x_wconf 86' lang='lat' dir='ltr'>agens,</span> 
     </span>
    </p>
   </div>
   <div class='ocr_carea' id='block_1_67' title="bbox 2002 858 3706 937">
    <p class='ocr_par' dir='ltr' id='par_1_67' title="bbox 2002 858 3706 937">
     <span class='ocr_line' id='line_1_67' title="bbox 2002 858 3706 937; baseline 0.01 -29"><span class='ocrx_word' id='word_1_492' title='bbox 2002 858 2360 927; x_wconf 89' lang='lat' dir='ltr'>proponebat</span> <span class='ocrx_word' id='word_1_493' title='bbox 2411 876 2475 912; x_wconf 85' lang='lat' dir='ltr'>ex</span> <span class='ocrx_word' id='word_1_494' title='bbox 2508 860 2837 932; x_wconf 83' lang='lat' dir='ltr'>Hieronymi</span> <span class='ocrx_word' id='word_1_495' title='bbox 2875 866 3175 932; x_wconf 89' lang='lat' dir='ltr'>sententia,</span> <span class='ocrx_word' id='word_1_496' title='bbox 3227 870 3516 937; x_wconf 89' lang='lat' dir='ltr'>quomodo</span> <span class='ocrx_word' id='word_1_497' title='bbox 3562 873 3706 924; x_wconf 89' lang='lat' dir='ltr'>Deus</span> 
     </span>
    </p>
   </div>
   <div class='ocr_carea' id='block_1_68' title="bbox 2004 945 3705 1028">
    <p class='ocr_par' dir='ltr' id='par_1_68' title="bbox 2004 945 3705 1028">
     <span class='ocr_line' id='line_1_68' title="bbox 2004 945 3705 1028; baseline 0.009 -31"><span class='ocrx_word' id='word_1_498' title='bbox 2004 945 2338 1000; x_wconf 90' lang='lat' dir='ltr'>adulterinis</span> <span class='ocrx_word' id='word_1_499' title='bbox 2383 949 2553 1002; x_wconf 89' lang='lat' dir='ltr'>etiam</span> <span class='ocrx_word' id='word_1_500' title='bbox 2589 953 3119 1024; x_wconf 87' lang='lat' dir='ltr'>conceptibusjuste</span> <span class='ocrx_word' id='word_1_501' title='bbox 3151 956 3368 1010; x_wconf 89' lang='lat' dir='ltr'>animas</span> <span class='ocrx_word' id='word_1_502' title='bbox 3404 958 3705 1028; x_wconf 87' lang='lat' dir='ltr'>largiatur.</span> 
     </span>
    </p>
   </div>
   <div class='ocr_carea' id='block_1_69' title="bbox 2004 1034 3704 1113">
    <p class='ocr_par' dir='ltr' id='par_1_69' title="bbox 2004 1034 3704 1113">
     <span class='ocr_line' id='line_1_69' title="bbox 2004 1034 3704 1113; baseline 0.008 -27"><span class='ocrx_word' id='word_1_503' title='bbox 2004 1034 2213 1088; x_wconf 83' lang='lat' dir='ltr'>Verum</span> <span class='ocrx_word' id='word_1_504' title='bbox 2243 1052 2357 1089; x_wconf 90' lang='lat' dir='ltr'>non</span> <span class='ocrx_word' id='word_1_505' title='bbox 2387 1035 2595 1091; x_wconf 87' lang='lat' dir='ltr'>hancce</span> <span class='ocrx_word' id='word_1_506' title='bbox 2626 1040 3018 1108; x_wconf 70' lang='lat' dir='ltr'>quaestionem,</span> <span class='ocrx_word' id='word_1_507' title='bbox 3053 1042 3150 1096; x_wconf 91' lang='lat' dir='ltr'>sed</span> <span class='ocrx_word' id='word_1_508' title='bbox 3172 1043 3327 1096; x_wconf 89' lang='lat' dir='ltr'>illam</span> <span class='ocrx_word' id='word_1_509' title='bbox 3358 1046 3550 1113; x_wconf 88' lang='lat' dir='ltr'>potius</span> <span class='ocrx_word' id='word_1_510' title='bbox 3580 1063 3704 1100; x_wconf 88' lang='lat' dir='ltr'>mo-</span> 
     </span>
    </p>
   </div>
   <div class='ocr_carea' id='block_1_70' title="bbox 2002 1122 3708 1203">
    <p class='ocr_par' dir='ltr' id='par_1_70' title="bbox 2002 1122 3708 1203">
     <span class='ocr_line' id='line_1_70' title="bbox 2002 1122 3708 1203; baseline 0.008 -28"><span class='ocrx_word' id='word_1_511' title='bbox 2002 1122 2204 1177; x_wconf 86' lang='lat' dir='ltr'>lestam</span> <span class='ocrx_word' id='word_1_512' title='bbox 2235 1141 2355 1178; x_wconf 91' lang='lat' dir='ltr'>esse</span> <span class='ocrx_word' id='word_1_513' title='bbox 2404 1127 2709 1197; x_wconf 87' lang='lat' dir='ltr'>respondet</span> <span class='ocrx_word' id='word_1_514' title='bbox 2736 1129 3111 1199; x_wconf 83' lang='lat' dir='ltr'>Augustinus,</span> <span class='ocrx_word' id='word_1_515' title='bbox 3143 1148 3257 1201; x_wconf 88' lang='lat' dir='ltr'>qua</span> <span class='ocrx_word' id='word_1_516' title='bbox 3304 1134 3616 1203; x_wconf 85' lang='lat' dir='ltr'>quaeritur:</span> <span class='ocrx_word' id='word_1_517' title='bbox 3652 1136 3708 1190; x_wconf 89' lang='lat' dir='ltr'>Si</span> 
     </span>
    </p>
   </div>
   <div class='ocr_carea' id='block_1_71' title="bbox 2004 1212 3702 1289">
    <p class='ocr_par' dir='ltr' id='par_1_71' title="bbox 2004 1212 3702 1289">
     <span class='ocr_line' id='line_1_71' title="bbox 2004 1212 3702 1289; baseline 0.008 -26"><span class='ocrx_word' id='word_1_518' title='bbox 2004 1226 2164 1264; x_wconf 67' lang='lat' dir='ltr'>novas</span> <span class='ocrx_word' id='word_1_519' title='bbox 2212 1228 2279 1265; x_wconf 82' lang='lat' dir='ltr'>ex</span> <span class='ocrx_word' id='word_1_520' title='bbox 2326 1212 2505 1267; x_wconf 89' lang='lat' dir='ltr'>nihilo</span> <span class='ocrx_word' id='word_1_521' title='bbox 2556 1216 2763 1269; x_wconf 78' lang='lat' dir='ltr'>animae</span> <span class='ocrx_word' id='word_1_522' title='bbox 2795 1218 3033 1287; x_wconf 67' lang='lat' dir='ltr'>singulae</span> <span class='ocrx_word' id='word_1_523' title='bbox 3064 1220 3303 1289; x_wconf 90' lang='lat' dir='ltr'>singulis</span> <span class='ocrx_word' id='word_1_524' title='bbox 3336 1224 3702 1277; x_wconf 90' lang='lat' dir='ltr'>nascentibus</span> 
     </span>
    </p>
   </div>
   <div class='ocr_carea' id='block_1_72' title="bbox 2004 1299 3703 1381">
    <p class='ocr_par' dir='ltr' id='par_1_72' title="bbox 2004 1299 3703 1381">
     <span class='ocr_line' id='line_1_72' title="bbox 2004 1299 3703 1381; baseline 0.007 -29"><span class='ocrx_word' id='word_1_525' title='bbox 2004 1299 2167 1366; x_wconf 82' lang='lat' dir='ltr'>ﬁunt,</span> <span class='ocrx_word' id='word_1_526' title='bbox 2218 1302 2506 1366; x_wconf 89' lang='lat' dir='ltr'>quomodo</span> <span class='ocrx_word' id='word_1_527' title='bbox 2548 1303 2699 1372; x_wconf 84' lang='lat' dir='ltr'>juste</span> <span class='ocrx_word' id='word_1_528' title='bbox 2746 1305 2807 1357; x_wconf 90' lang='lat' dir='ltr'>in</span> <span class='ocrx_word' id='word_1_529' title='bbox 2846 1305 3274 1361; x_wconf 88' lang='lat' dir='ltr'>damnationem</span> <span class='ocrx_word' id='word_1_530' title='bbox 3306 1309 3533 1375; x_wconf 91' lang='lat' dir='ltr'>dantur,</span> <span class='ocrx_word' id='word_1_531' title='bbox 3575 1326 3703 1381; x_wconf 65' lang='lat' dir='ltr'>qum</span> 
     </span>
    </p>
   </div>
   <div class='ocr_carea' id='block_1_73' title="bbox 2005 1387 3705 1467">
    <p class='ocr_par' dir='ltr' id='par_1_73' title="bbox 2005 1387 3705 1467">
     <span class='ocr_line' id='line_1_73' title="bbox 2005 1387 3705 1467; baseline 0.007 -27"><span class='ocrx_word' id='word_1_532' title='bbox 2005 1387 2125 1442; x_wconf 91' lang='lat' dir='ltr'>sine</span> <span class='ocrx_word' id='word_1_533' title='bbox 2177 1389 2464 1459; x_wconf 89' lang='lat' dir='ltr'>Baptismo</span> <span class='ocrx_word' id='word_1_534' title='bbox 2506 1392 2574 1445; x_wconf 90' lang='lat' dir='ltr'>de</span> <span class='ocrx_word' id='word_1_535' title='bbox 2605 1393 2942 1462; x_wconf 88' lang='lat' dir='ltr'>corporibus</span> <span class='ocrx_word' id='word_1_536' title='bbox 2970 1399 3223 1449; x_wconf 79' lang='lat' dir='ltr'>exeunt?</span> <span class='ocrx_word' id='word_1_537' title='bbox 3261 1397 3456 1466; x_wconf 89' lang='lat' dir='ltr'>Neque</span> <span class='ocrx_word' id='word_1_538' title='bbox 3498 1399 3705 1467; x_wconf 90' lang='lat' dir='ltr'>probat</span> 
     </span>
    </p>
   </div>
   <div class='ocr_carea' id='block_1_74' title="bbox 2004 1479 3707 1557">
    <p class='ocr_par' dir='ltr' id='par_1_74' title="bbox 2004 1479 3707 1557">
     <span class='ocr_line' id='line_1_74' title="bbox 2004 1479 3707 1557; baseline 0.006 -29"><span class='ocrx_word' id='word_1_539' title='bbox 2004 1480 2225 1530; x_wconf 88' lang='lat' dir='ltr'>sanctus</span> <span class='ocrx_word' id='word_1_540' title='bbox 2276 1479 2497 1546; x_wconf 86' lang='lat' dir='ltr'>Doctor,</span> <span class='ocrx_word' id='word_1_541' title='bbox 2552 1481 2835 1535; x_wconf 66' lang='lat' dir='ltr'>solvendae</span> <span class='ocrx_word' id='word_1_542' title='bbox 2878 1482 3004 1535; x_wconf 82' lang='lat' dir='ltr'>aliae</span> <span class='ocrx_word' id='word_1_543' title='bbox 3054 1483 3122 1536; x_wconf 93' lang='lat' dir='ltr'>de</span> <span class='ocrx_word' id='word_1_544' title='bbox 3165 1485 3414 1538; x_wconf 83' lang='lat' dir='ltr'>officioso</span> <span class='ocrx_word' id='word_1_545' title='bbox 3462 1485 3707 1557; x_wconf 89' lang='lat' dir='ltr'>utilique</span> 
     </span>
    </p>
   </div>
   <div class='ocr_carea' id='block_1_75' title="bbox 2004 1565 3707 1644">
    <p class='ocr_par' dir='ltr' id='par_1_75' title="bbox 2004 1565 3707 1644">
     <span class='ocr_line' id='line_1_75' title="bbox 2004 1565 3707 1644; baseline 0.006 -27"><span class='ocrx_word' id='word_1_546' title='bbox 2004 1565 2298 1619; x_wconf 89' lang='lat' dir='ltr'>mendacio</span> <span class='ocrx_word' id='word_1_547' title='bbox 2339 1568 2661 1637; x_wconf 73' lang='lat' dir='ltr'>quaestioni,</span> <span class='ocrx_word' id='word_1_548' title='bbox 2714 1568 2970 1624; x_wconf 89' lang='lat' dir='ltr'>adhiberi</span> <span class='ocrx_word' id='word_1_549' title='bbox 3009 1572 3080 1625; x_wconf 91' lang='lat' dir='ltr'>ab</span> <span class='ocrx_word' id='word_1_550' title='bbox 3118 1572 3337 1626; x_wconf 90' lang='lat' dir='ltr'>Oceano</span> <span class='ocrx_word' id='word_1_551' title='bbox 3379 1576 3707 1644; x_wconf 85' lang='lat' dir='ltr'>exemplum</span> 
     </span>
    </p>
   </div>
   <div class='ocr_carea' id='block_1_76' title="bbox 2005 1653 3706 1719">
    <p class='ocr_par' dir='ltr' id='par_1_76' title="bbox 2005 1653 3706 1719">
     <span class='ocr_line' id='line_1_76' title="bbox 2005 1653 3706 1719; baseline 0.006 -14"><span class='ocrx_word' id='word_1_552' title='bbox 2005 1653 2249 1719; x_wconf 90' lang='lat' dir='ltr'>Domini,</span> <span class='ocrx_word' id='word_1_553' title='bbox 2298 1655 2365 1708; x_wconf 89' lang='lat' dir='ltr'>de</span> <span class='ocrx_word' id='word_1_554' title='bbox 2418 1656 2507 1709; x_wconf 92' lang='lat' dir='ltr'>die</span> <span class='ocrx_word' id='word_1_555' title='bbox 2565 1662 2619 1709; x_wconf 92' lang='lat' dir='ltr'>et</span> <span class='ocrx_word' id='word_1_556' title='bbox 2676 1658 2820 1712; x_wconf 87' lang='lat' dir='ltr'>hora</span> <span class='ocrx_word' id='word_1_557' title='bbox 2869 1660 3108 1714; x_wconf 85' lang='lat' dir='ltr'>ﬁniendi</span> <span class='ocrx_word' id='word_1_558' title='bbox 3141 1661 3335 1714; x_wconf 62' lang='lat' dir='ltr'>saeculi</span> <span class='ocrx_word' id='word_1_559' title='bbox 3365 1678 3467 1715; x_wconf 91' lang='lat' dir='ltr'>nec</span> <span class='ocrx_word' id='word_1_560' title='bbox 3497 1664 3706 1716; x_wconf 86' lang='lat' dir='ltr'>Filium</span> 
     </span>
    </p>
   </div>
   <div class='ocr_carea' id='block_1_77' title="bbox 2003 1739 3703 1819">
    <p class='ocr_par' dir='ltr' id='par_1_77' title="bbox 2003 1739 3703 1819">
     <span class='ocr_line' id='line_1_77' title="bbox 2003 1739 3703 1819; baseline 0.006 -25"><span class='ocrx_word' id='word_1_561' title='bbox 2003 1739 2145 1794; x_wconf 89' lang='lat' dir='ltr'>scire</span> <span class='ocrx_word' id='word_1_562' title='bbox 2177 1742 2437 1798; x_wconf 84' lang='lat' dir='ltr'>dicentis.</span> <span class='ocrx_word' id='word_1_563' title='bbox 2495 1745 2637 1798; x_wconf 86' lang='lat' dir='ltr'>Nam</span> <span class='ocrx_word' id='word_1_564' title='bbox 2676 1746 2963 1800; x_wconf 82' lang='lat' dir='ltr'>existimat</span> <span class='ocrx_word' id='word_1_565' title='bbox 3006 1749 3283 1818; x_wconf 89' lang='lat' dir='ltr'>tropicam</span> <span class='ocrx_word' id='word_1_566' title='bbox 3336 1751 3703 1819; x_wconf 91' lang='lat' dir='ltr'>locutionem,</span> 
     </span>
    </p>
   </div>
   <div class='ocr_carea' id='block_1_78' title="bbox 2004 1830 3703 1906">
    <p class='ocr_par' dir='ltr' id='par_1_78' title="bbox 2004 1830 3703 1906">
     <span class='ocr_line' id='line_1_78' title="bbox 2004 1830 3703 1906; baseline 0.007 -25"><span class='ocrx_word' id='word_1_567' title='bbox 2004 1830 2445 1899; x_wconf 86' lang='lat' dir='ltr'>qualisistafuit,</span> <span class='ocrx_word' id='word_1_568' title='bbox 2462 1835 2619 1886; x_wconf 92' lang='lat' dir='ltr'>nullo</span> <span class='ocrx_word' id='word_1_569' title='bbox 2642 1835 2811 1888; x_wconf 90' lang='lat' dir='ltr'>modo</span> <span class='ocrx_word' id='word_1_570' title='bbox 2835 1842 2982 1889; x_wconf 89' lang='lat' dir='ltr'>recte</span> <span class='ocrx_word' id='word_1_571' title='bbox 3004 1837 3115 1889; x_wconf 89' lang='lat' dir='ltr'>dici</span> <span class='ocrx_word' id='word_1_572' title='bbox 3138 1854 3302 1906; x_wconf 91' lang='lat' dir='ltr'>posse</span> <span class='ocrx_word' id='word_1_573' title='bbox 3321 1840 3703 1895; x_wconf 88' lang='lat' dir='ltr'>mendacium.</span> 
     </span>
    </p>
   </div>
   <div class='ocr_carea' id='block_1_79' title="bbox 2002 1920 3705 1997">
    <p class='ocr_par' dir='ltr' id='par_1_79' title="bbox 2002 1920 3705 1997">
     <span class='ocr_line' id='line_1_79' title="bbox 2002 1920 3705 1997; baseline 0.006 -25"><span class='ocrx_word' id='word_1_574' title='bbox 2002 1920 2150 1973; x_wconf 89' lang='lat' dir='ltr'>Petit</span> <span class='ocrx_word' id='word_1_575' title='bbox 2183 1921 2452 1991; x_wconf 91' lang='lat' dir='ltr'>denique,</span> <span class='ocrx_word' id='word_1_576' title='bbox 2485 1926 2549 1977; x_wconf 92' lang='lat' dir='ltr'>ut</span> <span class='ocrx_word' id='word_1_577' title='bbox 2574 1940 2784 1978; x_wconf 90' lang='lat' dir='ltr'>novum</span> <span class='ocrx_word' id='word_1_578' title='bbox 2815 1927 3119 1995; x_wconf 88' lang='lat' dir='ltr'>quemdam</span> <span class='ocrx_word' id='word_1_579' title='bbox 3146 1927 3472 1997; x_wconf 88' lang='lat' dir='ltr'>Hieronymi</span> <span class='ocrx_word' id='word_1_580' title='bbox 3493 1929 3705 1983; x_wconf 89' lang='lat' dir='ltr'>librum</span> 
     </span>
    </p>
   </div>
   <div class='ocr_carea' id='block_1_80' title="bbox 2002 2009 3527 2070">
    <p class='ocr_par' dir='ltr' id='par_1_80' title="bbox 2002 2009 3527 2070">
     <span class='ocr_line' id='line_1_80' title="bbox 2002 2009 3527 2070; baseline 0.005 -8"><span class='ocrx_word' id='word_1_581' title='bbox 2002 2009 2070 2062; x_wconf 93' lang='lat' dir='ltr'>de</span> <span class='ocrx_word' id='word_1_582' title='bbox 2100 2009 2511 2064; x_wconf 89' lang='lat' dir='ltr'>resurrectione</span> <span class='ocrx_word' id='word_1_583' title='bbox 2545 2012 2727 2065; x_wconf 91' lang='lat' dir='ltr'>carnis</span> <span class='ocrx_word' id='word_1_584' title='bbox 2760 2014 2983 2067; x_wconf 87' lang='lat' dir='ltr'>mittere</span> <span class='ocrx_word' id='word_1_585' title='bbox 3010 2014 3116 2067; x_wconf 92' lang='lat' dir='ltr'>sibi</span> <span class='ocrx_word' id='word_1_586' title='bbox 3139 2032 3257 2068; x_wconf 90' lang='lat' dir='ltr'>non</span> <span class='ocrx_word' id='word_1_587' title='bbox 3284 2016 3527 2070; x_wconf 82' lang='lat' dir='ltr'>ditferat.</span> 
     </span>
    </p>
   </div>
   <div class='ocr_carea' id='block_1_81' title="bbox 2072 2099 3706 2172">
    <p class='ocr_par' dir='ltr' id='par_1_81' title="bbox 2072 2099 3706 2172">
     <span class='ocr_line' id='line_1_81' title="bbox 2072 2099 3706 2172; baseline 0.006 -22"><span class='ocrx_word' id='word_1_588' title='bbox 2072 2102 2124 2151; x_wconf 84' lang='lat'>7.</span> <span class='ocrx_word' id='word_1_589' title='bbox 2162 2099 2437 2152; x_wconf 82' lang='lat' dir='ltr'>Baronius</span> <span class='ocrx_word' id='word_1_590' title='bbox 2460 2105 2514 2153; x_wconf 92' lang='lat' dir='ltr'>et</span> <span class='ocrx_word' id='word_1_591' title='bbox 2544 2117 2677 2154; x_wconf 90' lang='lat' dir='ltr'>eum</span> <span class='ocrx_word' id='word_1_592' title='bbox 2708 2101 2885 2155; x_wconf 86' lang='lat' dir='ltr'>secuti</span> <span class='ocrx_word' id='word_1_593' title='bbox 2916 2102 3218 2172; x_wconf 90' lang='lat' dir='ltr'>scriptores</span> <span class='ocrx_word' id='word_1_594' title='bbox 3247 2105 3533 2171; x_wconf 91' lang='lat' dir='ltr'>nonnulli,</span> <span class='ocrx_word' id='word_1_595' title='bbox 3566 2122 3706 2160; x_wconf 88' lang='lat' dir='ltr'>con-</span> 
     </span>
    </p>
   </div>
   <div class='ocr_carea' id='block_1_82' title="bbox 2001 2184 3707 2263">
    <p class='ocr_par' dir='ltr' id='par_1_82' title="bbox 2001 2184 3707 2263">
     <span class='ocr_line' id='line_1_82' title="bbox 2001 2184 3707 2263; baseline 0.005 -25"><span class='ocrx_word' id='word_1_596' title='bbox 2001 2184 2144 2239; x_wconf 90' lang='lat' dir='ltr'>ciliis</span> <span class='ocrx_word' id='word_1_597' title='bbox 2193 2187 2346 2256; x_wconf 88' lang='lat' dir='ltr'>apud</span> <span class='ocrx_word' id='word_1_598' title='bbox 2396 2188 2799 2258; x_wconf 86' lang='lat' dir='ltr'>Carthaginem</span> <span class='ocrx_word' id='word_1_599' title='bbox 2828 2206 2892 2243; x_wconf 87' lang='lat' dir='ltr'>ac</span> <span class='ocrx_word' id='word_1_600' title='bbox 2930 2190 3200 2245; x_wconf 82' lang='lat' dir='ltr'>Milevum</span> <span class='ocrx_word' id='word_1_601' title='bbox 3239 2209 3391 2247; x_wconf 90' lang='lat' dir='ltr'>anno</span> <span class='ocrx_word' id='word_1_602' title='bbox 3436 2194 3707 2263; x_wconf 64' lang='lat' dir='ltr'>praesenti</span> 
     </span>
    </p>
   </div>
   <div class='ocr_carea' id='block_1_83' title="bbox 2002 2274 3708 2352">
    <p class='ocr_par' dir='ltr' id='par_1_83' title="bbox 2002 2274 3708 2352">
     <span class='ocr_line' id='line_1_83' title="bbox 2002 2274 3708 2352; baseline 0.004 -24"><span class='ocrx_word' id='word_1_603' title='bbox 2002 2274 2297 2329; x_wconf 89' lang='lat' dir='ltr'>celebratis</span> <span class='ocrx_word' id='word_1_604' title='bbox 2328 2276 2592 2331; x_wconf 88' lang='lat' dir='ltr'>tribuunt</span> <span class='ocrx_word' id='word_1_605' title='bbox 2614 2278 2688 2339; x_wconf 87' lang='lat' dir='ltr'>id,</span> <span class='ocrx_word' id='word_1_606' title='bbox 2714 2279 2868 2348; x_wconf 87' lang='lat' dir='ltr'>quod</span> <span class='ocrx_word' id='word_1_607' title='bbox 2890 2280 3242 2349; x_wconf 86' lang='lat' dir='ltr'>Augustinus</span> <span class='ocrx_word' id='word_1_608' title='bbox 3264 2298 3412 2335; x_wconf 90' lang='lat' dir='ltr'>anno</span> <span class='ocrx_word' id='word_1_609' title='bbox 3434 2283 3708 2352; x_wconf 85' lang='lat' dir='ltr'>quadrin-</span> 
     </span>
    </p>
   </div>
   <div class='ocr_carea' id='block_1_84' title="bbox 2002 2363 3705 2439">
    <p class='ocr_par' dir='ltr' id='par_1_84' title="bbox 2002 2363 3705 2439">
     <span class='ocr_line' id='line_1_84' title="bbox 2002 2363 3705 2439; baseline 0.005 -24"><span class='ocrx_word' id='word_1_610' title='bbox 2002 2363 2319 2432; x_wconf 90' lang='lat' dir='ltr'>gentesimo</span> <span class='ocrx_word' id='word_1_611' title='bbox 2364 2364 2636 2434; x_wconf 88' lang='lat' dir='ltr'>vigesimo</span> <span class='ocrx_word' id='word_1_612' title='bbox 2686 2370 2841 2419; x_wconf 80' lang='lat' dir='ltr'>sexto</span> <span class='ocrx_word' id='word_1_613' title='bbox 2872 2368 3104 2421; x_wconf 90' lang='lat' dir='ltr'>tradidit</span> <span class='ocrx_word' id='word_1_614' title='bbox 3142 2370 3349 2437; x_wconf 88' lang='lat' dir='ltr'>(Epist.</span> <span class='ocrx_word' id='word_1_615' title='bbox 3389 2372 3513 2436; x_wconf 89' lang='grc'>213,</span> <span class='ocrx_word' id='word_1_616' title='bbox 3546 2386 3599 2423; x_wconf 86' lang='grc' dir='ltr'>η.</span> <span class='ocrx_word' id='word_1_617' title='bbox 3635 2371 3705 2439; x_wconf 88' lang='lat'>5),</span> 
     </span>
    </p>
   </div>
   <div class='ocr_carea' id='block_1_85' title="bbox 2001 2450 3706 2528">
    <p class='ocr_par' dir='ltr' id='par_1_85' title="bbox 2001 2450 3706 2528">
     <span class='ocr_line' id='line_1_85' title="bbox 2001 2450 3706 2528; baseline 0.004 -23"><span class='ocrx_word' id='word_1_618' title='bbox 2001 2450 2417 2522; x_wconf 89' lang='lat' dir='ltr'>Scripturarum</span> <span class='ocrx_word' id='word_1_619' title='bbox 2462 2452 2673 2507; x_wconf 90' lang='lat' dir='ltr'>scilicet</span> <span class='ocrx_word' id='word_1_620' title='bbox 2718 2454 3180 2509; x_wconf 89' lang='lat' dir='ltr'>meditandarum</span> <span class='ocrx_word' id='word_1_621' title='bbox 3212 2473 3307 2509; x_wconf 91' lang='lat' dir='ltr'>seu</span> <span class='ocrx_word' id='word_1_622' title='bbox 3344 2458 3706 2528; x_wconf 85' lang='lat' dir='ltr'>exponenda-</span> 
     </span>
    </p>
   </div>
   <div class='ocr_carea' id='block_1_86' title="bbox 2000 2541 3708 2617">
    <p class='ocr_par' dir='ltr' id='par_1_86' title="bbox 2000 2541 3708 2617">
     <span class='ocr_line' id='line_1_86' title="bbox 2000 2541 3708 2617; baseline 0.004 -24"><span class='ocrx_word' id='word_1_623' title='bbox 2000 2556 2130 2594; x_wconf 91' lang='lat' dir='ltr'>rum</span> <span class='ocrx_word' id='word_1_624' title='bbox 2177 2557 2372 2594; x_wconf 90' lang='lat' dir='ltr'>curam</span> <span class='ocrx_word' id='word_1_625' title='bbox 2423 2541 2531 2596; x_wconf 91' lang='lat' dir='ltr'>sibi</span> <span class='ocrx_word' id='word_1_626' title='bbox 2580 2559 2611 2595; x_wconf 91' lang='lat' dir='ltr'>a</span> <span class='ocrx_word' id='word_1_627' title='bbox 2658 2542 2927 2597; x_wconf 86' lang='lat' dir='ltr'>fratribus</span> <span class='ocrx_word' id='word_1_628' title='bbox 2976 2549 3032 2597; x_wconf 91' lang='lat' dir='ltr'>et</span> <span class='ocrx_word' id='word_1_629' title='bbox 3069 2545 3323 2614; x_wconf 88' lang='lat' dir='ltr'>patribus</span> <span class='ocrx_word' id='word_1_630' title='bbox 3366 2546 3480 2598; x_wconf 90' lang='lat' dir='ltr'>suis</span> <span class='ocrx_word' id='word_1_631' title='bbox 3519 2546 3708 2617; x_wconf 88' lang='lat' dir='ltr'>coepi-</span> 
     </span>
    </p>
   </div>
   <div class='ocr_carea' id='block_1_87' title="bbox 2000 2627 3707 2704">
    <p class='ocr_par' dir='ltr' id='par_1_87' title="bbox 2000 2627 3707 2704">
     <span class='ocr_line' id='line_1_87' title="bbox 2000 2627 3707 2704; baseline 0.004 -23"><span class='ocrx_word' id='word_1_632' title='bbox 2000 2627 2185 2699; x_wconf 89' lang='lat' dir='ltr'>scopis</span> <span class='ocrx_word' id='word_1_633' title='bbox 2206 2628 2267 2681; x_wconf 92' lang='lat' dir='ltr'>in</span> <span class='ocrx_word' id='word_1_634' title='bbox 2293 2628 2519 2683; x_wconf 86' lang='lat' dir='ltr'>duobus</span> <span class='ocrx_word' id='word_1_635' title='bbox 2559 2630 2814 2685; x_wconf 91' lang='lat' dir='ltr'>conciliis</span> <span class='ocrx_word' id='word_1_636' title='bbox 2830 2632 3110 2685; x_wconf 78' lang='lat' dir='ltr'>Numidiae</span> <span class='ocrx_word' id='word_1_637' title='bbox 3134 2637 3192 2686; x_wconf 92' lang='lat' dir='ltr'>et</span> <span class='ocrx_word' id='word_1_638' title='bbox 3209 2634 3565 2704; x_wconf 86' lang='lat' dir='ltr'>Carthaginis</span> <span class='ocrx_word' id='word_1_639' title='bbox 3577 2639 3707 2688; x_wconf 89' lang='lat' dir='ltr'>ante</span> 
     </span>
    </p>
   </div>
   <div class='ocr_carea' id='block_1_88' title="bbox 1999 2718 3708 2790">
    <p class='ocr_par' dir='ltr' id='par_1_88' title="bbox 1999 2718 3708 2790">
     <span class='ocr_line' id='line_1_88' title="bbox 1999 2718 3708 2790; baseline 0.005 -22"><span class='ocrx_word' id='word_1_640' title='bbox 1999 2732 2212 2785; x_wconf 89' lang='lat' dir='ltr'>paucos</span> <span class='ocrx_word' id='word_1_641' title='bbox 2252 2733 2428 2770; x_wconf 91' lang='lat' dir='ltr'>annos</span> <span class='ocrx_word' id='word_1_642' title='bbox 2482 2718 2811 2787; x_wconf 84' lang='lat' dir='ltr'>impositam</span> <span class='ocrx_word' id='word_1_643' title='bbox 2854 2720 3025 2774; x_wconf 85' lang='lat' dir='ltr'>fuisse</span> <span class='ocrx_word' id='word_1_644' title='bbox 3056 2723 3362 2790; x_wconf 89' lang='lat' dir='ltr'>(Baronius,</span> <span class='ocrx_word' id='word_1_645' title='bbox 3404 2724 3478 2776; x_wconf 92' lang='lat' dir='ltr'>ad</span> <span class='ocrx_word' id='word_1_646' title='bbox 3506 2740 3708 2777; x_wconf 68' lang='lat' dir='ltr'>anitum</span> 
     </span>
    </p>
   </div>
   <div class='ocr_carea' id='block_1_89' title="bbox 2000 2804 3707 2881">
    <p class='ocr_par' dir='ltr' id='par_1_89' title="bbox 2000 2804 3707 2881">
     <span class='ocr_line' id='line_1_89' title="bbox 2000 2804 3707 2881; baseline 0.004 -25"><span class='ocrx_word' id='word_1_647' title='bbox 2000 2804 2143 2873; x_wconf 75' lang='grc'>416).</span> <span class='ocrx_word' id='word_1_648' title='bbox 2198 2805 2601 2859; x_wconf 88' lang='lat' dir='ltr'>Verumtamen</span> <span class='ocrx_word' id='word_1_649' title='bbox 2636 2808 2761 2876; x_wconf 88' lang='lat' dir='ltr'>jam</span> <span class='ocrx_word' id='word_1_650' title='bbox 2802 2807 2935 2861; x_wconf 90' lang='lat' dir='ltr'>inde</span> <span class='ocrx_word' id='word_1_651' title='bbox 2967 2808 3036 2861; x_wconf 90' lang='lat' dir='ltr'>ab</span> <span class='ocrx_word' id='word_1_652' title='bbox 3082 2815 3327 2863; x_wconf 82' lang='lat' dir='ltr'>exeunte</span> <span class='ocrx_word' id='word_1_653' title='bbox 3376 2827 3526 2863; x_wconf 91' lang='lat' dir='ltr'>anno</span> <span class='ocrx_word' id='word_1_654' title='bbox 3570 2827 3707 2881; x_wconf 89' lang='lat' dir='ltr'>qua-</span> 
     </span>
    </p>
   </div>
   <div class='ocr_carea' id='block_1_90' title="bbox 2000 2891 3708 2966">
    <p class='ocr_par' dir='ltr' id='par_1_90' title="bbox 2000 2891 3708 2966">
     <span class='ocr_line' id='line_1_90' title="bbox 2000 2891 3708 2966; baseline 0.004 -22"><span class='ocrx_word' id='word_1_655' title='bbox 2000 2891 2447 2962; x_wconf 88' lang='lat' dir='ltr'>dringentesimo</span> <span class='ocrx_word' id='word_1_656' title='bbox 2480 2893 2700 2947; x_wconf 88' lang='lat' dir='ltr'>decimo</span> <span class='ocrx_word' id='word_1_657' title='bbox 2734 2895 2901 2948; x_wconf 92' lang='lat' dir='ltr'>tertio</span> <span class='ocrx_word' id='word_1_658' title='bbox 2934 2895 2989 2948; x_wconf 92' lang='lat' dir='ltr'>id</span> <span class='ocrx_word' id='word_1_659' title='bbox 3023 2896 3128 2949; x_wconf 82' lang='lat' dir='ltr'>sibi</span> <span class='ocrx_word' id='word_1_660' title='bbox 3155 2897 3513 2966; x_wconf 89' lang='lat' dir='ltr'>propositum</span> <span class='ocrx_word' id='word_1_661' title='bbox 3540 2903 3708 2951; x_wconf 87' lang='lat' dir='ltr'>testa-</span> 
     </span>
    </p>
   </div>
   <div class='ocr_carea' id='block_1_91' title="bbox 1998 2980 3703 3051">
    <p class='ocr_par' dir='ltr' id='par_1_91' title="bbox 1998 2980 3703 3051">
     <span class='ocr_line' id='line_1_91' title="bbox 1998 2980 3703 3051; baseline 0.004 -18"><span class='ocrx_word' id='word_1_662' title='bbox 1998 2980 2184 3046; x_wconf 86' lang='lat' dir='ltr'>batur,</span> <span class='ocrx_word' id='word_1_663' title='bbox 2221 2980 2501 3051; x_wconf 91' lang='lat' dir='ltr'>quidquid</span> <span class='ocrx_word' id='word_1_664' title='bbox 2532 2982 2808 3051; x_wconf 90' lang='lat' dir='ltr'>temporis</span> <span class='ocrx_word' id='word_1_665' title='bbox 2854 2999 2887 3035; x_wconf 87' lang='lat' dir='ltr'>a</span> <span class='ocrx_word' id='word_1_666' title='bbox 2917 2983 3247 3037; x_wconf 84' lang='lat' dir='ltr'>necessariis</span> <span class='ocrx_word' id='word_1_667' title='bbox 3282 2984 3542 3039; x_wconf 69' lang='lat' dir='ltr'>Ecclesiae</span> <span class='ocrx_word' id='word_1_668' title='bbox 3587 3002 3703 3039; x_wconf 64' lang='lat' dir='ltr'>suae</span> 
     </span>
    </p>
   </div>
   <div class='ocr_carea' id='block_1_92' title="bbox 2000 3068 3704 3138">
    <p class='ocr_par' dir='ltr' id='par_1_92' title="bbox 2000 3068 3704 3138">
     <span class='ocr_line' id='line_1_92' title="bbox 2000 3068 3704 3138; baseline 0.004 -17"><span class='ocrx_word' id='word_1_669' title='bbox 2000 3068 2201 3122; x_wconf 80' lang='lat' dir='ltr'>ofﬁciis</span> <span class='ocrx_word' id='word_1_670' title='bbox 2230 3069 2474 3123; x_wconf 88' lang='lat' dir='ltr'>liberum</span> <span class='ocrx_word' id='word_1_671' title='bbox 2511 3070 2811 3124; x_wconf 88' lang='lat' dir='ltr'>habiturus</span> <span class='ocrx_word' id='word_1_672' title='bbox 2858 3076 3025 3138; x_wconf 91' lang='lat' dir='ltr'>esset,</span> <span class='ocrx_word' id='word_1_673' title='bbox 3072 3072 3180 3125; x_wconf 91' lang='lat' dir='ltr'>hoc</span> <span class='ocrx_word' id='word_1_674' title='bbox 3222 3077 3407 3127; x_wconf 86' lang='lat' dir='ltr'>totum</span> <span class='ocrx_word' id='word_1_675' title='bbox 3441 3073 3704 3127; x_wconf 88' lang='lat' dir='ltr'>ecclesia-</span> 
     </span>
    </p>
   </div>
   <div class='ocr_carea' id='block_1_93' title="bbox 2000 3155 3706 3231">
    <p class='ocr_par' dir='ltr' id='par_1_93' title="bbox 2000 3155 3706 3231">
     <span class='ocr_line' id='line_1_93' title="bbox 2000 3155 3706 3231; baseline 0.004 -23"><span class='ocrx_word' id='word_1_676' title='bbox 2000 3155 2153 3209; x_wconf 65' lang='lat' dir='ltr'>sticae</span> <span class='ocrx_word' id='word_1_677' title='bbox 2184 3156 2457 3210; x_wconf 72' lang='lat' dir='ltr'>doctrinm</span> <span class='ocrx_word' id='word_1_678' title='bbox 2510 3157 2735 3225; x_wconf 91' lang='lat' dir='ltr'>studiis,</span> <span class='ocrx_word' id='word_1_679' title='bbox 2788 3163 2853 3211; x_wconf 90' lang='lat' dir='ltr'>ut</span> <span class='ocrx_word' id='word_1_680' title='bbox 2888 3159 2958 3212; x_wconf 91' lang='lat' dir='ltr'>ad</span> <span class='ocrx_word' id='word_1_681' title='bbox 3004 3164 3263 3228; x_wconf 88' lang='lat' dir='ltr'>posteros</span> <span class='ocrx_word' id='word_1_682' title='bbox 3305 3177 3533 3231; x_wconf 90' lang='lat' dir='ltr'>quoque</span> <span class='ocrx_word' id='word_1_683' title='bbox 3565 3160 3706 3216; x_wconf 89' lang='lat' dir='ltr'>utile</span> 
     </span>
    </p>
   </div>
   <div class='ocr_carea' id='block_1_94' title="bbox 2000 3243 3704 3319">
    <p class='ocr_par' dir='ltr' id='par_1_94' title="bbox 2000 3243 3704 3319">
     <span class='ocr_line' id='line_1_94' title="bbox 2000 3243 3704 3319; baseline 0.003 -21"><span class='ocrx_word' id='word_1_684' title='bbox 2000 3243 2217 3315; x_wconf 89' lang='lat' dir='ltr'>aliquid</span> <span class='ocrx_word' id='word_1_685' title='bbox 2263 3246 2676 3300; x_wconf 87' lang='lat' dir='ltr'>transmitteret</span> <span class='ocrx_word' id='word_1_686' title='bbox 2707 3247 2900 3315; x_wconf 85' lang='lat' dir='ltr'>(Epist.</span> <span class='ocrx_word' id='word_1_687' title='bbox 2938 3250 3058 3311; x_wconf 81' lang='lat' dir='ltr'>t5l,</span> <span class='ocrx_word' id='word_1_688' title='bbox 3092 3264 3147 3302; x_wconf 89' lang='lat' dir='ltr'>n.</span> <span class='ocrx_word' id='word_1_689' title='bbox 3196 3248 3299 3317; x_wconf 89' lang='grc'>13),</span> <span class='ocrx_word' id='word_1_690' title='bbox 3350 3249 3704 3319; x_wconf 89' lang='lat' dir='ltr'>impendere.</span> 
     </span>
    </p>
   </div>
   <div class='ocr_carea' id='block_1_95' title="bbox 2001 3333 3709 3406">
    <p class='ocr_par' dir='ltr' id='par_1_95' title="bbox 2001 3333 3709 3406">
     <span class='ocr_line' id='line_1_95' title="bbox 2001 3333 3709 3406; baseline 0.004 -20"><span class='ocrx_word' id='word_1_691' title='bbox 2001 3333 2135 3386; x_wconf 88' lang='lat' dir='ltr'>Post</span> <span class='ocrx_word' id='word_1_692' title='bbox 2165 3340 2482 3404; x_wconf 89' lang='lat' dir='ltr'>susceptam</span> <span class='ocrx_word' id='word_1_693' title='bbox 2514 3352 2546 3389; x_wconf 89' lang='lat' dir='ltr'>a</span> <span class='ocrx_word' id='word_1_694' title='bbox 2576 3335 2808 3405; x_wconf 88' lang='lat' dir='ltr'>synodis</span> <span class='ocrx_word' id='word_1_695' title='bbox 2834 3336 3044 3389; x_wconf 88' lang='lat' dir='ltr'>hancce</span> <span class='ocrx_word' id='word_1_696' title='bbox 3077 3336 3446 3406; x_wconf 83' lang='lat' dir='ltr'>provinciam,</span> <span class='ocrx_word' id='word_1_697' title='bbox 3482 3344 3709 3392; x_wconf 83' lang='lat' dir='ltr'>sanctus</span> 
     </span>
    </p>
   </div>
   <div class='ocr_carea' id='block_1_96' title="bbox 1999 3421 3710 3496">
    <p class='ocr_par' dir='ltr' id='par_1_96' title="bbox 1999 3421 3710 3496">
     <span class='ocr_line' id='line_1_96' title="bbox 1999 3421 3710 3496; baseline 0.004 -22"><span class='ocrx_word' id='word_1_698' title='bbox 1999 3421 2269 3491; x_wconf 87' lang='lat' dir='ltr'>Antistes,</span> <span class='ocrx_word' id='word_1_699' title='bbox 2303 3429 2363 3477; x_wconf 91' lang='lat' dir='ltr'>ut</span> <span class='ocrx_word' id='word_1_700' title='bbox 2388 3424 2440 3477; x_wconf 91' lang='lat' dir='ltr'>ei</span> <span class='ocrx_word' id='word_1_701' title='bbox 2469 3424 2835 3491; x_wconf 87' lang='lat' dir='ltr'>satisfaceret,</span> <span class='ocrx_word' id='word_1_702' title='bbox 2877 3425 2995 3478; x_wconf 90' lang='lat' dir='ltr'>dies</span> <span class='ocrx_word' id='word_1_703' title='bbox 3026 3425 3281 3495; x_wconf 90' lang='lat' dir='ltr'>quinque</span> <span class='ocrx_word' id='word_1_704' title='bbox 3311 3442 3538 3494; x_wconf 89' lang='lat' dir='ltr'>vacuos,</span> <span class='ocrx_word' id='word_1_705' title='bbox 3569 3432 3710 3496; x_wconf 88' lang='lat' dir='ltr'>puta</span> 
     </span>
    </p>
   </div>
   <div class='ocr_carea' id='block_1_97' title="bbox 2001 3512 3709 3583">
    <p class='ocr_par' dir='ltr' id='par_1_97' title="bbox 2001 3512 3709 3583">
     <span class='ocr_line' id='line_1_97' title="bbox 2001 3512 3709 3583; baseline 0.002 -19"><span class='ocrx_word' id='word_1_706' title='bbox 2001 3526 2105 3581; x_wconf 89' lang='lat' dir='ltr'>per</span> <span class='ocrx_word' id='word_1_707' title='bbox 2164 3512 2549 3566; x_wconf 88' lang='lat' dir='ltr'>hebdomadas</span> <span class='ocrx_word' id='word_1_708' title='bbox 2595 3512 2870 3582; x_wconf 90' lang='lat' dir='ltr'>singulas,</span> <span class='ocrx_word' id='word_1_709' title='bbox 2912 3531 2944 3566; x_wconf 91' lang='lat' dir='ltr'>a</span> <span class='ocrx_word' id='word_1_710' title='bbox 2982 3514 3197 3583; x_wconf 88' lang='lat' dir='ltr'>populo</span> <span class='ocrx_word' id='word_1_711' title='bbox 3242 3530 3344 3567; x_wconf 89' lang='lat' dir='ltr'>suo</span> <span class='ocrx_word' id='word_1_712' title='bbox 3380 3515 3709 3583; x_wconf 88' lang='lat' dir='ltr'>impetravit</span> 
     </span>
    </p>
   </div>
   <div class='ocr_carea' id='block_1_98' title="bbox 2002 3599 3707 3675">
    <p class='ocr_par' dir='ltr' id='par_1_98' title="bbox 2002 3599 3707 3675">
     <span class='ocr_line' id='line_1_98' title="bbox 2002 3599 3707 3675; baseline 0.003 -25"><span class='ocrx_word' id='word_1_713' title='bbox 2002 3599 2197 3675; x_wconf 82' lang='lat' dir='ltr'>(Epist.</span> <span class='ocrx_word' id='word_1_714' title='bbox 2239 3602 2362 3663; x_wconf 87' lang='grc'>213,</span> <span class='ocrx_word' id='word_1_715' title='bbox 2408 3614 2463 3653; x_wconf 84' lang='lat' dir='ltr'>n.</span> <span class='ocrx_word' id='word_1_716' title='bbox 2506 3599 2579 3668; x_wconf 88' lang='lat'>5).</span> <span class='ocrx_word' id='word_1_717' title='bbox 2634 3601 2744 3653; x_wconf 88' lang='lat' dir='ltr'>Hac</span> <span class='ocrx_word' id='word_1_718' title='bbox 2782 3600 2850 3653; x_wconf 93' lang='lat' dir='ltr'>de</span> <span class='ocrx_word' id='word_1_719' title='bbox 2902 3616 2964 3652; x_wconf 87' lang='lat' dir='ltr'>re</span> <span class='ocrx_word' id='word_1_720' title='bbox 2996 3600 3249 3654; x_wconf 91' lang='lat' dir='ltr'>confecto</span> <span class='ocrx_word' id='word_1_721' title='bbox 3302 3602 3707 3675; x_wconf 48' lang='lat' dir='ltr'>instrumento,</span> 
     </span>
    </p>
   </div>
   <div class='ocr_carea' id='block_1_99' title="bbox 2000 3670 3696 3759">
    <p class='ocr_par' dir='ltr' id='par_1_99' title="bbox 2000 3670 3696 3759">
     <span class='ocr_line' id='line_1_99' title="bbox 2000 3670 3696 3759; baseline 0.002 -18"><span class='ocrx_word' id='word_1_722' title='bbox 2000 3670 2329 3741; x_wconf 18' lang='lat' dir='ltr'>aciclamavit</span> <span class='ocrx_word' id='word_1_723' title='bbox 2356 3688 2623 3757; x_wconf 84' lang='lat' dir='ltr'>populus,</span> <span class='ocrx_word' id='word_1_724' title='bbox 2674 3692 2728 3740; x_wconf 89' lang='lat' dir='ltr'>et</span> <span class='ocrx_word' id='word_1_725' title='bbox 2776 3688 3191 3759; x_wconf 87' lang='lat' dir='ltr'>aliquantisper</span> <span class='ocrx_word' id='word_1_726' title='bbox 3226 3689 3400 3743; x_wconf 84' lang='lat' dir='ltr'>ﬁdem</span> <span class='ocrx_word' id='word_1_727' title='bbox 3430 3691 3696 3746; x_wconf 88' lang='lat' dir='ltr'>servavit.</span> 
     </span>
    </p>
   </div>
   <div class='ocr_carea' id='block_1_100' title="bbox 1999 3776 3703 3849">
    <p class='ocr_par' dir='ltr' id='par_1_100' title="bbox 1999 3776 3703 3849">
     <span class='ocr_line' id='line_1_100' title="bbox 1999 3776 3703 3849; baseline 0.002 -19"><span class='ocrx_word' id='word_1_728' title='bbox 1999 3778 2072 3830; x_wconf 87' lang='lat' dir='ltr'>At</span> <span class='ocrx_word' id='word_1_729' title='bbox 2100 3791 2218 3828; x_wconf 92' lang='lat' dir='ltr'>non</span> <span class='ocrx_word' id='word_1_730' title='bbox 2254 3776 2435 3829; x_wconf 87' lang='lat' dir='ltr'>multo</span> <span class='ocrx_word' id='word_1_731' title='bbox 2465 3780 2591 3846; x_wconf 90' lang='lat' dir='ltr'>post</span> <span class='ocrx_word' id='word_1_732' title='bbox 2620 3792 2843 3841; x_wconf 90' lang='lat' dir='ltr'>eorum,</span> <span class='ocrx_word' id='word_1_733' title='bbox 2877 3777 3122 3847; x_wconf 89' lang='lat' dir='ltr'>quicum</span> <span class='ocrx_word' id='word_1_734' title='bbox 3157 3777 3431 3849; x_wconf 88' lang='lat' dir='ltr'>Episcopo</span> <span class='ocrx_word' id='word_1_735' title='bbox 3458 3784 3703 3833; x_wconf 88' lang='lat' dir='ltr'>tractare</span> 
     </span>
    </p>
   </div>
   <div class='ocr_carea' id='block_1_101' title="bbox 2002 3863 3701 3937">
    <p class='ocr_par' dir='ltr' id='par_1_101' title="bbox 2002 3863 3701 3937">
     <span class='ocr_line' id='line_1_101' title="bbox 2002 3863 3701 3937; baseline 0.002 -19"><span class='ocrx_word' id='word_1_736' title='bbox 2002 3866 2071 3919; x_wconf 94' lang='lat' dir='ltr'>de</span> <span class='ocrx_word' id='word_1_737' title='bbox 2104 3864 2219 3917; x_wconf 90' lang='lat' dir='ltr'>suis</span> <span class='ocrx_word' id='word_1_738' title='bbox 2276 3863 2446 3917; x_wconf 86' lang='lat' dir='ltr'>rebus</span> <span class='ocrx_word' id='word_1_739' title='bbox 2476 3869 2772 3934; x_wconf 89' lang='lat' dir='ltr'>cuperent,</span> <span class='ocrx_word' id='word_1_740' title='bbox 2803 3864 3139 3935; x_wconf 89' lang='lat' dir='ltr'>improbitas</span> <span class='ocrx_word' id='word_1_741' title='bbox 3176 3871 3407 3936; x_wconf 89' lang='lat' dir='ltr'>pactum</span> <span class='ocrx_word' id='word_1_742' title='bbox 3451 3866 3701 3937; x_wconf 87' lang='lat' dir='ltr'>infregit,</span> 
     </span>
    </p>
   </div>
   <div class='ocr_carea' id='block_1_102' title="bbox 2000 3952 3707 4026">
    <p class='ocr_par' dir='ltr' id='par_1_102' title="bbox 2000 3952 3707 4026">
     <span class='ocr_line' id='line_1_102' title="bbox 2000 3952 3707 4026; baseline 0.003 -20"><span class='ocrx_word' id='word_1_743' title='bbox 2000 3968 2249 4023; x_wconf 87' lang='lat' dir='ltr'>eumque</span> <span class='ocrx_word' id='word_1_744' title='bbox 2282 3952 2351 4007; x_wconf 88' lang='lat' dir='ltr'>ab</span> <span class='ocrx_word' id='word_1_745' title='bbox 2382 3952 2497 4007; x_wconf 88' lang='lat' dir='ltr'>otio</span> <span class='ocrx_word' id='word_1_746' title='bbox 2528 3969 2631 4006; x_wconf 87' lang='lat' dir='ltr'>suo</span> <span class='ocrx_word' id='word_1_747' title='bbox 2660 3952 2933 4007; x_wconf 88' lang='lat' dir='ltr'>violenter</span> <span class='ocrx_word' id='word_1_748' title='bbox 2970 3954 3222 4008; x_wconf 85' lang='lat' dir='ltr'>abduxit.</span> <span class='ocrx_word' id='word_1_749' title='bbox 3259 3956 3383 4009; x_wconf 86' lang='lat' dir='ltr'>Non</span> <span class='ocrx_word' id='word_1_750' title='bbox 3413 3956 3707 4026; x_wconf 86' lang='lat' dir='ltr'>permitte-</span> 
     </span>
    </p>
   </div>
   <div class='ocr_carea' id='block_1_103' title="bbox 1998 4041 3703 4116">
    <p class='ocr_par' dir='ltr' id='par_1_103' title="bbox 1998 4041 3703 4116">
     <span class='ocr_line' id='line_1_103' title="bbox 1998 4041 3703 4116; baseline 0.002 -20"><span class='ocrx_word' id='word_1_751' title='bbox 1998 4043 2169 4097; x_wconf 89' lang='lat' dir='ltr'>batur</span> <span class='ocrx_word' id='word_1_752' title='bbox 2192 4058 2295 4095; x_wconf 92' lang='lat' dir='ltr'>nec</span> <span class='ocrx_word' id='word_1_753' title='bbox 2325 4046 2456 4095; x_wconf 89' lang='lat' dir='ltr'>ante</span> <span class='ocrx_word' id='word_1_754' title='bbox 2480 4041 2803 4109; x_wconf 90' lang='lat' dir='ltr'>meriidem,</span> <span class='ocrx_word' id='word_1_755' title='bbox 2831 4059 3015 4114; x_wconf 90' lang='lat' dir='ltr'>nequc</span> <span class='ocrx_word' id='word_1_756' title='bbox 3037 4048 3185 4114; x_wconf 88' lang='lat' dir='ltr'>post,</span> <span class='ocrx_word' id='word_1_757' title='bbox 3215 4044 3659 4116; x_wconf 86' lang='lat' dir='ltr'>interquiescere</span> <span class='ocrx_word' id='word_1_758' title='bbox 3690 4062 3703 4099; x_wconf 90' lang='lat'><strong>:</strong></span> 
     </span>
    </p>
   </div>
   <div class='ocr_carea' id='block_1_104' title="bbox 1998 4130 3703 4204">
    <p class='ocr_par' dir='ltr' id='par_1_104' title="bbox 1998 4130 3703 4204">
     <span class='ocr_line' id='line_1_104' title="bbox 1998 4130 3703 4204; baseline 0.002 -20"><span class='ocrx_word' id='word_1_759' title='bbox 1998 4133 2097 4186; x_wconf 89' lang='lat' dir='ltr'>sed</span> <span class='ocrx_word' id='word_1_760' title='bbox 2129 4136 2190 4186; x_wconf 92' lang='lat' dir='ltr'>ut</span> <span class='ocrx_word' id='word_1_761' title='bbox 2244 4132 2443 4186; x_wconf 90' lang='lat' dir='ltr'>alienis</span> <span class='ocrx_word' id='word_1_762' title='bbox 2472 4130 2716 4202; x_wconf 85' lang='lat' dir='ltr'>negotiis</span> <span class='ocrx_word' id='word_1_763' title='bbox 2748 4149 2983 4201; x_wconf 88' lang='lat' dir='ltr'>operam</span> <span class='ocrx_word' id='word_1_764' title='bbox 3036 4134 3215 4199; x_wconf 90' lang='lat' dir='ltr'>daret,</span> <span class='ocrx_word' id='word_1_765' title='bbox 3250 4150 3317 4187; x_wconf 89' lang='lat' dir='ltr'>ea</span> <span class='ocrx_word' id='word_1_766' title='bbox 3346 4135 3417 4187; x_wconf 95' lang='lat' dir='ltr'>ob</span> <span class='ocrx_word' id='word_1_767' title='bbox 3449 4151 3576 4204; x_wconf 72' lang='lat' dir='ltr'>qua:</span> <span class='ocrx_word' id='word_1_768' title='bbox 3607 4151 3703 4188; x_wconf 87' lang='lat' dir='ltr'>va-</span> 
     </span>
    </p>
   </div>
   <div class='ocr_carea' id='block_1_105' title="bbox 1998 4220 3706 4292">
    <p class='ocr_par' dir='ltr' id='par_1_105' title="bbox 1998 4220 3706 4292">
     <span class='ocr_line' id='line_1_105' title="bbox 1998 4220 3706 4292; baseline -0.001 -15"><span class='ocrx_word' id='word_1_769' title='bbox 1998 4239 2126 4277; x_wconf 87' lang='lat' dir='ltr'>care</span> <span class='ocrx_word' id='word_1_770' title='bbox 2151 4222 2394 4287; x_wconf 89' lang='lat' dir='ltr'>volebat,</span> <span class='ocrx_word' id='word_1_771' title='bbox 2431 4222 2690 4275; x_wconf 88' lang='lat' dir='ltr'>deserere</span> <span class='ocrx_word' id='word_1_772' title='bbox 2721 4226 2893 4292; x_wconf 87' lang='lat' dir='ltr'>atque</span> <span class='ocrx_word' id='word_1_773' title='bbox 2925 4220 3169 4290; x_wconf 83' lang='lat' dir='ltr'>abjicere</span> <span class='ocrx_word' id='word_1_774' title='bbox 3196 4222 3523 4291; x_wconf 86' lang='lat' dir='ltr'>cogebatur.</span> <span class='ocrx_word' id='word_1_775' title='bbox 3554 4224 3706 4276; x_wconf 91' lang='lat' dir='ltr'>Inter</span> 
     </span>
    </p>
   </div>
   <div class='ocr_carea' id='block_1_106' title="bbox 1998 4309 3703 4381">
    <p class='ocr_par' dir='ltr' id='par_1_106' title="bbox 1998 4309 3703 4381">
     <span class='ocr_line' id='line_1_106' title="bbox 1998 4309 3703 4381; baseline -0.001 -16"><span class='ocrx_word' id='word_1_776' title='bbox 1998 4311 2172 4381; x_wconf 83' lang='lat' dir='ltr'>hujus</span> <span class='ocrx_word' id='word_1_777' title='bbox 2202 4309 2304 4363; x_wconf 90' lang='lat' dir='ltr'>otii</span> <span class='ocrx_word' id='word_1_778' title='bbox 2342 4310 2559 4363; x_wconf 89' lang='lat' dir='ltr'>fructus</span> <span class='ocrx_word' id='word_1_779' title='bbox 2591 4325 2709 4362; x_wconf 87' lang='lat' dir='ltr'>non</span> <span class='ocrx_word' id='word_1_780' title='bbox 2738 4315 3027 4380; x_wconf 90' lang='lat' dir='ltr'>postremo</span> <span class='ocrx_word' id='word_1_781' title='bbox 3059 4310 3178 4363; x_wconf 96' lang='lat' dir='ltr'>loco</span> <span class='ocrx_word' id='word_1_782' title='bbox 3210 4310 3583 4364; x_wconf 62' lang='lat' dir='ltr'>numeranda:</span> <span class='ocrx_word' id='word_1_783' title='bbox 3624 4310 3703 4363; x_wconf 89' lang='lat' dir='ltr'>vi-</span> 
     </span>
    </p>
   </div>
   <div class='ocr_carea' id='block_1_107' title="bbox 1997 4397 3704 4469">
    <p class='ocr_par' dir='ltr' id='par_1_107' title="bbox 1997 4397 3704 4469">
     <span class='ocr_line' id='line_1_107' title="bbox 1997 4397 3704 4469; baseline -0.001 -14"><span class='ocrx_word' id='word_1_784' title='bbox 1997 4402 2207 4455; x_wconf 89' lang='lat' dir='ltr'>dentur</span> <span class='ocrx_word' id='word_1_785' title='bbox 2236 4397 2623 4469; x_wconf 79' lang='lat' dir='ltr'>expositiones</span> <span class='ocrx_word' id='word_1_786' title='bbox 2666 4399 2727 4453; x_wconf 91' lang='lat' dir='ltr'>in</span> <span class='ocrx_word' id='word_1_787' title='bbox 2775 4401 3092 4453; x_wconf 83' lang='lat' dir='ltr'>Joannem:</span> <span class='ocrx_word' id='word_1_788' title='bbox 3155 4414 3295 4467; x_wconf 87' lang='lat' dir='ltr'>quas</span> <span class='ocrx_word' id='word_1_789' title='bbox 3338 4398 3579 4468; x_wconf 77' lang='lat' dir='ltr'>quidem</span> <span class='ocrx_word' id='word_1_790' title='bbox 3601 4400 3704 4453; x_wconf 90' lang='lat' dir='ltr'>etsi</span> 
     </span>
    </p>
   </div>
   <div class='ocr_carea' id='block_1_108' title="bbox 1998 4488 3700 4567">
    <p class='ocr_par' dir='ltr' id='par_1_108' title="bbox 1998 4488 3700 4567">
     <span class='ocr_line' id='line_1_108' title="bbox 1998 4488 3700 4567; baseline 0.001 -26"><span class='ocrx_word' id='word_1_791' title='bbox 1998 4488 2145 4542; x_wconf 89' lang='lat' dir='ltr'>forte</span> <span class='ocrx_word' id='word_1_792' title='bbox 2175 4488 2467 4558; x_wconf 89' lang='lat' dir='ltr'>aliquanto</span> <span class='ocrx_word' id='word_1_793' title='bbox 2498 4491 2629 4542; x_wconf 88' lang='lat' dir='ltr'>ante</span> <span class='ocrx_word' id='word_1_794' title='bbox 2667 4488 2775 4541; x_wconf 90' lang='lat' dir='ltr'>hoc</span> <span class='ocrx_word' id='word_1_795' title='bbox 2801 4492 3028 4558; x_wconf 91' lang='lat' dir='ltr'>tempus</span> <span class='ocrx_word' id='word_1_796' title='bbox 3054 4492 3468 4567; x_wconf 86' lang='lat' dir='ltr'>aggressusest</span> <span class='ocrx_word' id='word_1_797' title='bbox 3506 4491 3700 4559; x_wconf 87' lang='lat' dir='ltr'>Augu-</span> 
     </span>
    </p>
   </div>
   <div class='ocr_carea' id='block_1_109' title="bbox 1999 4576 3702 4648">
    <p class='ocr_par' dir='ltr' id='par_1_109' title="bbox 1999 4576 3702 4648">
     <span class='ocr_line' id='line_1_109' title="bbox 1999 4576 3702 4648; baseline 0.001 -17"><span class='ocrx_word' id='word_1_798' title='bbox 1999 4576 2206 4643; x_wconf 90' lang='lat' dir='ltr'>stinus,</span> <span class='ocrx_word' id='word_1_799' title='bbox 2236 4593 2353 4631; x_wconf 92' lang='lat' dir='ltr'>non</span> <span class='ocrx_word' id='word_1_800' title='bbox 2378 4576 2618 4631; x_wconf 76' lang='lat' dir='ltr'>absolvit</span> <span class='ocrx_word' id='word_1_801' title='bbox 2647 4580 2860 4641; x_wconf 90' lang='lat' dir='ltr'>tamen,</span> <span class='ocrx_word' id='word_1_802' title='bbox 2884 4576 2995 4629; x_wconf 89' lang='lat' dir='ltr'>nisi</span> <span class='ocrx_word' id='word_1_803' title='bbox 3017 4580 3143 4646; x_wconf 90' lang='lat' dir='ltr'>post</span> <span class='ocrx_word' id='word_1_804' title='bbox 3157 4576 3408 4647; x_wconf 89' lang='lat' dir='ltr'>corporis</span> <span class='ocrx_word' id='word_1_805' title='bbox 3428 4576 3702 4648; x_wconf 89' lang='lat' dir='ltr'>Stephani</span> 
     </span>
    </p>
   </div>
   <div class='ocr_carea' id='block_1_110' title="bbox 1998 4665 3702 4739">
    <p class='ocr_par' dir='ltr' id='par_1_110' title="bbox 1998 4665 3702 4739">
     <span class='ocr_line' id='line_1_110' title="bbox 1998 4665 3702 4739; baseline 0 -18"><span class='ocrx_word' id='word_1_806' title='bbox 1998 4668 2286 4739; x_wconf 89' lang='lat' dir='ltr'>martyris,</span> <span class='ocrx_word' id='word_1_807' title='bbox 2322 4684 2449 4738; x_wconf 65' lang='lat' dir='ltr'>qua:</span> <span class='ocrx_word' id='word_1_808' title='bbox 2481 4684 2630 4721; x_wconf 91' lang='lat' dir='ltr'>anno</span> <span class='ocrx_word' id='word_1_809' title='bbox 2658 4665 3227 4737; x_wconf 83' lang='lat' dir='ltr'>quadringentesimo</span> <span class='ocrx_word' id='word_1_810' title='bbox 3250 4666 3471 4721; x_wconf 91' lang='lat' dir='ltr'>decimo</span> <span class='ocrx_word' id='word_1_811' title='bbox 3501 4666 3702 4738; x_wconf 90' lang='lat' dir='ltr'>quinto</span> 
     </span>
    </p>
   </div>
   <div class='ocr_carea' id='block_1_111' title="bbox 1998 4752 3702 4828">
    <p class='ocr_par' dir='ltr' id='par_1_111' title="bbox 1998 4752 3702 4828">
     <span class='ocr_line' id='line_1_111' title="bbox 1998 4752 3702 4828; baseline 0 -18"><span class='ocrx_word' id='word_1_812' title='bbox 1998 4773 2177 4828; x_wconf 90' lang='lat' dir='ltr'>prope</span> <span class='ocrx_word' id='word_1_813' title='bbox 2209 4757 2400 4825; x_wconf 88' lang='lat' dir='ltr'>elapso</span> <span class='ocrx_word' id='word_1_814' title='bbox 2451 4754 2708 4825; x_wconf 88' lang='lat' dir='ltr'>contigit,</span> <span class='ocrx_word' id='word_1_815' title='bbox 2750 4752 3156 4808; x_wconf 85' lang='lat' dir='ltr'>revelationem</span> <span class='ocrx_word' id='word_1_816' title='bbox 3187 4755 3311 4824; x_wconf 87' lang='lat' dir='ltr'>jam</span> <span class='ocrx_word' id='word_1_817' title='bbox 3340 4756 3554 4827; x_wconf 88' lang='lat' dir='ltr'>ubique</span> <span class='ocrx_word' id='word_1_818' title='bbox 3584 4755 3702 4811; x_wconf 89' lang='lat' dir='ltr'>fere</span> 
     </span>
    </p>
   </div>
   <div class='ocr_carea' id='block_1_112' title="bbox 1998 4844 3704 4915">
    <p class='ocr_par' dir='ltr' id='par_1_112' title="bbox 1998 4844 3704 4915">
     <span class='ocr_line' id='line_1_112' title="bbox 1998 4844 3704 4915; baseline 0 -17"><span class='ocrx_word' id='word_1_819' title='bbox 1998 4846 2255 4915; x_wconf 84' lang='lat' dir='ltr'>gentium</span> <span class='ocrx_word' id='word_1_820' title='bbox 2290 4844 2577 4914; x_wconf 88' lang='lat' dir='ltr'>cognitam</span> <span class='ocrx_word' id='word_1_821' title='bbox 2609 4848 2664 4896; x_wconf 92' lang='lat' dir='ltr'>et</span> <span class='ocrx_word' id='word_1_822' title='bbox 2692 4844 3105 4913; x_wconf 86' lang='lat' dir='ltr'>pervulgatam.</span> <span class='ocrx_word' id='word_1_823' title='bbox 3155 4844 3274 4897; x_wconf 86' lang='lat' dir='ltr'>Huc</span> <span class='ocrx_word' id='word_1_824' title='bbox 3304 4844 3455 4898; x_wconf 89' lang='lat' dir='ltr'>enim</span> <span class='ocrx_word' id='word_1_825' title='bbox 3486 4848 3704 4914; x_wconf 89' lang='lat' dir='ltr'>spectat</span> 
     </span>
    </p>
   </div>
   <div class='ocr_carea' id='block_1_113' title="bbox 2002 4930 3700 5002">
    <p class='ocr_par' dir='ltr' id='par_1_113' title="bbox 2002 4930 3700 5002">
     <span class='ocr_line' id='line_1_113' title="bbox 2002 4930 3700 5002; baseline -0.001 -17"><span class='ocrx_word' id='word_1_826' title='bbox 2002 4933 2144 4987; x_wconf 90' lang='lat' dir='ltr'>illud</span> <span class='ocrx_word' id='word_1_827' title='bbox 2170 4933 2230 4986; x_wconf 92' lang='lat' dir='ltr'>in</span> <span class='ocrx_word' id='word_1_828' title='bbox 2262 4934 2521 4986; x_wconf 90' lang='lat' dir='ltr'>Tractatu</span> <span class='ocrx_word' id='word_1_829' title='bbox 2553 4930 2862 4984; x_wconf 90' lang='lat' dir='ltr'>centesimo</span> <span class='ocrx_word' id='word_1_830' title='bbox 2895 4931 3202 5002; x_wconf 90' lang='lat' dir='ltr'>vigesimo:</span> <span class='ocrx_word' id='word_1_831' title='bbox 3233 4932 3385 4997; x_wconf 83' lang='lat' dir='ltr'>Quod</span> <span class='ocrx_word' id='word_1_832' title='bbox 3412 4937 3569 5000; x_wconf 82' lang='lat' dir='ltr'>certe,</span> <span class='ocrx_word' id='word_1_833' title='bbox 3600 4932 3700 4997; x_wconf 90' lang='lat' dir='ltr'>ait,</span> 
     </span>
    </p>
   </div>
   <div class='ocr_carea' id='block_1_114' title="bbox 1997 5018 3706 5089">
    <p class='ocr_par' dir='ltr' id='par_1_114' title="bbox 1997 5018 3706 5089">
     <span class='ocr_line' id='line_1_114' title="bbox 1997 5018 3706 5089; baseline -0.001 -14"><span class='ocrx_word' id='word_1_834' title='bbox 1997 5022 2155 5075; x_wconf 84' lang='lat' dir='ltr'>modo</span> <span class='ocrx_word' id='word_1_835' title='bbox 2199 5024 2255 5075; x_wconf 88' lang='lat' dir='ltr'>in</span> <span class='ocrx_word' id='word_1_836' title='bbox 2306 5021 2625 5074; x_wconf 75' lang='lat' dir='ltr'>reuelatione</span> <span class='ocrx_word' id='word_1_837' title='bbox 2668 5022 2908 5089; x_wconf 88' lang='lat' dir='ltr'>corporis</span> <span class='ocrx_word' id='word_1_838' title='bbox 2946 5018 3247 5075; x_wconf 54' lang='lat' dir='ltr'>beatissimi</span> <span class='ocrx_word' id='word_1_839' title='bbox 3292 5022 3555 5089; x_wconf 84' lang='lat' dir='ltr'>Stephani</span> <span class='ocrx_word' id='word_1_840' title='bbox 3590 5021 3706 5085; x_wconf 81' lang='lat' dir='ltr'>fere</span> 
     </span>
    </p>
   </div>
   <div class='ocr_carea' id='block_1_115' title="bbox 1998 5106 3701 5180">
    <p class='ocr_par' dir='ltr' id='par_1_115' title="bbox 1998 5106 3701 5180">
     <span class='ocr_line' id='line_1_115' title="bbox 1998 5106 3701 5180; baseline -0.002 -15"><span class='ocrx_word' id='word_1_841' title='bbox 1998 5111 2243 5165; x_wconf 83' lang='lat' dir='ltr'>omnibus</span> <span class='ocrx_word' id='word_1_842' title='bbox 2289 5109 2533 5175; x_wconf 78' lang='lat' dir='ltr'>gentibus</span> <span class='ocrx_word' id='word_1_843' title='bbox 2578 5107 2892 5163; x_wconf 82' lang='lat' dir='ltr'>declaratur</span> <span class='ocrx_word' id='word_1_844' title='bbox 2938 5111 3018 5180; x_wconf 84' lang='lat' dir='ltr'>(In</span> <span class='ocrx_word' id='word_1_845' title='bbox 3064 5111 3302 5165; x_wconf 83' lang='lat' dir='ltr'>Joannis</span> <span class='ocrx_word' id='word_1_846' title='bbox 3346 5106 3701 5175; x_wconf 79' lang='lat' dir='ltr'>Evangetium</span> 
     </span>
    </p>
   </div>
   <div class='ocr_carea' id='block_1_116' title="bbox 2002 5198 2496 5267">
    <p class='ocr_par' dir='ltr' id='par_1_116' title="bbox 2002 5198 2496 5267">
     <span class='ocr_line' id='line_1_116' title="bbox 2002 5198 2496 5267; baseline -0.004 -13"><span class='ocrx_word' id='word_1_847' title='bbox 2002 5204 2161 5254; x_wconf 86' lang='lat' dir='ltr'>tract.</span> <span class='ocrx_word' id='word_1_848' title='bbox 2200 5200 2316 5264; x_wconf 89' lang='grc'>120,</span> <span class='ocrx_word' id='word_1_849' title='bbox 2341 5214 2392 5251; x_wconf 89' lang='lat' dir='ltr'>n.</span> <span class='ocrx_word' id='word_1_850' title='bbox 2424 5198 2496 5267; x_wconf 80' lang='grc'>4),</span> 
     </span>
    </p>
   </div>
   <div class='ocr_carea' id='block_1_117' title="bbox 2678 5287 3026 5342">
    <p class='ocr_par' dir='ltr' id='par_1_117' title="bbox 2678 5287 3026 5342">
     <span class='ocr_line' id='line_1_117' title="bbox 2678 5287 3026 5342; baseline -0.003 0"><span class='ocrx_word' id='word_1_851' title='bbox 2678 5287 2901 5342; x_wconf 88' lang='lat' dir='ltr'>CAPUT</span> <span class='ocrx_word' id='word_1_852' title='bbox 2939 5289 3026 5341; x_wconf 82' lang='lat' dir='ltr'>XI.</span> 
     </span>
    </p>
   </div>
   <div class='ocr_carea' id='block_1_118' title="bbox 2003 5374 3696 5443">
    <p class='ocr_par' dir='ltr' id='par_1_118' title="bbox 2003 5374 3696 5443">
     <span class='ocr_line' id='line_1_118' title="bbox 2003 5374 3696 5443; baseline 0.001 -13"><span class='ocrx_word' id='word_1_853' title='bbox 2003 5381 2025 5430; x_wconf 92' lang='grc'>1</span> <span class='ocrx_word' id='word_1_854' title='bbox 2070 5375 2373 5442; x_wconf 85' lang='lat' dir='ltr'>Augustini</span> <span class='ocrx_word' id='word_1_855' title='bbox 2415 5375 2655 5443; x_wconf 87' lang='lat' dir='ltr'>impulsu</span> <span class='ocrx_word' id='word_1_856' title='bbox 2701 5376 2985 5430; x_wconf 82' lang='lat' dir='ltr'>historiam</span> <span class='ocrx_word' id='word_1_857' title='bbox 3022 5390 3175 5429; x_wconf 88' lang='lat' dir='ltr'>suam</span> <span class='ocrx_word' id='word_1_858' title='bbox 3216 5374 3405 5428; x_wconf 81' lang='lat' dir='ltr'>scribit</span> <span class='ocrx_word' id='word_1_859' title='bbox 3458 5374 3696 5431; x_wconf 83' lang='lat' dir='ltr'>Orosius.</span> 
     </span>
    </p>
   </div>
   <div class='ocr_carea' id='block_1_119' title="bbox 2069 5460 3698 5532">
    <p class='ocr_par' dir='ltr' id='par_1_119' title="bbox 2069 5460 3698 5532">
     <span class='ocr_line' id='line_1_119' title="bbox 2069 5460 3698 5532; baseline 0.001 -17"><span class='ocrx_word' id='word_1_860' title='bbox 2069 5465 2102 5515; x_wconf 83' lang='grc'>2</span> <span class='ocrx_word' id='word_1_861' title='bbox 2140 5464 2477 5516; x_wconf 83' lang='lat' dir='ltr'>Innocentius</span> <span class='ocrx_word' id='word_1_862' title='bbox 2488 5462 2724 5532; x_wconf 87' lang='lat' dir='ltr'>papaad</span> <span class='ocrx_word' id='word_1_863' title='bbox 2742 5463 3038 5530; x_wconf 81' lang='lat' dir='ltr'>Africanos</span> <span class='ocrx_word' id='word_1_864' title='bbox 3068 5460 3383 5527; x_wconf 85' lang='lat' dir='ltr'>rescribens,</span> <span class='ocrx_word' id='word_1_865' title='bbox 3416 5460 3698 5527; x_wconf 82' lang='lat' dir='ltr'>Pelagium</span> 
     </span>
    </p>
   </div>
   <div class='ocr_carea' id='block_1_120' title="bbox 2071 5548 3698 5618">
    <p class='ocr_par' dir='ltr' id='par_1_120' title="bbox 2071 5548 3698 5618">
     <span class='ocr_line' id='line_1_120' title="bbox 2071 5548 3698 5618; baseline 0.001 -13"><span class='ocrx_word' id='word_1_866' title='bbox 2071 5555 2121 5606; x_wconf 82' lang='lat' dir='ltr'>et</span> <span class='ocrx_word' id='word_1_867' title='bbox 2167 5552 2484 5618; x_wconf 63' lang='lat' dir='ltr'>Calestium,</span> <span class='ocrx_word' id='word_1_868' title='bbox 2528 5551 2791 5608; x_wconf 85' lang='lat' dir='ltr'>damnata</span> <span class='ocrx_word' id='word_1_869' title='bbox 2832 5553 3115 5618; x_wconf 82' lang='lat' dir='ltr'>utriusque</span> <span class='ocrx_word' id='word_1_870' title='bbox 3153 5548 3419 5618; x_wconf 80' lang='lat' dir='ltr'>doctrina,</span> <span class='ocrx_word' id='word_1_871' title='bbox 3472 5551 3698 5606; x_wconf 85' lang='lat' dir='ltr'>anathe-</span> 
     </span>
    </p>
   </div>
  </div>
