4028 6174
406 299 505 352 487

479 427 620 477 mate
650 421 894 476 mulctat.
929 422 958 472 3
1016 421 1088 472 De
1126 418 1299 474 Gestis
1337 418 1638 472 Palaestinae
1681 415 1876 483 synodi
1913 414 2111 468 librum

479 514 539 566 in
558 512 749 578 vulgus
783 510 895 564 edit
928 509 1290 576 Augustinus.
1325 511 1354 560 4
1398 507 1671 572 Bonifacii
1711 504 1918 558 comitis
1971 517 2112 571 prae-

482 602 641 655 clara
669 600 815 654 dotes
847 602 1008 666 atque
1036 598 1109 651 ad
1137 613 1191 650 se
1220 598 1317 650 uni
1342 599 1464 664 Deo,
1494 596 1651 648 rebus
1680 593 1924 647 omnibus
1957 591 2113 644 abdi-

488 692 644 757 catis,
684 687 1106 756 mancipandam
1143 700 1439 754 propensus
1478 686 1711 737 animus.
1766 686 1795 735 5
1846 680 2005 736 Liber
2042 679 2116 733 ad

488 779 670 846 ipsum
701 777 766 830 de
809 777 1136 832 Correctione
1177 776 1586 828 Donatistarum
1624 773 1859 840 scriptus
1900 770 1967 822 ab
1997 770 2114 822 Au-

485 868 772 934 gustino.6
798 865 958 919 Liber
982 863 1219 932 ejusdem
1250 863 1324 916 ad
1354 863 1673 917 Dardanum
1723 860 1789 914 de
1824 860 2117 913 Praesentia

486 957 601 1009 Dei.
642 958 672 1007 7
702 954 1004 1021 Epistolam
1031 951 1105 1004 ad
1130 952 1419 1004 Paulinum
1441 951 1785 1018 Augustinus
1801 964 1895 1004 suo
1916 952 1964 1002 et
1984 948 2118 1018 Aly-

478 1045 567 1112 pii
592 1043 800 1095 nomine
825 1040 1015 1093 scribit
1055 1043 1240 1092 contra
1278 1040 1616 1106 Pelagianos.

487 1135 536 1186 1.
577 1132 741 1183 Anno
767 1133 896 1196 post
925 1127 1560 1198 quadringentesimum
1585 1127 1674 1180 vel
1707 1129 1863 1179 sexto
1894 1123 2115 1178 decimo

409 1219 572 1290 juxta
611 1216 920 1272 Marcellini
959 1216 1289 1284 chronicon,
1335 1216 1424 1269 vel
1471 1215 1714 1285 septimo
1763 1213 1984 1268 decimo
2023 1228 2118 1266 se-

413 1306 667 1361 cundum
697 1305 1004 1358 nonnullos
1033 1304 1192 1370 alios,
1226 1303 1455 1358 Orosius
1481 1302 1786 1357 Historiam
1812 1317 1973 1355 suam
2003 1301 2117 1354 elu-

416 1396 691 1452 cubravit.
729 1394 875 1448 Fieri
926 1393 1080 1448 enim
1111 1395 1318 1464 potuit,
1350 1398 1415 1447 ut
1458 1410 1583 1448 eam
1615 1409 1764 1446 anno
1803 1391 1898 1445 illo
1928 1391 2117 1460 priore

413 1485 712 1556 inciperet,
733 1500 835 1537 nec
855 1487 1049 1537 tamen
1071 1487 1199 1536 ante
1213 1481 1587 1552 posteriorem
1605 1482 1758 1535 hunc
1779 1481 2113 1534 absolveret.

417 1575 560 1628 Eum
582 1576 731 1626 certe
762 1575 984 1625 constat
1012 1570 1171 1624 illam
1199 1587 1315 1624 non
1346 1570 1655 1640 scripsisse,
1677 1568 1787 1622 nisi
1816 1572 2118 1640 postquam

413 1679 471 1716 se
503 1660 835 1716 contulisset
887 1659 1237 1725 Bethlehem,
1280 1658 1475 1729 ibique
1507 1657 1836 1728 Hieronymi
1875 1672 2116 1726 conspe-

413 1755 506 1805 ctu
549 1750 764 1821 potitus
803 1753 954 1802 esset
993 1747 1252 1818 (Orosius,
1295 1750 1543 1802 Historia:
1584 1747 1720 1801 libro
1748 1751 1803 1812 7,
1847 1761 1968 1815 cap.
2001 1745 2115 1814 43).

418 1842 661 1893 lnuuere
689 1837 937 1903 videtur,
978 1836 1125 1890 hanc
1160 1853 1193 1889 a
1241 1853 1298 1890 se
1330 1837 1388 1889 in
1417 1835 1604 1889 Africa
1650 1835 1820 1888 fuisse
1851 1832 2117 1903 scriptam

415 1929 600 1999 (1bid.,
651 1927 786 1981 libro
844 1931 896 1993 5,
942 1942 1062 1995 cap.
1114 1925 1184 1995 2):
1239 1925 1393 1996 quod
1433 1925 1668 1996 quidem
1704 1922 1917 1976 creditu
1965 1921 2118 1974 haud

415 2016 720 2072 admodum
754 2015 984 2070 difﬁcile
1015 2015 1087 2068 sit
1118 2031 1131 2081 ;
1166 2015 1381 2084 quippe
1420 2029 1549 2068 cum
1581 2011 1986 2083 Augustinum,
2021 2008 2118 2080 qui

415 2106 467 2159 ei
507 2105 697 2175 operis
725 2104 898 2173 hujus
920 2102 1266 2172 suscipiendi
1289 2107 1483 2156 auctor
1510 2101 1639 2167 fuit,
1668 2100 1726 2153 in
1756 2097 2036 2170 principio
2063 2101 2120 2150 et

415 2192 473 2244 in
505 2192 620 2244 ﬁne
633 2191 954 2260 compellet.
983 2188 1282 2243 Enimvero
1314 2205 1445 2242 cum
1471 2186 1683 2258 Pagani
1709 2202 1894 2256 neque
1923 2185 2116 2238 futura

415 2278 777 2344 meditantes,
813 2293 1000 2348 neque
1030 2278 1344 2331 recolentes
1378 2277 1686 2348 praeterita,
1721 2291 1790 2329 ex
1829 2273 1992 2328 Urbis
2021 2289 2117 2326 cx-

415 2367 792 2438 pugnatione,
813 2382 916 2420 nec
931 2382 1045 2419 non
1060 2366 1184 2419 aliis
1204 2365 1446 2420 Romani
1459 2363 1689 2434 Imperii
1703 2361 2119 2417 calamitatibus

414 2471 614 2510 ansam
682 2455 1004 2524 arriperent
1055 2453 1514 2523 blasphemandi,
1565 2452 1975 2506 contendentes
2025 2466 2119 2504 eas

415 2543 673 2599 conferre
694 2542 754 2596 in
772 2541 1106 2613 religionem
1136 2541 1522 2606 christianum,
1549 2539 1805 2594 exstincti
1828 2538 2118 2592 idolorum

415 2633 599 2687 cultus
624 2631 887 2685 effectum
917 2645 1038 2684 esse
1065 2631 1219 2684 hunc
1242 2629 1599 2700 jactitantes:
1628 2632 1982 2699 praeceptum
2009 2627 2120 2683 sibi

415 2722 485 2776 ab
510 2719 832 2792 Augustino
865 2719 1021 2788 dicit,
1070 2723 1136 2774 ut
1184 2735 1214 2773 e
1245 2717 1614 2790 scriptoribus
1645 2717 1913 2771 omnibus
1953 2716 2118 2770 fune-

416 2811 694 2866 stissimos
725 2825 983 2881 quosque
1014 2809 1084 2862 ab
1115 2807 1418 2863 hominum
1454 2805 1734 2860 memoria
1764 2809 1996 2860 eventus
2025 2822 2118 2858 ex-

413 2903 688 2972 cerperet,
739 2899 906 2961 bella,
963 2901 1168 2968 pestes,
1228 2913 1473 2951 annonae
1519 2895 1803 2960 caritates,
1835 2899 2118 2950 terrarum

414 2988 831 3054 concussiones,
859 2985 1265 3040 inundationes
1293 2984 1615 3048 ﬂuviorum,
1649 2982 1874 3053 ignium
1905 2982 2121 3037 subter-

415 3093 721 3131 raneorum
745 3075 1096 3146 eruptiones,
1130 3075 1242 3128 vim
1269 3073 1567 3145 grandinis
1585 3072 2117 3138 extraordinariam,

415 3165 721 3218 criminum
753 3163 925 3218 etiam
949 3162 1196 3216 maxime
1219 3162 1486 3233 insignia,
1513 3163 1813 3216 etdemum
1841 3165 2123 3232 quotquot

416 3254 606 3323 legere
635 3257 720 3306 est
747 3253 808 3305 in
845 3251 1238 3305 monumentis
1286 3251 1679 3317 historiarum,
1708 3250 1921 3318 tragica
1952 3265 2119 3319 argu-

416 3344 612 3393 menta
636 3353 648 3394 :
671 3339 803 3393 dein
818 3338 987 3393 exhis
1009 3339 1274 3392 omnibus
1295 3339 1626 3393 historicam
1647 3339 1849 3392 seriem
1865 3343 1920 3392 et
1939 3354 2121 3392 unum

417 3428 581 3499 quasi
636 3444 843 3499 corpus
891 3445 958 3481 eo
1017 3430 1364 3494 contexeret,
1406 3431 1470 3481 ut
1506 3427 1641 3481 hinc
1681 3425 2116 3495 intelligeretur,

414 3516 683 3586 pluresne
732 3533 764 3570 a
809 3515 1133 3571 christianis
1183 3515 1538 3586 temporibus
1577 3515 1906 3585 hujusmodi
1936 3514 2121 3569 clades

413 3605 737 3660 evenissent
789 3605 973 3676 (Ibid.,
1007 3605 1100 3660 lib.
1157 3608 1204 3673 1,
1241 3607 1510 3674 praefat).
1566 3604 1690 3658 Non
1731 3607 1958 3674 poterat
1999 3606 2119 3656 Au-

411 3695 672 3764 gustinus
713 3694 773 3748 id
820 3711 923 3764 per
975 3710 1032 3748 se
1064 3693 1318 3764 exsequi,
1349 3693 1638 3747 districtus
1673 3692 1948 3746 nimirum
1998 3691 2122 3746 aliis

414 3782 902 3852 occupationibus,
937 3788 992 3836 et
1032 3782 1395 3852 potissimum
1427 3781 1586 3835 libris
1629 3781 1698 3834 de
1729 3780 1965 3834 Civitate
1998 3780 2119 3840 Dei,

419 3885 666 3940 quorum
703 3875 839 3922 tunc
861 3869 1233 3923 undecimum
1264 3869 1325 3923 in
1367 3869 1633 3922 manibus
1662 3868 1931 3937 habebat,
1967 3871 2122 3922 lucu-

413 3956 645 4011 brandis
675 3972 908 4026 Operam
940 3973 1153 4010 navans
1189 3956 1423 4027 (Ibid.).
1477 3958 1630 4010 Hanc
1662 3957 1856 4027 itaque
1886 3957 2120 4027 provin-

412 4045 560 4100 ciam
587 4045 742 4100 dedit
770 4045 990 4111 Orosio,
1018 4062 1190 4114 quem
1233 4045 1405 4098 etiam
1445 4061 1550 4114 per
1569 4045 1860 4099 Iulianum
1892 4046 2122 4099 Cartha-

423 4133 742 4205 ginensem,
778 4149 1002 4187 servum
1031 4132 1152 4199 Dei,
1184 4132 1321 4204 quia
1348 4137 1473 4187 tum
1502 4133 1754 4187 fortassis
1784 4133 2123 4203 Carthagine

423 4223 764 4278 morabatur
810 4221 1063 4289 Orosius,
1119 4222 1188 4276 ad
1241 4237 1366 4275 eam
1405 4221 1822 4292 suscipiendam
1873 4222 2122 4291 impulit.

417 4312 616 4367 Paruit
646 4312 741 4366 ille
771 4312 923 4366 ultro
957 4327 1019 4364 ac
1059 4311 1281 4377 lubens,
1322 4310 1446 4380 ipso
1475 4311 1560 4364 vel
1591 4310 1870 4365 desiderio
1901 4327 2123 4366 morem

419 4401 652 4470 gerendi
681 4401 752 4464 ei,
787 4417 961 4471 quem
992 4403 1055 4453 ut
1083 4403 1307 4470 patrem
1341 4398 1695 4465 observabat,
1736 4399 1804 4452 de
1834 4414 2123 4453 successus

420 4488 675 4558 periculo
704 4505 967 4542 securus:
1003 4487 1216 4558 quippe
1250 4502 1392 4556 opus
1424 4503 1591 4540 suum
1621 4487 1855 4540 omnino
1885 4487 2118 4557 permit-

418 4576 575 4630 tabat
613 4582 805 4630 sancto
846 4577 1095 4643 Doctori,
1124 4581 1187 4630 ut
1218 4576 1264 4630 si
1288 4574 1479 4629 minus
1501 4575 1741 4645 dignum
1769 4577 1923 4646 quod
1949 4575 2008 4629 in
2042 4576 2125 4630 lu-

420 4680 545 4718 cem
577 4665 993 4720 edereturillud
1008 4664 1314 4736 judicaret,
1336 4662 1590 4717 tenebris
1618 4663 1917 4718 damnaret
1932 4663 2122 4731 (1bid.,

423 4753 518 4807 lib.
557 4756 612 4819 ’7,
653 4769 775 4821 cap.
806 4753 915 4824 43).
956 4755 1289 4809 Generalem
1327 4751 1504 4824 igitur
1551 4751 1814 4806 omnium
1863 4751 2124 4823 gentium

428 4841 728 4896 historiam
762 4857 1081 4912 aggressus,
1111 4859 1235 4896 eam
1267 4842 1338 4896 ab
1368 4841 1491 4912 ipsa
1520 4856 1712 4895 rerum
1738 4841 2022 4896 creatione
2053 4841 2127 4895 ad

426 4946 641 4987 annum
657 4929 864 4984 Christi
878 4931 1483 5002 quadringentesinum
1510 4929 1795 4984 decimum
1815 4930 2124 5000 septimum

411 5019 737 5093 pertexuit:
772 5015 1116 5087 cupiditates
1151 5024 1206 5074 et
1238 5019 1571 5090 punitiones
1601 5019 1906 5073 hominum
1936 5035 2128 5088 pecca-

418 5116 630 5177 torum,
681 5107 1130 5162 contlictationes
1177 5109 1388 5176 saeculi,
1435 5113 1491 5162 et
1521 5108 1734 5179 judicia
1792 5107 1912 5175 Dei,
1951 5123 2124 5178 quam

409 5199 740 5256 brevissime
773 5201 842 5251 ~et
897 5212 1069 5267 quam
1105 5195 1522 5266 simplicissime
1561 5197 1772 5268 potuit,
1812 5195 2118 5267 explicans.

418 5291 683 5344 Afﬁrmat
729 5302 922 5358 porro,
967 5301 1032 5339 ex
1063 5284 1504 5355 investigatione
1551 5286 1767 5345 sedula,
1799 5285 2122 5356 prazteritos

415 5378 560 5446 dies,
593 5394 712 5433 non
741 5377 928 5431 solum
979 5389 1143 5446 aeque
1186 5378 1251 5428 ut
1289 5373 1394 5428 hos
1435 5391 1654 5446 graves,
1704 5389 1902 5429 verum
1951 5372 2125 5428 etiam

413 5467 572 5520 tanto
605 5465 853 5521 atrocius
882 5463 1144 5533 miseros,
1175 5465 1390 5533 quanto
1407 5463 1632 5534 longius
1650 5480 1682 5519 a
1702 5463 1956 5519 remedio
1975 5479 2123 5517 vero:

407 5553 586 5625 eligio
603 5555 691 5610 nis
720 5555 967 5625 alienos,
991 5570 1050 5611 se
1081 5549 1431 5623 comperisse
1457 5551 1641 5622 (Ibid.,
1663 5553 1757 5609 lib.
1781 5556 1831 5620 t,
1849 5552 2119 5621 Praefat.)

1653 294 1805 346 Vl'l‘A
1852 290 1908 345 S.
1951 285 2323 344 AUGUSTINI
2365 285 2694 341 EPISCOPI.
3763 294 3842 346 488

2293 415 2345 465 2.
2387 410 2501 465 Sub
2544 408 2681 463 anni
2727 406 2901 477 hujus
2946 403 3178 459 initium
3217 406 3571 461 Innocentius
3594 423 3726 479 papa
3761 414 3848 482 ρρί-

2222 500 2380 554 stolis
2427 497 2651 553 concilii
2691 493 3175 566 Carthaginensis,
3219 495 3443 548 concilii
3489 497 3776 562 Milevitani,
3810 509 3851 557 et

2223 589 2477 660 quinque
2524 587 2944 658 episc0porum,
2997 600 3146 638 anno
3189 583 3477 654 superiore
3513 587 3576 639 ad
3605 604 3655 640 se
3682 589 3850 657 missis,

2223 677 2462 748 singulis
2492 676 2747 747 singulas
2785 673 3057 745 epistolas
3084 672 3396 744 rescripsit;
3439 673 3670 744 ipsorum
3696 677 3750 732 in
3773 680 3853 733 Pe-

2224 766 2479 837 lagianos
2556 770 2611 818 et
2675 763 2992 819 doctrinam
3061 762 3459 833 comprobans,
3513 767 3565 817 et
3621 766 3856 834 judicium

2225 854 2681 924 sententiamque
2741 853 3105 907 conﬁrmans.
3173 852 3454 919 Pelagium
3519 853 3858 925 Calesliumque

2227 942 2552 1014 (Apostolici
2596 943 2657 996 in
2718 958 2813 996 eos
2861 939 3074 995 decreti
3128 956 3263 1010 pars
3311 939 3432 994 haec
3483 940 3740 1012 praecipua
3775 947 3860 1010 est)

2223 1033 2285 1086 id
2315 1037 2412 1098 est,
2460 1034 2759 1086 inventores
2800 1045 2990 1086 uocum
3034 1045 3320 1094 novarum,
3375 1029 3708 1084 ecclesiastica
3746 1047 3858 1085 com-

2223 1123 2472 1176 munione
2497 1122 2735 1189 privari,
2768 1118 3050 1188 apostolici
3074 1119 3282 1184 vigoris
3312 1119 3624 1172 auctoritate
3646 1134 3858 1173 censemus

2224 1211 2385 1265 donec
2406 1211 2746 1278 resipiscant.
2780 1210 2900 1262 Haec
2938 1209 3129 1274 igitur,
3156 1209 3364 1272 fratres
3389 1208 3698 1273 charissimi,
3725 1210 3772 1260 in
3794 1222 3858 1261 su-

2219 1299 2502 1370 pradictos
2536 1302 2750 1352 maneat
2777 1299 2894 1366 ﬂata
2932 1298 3232 1361 sententia;
3274 1295 3456 1349 absint
3500 1298 3649 1350 atriis
3675 1297 3858 1364 Domini,

2225 1392 2444 1442 careant
2469 1386 2716 1440 custodia
2739 1385 3031 1454 pastorali,
3071 1399 3137 1437 ne
3166 1383 3403 1436 duarnm
3441 1385 3610 1436 ovium
3635 1383 3746 1435 dira
3768 1398 3858 1436 con-

2227 1480 2380 1546 tagia
2390 1480 2610 1545 serpant
2624 1477 2860 1542 forsitan
2867 1490 2966 1544 per
2979 1473 3171 1542 vulgus
3188 1474 3467 1526 incautum
3483 1471 3656 1541 (Apud
3671 1471 3855 1539 August.

2226 1569 2406 1636 Epist.
2452 1568 2569 1630 182,
2604 1582 2658 1619 n.
2702 1565 2774 1632 6).
2808 1565 2923 1617 Hoc
2951 1561 3076 1632 ipso
3126 1578 3282 1615 anno
3314 1560 3654 1631 Augustinus
3679 1561 3858 1614 Cartha-

2227 1655 2359 1726 gine
2386 1655 2721 1709 concionem
2749 1652 2969 1718 habuit,
3007 1651 3096 1705 die
3129 1650 3438 1713 dominico,
3472 1665 3616 1703 nono
3647 1647 3859 1702 kalendas

2226 1743 2492 1810 octobris,
2524 1743 2584 1796 in
2615 1759 2729 1813 qua
2755 1742 2947 1812 palam
2986 1739 3293 1811 proﬁtetur
3319 1754 3604 1809 nunquam
3632 1737 3781 1790 ferme
3811 1737 3859 1789 ad

2225 1833 2508 1905 populum
2532 1831 2707 1886 verba
2736 1830 2918 1884 facere
2961 1845 3041 1897 se,
3073 1828 3214 1900 quin
3257 1826 3455 1899 gratia:
3499 1826 3688 1880 divinze
3714 1841 3859 1879 neces-

2227 1922 2473 1987 sitatem,
2505 1923 2739 1992 propter
2760 1919 3019 1989 ingratos
3057 1918 3337 1988 quosdam
3362 1915 3633 1981 homines,
3658 1932 3687 1967 a
3703 1914 3860 1985 quibus

2228 2028 2293 2066 ea
2319 2027 2525 2082 parum
2555 2007 2990 2079 agnoscebatur,
3025 2011 3080 2060 at
3108 2012 3306 2060 contra
3344 2004 3553 2058 viribus
3579 2009 3768 2058 natura:
3793 2003 3859 2056 ni-

2227 2100 2409 2154 mium
2441 2098 2819 2164 tribuebatur,
2851 2096 3166 2151 declararet
3218 2097 3409 2165 (Serm.
3443 2096 3556 2159 t3l,
3593 2110 3642 2146 n.
3672 2094 3731 2155 6).
3760 2093 3860 2145 Hor-

2227 2192 2384 2242 tatur
2412 2187 2629 2253 ﬁdeles,
2663 2186 2786 2240 istis
2827 2184 3286 2256 compatiuntur;
3319 2200 3423 2238 nec
3451 2187 3651 2248 tamen,
3673 2180 3860 2251 siquem

2230 2276 2510 2347 ejusmodi
2549 2274 3052 2345 deprehenderint,
3083 2273 3224 2327 falsa
3267 2273 3514 2342 quadam
3542 2266 3860 2324 misericordia

2229 2364 2398 2434 capti.
2459 2365 2746 2418 occultum
2800 2362 2964 2416 illum
3022 2378 3144 2416 esse
3202 2361 3517 2432 patiantur.
3581 2357 3728 2412 Jubet
3771 2355 3861 2407 illos

2231 2453 2515 2523 redargui,
2571 2469 2635 2506 ac
2682 2453 2728 2505 si
2781 2451 3012 2522 quidem
3044 2451 3104 2504 in
3163 2466 3359 2504 errore
3399 2445 3737 2520 pertinaciter
3772 2441 3860 2494 ani-

2231 2559 2390 2597 mum
2448 2541 2773 2607 obﬁrment,
2823 2541 2892 2594 ad
2945 2557 3002 2593 se
3059 2539 3284 2594 adduci.
3343 2541 3465 2592 Jam
3508 2537 3655 2600 enim,
3703 2531 3860 2601 inquit,

2230 2632 2293 2684 de
2324 2632 2422 2684 hac
2470 2645 2635 2684 causa
2681 2629 2786 2682 duo
2820 2631 3047 2683 concilia
3089 2630 3260 2683 missa
3303 2631 3428 2682 sunt
3465 2626 3536 2679 ad
3572 2623 3733 2680 Scdem
3762 2634 3860 2688 apo-

2229 2721 2510 2774 stolicam:
2555 2718 2679 2772 inde
2721 2720 2884 2773 etiam
2930 2719 3196 2786 rescripta
3234 2720 3516 2772 venerunt.
3564 2715 3718 2769 Causa
3747 2709 3860 2778 ﬁnita

2229 2814 2340 2875 est;
2369 2811 2580 2862 utinam
2607 2807 2902 2877 aliquando
2921 2809 3150 2875 ﬁniatur
3178 2822 3350 2860 error.
3379 2803 3530 2872 (Ibid.
3560 2818 3633 2868 n.,
3657 2798 3747 2868 10.)

2303 2900 2361 2951 3.
2403 2896 2482 2950 Ad
2517 2911 2650 2950 eum
2679 2894 2999 2949 ﬁniendum
3045 2894 3337 2964 pertinere
3381 2893 3438 2947 in
3469 2890 3656 2964 primis
3679 2885 3860 2959 putavit,

2233 2991 2296 3040 ut
2327 2985 2644 3040 Palaestinas
2676 2983 2894 3054 synodi,
2931 2983 3028 3038 ubi
3059 3000 3116 3037 se
3135 2982 3402 3055 Pelagius
3428 2983 3713 3053 purgatum
3739 2973 3862 3028 fuisse

2226 3073 2542 3145 jactitabat,
2597 3072 2883 3143 judicium
2938 3072 3289 3126 haberetur:
3345 3071 3594 3126 animum
3645 3063 3861 3136 siquidem

2231 3162 2554 3231 induxerat,
2607 3161 2666 3214 in
2740 3177 2806 3214 eo
2877 3160 3176 3231 Pelagium
3247 3158 3517 3215 haeresim
3569 3170 3712 3209 suam
3759 3155 3863 3203 uta

2231 3249 2523 3304 catholicis
2595 3249 2894 3319 episcopis
2941 3250 3353 3316 absolveretur,
3419 3249 3670 3318 ejurasse,
3737 3243 3862 3308 atque

2233 3338 2382 3409 apud
2414 3337 2567 3408 ipsos
2592 3338 2765 3392 ﬁdem
2791 3338 3023 3392 omnino
3047 3338 3374 3408 professum
3407 3352 3523 3391 esse
3545 3329 3860 3388 Christianam.

2235 3426 2493 3496 Acceptis
2541 3426 2719 3496 igitur
2747 3427 2856 3480 hoc
2905 3427 3134 3481 tandem
3189 3430 3450 3498 tempore
3500 3419 3679 3494 synodi
3713 3411 3861 3474 Gestis.

2233 3531 2356 3570 rem
2386 3515 2466 3568 ita
2496 3531 2553 3567 se
2577 3514 2809 3581 habere,
2841 3531 2956 3569 non
2995 3515 3116 3569 sine
3147 3516 3402 3570 maxima
3430 3510 3601 3567 animi
3637 3503 3863 3574 voluptate

2234 3603 2516 3674 comperit
2545 3619 2558 3657 :
2594 3608 2763 3674 atque
2821 3608 2883 3657 ut
2923 3603 3179 3658 haeretici
3230 3604 3493 3659 fraudem
3520 3597 3783 3667 retegeret,
3818 3588 3862 3640 li-

2234 3694 2404 3748 brum
2455 3695 2651 3746 contra
2706 3693 2873 3746 Gesta
2929 3691 3020 3745 illa
3061 3691 3336 3759 breviata,
3390 3706 3513 3763 quae
3557 3681 3782 3752 Pelagius
3822 3675 3861 3726 in

2233 3798 2350 3836 suae
2382 3779 2726 3834 defensionis
2755 3781 3011 3834 chartula
3045 3781 3395 3851 vulgaverat,
3446 3776 3672 3832 scribere
3713 3779 3862 3838 quam—

2232 3871 2487 3940 primum
2535 3885 2831 3940 aggressus
2879 3872 2963 3923 est
3011 3869 3110 3938 (De
3150 3869 3327 3925 Gestis
3383 3864 3600 3934 Pelagii,
3633 3856 3782 3925 n.2):
3815 3864 3863 3903 ne

2234 3959 2360 4030 quis
2399 3959 2544 4013 forte
2577 3962 2745 4025 esset,
2799 3957 2898 4028 qui
2947 3973 3013 4011 eo
3062 3957 3212 4011 velut
3244 3957 3523 4020 absoluto,
3555 3952 3665 4022 ipsa
3689 3953 3864 4016 quoque

2235 4048 2357 4117 ejus
2385 4047 2650 4117 dogmata
2681 4050 2910 4116 putaret
2933 4045 3156 4116 judices
3197 4046 3555 4116 approbasse.
3601 4040 3768 4105 Itaque
3791 4031 3865 4082 1100

2231 4135 2286 4189 in
2328 4136 2496 4203 libro,
2529 4139 2601 4189 De
2635 4138 2804 4193 Gestis
2845 4136 3055 4202 Pelagii
3080 4134 3382 4204 inscripto,
3427 4126 3744 4201 Augustinus
3778 4118 3864 4170 siu-

2232 4225 2368 4294 gula
2397 4240 2657 4279 errorum
2690 4223 2878 4294 capita
2915 4222 3144 4293 Pelagio
3183 4223 3339 4292 apud
3367 4219 3637 4294 synodum
3678 4208 3861 4298 obiecit),

2233 4328 2362 4366 cum
2389 4312 2648 4383 ejusdem
2678 4311 2749 4365 ad
2795 4311 2894 4365 illa
2919 4292 3227 4380 respdnsis,
3257 4292 3674 4380 diligentissime
3688 4292 3864 4383 excutit.

2234 4400 2482 4455 Tametsi
2510 4416 2645 4454 vero
2676 4399 2772 4454 ille
2799 4400 3066 4471 dogmata
3087 4399 3209 4469 ipsa
3229 4399 3526 4462 damnans,
3550 4407 3664 4464 quze
3690 4379 3867 4473 inimifa

2233 4489 2431 4560 gratia:
2463 4487 2670 4544 Christi
2699 4468 2968 4542 adversus
2997 4468 3131 4542 eum
3163 4488 3233 4542 de
3284 4485 3502 4541 Herotis
3528 4487 3581 4537 et
3626 4469 3791 4532 Lazari
3819 4468 3866 4520 li-

2235 4579 2384 4633 bello
2440 4577 2800 4647 legebantur,
2849 4577 3163 4630 catholicus
3211 4592 3244 4629 a
3293 4575 3511 4646 synodo
3539 4561 3868 4642 pronuntiatUS

2235 4663 2342 4730 sit;
2376 4663 2484 4734 ipsi
2525 4667 2716 4718 tamen
2748 4664 3129 4734 suspicionem
3162 4665 3448 4718 haereseos
3486 4660 3655 4714 adhuc
3699 4652 3865 4704 haerere

2237 4751 2522 4806 ostendit:
2565 4768 2630 4806 ac
2671 4752 2906 4806 demum
2963 4752 3042 4806 sic
3080 4769 3211 4807 eum
3265 4751 3468 4824 synodi
3497 4740 3750 4803 sententia
3780 4743 3867 4786 esse

2237 4841 2582 4909 absolutum,
2613 4845 2677 4895 ut
2704 4841 2828 4912 ipsa
2857 4841 3114 4906 haeresis,
3147 4823 3384 4913 propter
3425 4851 3591 4911 quam
3617 4832 3679 4886 ad
3706 4823 3865 4913 9PM”

2235 4931 2364 5000 pale
2388 4929 2666 5001 judicium
2709 4934 3025 5001 pertractus
3078 4912 3180 4998 est,
3240 4931 3623 4984 incunctanter
3658 4912 3868 4973 damnata

2235 5019 2406 5073 fuerit
2436 5019 2927 5090 (Retractationum
2957 5021 3050 5075 lib.
3097 5023 3131 5073 2
3179 5036 3300 5089 cap.
3333 5021 3444 5090 47).
3594 5005 3598 5010 ’
3819 5081 3844 5091 Α,

2309 5111 2364 5163 4.
2391 5087 2583 5164 Tradit
2637 5109 3011 5180 Augustinus,
3060 5125 3118 5163 se
3163 5087 3277 5180 quo
3327 5087 3578 5176 tempore
3629 5098 3689 5152 de
3730 5087 3866 5180 Gestis

2238 5198 2453 5268 Pelagii
2484 5198 2727 5270 scripsit,
2781 5199 2986 5253 eodem
3024 5197 3151 5268 ipso
3201 5196 3577 5269 composuisse
3618 5170 3866 5271 librudee

2238 5260 2615 5342 Correctione-
2657 5260 3084 5342 Donatistarum
3139 5260 3495 5358 (Mida-cap.
3543 5279 3640 5348 48).
3692 5260 3866 5353 Βοηὶῐεξῖ

2237 5375 2374 5443 cius,
2428 5376 2520 5431 cui
2565 5376 2711 5431 liber
2754 5375 3127 5444 inscribitur;
3177 5372 3332 5431 inter
3383 5371 3640 5430 maximos
3687 5360 3867 5444 imiter"

2237 5464 2479 5519 Romani
2505 5465 2656 5520 viros
2685 5466 3101 5520 numerabatur
3129 5470 3218 5521 :et
3239 5464 3513 5536 scriptum
3537 5446 3746 5539 reliquit
3757 5441 3867 5539 '1’“:

2237 5552 2451 5625 copias,
2510 5554 2678 5612 illum
2729 5557 2901 5627 atque
2953 5554 3182 5611 Aetium
3239 5531 3375 5610 tum
3422 5551 3492 5607 ob
3544 5531 3868 5601 fortitudinem
