4028 6174
157 257 249 309 489
1559 263 1770 319 LIBER
1811 265 2180 323 SEPTIMUS.
3533 281 3638 334 3:99

153 375 328 444 reique
367 375 633 428 militaris
674 375 962 446 peritiam,
996 383 1112 432 tum
1157 381 1228 434 ob
1268 382 1446 436 animi
1480 381 1824 454 magnitudi-

150 479 268 517 nem
309 468 653 534 ceterasque
703 464 958 526 virtutes,
1007 468 1156 522 haud
1206 469 1494 525 immerito
1547 473 1828 528 Romano-

154 568 264 604 rum
291 551 518 604 ultimos
544 569 707 621 posse
729 554 1008 624 appellari
1035 559 1361 626 (Procopius,
1392 562 1648 616 Historiae
1682 564 1825 616 Van-

147 639 248 694 clul.
294 643 334 705 1,
390 641 545 708 195).
599 641 821 704 Quanto
883 645 1033 714 apud
1083 661 1282 700 omnes
1329 653 1452 702 erat
1498 648 1558 702 in
1611 650 1826 704 honore

138 732 351 796 propter
397 727 722 782 humanam
762 731 1239 800 magnitudinem,
1274 738 1432 789 tanta
1481 754 1613 791 eum
1651 756 1825 792 vene-

135 813 337 867 ratione
377 820 622 885 propter
651 816 930 887 insignem
972 819 1245 888 pietatem
1280 823 1541 876 colebant
1583 826 1826 879 sanctis-

129 902 246 955 simi
273 903 496 973 quippe
521 905 776 972 ejusdem
805 907 986 960 aetatis
1008 907 1278 980 episcopi.
1307 912 1511 964 Verum
1535 912 1583 965 is
1601 918 1826 967 tantum

128 989 281 1040 decus
312 990 386 1042 ad
418 995 748 1044 extremum
781 1008 961 1063 usque
988 1010 1100 1047 non
1131 996 1367 1050 retinuit
1400 1013 1414 1050 :
1448 1015 1578 1052 cum
1608 999 1760 1054 enim
1794 1018 1827 1054 a

126 1076 228 1128 Deo
258 1081 523 1130 mentem
556 1084 611 1131 et
650 1078 1050 1148 cogitationem
1091 1083 1404 1151 avertisset,
1447 1085 1506 1138 in
1551 1092 1634 1140 tot
1677 1091 1823 1140 tam-

123 1180 221 1232 que
250 1169 477 1217 atroces
512 1166 860 1221 calamitates
900 1168 1202 1223 immersus
1233 1171 1359 1238 fuit,
1394 1178 1458 1226 ut
1492 1175 1564 1227 ad
1593 1175 1826 1230 fulcien-

123 1252 240 1305 dam
263 1257 710 1323 temporaneam
732 1258 1060 1327 ﬂuxamque
1083 1259 1368 1313 fortunam
1392 1278 1573 1326 suam,
1601 1268 1825 1317 coactus

121 1341 183 1393 sit
217 1340 487 1395 Ecclesiae
531 1347 701 1412 atque
741 1344 983 1414 imperio
1025 1346 1276 1402 immane
1309 1350 1512 1403 vulnus
1540 1351 1822 1422 inﬂigere,

122 1430 200 1482 cui
226 1429 494 1484 sanando
530 1447 634 1484 nec
662 1431 804 1501 ipse,
850 1449 954 1487 nec
990 1451 1188 1489 omnes
1226 1437 1495 1492 Romana:
1528 1438 1692 1506 vires,
1726 1456 1827 1510 per

123 1524 250 1570 totos
287 1524 536 1573 centum
577 1536 776 1586 annos,
823 1537 990 1590 pares
1038 1523 1289 1578 fuerunt.
1341 1527 1483 1580 Eum
1522 1526 1581 1580 in
1620 1528 1826 1582 mediis

124 1606 388 1660 bellorum
424 1613 489 1661 et
524 1624 814 1662 armorum
845 1609 994 1664 curis
1025 1612 1348 1666 vehementi
1379 1615 1584 1669 ardore
1612 1615 1826 1670 divina-

123 1711 234 1747 rum
263 1711 466 1749 rerum
497 1696 889 1766 cognitionem
917 1716 1174 1770 qumrcre
1205 1702 1526 1757 mirabatur
1553 1705 1824 1774 Augusti-

126 1799 217 1835 nus
255 1785 466 1853 (Epist.
522 1788 638 1846 185,
679 1803 734 1840 n.
767 1787 818 1856 1)
854 1803 867 1840 :
912 1804 1098 1858 neque
1128 1794 1354 1860 poterat
1381 1792 1503 1862 ejus
1533 1809 1822 1846 commen—

124 1871 325 1926 dationi
379 1873 712 1944 quidquam
757 1875 826 1928 ad
861 1875 1002 1929 illud
1043 1877 1269 1945 addere,
1301 1879 1452 1949 quod
1494 1879 1725 1934 monitis
1755 1881 1824 1934 ad

121 1958 233 2012 vita:
275 1961 573 2016 rationem
620 1964 797 2031 probe
842 1963 1256 2019 instituendam
1306 1967 1379 2032 ei,
1430 1974 1604 2038 prout
1648 1985 1824 2040 expe-

125 2047 276 2101 tierat
322 2049 485 2103 datis
539 2051 798 2120 subjecit,
831 2051 1130 2122 epistolam
1182 2071 1342 2108 suam
1390 2057 1571 2126 magis
1601 2056 1652 2110 ei
1699 2075 1825 2128 spe-

125 2137 298 2190 culum
348 2154 504 2197 esse,
537 2138 636 2191 ubi
681 2139 865 2209 qualis
913 2140 983 2194 sit
1030 2141 1233 2208 videat,
1283 2160 1453 2212 quam
1505 2144 1602 2198 ubi
1648 2144 1827 2199 discat

125 2225 331 2293 qualem
365 2243 512 2279 eum
542 2243 663 2280 esse
707 2232 963 2298 oporteat
998 2231 1198 2298 (Epist.
1236 2235 1358 2299 189,
1390 2248 1442 2285 η.
1481 2233 1554 2302 8).
1601 2234 1664 2286 In
1703 2232 1824 2304 pri-

126 2313 219 2366 mis
261 2314 463 2383 ipsum
507 2314 578 2368 ad
620 2316 912 2386 pudicitia:
951 2319 1266 2388 conjugalis
1311 2336 1505 2374 curam
1551 2322 1826 2376 adhorta-

127 2401 276 2454 batur
307 2403 504 2471 (Ibid.,
537 2420 594 2457 η.
626 2407 678 2472 7)
714 2421 726 2458 :
761 2421 959 2459 verum
994 2407 1315 2461 Bonifacius
1343 2409 1494 2463 ultra
1525 2409 1620 2463 illa
1650 2410 1826 2464 consi-

131 2490 190 2541 lia
234 2491 518 2562 progredi
571 2493 928 2563 peroptabat;
973 2501 1029 2548 et
1075 2496 1332 2565 quamvis
1370 2498 1728 2568 conjugatus,
1759 2500 1827 2552 ti-

127 2578 243 2632 liam
273 2582 488 2634 saltem
532 2597 729 2649 unam,
770 2599 944 2653 quam
983 2584 1177 2638 comiti
1219 2585 1549 2639 Sebastiano
1589 2604 1825 2641 uxorem

129 2662 363 2735 dederat,
414 2668 745 2722 sustulisset
786 2670 996 2738 (Victor
1051 2673 1306 2738 Vitensis,
1341 2677 1412 2728 De
1458 2677 1826 2728 Persecutione

134 2755 372 2821 l'andal.,
410 2756 515 2810 lib.
564 2759 610 2821 1,
652 2774 705 2811 n.
758 2760 840 2823 6);
873 2758 1248 2813 nihilominus
1287 2766 1479 2815 tamen
1517 2779 1551 2816 a
1583 2763 1826 2817 vanitate

129 2844 300 2896 seculi
340 2844 714 2911 abhorrebat,
757 2846 1018 2918 nihilque
1054 2849 1301 2904 habebat
1341 2851 1610 2920 optatius,
1652 2869 1824 2922 quam

127 2933 444 2987 renuntiato
470 2934 776 2988 mundanis
807 2936 975 2990 rebus
1005 2936 1248 3004 divortio
1272 2939 1613 2992 monachum
1638 2940 1824 2994 vivere

129 3036 181 3072 ac
208 3021 305 3074 uni
338 3023 466 3076 Deo
495 3023 814 3094 mancipari
853 3025 1057 3094 (Epist.
1107 3028 1230 3092 2‘20,
1271 3043 1325 3079 π.
1366 3029 1440 3093 3).
1475 3028 1556 3080 Re
1592 3026 1824 3093 quidem

129 3107 233 3176 ipsa
280 3115 518 3164 mortua
566 3091 828 3182 conjuge,
862 3091 993 3166 cum
1042 3129 1160 3166 non
1199 3115 1377 3166 multo
1418 3118 1546 3183 post
1591 3115 1824 3168 Tubinis

131 3197 177 3251 in
209 3199 485 3254 Numidia
519 3202 907 3270 Augustinum
945 3208 1117 3272 atque
1147 3203 1416 3273 Alypium
1457 3204 1606 3257 solos
1645 3206 1826 3259 otl'en-

132 3286 306 3354 disset,
338 3305 520 3343 suum
551 3289 780 3360 utrique
811 3291 1111 3344 consilium
1141 3291 1405 3362 patefecit
1435 3309 1447 3346 :
1483 3291 1590 3347 sibi
1620 3310 1823 3364 propo-

131 3375 304 3439 situm,
337 3377 623 3431 abdicatis
652 3377 917 3433 omnibus
945 3379 1191 3450 publicis
1221 3386 1277 3433 et
1306 3380 1524 3435 bellicis
1551 3384 1738 3448 rebus,
1764 3382 1820 3436 in

134 3463 283 3518 beata
323 3465 528 3536 quiete
565 3466 846 3536 reliquam
889 3467 1058 3542 vitam
1100 3485 1290 3539 agere,
1335 3474 1399 3523 ut
1432 3470 1551 3539 jam
1595 3468 1822 3523 nonnisi

132 3558 306 3606 contra
353 3555 652 3608 daemones
697 3555 757 3609 in
805 3555 1128 3610 solitudinis
1171 3557 1396 3611 silentio
1441 3573 1569 3611 cum
1614 3556 1823 3610 sanctis

133 3637 329 3708 aliquot
348 3640 565 3695 Christi
587 3641 862 3697 militibus
887 3644 1204 3699 decertaret
1225 3645 1409 3715 (Ibid.,
1434 3661 1489 3698 η.
1523 3645 1628 3711 12).
1651 3643 1733 3696 Ab
1757 3660 1822 3696 eo

134 3728 352 3782 consilio
386 3728 554 3784 illum
581 3731 761 3784 sancti
791 3731 896 3785 viri
922 3731 1206 3786 dehortati
1243 3738 1404 3798 sunt;
1439 3733 1562 3802 ejus
1588 3748 1822 3803 operam

134 3811 184 3865 in
211 3814 311 3869 hoc
337 3817 580 3870 honoris
612 3819 788 3888 gradu
821 3819 1021 3873 utilem
1056 3821 1366 3875 admodum
1391 3821 1645 3875 Ecclesiae
1665 3821 1824 3875 futu-

136 3917 240 3955 ram
269 3913 702 3959 commoneutes
735 3922 748 3960 :
782 3923 940 3960 arma
967 3925 1066 3962 sua
1102 3913 1322 3963 tantum
1354 3926 1419 3963 eo
1449 3916 1820 3970 converteret,

138 3995 192 4042 ut
234 3991 313 4046 illi
362 4009 590 4063 pacem,
628 3995 904 4064 repressis
952 3997 1332 4050 Barbarorum
1377 3997 1820 4065 incursionibus,

136 4078 342 4135 ﬁrmam
395 4087 626 4150 pararet
668 4098 682 4136 :
724 4083 867 4136 nihil
912 4089 1121 4153 printer
1164 4085 1481 4138 necessaria
1528 4085 1635 4138 sibi
1682 4085 1824 4138 suis-

137 4180 233 4234 que
260 4167 414 4222 inter
440 4168 702 4222 homines
745 4175 1035 4238 expeteret
1077 4171 1264 4240 (Ibid.,
1301 4187 1395 4225 nn.
1439 4175 1491 4236 3,
1536 4174 1622 4238 12)
1666 4186 1677 4225 :
1716 4177 1824 4225 ter-

137 4268 283 4308 renas
327 4273 468 4326 opes
510 4272 697 4327 neque
737 4258 951 4311 oblatas
1002 4264 1317 4328 respueret,
1351 4275 1538 4328 neque
1579 4259 1824 4314 ambiret

137 4349 376 4412 negatas,
412 4346 526 4398 imo
557 4361 659 4399 nec
690 4345 905 4399 ablatas
936 4345 1194 4416 quidem,
1227 4363 1298 4399 ne
1331 4347 1389 4399 in
1423 4347 1592 4399 istam
1623 4363 1823 4401 neces-

139 4428 431 4485 situdinem
476 4433 903 4502 perduceretur,
963 4435 1077 4500 ubi,
1137 4434 1217 4487 ait
1270 4434 1646 4504 Augustinus,
1705 4452 1823 4489 cum

140 4528 378 4574 amantur
401 4521 556 4587 bona,
576 4527 965 4591 perpetrantur
983 4523 1134 4576 mala
1153 4523 1314 4590 (Ibid.
1330 4563 1345 4583 ,
1369 4539 1420 4576 η.
1440 4523 1512 4594 5).
1544 4523 1820 4594 Denique,

141 4608 192 4656 ut
216 4607 360 4663 inter
390 4625 548 4664 arma
569 4610 884 4680 corporalia
907 4611 1296 4680 spiritualibus
1319 4612 1494 4665 armis
1515 4612 1694 4666 tutius
1715 4613 1824 4666 for-

140 4692 347 4767 tiusque
399 4699 742 4765 muniretur,
793 4716 967 4770 quam
1016 4699 1369 4754 severissime
1412 4700 1825 4755 continentiam

139 4791 391 4840 servaret.
417 4787 502 4840 Ad
535 4803 666 4840 eum
699 4788 876 4858 igitur
896 4788 1152 4850 modum,
1176 4794 1232 4842 et
1250 4788 1308 4842 in
1341 4788 1644 4843 hominum
1669 4806 1822 4843 com-

141 4873 331 4927 mercio
365 4889 620 4943 manere,
653 4882 710 4929 et
738 4877 1001 4930 caelibem
1033 4876 1207 4930 vitam
1239 4877 1616 4932 nihilominus
1640 4879 1825 4932 colere

136 4957 370 5015 decrevit
417 4963 736 5016 Bonifacius
794 4965 993 5031 (Ibid.,
1047 4981 1105 5018 η.
1166 4967 1237 5032 4).
1295 4966 1453 5029 Quod
1507 4983 1620 5037 quo
1679 4972 1825 5020 tem-

135 5060 254 5114 pore
303 5051 519 5104 factum
569 5050 663 5117 sit,
713 5051 1028 5121 ignoratur.
1081 5053 1432 5124 Augustinus
1480 5059 1653 5125 atque
1700 5054 1826 5123 Aly-

135 5135 248 5202 pius
294 5137 356 5192 id
401 5138 624 5192 consilii
675 5156 788 5193 non
840 5140 949 5193 alia
998 5146 1188 5194 mente
1248 5142 1534 5196 Bonifacio
1595 5142 1822 5208 dabant,

135 5238 294 5291 quam
338 5226 473 5299 quia
513 5229 635 5298 ejus
676 5227 846 5283 saluti
888 5228 965 5282 ita
1003 5231 1305 5284 convenire
1345 5230 1769 5284 arbitrabantur
1809 5247 1824 5284 :

133 5318 184 5366 at
213 5315 307 5384 qui
337 5331 451 5369 non
479 5316 728 5382 fallatur,
753 5321 962 5387 praeter
990 5318 1189 5382 Deum,
1215 5317 1466 5389 reperias
1493 5318 1780 5372 neminem
1809 5335 1822 5372 :

139 5400 272 5456 Deus
303 5410 498 5458 autem
525 5404 742 5474 judicio
770 5405 1037 5458 humanis
1064 5407 1510 5476 cogitationibus
1541 5407 1826 5461 inscruta-

136 5486 257 5558 bili,
296 5493 440 5547 duos
481 5508 510 5547 e
560 5491 928 5546 sanctissimis
957 5492 1091 5546 viris
1119 5495 1179 5547 in
1209 5509 1270 5549 re
1309 5498 1467 5549 tanta
1506 5511 1701 5564 passus
1743 5498 1826 5548 est

482 5595 758 5662 PATROL.
814 5595 1062 5663 XXXII.

1941 389 2232 455 caecutire;
2266 393 2437 461 atque
2468 392 2608 446 adeo
2638 394 2974 449 innocenter
3005 397 3292 453 Bonifacio
3323 400 3547 455 ruinam
3576 421 3640 456 ac

1940 477 2251 546 perniciem
2297 487 2676 549 accersentes,
2725 484 2988 538 Vandalis
3034 485 3092 538 in
3132 487 3377 542 Africam
3426 489 3638 543 irrum-

1938 567 2111 635 pendi
2139 583 2365 620 causam
2401 570 2675 638 praebere.

2009 658 2060 707 5.
2095 656 2302 708 Verum
2334 662 2394 709 ut
2425 659 2721 712 redeamus
2761 661 2830 713 ad
2861 661 3094 729 librum,
3127 664 3288 734 cujus
3317 666 3637 735 occasione,

1938 740 2066 808 quis
2103 747 2248 797 esset
2285 745 2620 811 Bonifacius,
2654 749 3060 816 exponendum
3093 751 3217 816 fuit,
3251 753 3358 806 hoc
3394 754 3452 806 in
3485 754 3631 808 libro

1939 828 2262 897 disputatur
2303 834 2536 887 omnino
2577 835 2646 888 de
2690 837 3015 902 Donatistis,
3049 839 3149 908 qui
3191 841 3337 893 forte
3370 842 3523 895 haud
3555 841 3638 895 in-

1937 914 2265 985 frequenter
2309 920 2573 972 molestos
2614 937 2671 973 se
2722 921 3003 976 Bonifacio
3037 925 3400 980 exhibebant.
3438 929 3635 998 Itaque

1936 1019 2064 1055 cum
2092 1005 2300 1058 nobilis
2335 1006 2432 1060 ille
2473 1008 2557 1060 vir
2587 1025 2927 1078 cognoscere
2973 1014 3392 1068 Donatistarum
3424 1021 3633 1069 sectam

1936 1098 2189 1160 cuperet,
2235 1094 2458 1163 scripsit
2515 1097 2584 1149 ad
2645 1099 3044 1166 Augustinum,
3103 1102 3240 1171 quid
3300 1102 3429 1155 illos
3486 1103 3634 1156 inter

1937 1184 2108 1247 atque
2160 1180 2397 1234 Arianos
2455 1183 2798 1238 discriminis
2854 1192 3020 1248 esset,
3078 1187 3374 1257 inquirens
3429 1190 3627 1258 (Epist.

1940 1269 2060 1331 185,
2092 1285 2147 1321 n.
2185 1268 2261 1338 1).
2307 1270 2369 1322 Ei
2415 1272 2766 1342 Augustinus
2813 1277 2990 1328 totam
3038 1276 3272 1344 hujusce
3320 1277 3636 1332 schismatis

1935 1353 2217 1408 rationem
2251 1357 2493 1425 aperuit,
2526 1359 2898 1413 fundamenta
2929 1362 3170 1428 subruit,
3203 1365 3630 1434 paralogismos,

1934 1441 2142 1512 quibus
2183 1443 2323 1498 illud
2355 1445 2583 1499 ﬁrmare
2635 1447 2980 1514 nitebantur,
3013 1451 3208 1517 reiecit
3253 1467 3265 1504 :
3310 1468 3373 1504 ac
3418 1452 3636 1521 potissi-

1933 1547 2094 1585 mum
2124 1533 2318 1604 legum
2349 1534 2410 1587 in
2438 1534 2567 1588 illos
2598 1536 2668 1589 ab
2700 1537 2950 1591 Honorio
2989 1538 3409 1609 propositarum
3450 1540 3635 1610 aequi-

1934 1623 2129 1682 tatem,
2193 1622 2516 1689 utilitatem,
2583 1625 3089 1696 necessitatemque
3151 1633 3486 1697 prosecutus
3551 1633 3635 1682 est

1910 1710 2414 1777 (Retractationum
2461 1712 2556 1766 lib.
2601 1715 2653 1777 2,
2703 1730 2824 1782 cap.
2873 1716 2980 1782 48).
3015 1714 3129 1768 Sub
3169 1715 3426 1784 epistolae
3457 1717 3632 1768 tinem

1934 1795 2024 1848 his
2073 1796 2236 1850 illum
2274 1798 2459 1851 verbis
2506 1799 2818 1869 alloquitur
2867 1817 2878 1853 :
2932 1804 3044 1855 Hos
3094 1803 3196 1854 tibi
3238 1805 3365 1870 ipsi,
3422 1802 3632 1873 inquit,

1937 1887 2198 1952 tanquam
2238 1886 2389 1953 ﬁdeli
2431 1888 2563 1953 ﬁlio,
2612 1893 2785 1940 mater
2824 1890 3082 1955 Ecclesia,
3134 1890 3229 1942 ubi
3270 1892 3536 1958 potueris,
3583 1896 3632 1943 ct

1933 1973 2192 2038 quomodo
2230 1976 2490 2042 potueris,
2525 1977 2636 2028 sive
2688 1977 2803 2043 ipse
2840 1976 3099 2043 loquendo
3143 1981 3193 2029 et
3239 1977 3630 2045 respondendo,

1934 2061 2044 2114 sive
2072 2062 2146 2114 ad
2174 2062 2409 2116 doctores
2447 2063 2692 2116 Ecclesiae
2726 2063 3082 2131 perducendo,
3118 2067 3175 2117 in
3217 2065 3494 2132 adjutorio
3527 2068 3629 2118 Do-

1935 2150 2072 2201 mini
2102 2151 2444 2218 corrigendos
2477 2151 2855 2218 sanandosque
2894 2152 3228 2206 commendat
3260 2154 3462 2221 (Epist.
3509 2155 3630 2216 185,

1934 2251 1986 2289 η.
2015 2238 2124 2306 51).
2153 2238 2238 2292 Ab
2285 2239 2484 2292 eodem
2530 2237 2672 2308 petit
2711 2245 2833 2291 acta
2879 2238 3206 2292 Collationis
3251 2238 3311 2291 in
3363 2254 3636 2308 compen-

1935 2325 2095 2380 dium
2139 2327 2239 2380 abs
2287 2343 2345 2380 se.
2389 2327 2612 2380 redacta
2661 2327 2950 2396 perlegat;
2998 2326 3120 2380 haec
3170 2328 3316 2396 apud
3362 2326 3633 2396 Optatum

1937 2415 2264 2485 episcopum
2287 2414 2432 2468 forte
2452 2413 2797 2467 invenienda
2816 2414 3002 2482 (Ibid.,
3022 2431 3077 2469 η.
3102 2417 3170 2483 6).
3197 2416 3375 2478 Quem
3400 2415 3632 2485 quidem

1936 2504 2266 2574 episcopum
2298 2503 2450 2557 haud
2479 2503 2722 2557 absurde
2747 2503 2876 2573 quis
2898 2503 3180 2572 putaverit
3208 2503 3633 2558 Vesceritanum

1936 2609 2077 2658 esse,
2129 2592 2187 2645 in
2214 2591 2529 2662 provincia
2575 2591 2826 2646 Sititensi
2876 2592 3090 2657 (Collat.
3125 2593 3386 2660 Carthag.
3433 2595 3481 2657 1,
3509 2608 3629 2660 cap.

1940 2683 2062 2748 l20)
2098 2697 2110 2733 :
2145 2678 2608 2750 quandoquidem
2641 2677 2993 2746 Augustinus
3023 2677 3120 2734 ait.
3155 2677 3308 2731 hunc
3346 2677 3534 2746 ipsum
3567 2678 3634 2731 li-

1935 2769 2123 2830 brum,
2157 2767 2441 2838 siquidem
2473 2766 2627 2835 apud
2666 2767 2935 2834 Optatum
2971 2781 3086 2817 non
3125 2763 3217 2829 sit,
3260 2765 3418 2816 nullo
3455 2778 3634 2832 nego-

1935 2857 2015 2909 tio
2044 2857 2112 2910 de
2147 2854 2389 2909 Ecclesia
2435 2852 2684 2908 Sitifensi
2725 2852 2873 2905 sumi
2921 2867 3103 2920 posse.
3141 2852 3215 2903 Ex
3245 2850 3453 2921 quibus
3497 2850 3635 2904 satis

1936 2944 2241 3015 intelligas,
2302 2941 2656 2996 Bonifacium
2703 2945 2838 2994 tunc
2883 2939 2943 2993 in
3001 2955 3068 2993 eo
3117 2945 3297 2993 tractu
3347 2943 3632 2993 versatum

1934 3032 2126 3086 fuisse.
2187 3031 2248 3085 Id
2300 3031 2488 3101 operis
2535 3029 2641 3083 etsi
2687 3028 2836 3082 inter
2885 3027 3058 3081 libros
3101 3043 3233 3080 suos
3274 3027 3480 3081 referat
3516 3032 3633 3080 Au-

1935 3119 2220 3190 gustinus,
2254 3119 2531 3171 habemus
2562 3133 2713 3169 nunc
2744 3115 2892 3168 inter
2920 3115 3098 3185 ipsius
3129 3114 3418 3185 epistolas.

2007 3211 2056 3261 6.
2093 3207 2257 3261 Liber
2286 3207 2354 3260 de
2386 3205 2693 3259 Prtesentia
2725 3204 2841 3272 Dei,
2869 3204 2968 3274 qui
2996 3220 3100 3274 pro
3131 3203 3370 3273 epistola
3402 3219 3632 3272 quoque

1935 3300 2289 3360 numeratur,
2338 3310 2442 3364 per
2476 3292 2612 3347 anni
2651 3293 2823 3363 hujus
2865 3296 3122 3345 aestatem
3161 3290 3508 3360 compositus
3547 3295 3633 3344 est

1935 3382 2135 3453 (Epist.
2163 3386 2351 3450 l87,n.
2380 3385 2453 3449 1),
2471 3386 2639 3451 atque
2660 3382 2732 3435 ob
2751 3397 2875 3434 eam
2897 3397 3020 3434 rem
3036 3379 3292 3449 proxime
3310 3383 3438 3448 post
3458 3378 3632 3432 libros

1934 3472 2003 3524 de
2034 3471 2213 3526 Gestis
2250 3469 2463 3540 Pelagii
2503 3475 2560 3523 et
2598 3469 2667 3522 de
2703 3467 3064 3523 Correctione
3105 3465 3527 3520 Donatistarum
3556 3467 3627 3519 ab

1933 3558 2250 3628 Augustino
2278 3557 2586 3610 recensitus
2633 3557 2891 3625 (Retract.
2930 3556 3026 3609 lib.
3063 3558 3118 3619 2,
3154 3571 3273 3623 cap.
3309 3555 3418 3618 49).
3456 3556 3630 3623 Egre-

1933 3645 2093 3717 gium
2123 3646 2271 3699 istud
2303 3661 2448 3715 opus
2483 3643 2846 3698 referendum
2887 3647 2973 3696 est
3011 3647 3306 3711 acceptum
3348 3640 3628 3706 Dardano,

1932 3734 2235 3804 virohujus
2256 3732 2448 3786 saeculi
2470 3731 2748 3803 dignitate
2769 3747 3046 3801 perquam
3067 3729 3273 3782 illustri
3289 3729 3484 3798 (Epist.
3510 3731 3629 3793 187,

1931 3839 1994 3876 n.
2036 3821 2078 3889 1)
2105 3838 2117 3874 :
2153 3821 2251 3892 qui
2279 3820 2547 3890 religioso
2571 3819 2819 3889 quodam
2844 3834 3038 3872 amore
3070 3818 3370 3886 impulsus,
3405 3817 3545 3870 duas
3575 3816 3633 3869 il-

1932 3910 2014 3963 las
2040 3908 2403 3980 quaestiones,
2428 3907 2629 3977 grandi
2650 3906 2966 3960 intentione
2987 3911 3042 3959 et
3062 3905 3329 3959 aviditate
3353 3904 3629 3970 discendi,

1934 3996 2202 4066 explicari
2243 3995 2347 4048 sibi
2379 3994 2682 4066 postulavit
2715 4011 2727 4047 :
2764 3994 3022 4062 alteram,
3052 3993 3338 4063 quomodo
3379 3992 3633 4047 Christus

1935 4101 2086 4138 nunc
2127 4085 2186 4138 in
2217 4086 2356 4138 coelo
2396 4083 2489 4149 sit,
2530 4082 2629 4154 qui
2674 4081 2882 4135 latroni
2921 4081 2980 4134 in
3022 4097 3188 4134 cruce
3228 4080 3454 4145 dixerit,
3495 4095 3627 4133 eum

1933 4189 2123 4226 secum
2163 4173 2261 4226 illo
2293 4172 2382 4225 die
2421 4172 2681 4226 futurum
2710 4171 2766 4224 in
2793 4170 3057 4240 paradiso
3085 4186 3098 4234 ;
3132 4185 3270 4222 num
3309 4167 3452 4220 forte
3492 4166 3629 4235 quia

1936 4261 2193 4314 Christus
2226 4260 2439 4330 ubique
2476 4259 2673 4320 existit,
2704 4275 2777 4311 an
2805 4257 2941 4329 quia
2965 4255 3260 4327 paradisus
3292 4254 3352 4306 in
3381 4253 3522 4306 caelo
3553 4251 3626 4304 si-

1932 4355 2022 4403 tus
2049 4354 2160 4417 est;
2191 4348 2448 4412 alteram,
2480 4354 2675 4400 utrum
2711 4347 2978 4409 infantes,
3009 4344 3182 4397 etiam
3223 4343 3280 4395 in
3314 4345 3474 4394 utero
3505 4339 3630 4394 exi-

1935 4440 2165 4501 stentes,
2217 4450 2333 4487 non
2384 4435 2563 4487 Deum
2611 4434 2895 4496 noverint,
2944 4429 3224 4501 siquidem
3275 4429 3523 4482 Joannes
3569 4430 3630 4482 in

1934 4529 2094 4576 utero
2127 4523 2426 4576 exsultavit
2453 4523 2522 4576 ad
2562 4521 2926 4592 praesentiant
2957 4517 3153 4572 matris
3187 4516 3410 4570 Domini
3442 4519 3628 4584 (Ibid.,

1933 4628 1990 4666 τι.
2033 4615 2105 4665 3).
2143 4611 2226 4665 Ad
2273 4611 2524 4681 priorem
2565 4610 2942 4681 quaestionem
2979 4605 3331 4675 Augustinus
3371 4611 3630 4661 accurate

1935 4698 2301 4768 studioseque
2331 4699 2704 4769 respondens,
2738 4696 2988 4764 disputat
3024 4709 3137 4764 quo
3167 4697 3331 4763 pacto
3362 4695 3530 4747 rebus
3568 4694 3630 4748 in

1935 4787 2222 4853 omnibus,
2257 4803 2319 4840 ac
2355 4786 2641 4856 precipue
2682 4783 2744 4836 in
2781 4783 2993 4852 templo
3025 4796 3147 4847 suo,
3179 4781 3288 4834 hoc
3327 4784 3410 4834 est
3439 4781 3497 4834 in
3531 4781 3632 4835 ho-

1935 4876 2087 4930 mine
2108 4875 2282 4941 tideli,
2307 4875 2610 4929 dicendum
2635 4872 2705 4924 sit
2725 4871 2908 4924 inesse
2926 4873 3190 4923 naturam
3211 4869 3496 4935 divinam;
3517 4886 3630 4940 qua

1937 4965 2006 5018 de
2037 4981 2203 5018 causa
2242 4968 2546 5018 tractatum
2585 4960 2747 5013 illum
2780 4957 3058 5023 inscribit,
3089 4961 3164 5012 Dc
3200 4959 3496 5012 Praesentia
3534 4960 3632 5011 Dei

1939 5055 2190 5121 (Retract.
2224 5052 2314 5105 lib.
2345 5054 2396 5118 ‘2,
2431 5065 2550 5117 cap.
2582 5049 2690 5115 49).
2723 5046 2806 5100 Ad
2839 5045 3213 5116 posteriorem
3253 5044 3352 5099 ubi
3395 5049 3628 5098 ventum

1937 5145 2038 5208 est,
2071 5140 2327 5194 animum
2354 5138 2414 5191 in
2447 5135 2809 5206 Pelagianam
2838 5135 3128 5203 haeresim,
3159 5150 3274 5188 non
3304 5138 3497 5186 tamen
3526 5148 3626 5184 ex-

1935 5245 2124 5299 presse
2178 5226 2548 5290 nominatam,
2599 5223 2960 5295 potissimum
3004 5221 3326 5288 intendens,
3374 5220 3626 5288 disputa-

1939 5301 2153 5370 tionem
2181 5315 2248 5368 de
2281 5314 2646 5384 parvulorum
2679 5311 3111 5383 regeneratione
3141 5308 3451 5377 copiosam,
3480 5322 3631 5360 eam-

1937 5421 2047 5474 que
2078 5403 2237 5456 valde
2280 5401 2650 5455 uecessariam
2688 5399 2948 5453 instituit.
2985 5396 3070 5450 lbi
3107 5410 3272 5447 usum
3311 5393 3547 5446 rationis
3577 5396 3633 5446 et

1938 5491 2242 5545 voluntatis
2271 5489 2584 5544 infantibus
2616 5488 2863 5543 tribuere
2895 5501 3064 5555 quam
3097 5481 3404 5535 absurdum
3439 5480 3511 5534 sit
3537 5498 3630 5534 os-

3015 5583 3278 5669 (Salsa)
