4028 6174
428 321 523 375 491
1626 304 1799 361 VITA
1853 296 2334 357 S.AUGUST1NI
2392 293 2731 352 EPISCOPI.
3779 295 3855 347 ,9:

428 438 629 495 tendit.
666 440 732 492 In
759 435 873 491 illis
903 438 1095 489 tamen
1122 430 1442 503 baptizatis,
1473 427 1733 500 quamvis
1762 425 1820 480 id
1847 424 2125 489 nesciant,

428 526 704 599 Spiritum
732 527 990 579 sanctum
1017 520 1297 586 habitare,
1328 518 1505 590 idque
1536 515 1827 588 quomodo
1856 516 2004 568 recte
2034 511 2128 565 in-

429 613 739 685 telligatur,
772 610 964 666 statim
992 608 1236 679 explicat
1265 606 1460 679 (Epist.
1498 608 1617 670 187,
1648 620 1705 658 n.
1730 602 1843 673 25.)

498 707 555 757 7.
584 701 670 756 Ad
698 700 1004 755 Paulinum
1034 697 1366 767 episcopum
1397 694 1679 749 Nolanum
1700 696 1831 763 post
1851 692 2128 744 Innocen-

432 790 498 846 tii
526 805 689 861 papas
716 788 938 843 obitum
968 786 1219 840 scribens
1251 800 1353 837 suo
1388 786 1443 836 et
1469 780 1657 852 Alypii
1698 779 1868 834 simul
1897 778 2131 832 nomine

436 880 633 949 (Epist.
672 877 817 947 186),
850 874 1101 946 apertius
1134 872 1303 927 istam
1332 869 1619 935 haeresim,
1651 869 1935 939 longeque
1961 867 2131 920 vehe-

433 965 685 1021 mentius
706 966 1030 1035 oppugnat:
1046 961 1208 1033 cujus
1225 964 1518 1015 auctorem
1541 956 1838 1029 Pelagium
1858 972 1989 1010 eum
2012 971 2132 1009 esse

434 1054 680 1118 nuntiat,
704 1053 827 1124 qui,
848 1055 914 1106 ut
933 1052 1080 1105 forte
1104 1049 1557 1120 distingueretur
1578 1064 1609 1101 a
1629 1045 1859 1117 Pelagio
1880 1043 2129 1113 Tarenti,

436 1144 589 1199 Brito
619 1140 1153 1213 cognominabatur,
1188 1142 1244 1191 et
1274 1153 1446 1208 quem
1477 1140 1543 1190 ut
1581 1151 1809 1189 servum
1848 1132 1969 1200 Dei,
2003 1148 2134 1203 per-

433 1232 568 1287 inde
608 1212 780 1301 atque
817 1228 950 1299 ipsi,
986 1226 1183 1281 dilexit
1220 1225 1515 1279 Paulinus.
1552 1212 1729 1278 Mittit
1765 1222 1953 1276 eidem
1994 1222 2135 1274 Pau-

435 1320 554 1374 lino
576 1317 976 1373 Africanorum
996 1315 1243 1369 duorum
1273 1310 1643 1366 consiliorum
1663 1314 1720 1364 et
1740 1309 1996 1380 quinque
2017 1306 2137 1377 epi-

437 1422 740 1478 scoporum
767 1403 1034 1474 epistolas
1062 1402 1169 1455 hac
1194 1400 1265 1454 de
1294 1415 1462 1454 causa
1490 1398 1725 1469 scriptas
1753 1398 1823 1452 ad
1854 1399 2137 1451 Innocen-

437 1495 584 1548 tium
632 1507 863 1564 papam,
916 1487 1345 1558 Innocentiique
1386 1487 1455 1541 ad
1502 1486 1627 1540 illas
1675 1499 1996 1556 responsa:
2042 1483 2137 1539 ad-

434 1580 647 1652 junctis
676 1579 826 1633 haud
855 1577 1027 1633 dubie
1057 1575 1236 1632 Gestis
1263 1573 1548 1630 Palaestini
1571 1572 1789 1644 judicii,
1825 1572 1890 1626 de
1919 1587 2042 1641 quo,
2072 1575 2138 1626 ut

438 1669 530 1731 ait,
562 1668 867 1722 damnatus
890 1667 1142 1734 Pelagius
1182 1666 1402 1733 emisset,
1435 1664 1548 1717 nisi
1575 1661 1783 1730 objecta
1816 1661 1926 1715 sibi
1949 1664 2137 1714 contra

438 1758 677 1826 gratiam
705 1757 802 1810 Dei
830 1755 997 1821 dicta,
1042 1768 1161 1822 quae
1200 1751 1487 1805 obscurare
1520 1765 1626 1803 non
1649 1750 1849 1818 potuit,
1880 1750 1997 1817 ipse
2034 1748 2135 1801 da-

437 1849 673 1900 mnasset
703 1843 889 1914 (Ibid.,
915 1858 968 1896 n.
1007 1840 1114 1911 31).
1149 1840 1425 1894 Eumdem
1462 1836 1859 1903 nihilominus,
1893 1836 1952 1890 in
1977 1834 2139 1890 libris

438 1937 567 2005 post
596 1931 741 1987 illud
774 1929 1058 2002 judicium
1087 1928 1157 1983 ab
1199 1928 1322 1999 ipso
1354 1925 1540 1994 editis,
1582 1925 2028 1995 haudquaquam
2066 1923 2137 1977 de

435 2020 720 2093 adjutorio
763 2019 971 2074 divinae
1015 2016 1215 2089 gratizc
1262 2020 1411 2070 recte
1455 2013 1687 2081 sentire,
1738 2013 1874 2067 hinc
1917 2009 2135 2083 perspi-

438 2126 611 2165 cuum
643 2124 764 2163 esse
793 2106 1062 2173 afﬁrmat,
1096 2104 1247 2176 quod
1286 2103 1594 2175 aliquando
1625 2102 1705 2156 ita
1734 2100 1968 2172 paribus
2006 2116 2137 2153 mo—

440 2197 651 2253 mentis
686 2198 1024 2268 potestatem
1069 2192 1376 2248 voluntatis
1419 2207 1585 2262 aequa
1626 2191 1783 2244 lance
1812 2187 2134 2259 perpendit,

440 2290 506 2341 ut
530 2285 886 2356 aliquantum
912 2281 1087 2337 etiam
1129 2280 1199 2335 ad
1234 2296 1353 2334 non
1381 2278 1730 2350 peccandum
1771 2277 1958 2331 valere
1998 2275 2139 2330 deli-

440 2373 563 2429 niat
595 2390 607 2427 :
638 2372 943 2443 aliquando
974 2374 1166 2424 autem
1196 2366 1531 2440 quotidiano
1562 2365 1760 2436 gratiae
1799 2363 1900 2418 Dei
1925 2362 2138 2418 muniri

439 2478 545 2516 nos
596 2459 901 2514 conﬁtetur
947 2457 1184 2526 auxilio,
1231 2454 1491 2526 quamvis
1543 2454 1856 2508 habeamus
1907 2451 1979 2506 ad
2023 2467 2139 2505 non

439 2548 790 2621 peccandum
816 2548 962 2602 forte
991 2562 1055 2601 ac
1084 2546 1317 2599 firmum
1346 2544 1591 2599 liberum
1616 2541 1949 2608 arbitrium;
1974 2544 2038 2595 ut
2063 2540 2141 2594 vi-

440 2639 645 2693 deatur
672 2635 952 2691 auxilium
979 2634 1180 2706 gratiae
1201 2638 1479 2704 tanquam
1508 2648 1576 2686 ex
1597 2630 1911 2685 abundanti
1937 2633 2139 2701 putare

440 2725 696 2795 concedi,
726 2724 940 2779 scilicet
968 2728 1033 2777 ut
1062 2722 1216 2794 quod
1242 2719 1508 2775 homines
1540 2720 1726 2775 facere
1757 2735 1860 2790 per
1892 2718 2139 2773 liberum

434 2815 715 2887 jubentur
753 2812 1075 2874 arbitrium.
1109 2810 1331 2865 facilius
1359 2809 1579 2880 possint
1607 2808 1847 2879 implere
1878 2823 1981 2878 per
2010 2822 2140 2875 gra-

441 2902 601 2957 tiam.
635 2903 921 2956 Praeterea
954 2897 1246 2954 auditione
1286 2900 1580 2968 acceperat
1614 2895 1986 2966 Augustinus,
2021 2910 2140 2948 esse

441 2990 504 3045 in
542 2989 768 3044 civitate
812 2988 1032 3043 Nolana
1057 2986 1335 3057 quosdam
1368 3001 1473 3056 pro
1498 3000 1709 3050 errore,
1739 2999 1852 3054 quo
1881 2982 2143 3037 dicebant

444 3078 688 3133 infantes
717 3092 833 3130 non
867 3075 1186 3145 baptizatos
1216 3073 1428 3129 habere
1452 3072 1628 3127 vitam
1658 3074 1951 3138 aeternam,
1984 3074 2140 3124 tanta

445 3163 825 3220 obstinatione
853 3160 1205 3229 nitentes,ut
1223 3160 1291 3214 ab
1314 3159 1541 3229 Pelagio
1570 3158 1717 3229 ipso,
1746 3174 1919 3228 quam
1948 3158 2018 3211 ab
2038 3158 2143 3212 hac

444 3251 747 3317 sententia,
777 3249 970 3321 potius
997 3248 1373 3302 discederent.
1393 3247 1547 3301 Alios
1567 3251 1848 3301 memorat
1862 3246 1974 3300 alio
1995 3246 2143 3300 circa

444 3340 815 3412 parvulorum
854 3335 1209 3408 Baptismum
1247 3350 1440 3389 errore
1478 3334 1681 3401 teneri,
1715 3350 1827 3405 quo
1869 3333 2142 3388 nimirum

442 3428 709 3495 infantes,
743 3425 843 3499 qui
871 3441 989 3480 non
1018 3422 1289 3495 baptizati
1312 3426 1579 3494 pereunt,
1612 3438 1737 3476 reos
1773 3421 2141 3493 propriorum

444 3515 797 3573 constituunt
847 3517 1232 3586 peccatorum,
1264 3511 1434 3566 liberi
1475 3509 1695 3566 arbitrii
1733 3527 1839 3565 usu
1891 3511 1962 3565 ab
2005 3511 2142 3581 ipsis

444 3605 881 3662 commissorum
906 3620 918 3658 :
951 3606 1015 3658 ut
1042 3601 1143 3674 qui
1176 3602 1326 3656 bona
1354 3600 1570 3655 malave
1599 3599 1845 3671 cogitare
1876 3615 1993 3653 non
2019 3615 2144 3670 pos-

444 3698 600 3763 sunt,
647 3697 923 3765 putentur
957 3708 1062 3762 per
1113 3690 1357 3745 liberum
1414 3688 1714 3744 arbitrium
1770 3688 1857 3743 vel
1911 3705 2143 3759 poenam

446 3782 655 3837 mereri
682 3797 847 3852 posse
872 3781 961 3834 vel
991 3778 1256 3850 gratiam.
1283 3780 1396 3832 Nec
1418 3776 1746 3847 perfugium
1768 3776 1940 3842 istud,
1968 3793 2144 3848 quan-

446 3867 656 3923 tumvis
694 3868 976 3938 ineptum,
1019 3865 1246 3919 silentio
1284 3863 1540 3936 prmterit
1572 3879 1586 3916 :
1618 3864 1770 3929 Quod
1796 3866 1937 3917 enim
1961 3868 2145 3933 potue-

446 3961 594 4024 runt,
627 3954 836 4027 inquit,
868 3968 1068 4019 magna
1097 3958 1145 4005 et
1175 3956 1335 4006 acuta
1367 3953 1589 4019 ingenia
1618 3952 1872 4017 cogitare,
1900 3957 1994 4005 aut
2024 3954 2141 4006 ino-

442 4047 552 4116 piae
595 4049 674 4099 est
721 4043 942 4099 tacendo
996 4043 1190 4109 vitare,
1238 4044 1335 4094 aut
1388 4041 1718 4106 arrogantia
1769 4040 2144 4095 contemnendo

442 4135 724 4205 praterire
782 4130 966 4203 (Ibid.,
1024 4147 1081 4183 n.
1143 4128 1245 4199 l3).
1306 4127 1578 4192 Quaedam
1631 4126 1693 4181 in
1746 4126 1849 4181 hac
1903 4128 2154 4198 epistola

444 4227 574 4295 post
619 4237 800 4276 annos
853 4218 973 4273 fere
1020 4214 1323 4272 duodecim
1370 4214 1697 4287 improbare
1748 4220 2044 4287 coeperunt
2079 4216 2137 4283 ii,

445 4310 545 4383 qui
575 4308 897 4380 Pelagianae
917 4307 1198 4361 haereseos
1220 4302 1492 4376 reliquias
1520 4303 1708 4359 fovere
1736 4303 1946 4375 potius,
1969 4320 2142 4376 quam

444 4399 760 4453 doctrinam
785 4394 1122 4452 catholicam
1152 4394 1220 4448 de
1249 4391 1755 4463 praedestinatione
1780 4409 1843 4447 ac
1863 4393 1931 4447 de
1951 4410 2146 4464 perse-

444 4486 714 4541 verantiae
743 4486 890 4540 dono
921 4481 1200 4555 proﬁteri,
1224 4480 1482 4537 animum
1511 4480 1855 4536 induxerant
1882 4485 1973 4551 (Dc
2000 4485 2144 4537 Dono

441 4589 673 4643 persev.,
705 4588 761 4627 η.
791 4575 897 4642 55).
920 4571 1278 4644 Augustinus
1300 4574 1432 4625 ante
1457 4570 1633 4624 ﬁnem
1663 4568 1916 4640 ejusdem
1944 4570 2145 4641 episto-
2170 4584 2187 4591 ·

444 4661 516 4716 lae
544 4662 763 4731 profert
809 4660 1110 4716 duodecim
1147 4675 1390 4726 errores,
1423 4675 1567 4730 quos
1606 4657 1667 4712 in
1716 4658 2014 4714 Palaestina
2058 4675 2143 4732 sy-

328 4774 335 4777 -
444 4748 596 4804 nodo
629 4748 716 4803 vel
746 4747 953 4804 invitus
995 4747 1287 4804 damnavit
1314 4746 1609 4819 Pelagius,
1638 4763 1704 4801 ac
1738 4746 1979 4803 totidem
2007 4748 2142 4804 sub-

438 4835 569 4909 jicit
613 4836 902 4907 oppositas
929 4836 1081 4891 illius
1125 4835 1455 4903 sententias,
1488 4852 1629 4908 quas
1670 4835 1912 4891 Ecclesia
1949 4838 2141 4893 catho-

443 4925 553 4981 lica
602 4940 829 4995 semper
874 4925 1077 4980 tenuit.
1114 4925 1387 4980 Libellum
1443 4941 1511 4979 ex
1556 4924 1662 4979 hac
1690 4928 1849 4996 parte
1887 4924 2142 4995 epistola:

443 5015 658 5071 factum
685 5011 937 5083 reperire
969 5018 1053 5068 est
1088 5013 1150 5068 in
1181 5013 1383 5069 Codice
1414 5013 1711 5068 Canonum
1741 5012 1998 5069 Ecclesia:
2029 5015 2140 5069 Ro-

443 5119 632 5159 manae.
661 5101 810 5171 (Cod.
844 5101 975 5157 Can.
1008 5104 1181 5170 Rom.,
1210 5118 1330 5157 cun.
1368 5101 1460 5171 18)
1480 5117 1493 5155 :
1513 5118 1616 5156 nec
1644 5119 1678 5156 a
1705 5101 1942 5157 veritate
1972 5103 2142 5173 longe

441 5193 733 5260 abhorret,
781 5189 947 5244 sicuti
996 5189 1181 5244 visum
1210 5195 1296 5245 est
1330 5189 1554 5245 erudito
1599 5190 1721 5245 viro
1766 5190 2051 5261 (Quesnel.,
2082 5193 2142 5245 in

439 5284 626 5350 Leon.,
658 5286 797 5336 tomo
825 5282 876 5345 2,
907 5277 1043 5333 diss.
1080 5280 1166 5346 13,
1197 5294 1318 5347 cap.
1344 5280 1461 5349 2t),
1487 5277 1701 5334 huncce
1726 5279 2001 5343 libellum,
2026 5295 2141 5350 quo

441 5370 762 5426 distinctius
790 5369 1196 5440 prOponuntur
1225 5381 1310 5431 ea,
1337 5382 1467 5436 qua:
1496 5366 1757 5422 Coelestio
1787 5382 1887 5422 seu
1914 5366 2142 5439 Pelagio

441 5456 681 5529 ejusque
711 5454 1003 5528 discipulis
1034 5456 1200 5509 erant
1223 5452 1566 5524 profitenda,
1599 5453 1840 5509 missum
1864 5454 2037 5509 fuisse
2068 5456 2141 5510 ad

441 5544 729 5601 Zosimum
755 5558 965 5618 papam
1003 5542 1073 5599 ab
1104 5539 1385 5613 episcopis
1423 5542 1882 5613 Carthaginensis
1911 5542 2138 5600 concilii

2238 420 2347 474 hoc
2377 434 2528 473 anno
2559 414 2857 481 celebrati;
2881 413 3089 484 quibus
3110 411 3384 466 nimirum
3411 410 3703 478 videbatur,
3723 411 3771 466 id
3786 414 3859 467 mi-

2240 508 2397 562 nime
2444 506 2723 571 sufficere,
2756 503 2905 575 quod
2938 517 2997 557 se
3027 500 3370 572 generaliter
3409 499 3705 570 apostolicae
3740 500 3860 557 Sedis

2240 595 2557 651 consentire
2586 592 2860 648 doctrinae
2896 590 3307 662 proﬁterentur
3338 589 3543 658 (Contra
3568 591 3698 643 Duas
3723 591 3860 658 Epist.

2241 686 2448 753 Pelag.,
2476 684 2573 738 lib.
2599 686 2653 749 2,
2683 697 2737 735 n.
2764 682 2841 750 5).

2902 760 3126 816 CAPUT
3163 758 3279 813 XII.

2246 857 2268 908 1
2299 856 2522 909 Romam
2548 853 2696 907 venit
2725 851 2997 907 Caelestius
3027 867 3043 903 :
3076 849 3216 902 hunc
3247 847 3481 901 Zosimus
3508 846 3757 899 mitissime
3782 850 3869 900 tra-

2313 937 2444 993 ctat.
2469 948 2677 1001 proque
2704 930 2796 984 illo
2822 930 3013 984 scribit
3037 928 3111 981 ad
3139 928 3413 996 episcopos
3436 924 3722 991 Africanos.
3746 928 3776 979 2
3800 927 3868 979 Pe-

2315 1013 2453 1080 lagii
2498 1012 2571 1065 ad
2616 1011 2982 1065 Innocentium
3028 1006 3258 1077 epistola
3303 1003 3547 1058 redditur
3580 1005 3777 1071 Zosimo,
3801 1006 3870 1071 qui

2315 1090 2479 1159 hujus
2513 1104 2725 1158 quoque
2761 1088 3032 1155 ambiguis
3071 1084 3252 1140 verbis
3289 1082 3574 1149 deluittur,
3609 1087 3748 1149 atque
3785 1083 3869 1151 ejus

2316 1172 2500 1237 gratia
2516 1172 2573 1223 in
2594 1170 2845 1236 Africam
2866 1167 3073 1221 scribit.
3099 1170 3128 1218 3
3151 1167 3359 1218 Zosimo
3387 1162 3771 1228 Carthaginiense
3786 1176 3869 1215 con-

2316 1250 2502 1303 cilium
2527 1248 2873 1302 ducentorum
2895 1243 3302 1314 quatuordecim
3331 1244 3677 1310 episcoporum
3701 1256 3869 1308 respon-

2317 1328 2425 1395 det,
2465 1343 2527 1380 ac
2554 1327 2854 1381 Innocentii
2888 1324 3206 1379 sententiam
3238 1323 3297 1375 in
3336 1323 3635 1373 memoratos
3658 1319 3868 1373 hareticos

2316 1407 2518 1461 dictum
2558 1410 2755 1460 tuetur.
2788 1406 2822 1458 4
2852 1405 2905 1456 Ζ
2907 1405 3105 1458 osimus
3129 1402 3207 1455 ad
3232 1401 3526 1466 Africanos
3551 1397 3785 1462 rescribit,
3809 1400 3867 1450 ni.

2318 1488 2396 1540 hil
2424 1502 2481 1541 se
2505 1489 2630 1555 post
2658 1489 2901 1553 acceptas
2939 1485 3179 1552 ipsorum
3209 1481 3421 1535 litteras
3459 1480 3759 1531 immutasse.
3782 1477 3868 1530 Ple-

2316 1568 2537 1619 narium
2566 1564 2851 1619 concilium
2878 1563 3087 1628 Africae
3114 1574 3342 1614 canones
3371 1562 3482 1612 octo
3508 1557 3588 1611 vel
3611 1571 3769 1610 novem
3790 1555 3870 1609 edit

2317 1650 2504 1699 contra
2535 1645 2876 1710 Pelagianos.
2913 1645 2942 1695 5
2974 1640 3061 1695 Ab
3092 1639 3274 1694 eodem
3303 1637 3522 1692 concilio
3548 1637 3738 1690 sancito
3759 1650 3869 1702 qua-

2319 1724 2446 1778 dam
2477 1723 2542 1777 de
2564 1723 2719 1777 rebus
2749 1720 3117 1792 spectantibus
3142 1718 3217 1772 ad
3246 1717 3573 1772 Donatistas.
3602 1717 3631 1769 6
3657 1714 3871 1779 Pelagiani

2319 1819 2439 1858 cum
2473 1818 2507 1856 a
2549 1804 2755 1856 Zosimo
2784 1814 2954 1870 papa,
2994 1804 3106 1853 tum
3137 1798 3206 1850 ab
3241 1798 3471 1852 Honorio
3504 1797 3786 1863 imperatore
3805 1792 3872 1844 da-

2318 1882 2512 1935 mnati.
2528 1885 2558 1933 7
2585 1882 2785 1933 Eorum
2803 1878 3201 1931 damnationem
3220 1872 3689 1943 subscriptionibus
3704 1872 3796 1926 suis
3808 1872 3871 1938 ﬂr-

2318 1964 2471 2015 mant
2516 1973 2693 2013 omnes
2732 1958 2987 2027 episcopi,
3019 1959 3218 2024 praeter
3257 1953 3557 2018 octodecim,
3601 1952 3687 2021 qui
3720 1962 3869 2018 provo-

2320 2042 2445 2092 cant
2487 2038 2562 2091 ad
2602 2037 2912 2108 plenariam
2962 2033 3247 2103 synodum.
3289 2035 3321 2087 8
3369 2032 3637 2098 Pelagiani
3673 2045 3762 2083 non
3791 2030 3871 2081 sine

2319 2118 2486 2172 multo
2507 2118 2807 2182 Augustini
2831 2114 3010 2169 labore
3031 2113 3098 2166 ab
3130 2113 3371 2166 Ecclesia
3393 2111 3522 2165 victi
3546 2114 3675 2164 sunt.
3706 2112 3732 2162 9
3754 2109 3796 2163 Is
3819 2108 3865 2161 li-

2322 2197 2441 2250 bros
2466 2195 2541 2248 ad
2566 2196 2854 2248 Pinianum
2882 2192 3015 2247 duos
3039 2196 3230 2246 contra
3258 2191 3529 2259 Pelagium
3556 2188 3739 2243 scribit.

2329 2288 2372 2339 1.
2414 2282 2708 2353 Pelagium
2754 2286 2811 2335 et
2857 2278 3182 2335 Ccelestium
3222 2295 3341 2333 non
3387 2277 3483 2332 diu
3520 2275 3670 2331 latuit
3703 2275 3794 2330 lata
3828 2273 3870 2326 in

2250 2373 2400 2443 ipsos
2442 2375 2568 2426 tum
2614 2371 2686 2425 ab
2727 2369 2993 2425 Africana
3041 2368 3309 2434 Ecclesia,
3357 2372 3481 2423 tum
3528 2366 3594 2420 ab
3633 2362 3870 2437 apostolica

2249 2460 2393 2515 Sede
2422 2458 2707 2513 sententia
2729 2473 2949 2529 :neque
2979 2457 3087 2511 sibi
3117 2456 3202 2510 illi
3226 2456 3479 2521 defuere,
3502 2454 3631 2526 quin
3658 2452 3759 2506 siue
3776 2466 3871 2505 cun-

2251 2548 2493 2603 ctatione
2543 2562 2791 2620 purgare
2838 2563 2895 2600 se
2949 2550 3314 2600 conarentur.
3366 2541 3648 2599 C(elestius
3696 2539 3870 2609 quidem

2250 2639 2491 2692 Romam
2520 2652 2578 2690 se
2618 2636 2934 2698 conferens,
2968 2633 3257 2688 Zosimum
3296 2628 3607 2686 Innocentii
3642 2643 3867 2683 successo-

2252 2742 2373 2782 rem
2405 2725 2542 2794 adit,
2573 2724 2643 2779 de
2681 2724 2828 2778 facto
2868 2726 3066 2777 contra
3100 2739 3157 2776 se
3187 2721 3252 2775 in
3290 2720 3477 2775 Africa
3499 2718 3695 2791 judicio
3727 2713 3872 2787 queri-

2252 2820 2365 2881 tur,
2407 2812 2813 2883 contenditque
2840 2827 2899 2865 se
2936 2809 3076 2865 falso
3113 2808 3338 2863 venisse
3377 2806 3681 2880 apostolica:
3712 2802 3873 2859 Sediin

2253 2901 2633 2974 suspicionem
2676 2899 2906 2968 erroris,
2949 2904 3004 2953 et
3049 2893 3315 2953 libellum
3361 2896 3493 2953 fidei
3528 2912 3637 2950 suae
3670 2894 3801 2948 offert
3827 2907 3873 2943 ea

2253 2995 2373 3046 arte
2403 2989 2827 3054 concinnatum,
2850 2991 2913 3041 ut
2940 2986 3101 3058 rejici
3132 3004 3164 3041 a
3189 2986 3415 3041 Zosimo
3437 2998 3763 3056 nequaquam
3785 2994 3872 3050 pos-

2254 3078 2353 3145 sit;
2397 3077 2641 3133 maxime
2678 3092 2808 3130 cum
2848 3090 2907 3128 se
2941 3074 3149 3129 instrui
3186 3075 3333 3131 velle
3373 3074 3706 3146 profiteatur,
3739 3067 3870 3123 dicat-

2254 3183 2365 3238 que
2392 3166 2472 3221 ibi
2507 3164 2732 3221 disertis
2759 3163 2947 3218 verbis
2980 3180 2992 3217 :
3036 3164 3097 3219 Si
3122 3165 3288 3229 forte,
3331 3168 3393 3217 ut
3428 3160 3725 3223 hominibus,
3761 3156 3873 3226 quis-

2252 3259 2403 3324 piam
2431 3256 2756 3323 ignorantia:
2776 3268 2926 3307 error
2944 3253 3203 3321 obrepsit,
3224 3256 3410 3307 vestra
3427 3251 3674 3306 sententia
3690 3246 3871 3309 corriga-

2254 3349 2343 3398 tur
2388 3344 2486 3411 (De
2512 3345 2658 3397 Pecc.
2689 3344 2914 3409 origin.,
2943 3357 2999 3394 n.
3031 3340 3144 3409 26).
3177 3341 3306 3395 Non
3349 3341 3453 3395 hoc
3490 3344 3667 3394 tamen
3692 3336 3870 3389 conten—

2254 3436 2343 3485 tus
2380 3431 2656 3493 Zosimus,
2688 3431 2944 3501 explorat
2980 3428 3233 3483 hominis
3273 3429 3531 3483 animum
3568 3423 3714 3480 variis
3743 3421 3871 3476 inter-

2252 3516 2666 3590 rogationibus,
2690 3533 2754 3571 ac
2781 3533 2839 3571 se
2867 3533 3111 3588 purgare
3143 3517 3476 3571 molientem
3497 3514 3562 3570 ad
3589 3507 3871 3568 consentien-

2255 3607 2392 3661 dum
2434 3605 2748 3661 Innocentii
2785 3604 2991 3660 litteris
3022 3606 3198 3676 (Cant.
3234 3609 3383 3661 Duas
3408 3606 3576 3674 Epist.
3606 3602 3761 3666 Pelag.
3786 3596 3813 3650 ι.
3833 3596 3866 3657 2,

2252 3713 2307 3751 n.
2338 3695 2410 3767 5),
2444 3696 2645 3750 crebra
2672 3694 3111 3749 interlocutione
3140 3694 3511 3765 constringit;
3532 3692 3604 3746 ita
3631 3695 3688 3744 ut
3711 3682 3869 3745 omnis,

2256 3785 2325 3839 de
2354 3783 2559 3855 quibus
2586 3784 2905 3854 postulatus
2945 3786 3048 3846 est,
3081 3782 3360 3838 damnare
3389 3799 3446 3836 se
3484 3776 3783 3849 respondeat
3810 3785 3870 3823 se-

2255 3870 2504 3925 cundum
2534 3869 2790 3940 ejusdem
2834 3869 3016 3923 beatae
3054 3869 3356 3924 memoria:
3403 3884 3559 3940 papae
3603 3858 3871 3919 sententiam

2256 3958 2441 4029 (lbid.,
2471 3973 2527 4010 η.
2558 3957 2630 4028 6),
2655 3960 2711 4011 et
2740 3955 2935 4011 omnia
2955 3972 3082 4027 quae
3108 3956 3280 4011 Sedes
3305 3954 3602 4028 apostolica
3624 3946 3869 4029 damnaret,

2256 4027 2314 4100 se
2341 4046 2747 4100 damnaturum
2764 4059 2885 4097 esse
2910 4042 3206 4114 promittat
3231 4042 3328 4112 (De
3348 4027 3497 4098 Pecc.
3530 4040 3729 4107 erigim,
3750 4049 3795 4087 η.
3817 4027 3870 4096 8)-

2258 4131 2593 4202 llujusmodi
2634 4129 2880 4186 Caelestii
2922 4130 3212 4200 responsis
3259 4130 3523 4186 inductus
3547 4134 3625 4182 est
3658 4122 3867 4178 ZosimuS.

2254 4224 2318 4274 ut
2364 4236 2517 4290 eum,
2550 4236 2663 4274 non
2706 4218 2939 4290 quidem
2987 4236 3020 4272 a
3070 4218 3313 4274 vinculis
3355 4203 3873 4273 excommunicationis

2255 4308 2444 4363 statim
2474 4308 2807 4378 absolveret,
2833 4307 2932 4362 sed
2975 4307 3251 4362 duntaxat
3281 4324 3453 4380 quam
3502 4302 3766 4360 mitissime
3792 4299 3872 4347 tra-

2254 4402 2450 4453 ctaret.
2503 4397 2642 4452 Nam
2685 4395 3017 4467 interposito
3068 4396 3316 4451 duorum
3354 4395 3626 4451 mensium
3654 4395 3872 4457 tempore,

2255 4488 2437 4542 donec
2474 4485 2882 4540 rescriberetur
2920 4502 2987 4540 ex
3026 4485 3238 4555 Africa,
3278 4481 3636 4556 resipiscendi
3662 4477 3708 4532 ei
3729 4475 3871 4529 locum

2253 4575 2357 4629 sub
2408 4574 2657 4645 quadam
2705 4573 3033 4628 medicinali
3064 4574 3361 4629 sententia:
3392 4555 3610 4628 lenitate
3637 4555 3869 4621 concessit.

2242 4662 2518 4728 'Quinimo
2548 4663 2616 4717 de
2645 4661 2817 4717 rebus
2834 4678 2965 4717 cum
2985 4663 3109 4733 ipso
3129 4662 3306 4734 gestis
3335 4659 3625 4734 epistolam
3642 4668 3758 4724 erga
3776 4658 3872 4701 eum

2252 4750 2660 4807 benevolentiae
2698 4749 2929 4821 plenam
2968 4750 3121 4806 dedit
3159 4750 3230 4806 ad
3267 4749 3559 4806 Aurelium
3596 4745 3873 4821 ceterosque

2250 4840 2547 4897 Africanos
2569 4839 2881 4911 episcopos,
2897 4856 3143 4910 quorum
3162 4839 3231 4895 de
3253 4840 3376 4911 ejus
3394 4852 3557 4893 causa
3569 4826 3813 4907 judicium
3827 4820 3872 4872 ut

2251 4928 2424 4984 nimis
2453 4933 2824 5000 properatum
2851 4929 3082 4999 culpare
3103 4927 3329 4983 videtur
3357 4944 3370 4982 :
3396 4927 3722 4982 accusatores
3741 4922 3871 4985 ροττο

2252 5017 2406 5072 illius
2452 5016 2650 5071 durius
2696 5016 2884 5080 habet,
2940 5016 3291 5088 mulctatque
3337 5000 3869 5089 excommunicationfo

2250 5108 2483 5161 Annum
2529 5104 2735 5160 Christi
2773 5086 3404 5176 quadringentesimum
3452 5101 3715 5159 decimum
3753 5086 3874 5176 sepii'

2252 5184 2413 5252 mum
2443 5197 2618 5251 refert
2647 5195 2889 5267 epistola
2918 5211 2931 5250 :
2955 5174 3109 5251 diem
3130 5212 3262 5251 vero
3283 5194 3514 5250 minime
3543 5174 3872 5267 adjectum

2250 5283 2348 5339 bet
2377 5283 2649 5354 (Append.
2682 5265 2815 5338 tomi
2866 5286 2953 5351 10,
2992 5288 3143 5354 part.
3181 5286 3237 5354 2;
3267 5283 3460 5340 Zosimi
3485 5280 3632 5350 epist.
3659 5271 3723 5327 ad
3744 5265 3869 5336 episc-

2250 5371 2457 5441 Afric.,
2488 5371 2554 5425 de
2580 5386 2747 5426 causa
2776 5372 3045 5441 Caelestii).

2320 5464 2373 5514 2.
2400 5459 2662 5531 Pelagius
2683 5463 2875 5515 autem
2897 5458 2959 5514 in
2980 5459 3283 5514 Palaestina
3303 5462 3437 5515 tunc
3454 5447 3709 5525 temporis
3719 5450 3869 5531 agens,

2251 5561 2309 5601 se
2357 5528 2586 5619 quoque
2620 5548 2856 5604 molitus
2894 5552 2978 5605 est
3005 5563 3109 5621 per
3152 5547 3367 5604 litteras
3408 5544 3478 5602 ad
3519 5528 3868 5598 Innocentium.
