4028 6174
107 355 217 408 493

107 492 290 548 quem
337 477 669 531 defunctum
730 491 853 531 esse
901 478 1204 546 nesciebat,
1262 479 1502 551 scriptas
1572 496 1818 552 purgare

107 568 218 637 (De
258 569 453 623 Gratia
496 568 722 634 Christi,
768 585 822 623 η.
870 568 983 638 32.)
1020 568 1244 623 Littera:
1304 570 1616 625 successori
1662 570 1818 625 illius

112 656 364 722 Zosimo,
412 655 650 711 redditae
680 660 834 723 sunt,
893 673 1009 712 una
1034 674 1163 712 cum
1207 658 1400 713 libello
1437 659 1591 727 ﬁdei,
1645 675 1817 731 quem

109 744 288 800 simul
320 744 599 814 mittebat,
630 744 925 800 desinente
955 745 1015 799 in
1042 746 1165 800 hac
1188 747 1361 801 verba
1386 763 1399 801 :
1430 750 1550 802 Hac
1575 748 1817 817 estﬁdes,

96 849 267 903 papa
291 833 617 902 beatissime,
658 848 822 903 quam
852 834 911 887 in
939 834 1178 888 Ecclesia
1207 835 1471 889 catholica
1500 834 1815 902 didicimus,

100 938 386 993 quamque
427 938 633 992 semper
667 923 935 976 tenuimus
963 927 1013 977 et
1044 927 1297 977 tenemus.
1328 924 1402 977 In
1432 939 1542 993 qua
1566 924 1616 977 si
1638 925 1818 977 minus

91 1012 283 1079 perite
303 1014 403 1066 aut
411 1027 614 1081 parum
629 1015 783 1065 caute
793 1010 1009 1080 aliquid
1025 1013 1169 1079 forte
1178 1013 1411 1081 positum
1424 1017 1521 1077 est,
1542 1011 1821 1065 emendari

100 1101 366 1168 cupimus
397 1116 431 1152 a
459 1104 526 1166 te,
560 1101 658 1168 qui
683 1101 834 1153 Petri
861 1103 911 1153 et
932 1100 1091 1168 ﬁdem
1112 1104 1161 1154 et
1180 1099 1358 1154 sedem
1375 1104 1514 1154 tenes
1537 1099 1817 1169 (Append.

104 1190 247 1240 tomi
279 1190 369 1253 10,
390 1191 541 1257 part.
582 1190 637 1253 2,
662 1188 851 1241 Libell.
888 1186 1023 1257 ﬁdei
1052 1189 1279 1255 Pelagii,
1312 1191 1442 1255 etc.,
1475 1203 1530 1242 η.
1569 1188 1679 1257 13),
1709 1192 1815 1243 etc.

105 1276 405 1347 Deceptus
434 1275 609 1330 etiam
639 1275 708 1329 ab
755 1274 864 1329 isto
902 1275 1176 1343 Zosimus,
1222 1276 1367 1330 sicut
1413 1293 1517 1347 pro
1556 1275 1818 1330 Ccelestio

102 1364 354 1428 fecerat,
373 1379 480 1433 pro
500 1362 730 1434 Pelagio
752 1379 981 1434 quoque
1002 1362 1302 1434 epistolam
1322 1365 1560 1418 alteram
1581 1363 1650 1418 ad
1671 1363 1819 1417 Afri-

102 1468 289 1506 canos
314 1452 591 1523 praesules
616 1452 724 1506 hoc
754 1452 955 1506 eodem
978 1468 1150 1521 anno,
1181 1452 1272 1507 die
1290 1452 1591 1507 undecimo
1623 1452 1819 1506 kalen-

102 1540 208 1595 das
237 1540 509 1609 octobris,
548 1539 721 1606 misit,
782 1540 843 1594 in
886 1539 1090 1611 quain
1130 1542 1396 1595 Herotem
1440 1544 1495 1596 et
1546 1542 1819 1595 Lazarum

103 1627 511 1683 acerbioribus
540 1628 722 1682 multo
755 1645 930 1699 quam
952 1628 1013 1683 in
1044 1628 1328 1699 superiori
1366 1628 1608 1699 epistola
1636 1628 1821 1683 verbis

102 1716 409 1773 invehitur
438 1733 451 1771 :
486 1715 658 1788 idque
690 1717 997 1788 pollicetur
1028 1716 1157 1783 sibi,
1194 1717 1313 1772 fore
1362 1722 1422 1771 ut
1451 1715 1558 1788 ipsi
1589 1734 1819 1789 quoque

104 1806 368 1861 Africani
381 1807 656 1877 praesules
681 1806 812 1861 inde
835 1822 966 1860 cum
983 1806 1105 1877 ipso
1121 1806 1340 1877 pariter
1359 1807 1637 1877 persuasi,
1664 1808 1821 1861 Pela-

104 1895 274 1967 gium
299 1900 359 1950 et
388 1894 719 1949 leestium
739 1911 842 1965 pro
864 1893 1153 1949 catholicis
1179 1894 1447 1961 habeant,
1476 1894 1631 1964 quod
1650 1894 1820 1948 ambo

104 1983 203 2039 isti
234 1984 569 2039 damnanda
598 1983 959 2050 damnarent,
1001 1986 1059 2038 et
1088 1983 1378 2055 sequenda
1421 1987 1818 2054 sequerentur,

105 2088 216 2127 nec
245 2072 289 2127 ii
311 2074 445 2144 post
472 2076 715 2145 mortem
737 2076 792 2127 et
818 2071 1112 2126 interitum
1138 2070 1471 2126 revixissent
1488 2070 1820 2141 inventique

106 2166 326 2225 essent,
359 2165 502 2233 puta
526 2161 600 2215 ad
629 2161 799 2215 ﬁdem
827 2161 1145 2226 redeundo,
1194 2160 1291 2214 sed
1322 2159 1557 2214 omnino
1606 2157 1821 2213 mortui

109 2268 233 2305 non
266 2255 462 2305 essent
504 2266 610 2305 nec
654 2249 974 2322 periissent,
1032 2249 1100 2304 de
1139 2248 1347 2320 quibus
1385 2248 1647 2303 videlicet
1682 2248 1822 2302 falsa

109 2340 352 2411 vulgata
392 2343 526 2393 sunt
556 2339 728 2410 (Part.
777 2340 827 2408 l,
876 2338 1324 2407 Hypomnesticon
1373 2342 1561 2391 contra
1612 2337 1819 2403 Pelag.,

110 2429 210 2483 lib.
247 2432 297 2489 5,
331 2444 407 2483 cc.
441 2430 621 2497 9-10).

184 2520 240 2572 3.
276 2516 445 2581 Quod
483 2522 673 2570 autem
711 2513 933 2569 Zosimo
964 2512 1226 2586 Pelagius
1264 2511 1631 2584 imposuerit,
1672 2511 1819 2567 nihil

111 2604 378 2675 profecto
406 2603 638 2658 mirum.
667 2603 765 2657 Hic
804 2602 960 2657 enim
981 2606 1099 2657 tam
1121 2601 1324 2656 callide
1349 2601 1523 2655 verba
1541 2617 1643 2655 sua
1672 2617 1823 2655 com-

111 2695 410 2765 posuerat,
438 2696 711 2763 tantaque
731 2690 1011 2746 industria
1038 2689 1504 2763 asquivocationis
1516 2689 1821 2760 caliginem

110 2782 400 2837 effuderat
438 2780 687 2847 veritati,
734 2785 797 2834 ut
852 2796 984 2834 cum
1015 2779 1138 2850 ejus
1180 2779 1390 2849 scripta
1416 2778 1477 2832 in
1506 2778 1753 2832 Africam
1790 2793 1822 2831 a

111 2871 346 2926 Zozimo
381 2869 625 2925 fuissent
666 2868 1020 2937 transmissa,
1050 2867 1142 2921 vix
1172 2865 1413 2938 ipsemet
1442 2866 1818 2936 Augustinus,

112 2960 258 3032 quin
288 2974 359 3013 ea
388 2956 668 3013 catholica
689 2956 996 3027 judicaret,
1029 2944 1213 3027 deque
1253 2954 1470 3026 Pelagii
1515 2954 1704 3009 reditu
1749 2953 1821 3007 ad

112 3054 335 3103 rectam
364 3047 540 3102 ﬁdem
569 3047 879 3113 laetaretur,
913 3043 1018 3099 sibi
1038 3044 1445 3115 temperaverit
1480 3044 1581 3111 (De
1601 3045 1821 3098 Peccato

115 3137 410 3206 originali,
436 3152 493 3190 η.
527 3136 632 3204 20).
663 3135 770 3190 Sed
800 3134 974 3201 virus,
999 3133 1154 3205 quod
1173 3132 1233 3186 in
1258 3131 1666 3203 prolixioribus
1697 3130 1817 3201 ejus

114 3225 279 3281 libris
328 3224 829 3289 animadverterat,
862 3221 1047 3277 effecit
1075 3225 1139 3276 ut
1168 3221 1273 3275 ista
1311 3236 1543 3291 quoque
1577 3218 1688 3290 ipsi
1727 3236 1821 3274 su-

118 3316 317 3382 specta
345 3315 568 3367 essent:
604 3327 732 3383 quae
762 3328 893 3365 cum
922 3309 1262 3381 inspexisset
1297 3307 1588 3374 attentius,
1622 3323 1823 3361 eorum

120 3399 375 3470 denique
406 3398 840 3469 ambiguitatem
884 3414 948 3451 ac
976 3396 1179 3451 vitium
1218 3394 1612 3467 deprehendit.
1660 3393 1823 3458 Quod

121 3486 192 3541 ad
233 3485 584 3551 Caelestium,
632 3486 1048 3557 rescripserunt
1092 3483 1343 3539 Africani
1387 3483 1662 3555 praesules
1708 3498 1824 3536 non

120 3575 409 3643 sufﬁcere,
442 3575 523 3630 ait
549 3575 925 3645 Augustinus,
984 3572 1135 3644 quod
1166 3589 1225 3626 se
1273 3572 1618 3643 generaliter
1648 3572 1823 3625 Inno-

120 3663 298 3718 centii
330 3662 579 3735 episcopi
603 3661 807 3717 litteris
828 3661 1145 3716 consentire
1174 3660 1488 3727 fatebatur;
1513 3659 1608 3714 sed
1630 3664 1824 3730 aperte

123 3768 258 3807 eum
289 3751 498 3807 debere
535 3750 1015 3805 anathematizare
1044 3766 1173 3821 quae
1201 3749 1261 3803 in
1292 3764 1398 3803 suo
1428 3748 1619 3802 libello
1650 3764 1826 3817 prava

120 3844 395 3912 posuerat
424 3840 644 3912 (Contra
681 3843 829 3895 Duas
858 3840 1133 3910 Epistolas
1166 3839 1376 3906 Pelag.,
1422 3853 1467 3891 c.
1501 3838 1577 3905 3).
1622 3837 1697 3890 Ex
1730 3851 1824 3889 eo-

125 3947 253 3984 rum
296 3928 543 4000 epistola
586 3930 657 3984 ad
704 3929 991 3983 Zosimum
1037 3926 1098 3982 in
1160 3925 1401 3982 concilio
1449 3925 1826 3981 ducentorum

125 4018 561 4091 quatuordecim
594 4018 994 4089 episcoporum
1023 4016 1229 4087 scripta
1250 4015 1358 4070 hoc
1378 4014 1669 4069 decretum
1695 4029 1825 4084 pro-

126 4111 234 4163 fert
263 4108 510 4178 Prosper
542 4120 555 4163 :
598 4107 986 4164 Constituimus
1018 4107 1074 4159 in
1114 4094 1389 4171 Pelagium
1444 4107 1607 4172 atque
1659 4103 1828 4157 Crete-

126 4199 293 4251 stium
318 4212 417 4266 per
443 4194 797 4250 venerabilem
818 4195 1123 4264 episcopum
1142 4193 1518 4247 Innocentium
1547 4190 1612 4244 de
1637 4190 1829 4245 beatis-

126 4287 251 4340 simi
280 4285 517 4355 apostoli
565 4285 715 4338 Petri
757 4282 891 4337 Sede
926 4283 1201 4351 prolatam
1249 4294 1463 4334 manere
1489 4281 1827 4345 sententiam,

130 4375 292 4427 donec
316 4373 669 4443 apertissima
709 4372 1038 4438 confessione
1063 4371 1368 4436 fateantur,
1400 4367 1589 4435 gratia
1613 4368 1708 4420 Dei
1732 4382 1831 4435 per

129 4465 308 4517 Iesum
365 4462 643 4517 Christum
709 4460 988 4513 Dominum
1034 4461 1298 4522 nostrum,
1356 4470 1462 4509 non
1532 4455 1703 4507 solum
1758 4454 1832 4508 ad

133 4549 569 4618 cognoscendam,
602 4563 786 4602 verum
814 4549 975 4601 etiam
990 4546 1065 4600 ad
1072 4545 1384 4612 faciendam
1404 4544 1706 4613 justitiam,
1736 4557 1829 4597 nos

130 4656 225 4709 per
252 4643 409 4693 actas
437 4638 679 4704 singulos
722 4635 1026 4705 adjuvari;
1069 4636 1151 4688 ita
1180 4638 1239 4687 ut
1266 4636 1381 4687 sine
1408 4632 1509 4686 illa
1529 4632 1669 4684 nihil
1696 4648 1834 4686 vera

132 4732 435 4796 sanctaque
458 4728 686 4796 pietatis
719 4725 932 4790 habere,
964 4725 1221 4792 cogitare,
1245 4721 1439 4787 dicere,
1471 4735 1629 4788 agere
1655 4720 1834 4775 valea-

135 4831 247 4870 mus
276 4818 547 4885 (Prosper,
580 4816 776 4870 Contra
806 4813 1143 4876 Collatorem,
1175 4827 1235 4864 n.
1276 4809 1379 4877 15).

201 4907 255 4959 4.
290 4907 464 4958 Anno
520 4902 903 4973 subsequente
932 4899 1183 4954 Zosimus
1230 4895 1508 4951 Africanis
1558 4894 1836 4966 episcopis

136 4991 433 5065 respondit
453 5008 559 5062 per
578 4990 795 5045 litteras
816 4986 1154 5043 duodecimo
1176 4985 1447 5040 kalendas
1468 4984 1659 5055 aprilis
1678 4982 1838 5037 datas

136 5079 412 5151 (Append.
477 5081 608 5133 tomi
666 5081 751 5148 10,
798 5081 950 5147 part.
998 5080 1051 5139 2,
1112 5076 1307 5129 Zosimi
1356 5074 1513 5143 epist.
1572 5071 1646 5126 ad
1703 5070 1836 5137 Afr.

143 5172 329 5239 episc.,
379 5168 445 5222 de
499 5182 665 5222 causa
716 5163 966 5235 talest),
1024 5162 1235 5235 quibus
1289 5178 1384 5215 eos
1436 5159 1703 5215 certiores
1757 5158 1839 5212 fe-

148 5258 243 5324 cit,
298 5256 448 5312 nihil
496 5272 555 5309 se
620 5259 748 5327 post
795 5257 1052 5324 acceptas
1117 5251 1374 5323 ipsorum
1444 5249 1661 5303 litteras
1724 5246 1839 5301 im—

141 5351 415 5413 mutasse,
454 5344 551 5399 sed
598 5343 660 5397 in
688 5342 890 5397 eodem
922 5345 1072 5396 statu
1101 5344 1322 5402 cuncta,
1352 5334 1841 5410 quemadmodum

149 5440 389 5508 rogatus
420 5432 491 5488 ab
519 5430 659 5503 ipsis
714 5431 920 5496 fuerat,
974 5427 1294 5500 reliquisse.
1342 5427 1536 5497 Neque
1577 5438 1681 5495 per
1709 5437 1840 5476 eum

141 5524 320 5593 stetit,
354 5523 668 5597 quominus
696 5521 757 5576 in
798 5519 1046 5577 Coelestii
1070 5534 1317 5585 causam,
1370 5533 1438 5571 ex
1474 5515 1709 5570 illorum
1742 5529 1842 5567 vo-

139 5613 357 5670 luntate
387 5609 765 5684 consilioque,
805 5605 1137 5681 diligentius
1180 5601 1591 5692 inquireretur.
1635 5599 1844 5655 Verum

1556 359 1766 413 LIBER
1818 359 2186 416 SEPTIMUS.

3523 373 3628 425 4114

1930 496 2059 537 cum
2092 482 2214 553 ejus
2244 483 2550 554 prwseutia
2576 489 2928 554 posceretur,
2984 491 3048 541 ut
3077 487 3245 541 certis
3274 503 3339 542 ac
3368 487 3630 543 dilucidis

1930 570 2400 641 responsionibus
2423 572 2511 626 vel
2540 572 2745 626 astutia
2767 572 3037 640 hominis,
3064 576 3152 628 vel
3183 576 3458 630 correctio
3488 577 3629 631 dilu—

1929 662 2197 725 cesceret,
2254 663 2309 713 et
2362 660 2508 714 nulli
2546 660 2818 731 ambigua
2855 665 3207 728 remaneret;
3246 679 3304 716 se
3353 663 3632 718 subtraxit

1928 745 2023 800 ille
2055 751 2112 801 et
2131 747 2359 818 negavit
2381 746 2630 802 examini
2663 750 2882 817 (Contra
2925 752 3069 804 Duas
3113 752 3390 819 Epistolas
3425 753 3629 821 Pelag.,

1930 835 2024 891 lib.
2057 838 2111 902 2,
2134 851 2191 902 η,
2223 838 2302 906 5).
2339 837 2534 907 Neque
2573 836 2744 891 etiam
2778 837 3059 907 Pelagius,
3093 838 3318 893 tametsi
3357 838 3510 893 visus
3549 844 3633 894 est

1929 922 2001 977 ad
2031 926 2258 995 tempus
2287 924 2504 995 aliquid
2527 923 2735 991 dicere,
2769 925 2919 996 quod
2948 925 3082 979 ﬁdei
3112 926 3401 980 catholicas
3431 944 3629 981 conve-

1929 1011 2096 1078 niret,
2136 1013 2449 1066 Romanam
2482 1012 2684 1067 Sedem
2726 1030 2906 1083 usque
2946 1013 3004 1067 in
3035 1014 3209 1068 ﬁnem
3248 1014 3443 1068 fallere
3480 1031 3629 1085 prie-

1928 1100 2110 1155 valuit
2147 1101 2241 1171 (De
2288 1105 2502 1157 Peccato
2555 1102 2834 1169 originali,
2894 1118 2951 1155 η.
3006 1103 3113 1169 24).
3162 1104 3306 1173 δΡοδὶ
3357 1095 3630 1174 rescripta

1931 1189 2143 1260 quippe
2172 1188 2425 1244 Africani
2455 1187 2700 1253 concilii,
2734 1205 2847 1242 non
2879 1205 2944 1242 ea
2969 1194 3188 1242 tantum
3211 1190 3479 1260 pestifera
3507 1192 3630 1262 ejus

1931 1277 2219 1348 dogmata,
2261 1294 2390 1349 quae
2415 1277 2474 1330 in
2510 1276 2755 1330 Africam
2784 1281 3180 1346 pervenerant,
3211 1278 3303 1331 sed
3336 1278 3448 1332 alia
3489 1296 3628 1350 quo—

1930 1383 2041 1437 que
2071 1366 2249 1438 ipsius
2278 1366 2337 1419 in
2374 1365 2515 1419 urbe
2538 1366 2741 1433 Roma,
2761 1364 2861 1418 ubi
2894 1364 3212 1418 diutissime
3253 1365 3490 1434 vixerat,
3542 1372 3627 1421 at-

1932 1470 2044 1526 que
2072 1454 2132 1508 in
2162 1454 2249 1508 his
2269 1455 2456 1509 fuerat
2473 1454 2632 1525 prius
2663 1453 3023 1507 sermonibus
3054 1446 3632 1525 contentionibusque

1931 1548 2205 1609 versatus,
2237 1559 2373 1597 cura
2426 1542 2684 1596 ﬁdelium
2731 1541 2974 1595 fratrum
3016 1536 3240 1612 prolata
3281 1545 3627 1612 patuerunt;

1932 1649 2062 1703 quae
2114 1632 2345 1685 tandem
2394 1648 2546 1701 papa
2582 1631 2837 1685 Zosimus
2883 1631 2953 1683 ab
3010 1629 3287 1683 universis
3330 1630 3632 1684 Catholicis

1933 1720 2275 1775 exsecranda
2318 1719 2557 1773 censuit.
2608 1718 2957 1773 Posteriores
3004 1717 3119 1771 illa:
3165 1716 3371 1770 Zosimi
3425 1717 3630 1772 litteras

1931 1811 2313 1880 pervenerunt
2350 1806 2411 1861 in
2451 1805 2699 1861 Africam
2728 1805 2895 1859 tertio
2928 1805 3201 1859 kalendas
3230 1805 3435 1860 maias.
3475 1808 3633 1861 Tunc

1932 1895 2209 1967 temporis
2237 1896 2513 1966 praesules
2535 1893 2935 1964 Carthaginem
2959 1891 3369 1946 conveniebant
3398 1893 3465 1947 ad
3496 1910 3630 1946 con-

1932 1985 2151 2054 cilium,
2174 1984 2325 2056 quod
2346 1984 2453 2038 hac
2476 1982 2536 2037 in
2564 1983 2703 2037 urbe
2732 1982 2869 2053 ipsis
2899 1980 3161 2035 kalendis
3178 1979 3342 2034 maiis
3372 1980 3631 2034 habitum

1934 2077 2188 2141 notatur,
2221 2077 2394 2143 atque
2416 2072 2486 2126 ab
2514 2071 2833 2143 Augustino
2865 2069 3075 2124 dicitur
3101 2068 3427 2140 plenarium
3456 2068 3631 2122 totius

1931 2161 2134 2215 Africae
2167 2162 2368 2232 (Epist.
2409 2162 2534 2227 215,
2566 2176 2622 2214 n.
2660 2159 2736 2229 2).
2772 2158 2910 2212 Inde
2954 2156 3197 2228 profecti
3227 2160 3360 2211 sunt
3389 2160 3515 2210 octo
3546 2155 3632 2209 illi

1932 2249 2046 2304 sive
2078 2265 2278 2303 novem
2312 2252 2508 2302 contra
2538 2246 2904 2317 Pelagianam
2933 2245 3202 2299 haeresim
3234 2260 3497 2305 canones.
3532 2242 3633 2315 qui

1933 2337 2269 2393 Milevitanze
2299 2336 2513 2408 synodo
2542 2336 2769 2390 fuerant
2798 2335 2938 2389 falso
2982 2331 3249 2403 adscripti
3298 2332 3456 2402 (Vide
3480 2333 3630 2387 Prw-

1930 2429 2037 2493 fat.
2071 2428 2129 2481 in
2160 2430 2358 2481 tomum
2408 2427 2514 2496 10).

2002 2518 2054 2569 5.
2088 2514 2379 2570 Materiam
2409 2512 2542 2568 huic
2586 2516 2704 2567 tam
2748 2510 3034 2583 frequenti
3078 2508 3316 2563 concilio
3372 2524 3488 2562 non
3523 2506 3632 2561 soli

1931 2599 2229 2671 praebuere
2260 2597 2553 2668 Pelagiani
2583 2614 2596 2651 :
2630 2596 2911 2667 siquidem
2934 2610 3180 2649 canones
3211 2609 3441 2665 quoque
3472 2592 3534 2646 in
3564 2609 3630 2645 eo

1930 2691 2126 2761 plures
2163 2687 2378 2743 conditi
2425 2685 2795 2756 reperiuntur
2841 2684 2909 2737 de
2940 2683 3128 2748 rebus,
3162 2698 3292 2752 quas
3322 2682 3391 2735 ad
3442 2683 3628 2735 Dona-

1932 2777 2091 2833 tistas
2150 2773 2533 2847 pertinebant.
2590 2771 2875 2827 Generalis
2922 2771 3173 2842 synodus
3229 2769 3418 2823 idibus
3452 2768 3631 2838 juniis

1934 2866 2070 2920 anni
2098 2859 2650 2937 quadringentesimi
2679 2858 2906 2929 septimi
2934 2862 3126 2911 coacta
3148 2855 3511 2925 Carthagine,
3537 2870 3627 2908 ec-

1934 2952 2131 3007 clesias
2178 2968 2241 3005 ac
2300 2949 2563 3021 populos,
2626 2946 2726 3018 qui
2783 2944 3210 3000 Donatistarum
3249 2942 3626 2997 secessionem

1933 3045 2063 3096 ante
2094 3041 2279 3111 legem
2334 3036 2568 3093 Honorii
2614 3051 2766 3089 anno
2807 3031 3370 3105 quadringentesimo
3428 3029 3628 3101 quinto

1934 3130 2107 3184 latam
2135 3126 2519 3198 reliquissent,
2546 3126 2820 3178 statuerat
2843 3122 2961 3175 fore
2984 3118 3237 3192 episcopi
3266 3118 3438 3185 illius,
3463 3134 3496 3172 a
3516 3133 3630 3189 quo

1934 3218 2174 3273 fuissent
2218 3214 2511 3281 conversi;
2576 3212 2718 3268 alios
2768 3227 2899 3264 vero
2958 3213 3248 3263 secuturos
3315 3206 3632 3261 antistitem

1936 3306 2093 3362 urbis
2137 3305 2281 3376 ejus,
2327 3302 2437 3369 cui,
2484 3302 2623 3357 dum
2667 3297 3039 3354 schismaticis
3079 3296 3338 3368 partibus
3368 3295 3624 3350 adhaere-

1934 3398 2092 3464 bant,
2123 3393 2336 3450 subditi
2364 3390 2763 3461 erant(Codice
2806 3390 3080 3445 Canonum
3118 3387 3323 3453 Afric.,
3357 3400 3513 3439 conn.
3539 3386 3629 3449 98,

1936 3488 2043 3555 99).
2078 3485 2154 3539 Ex
2185 3499 2252 3537 ea
2280 3479 2686 3536 constitutione
2720 3478 2847 3530 lites
2878 3475 3028 3529 inter
3068 3473 3364 3543 episcopos
3401 3472 3469 3525 de
3503 3471 3629 3525 ﬁni-

1935 3572 2042 3626 bus
2094 3570 2411 3624 diosceseon
2456 3580 2693 3620 suarum
2747 3567 2905 3628 ortae,
2967 3559 3271 3614 concilium
3337 3557 3635 3628 praesentis

1938 3659 2098 3728 anni,
2122 3664 2186 3712 ut
2210 3657 2270 3711 in
2302 3672 2370 3710 ea
2411 3652 2676 3709 nonnihil
2720 3651 3075 3717 immutaret,
3119 3646 3400 3718 impulere
3444 3644 3633 3713 (lbid.,

1936 3764 2094 3804 cann.
2132 3750 2254 3815 H7,
2296 3743 2442 3814 118).
2497 3745 2779 3797 Praeterea
2816 3741 3344 3810 quantumcumque
3384 3732 3633 3787 studium

1938 3833 2341 3906 exstinguendi
2372 3831 2794 3887 Donatistarum
2838 3825 3062 3881 discidii
3108 3840 3227 3894 prae
3270 3838 3328 3876 se
3372 3820 3636 3876 tulissent
3690 3876 3697 3883 ,

1938 3925 2060 3980 Afri
2087 3922 2388 3991 antistites,
2433 3926 2596 3975 erant
2623 3922 2819 3972 tamen
2858 3915 3009 3969 inter
3058 3913 3161 3967 hos
3198 3909 3483 3975 nonnulli,
3537 3908 3637 3980 qui

1939 4010 2009 4065 de
2054 4005 2450 4063 convertendis
2492 4004 2581 4070 iis,
2634 4019 2776 4074 quos
2824 3998 2981 4073 plebi
3034 4013 3151 4052 sum
3182 3993 3463 4051 admixtos
3516 4008 3638 4049 esse

1939 4097 2376 4170 cognoscebant,
2412 4108 2617 4164 parum
2648 4090 2962 4145 admodum
3003 4084 3278 4157 gerebant
3308 4081 3637 4170 sollicitudi-

1940 4169 2049 4243 nis.
2078 4187 2143 4242 In
2170 4184 2311 4239 istos
2338 4178 2737 4237 animadvertit
2764 4175 3087 4238 concilium,
3128 4177 3183 4227 et
3226 4170 3504 4243 quosdam
3534 4169 3639 4223 hac

1938 4277 1999 4332 in
2026 4292 2086 4330 re
2128 4271 2304 4327 ofﬁcii
2334 4269 2422 4324 sui
2448 4268 2806 4339 negligentes
2842 4256 3443 4319 excommunicationis
3471 4271 3640 4325 pcena

1938 4361 2112 4435 plecti
2155 4359 2321 4430 jubet
2365 4355 2548 4426 (Ibid,
2625 4368 2743 4407 can.
2824 4354 2975 4421 113).
3042 4345 3373 4412 Restabant,
3431 4357 3632 4413 quem-

1942 4448 2254 4506 admodum
2310 4442 2593 4514 conjicere
2650 4445 2754 4506 est,
2818 4435 3047 4508 negotia
3088 4449 3208 4488 non
3255 4446 3457 4503 pauca,
3508 4446 3638 4501 qua:

1942 4553 2168 4594 moram
2214 4531 2658 4604 longiusculam,
2707 4532 2772 4583 ut
2811 4524 3311 4588 constituerentur,
3355 4517 3642 4572 desidera.

1942 4628 2081 4683 bant
2112 4642 2125 4679 :
2158 4622 2335 4695 igitur
2370 4635 2442 4675 ne
2491 4618 2705 4674 diutius
2748 4620 2832 4670 tot
2867 4610 3139 4683 praesules
3184 4606 3523 4695 Carthagine
3552 4622 3643 4695 re-

1944 4691 2280 4773 tinerentur,
2321 4707 2485 4763 electi
2516 4709 2649 4760 sunt
2678 4720 2743 4757 ex
2766 4712 3110 4769 unaquaque
3138 4694 3428 4766 provincia
3474 4691 3643 4759 terni,

1946 4803 2194 4875 quicum
2212 4797 2466 4861 Aurelio,
2500 4790 2777 4866 quidquid
2798 4790 2944 4843 esset
2962 4784 3189 4855 reliqui,
3214 4785 3642 4875 componerent.

1949 4869 1988 4946 ἐ
2009 4887 2276 4945 Numidia
2299 4901 2431 4940 cum
2458 4880 2660 4953 Alypio
2690 4882 2744 4931 et
2790 4874 3079 4930 Restituto
3103 4872 3353 4927 delectus
3394 4869 3503 4923 fuit
3529 4871 3645 4922 Au-

1949 4977 2237 5049 gustinus.
2271 4973 2371 5027 Hic
2399 4952 2592 5039 itaque
2621 4963 2811 5037 quoad
2830 4962 2888 5015 in
2912 4958 3308 5016 Mauritaniam
3329 4952 3648 5028 proﬁcisce-

1949 5043 2128 5132 retur,
2177 5061 2279 5118 ubi
2325 5058 2543 5115 decimo
2602 5056 2805 5125 quarto
2868 5055 2924 5106 et
2988 5046 3326 5103 duodecimo
3376 5043 3648 5132 kalendas

1950 5129 2194 5209 octobris
2235 5149 2461 5219 agebat,
2512 5140 2788 5198 remansit
2828 5138 3166 5209 Carthagine
3198 5152 3212 5189 :
3247 5149 3359 5206 qua
3398 5131 3459 5185 in
3505 5129 3648 5219 urbe

1951 5242 2114 5297 illum
2145 5218 2646 5308 oecuipatissimum
2693 5230 2847 5284 varia
2876 5227 3253 5284 detinuerunt
3283 5219 3510 5291 negotia
3553 5218 3649 5288 (De

1952 5332 2126 5387 Gestis
2157 5343 2274 5381 cum
2304 5325 2561 5387 Emerita,
2592 5336 2648 5374 n.
2694 5319 2766 5389 1).

2024 5423 2075 5474 6.
2112 5415 2379 5472 Nondum
2401 5408 2737 5481 Carthagine
2760 5406 3094 5463 discesserat
3117 5394 3487 5471 Augustinus,
3519 5407 3649 5447 cum

1954 5505 2139 5563 allatis
2170 5503 2240 5559 ad
2266 5501 2514 5558 Africam
2555 5496 2772 5552 nuntiis
2806 5491 3109 5566 comperit,
3141 5483 3475 5556 Pelagianos
3524 5485 3650 5536 tum

1956 5591 2335 5666 Imperatoris
2378 5590 2526 5660 lege,
2563 5589 2687 5643 tum
2725 5580 3053 5655 apostolicae
3103 5572 3261 5632 Sedis
3309 5569 3647 5626 auctoritate
