4026 6180
469 297 571 351 495

469 419 764 473 damnatos
794 431 934 468 esse.
989 415 1095 467 Lex
1146 413 1215 466 ab
1258 410 1507 465 Honorio
1548 411 1693 463 hanc
1735 409 1795 462 in
1824 424 1945 461 rem
1976 407 2165 478 pridie

470 504 743 560 kalendas
773 502 952 556 maias
989 500 1126 554 anni
1167 496 1719 571 quadringentesimi
1748 496 1954 551 decimi
1984 495 2167 550 octavi

472 594 603 648 data
632 595 736 658 est,
762 607 875 658 qua
894 588 1088 658 impia:
1109 585 1601 640 commentationis
1623 590 1680 639 et
1706 583 1988 653 dogmatis
2018 599 2169 637 exse-

471 678 935 734 crandiauctores
950 675 1239 745 Pelagium
1253 690 1316 726 ac
1331 672 1656 727 leestium
1677 688 1742 724 ex
1760 671 1924 738 Urbe,
1955 670 2001 723 si
2021 670 2167 724 forte

473 768 532 822 in
559 784 625 821 ea
643 770 1025 829 versarentur,
1062 762 1267 832 expelli
1292 778 1305 815 :
1330 777 1395 814 ac
1410 760 1457 813 si
1483 758 1582 831 qui
1603 759 1673 813 de
1700 764 1908 812 caetero
1937 759 2170 829 quibus-

475 871 719 925 cumque
736 852 876 907 locis
898 850 1109 921 reperti
1131 849 1345 903 fuerint
1370 849 1605 917 hujusce
1628 846 1911 917 sacrilegii
1936 850 2170 900 sectato-

474 960 583 1010 res,
599 942 752 1011 ipsos
772 939 877 993 rite
897 938 1200 1003 convictos,
1215 938 1273 990 in
1295 936 1559 990 exsilium
1571 936 1699 1006 ejici
1710 935 1874 1006 jubet
1895 934 2166 1004 (Appcnd.

476 1033 605 1085 tomi
630 1032 715 1096 10,
730 1032 881 1098 part.
906 1030 957 1080 2.
984 1028 1138 1081 Sacr.
1161 1028 1409 1094 rescript.
1437 1030 1626 1078 contra
1643 1026 1825 1092 Pelag.
1849 1030 1897 1078 et
1920 1024 2169 1093 Ca'lest.).

474 1118 850 1187 Imperatores
863 1115 923 1168 in
944 1114 1053 1168 ista
1064 1113 1601 1183 constituendalege
1609 1112 1890 1182 judicium
1908 1111 1978 1165 ab
1998 1114 2171 1165 Aure-

472 1203 550 1257 lio
582 1208 752 1274 atque
772 1202 839 1256 ab
868 1200 1186 1272 Augustino
1207 1200 1421 1253 factum
1444 1214 1502 1251 se
1525 1202 1745 1252 secutos
1765 1198 1936 1252 fuisse
1963 1197 2170 1250 diserte

472 1291 816 1362 proﬁtentur
843 1288 1048 1343 litteris
1077 1288 1148 1341 ad
1189 1291 1496 1357 utrumque
1528 1301 1785 1339 seorsum
1817 1285 1984 1351 datis,
2018 1301 2169 1338 anno

474 1376 1040 1449 quadringentesimo
1068 1375 1288 1429 decimo
1318 1390 1491 1440 nono,
1516 1373 1609 1428 die
1625 1373 1824 1444 quinto
1850 1372 2050 1427 iduum
2080 1373 2169 1443 ju-

475 1468 696 1519 niarum
718 1465 904 1535 (Apud
924 1467 1311 1531 Augustinum,
1335 1465 1512 1531 Epist.
1531 1465 1656 1528 201,
1679 1478 1734 1515 n.
1755 1462 1811 1533 1)
1834 1479 1846 1516 :
1871 1462 1939 1515 de
1954 1460 2170 1533 judicio

366 1550 375 1557 ’
475 1571 609 1608 sane
652 1554 968 1624 loquuntur
1017 1550 1273 1605 Africani
1319 1549 1546 1604 concilii
1593 1556 1791 1603 contra
1838 1550 2173 1620 Pelagianos

475 1642 768 1713 superiore
798 1656 949 1693 anno
980 1639 1266 1707 celebrati,
1297 1637 1699 1717 cui_videlicet,
1736 1654 1849 1691 non
1896 1653 2057 1691 secus
2086 1640 2171 1691 at-

478 1746 589 1801 que
630 1727 927 1800 praesentis
956 1727 1093 1781 anni
1136 1725 1400 1791 concilio,
1441 1726 1558 1779 dua:
1586 1726 1863 1790 Aurelius,
1895 1725 1976 1779 uti
2021 1724 2172 1779 canit

477 1819 740 1886 Prosper,
764 1817 1149 1885 ingeniumque
1174 1814 1521 1882 Augustinus
1540 1818 1659 1868 erat
1687 1812 1966 1883 (Carmine
1986 1814 2051 1867 de
2076 1814 2170 1866 In-

473 1907 671 1972 gratis,
698 1909 859 1973 parte
892 1907 939 1967 1,
965 1918 1085 1972 cap.
1116 1902 1188 1972 3).
1228 1903 1442 1956 Horum
1473 1901 1793 1957 antistitum
1825 1901 2169 1959 existimatio

473 1997 530 2046 et
557 1992 885 2058 auctoritas,
920 1990 1030 2045 vim
1060 1990 1261 2045 habuit
1289 1991 1487 2061 procul
1516 1990 1691 2044 dubio
1721 2006 1837 2044 non
1885 1989 2169 2043 minorem

474 2080 541 2134 ad
590 2079 981 2134 inducendum
1038 2077 1346 2145 Zosimum,
1392 2082 1456 2132 ut
1495 2078 1555 2131 in
1598 2077 1828 2132 eosdem
1874 2076 2170 2131 haereticos

473 2166 813 2221 sententiam
843 2165 1225 2219 damnationis
1254 2169 1378 2219 tum
1421 2165 1655 2219 demum
1699 2165 1999 2234 proferret.
2058 2166 2169 2218 Hac

471 2255 565 2308 ille
596 2253 826 2308 haeresis
853 2270 1017 2307 novas
1056 2258 1332 2319 auctores,
1366 2253 1453 2307 vel
1482 2257 1630 2307 certe
1660 2252 1966 2307 acerrimos
1996 2251 2169 2306 notis-

372 2350 387 2355 '
473 2343 761 2412 simosque
791 2356 1071 2407 suasores,
1100 2339 1393 2411 Pelagium
1425 2345 1481 2395 et
1505 2340 1853 2410 Coslestium,
1884 2341 1992 2395 nisi
2036 2356 2163 2394 cor-

473 2430 613 2483 recti
638 2429 808 2483 etiam
840 2428 1064 2499 egerint
1092 2428 1510 2499 paenitentiam,
1540 2434 1659 2483 toto
1688 2429 1998 2484 christiano
2028 2434 2166 2483 orbe

474 2516 765 2572 damnavit
795 2516 979 2585 (Apud
1008 2517 1398 2583 Augustinum,
1430 2515 1617 2585 Epist.
1657 2519 1777 2584 190,
1805 2533 1861 2571 n.
1887 2520 1979 2586 22,
2019 2522 2069 2571 ct
2094 2520 2168 2571 De

471 2607 690 2660 Peccato
715 2605 995 2672 originali,
1026 2620 1082 2657 n.
1110 2606 1221 2672 25).
1268 2603 1505 2658 Litteras
1542 2604 1647 2658 hac
1676 2605 1745 2659 de
1797 2621 1968 2659 causa
2012 2603 2169 2659 misit

472 2694 746 2765 quasdam
777 2691 1097 2763 specialiter
1137 2691 1209 2746 ad
1254 2692 1568 2759 Africanos,
1618 2692 1758 2747 alias
1795 2696 1987 2747 autem
2036 2693 2165 2747 uni-

472 2781 765 2837 versaliter
811 2780 880 2835 ad
932 2796 1133 2835 omnes
1172 2781 1508 2851 episcopos;
1565 2786 1739 2851 atque
1786 2780 1906 2835 istis
1960 2781 2166 2835 litteris

470 2870 608 2938 suis,
643 2885 783 2940 quas
823 2867 1157 2938 conscripsit
1202 2884 1306 2938 per
1351 2869 1551 2923 orbem
1602 2869 1947 2924 catholicum
1977 2870 2164 2940 perfe-

469 2958 675 3013 rendas
713 2973 860 3028 papa
887 2955 1163 3024 Zosimus,
1195 2957 1538 3012 exsecranda
1568 2956 1783 3027 Pelagii
1830 2962 1888 3011 et
1916 2957 2164 3012 Ccelestii

469 3047 733 3115 dogmata
759 3043 1002 3098 attexuit
1030 3045 1128 3112 (De
1155 3045 1373 3100 Peccato
1415 3047 1694 3113 originali,
1727 3062 1781 3100 n.
1809 3046 1917 3115 24).
1953 3047 2162 3101 Roma-

471 3150 575 3187 nos
598 3133 828 3186 clericos
856 3131 1106 3201 episcopi
1146 3132 1235 3185 sui
1276 3134 1618 3187 sententiam
1665 3138 1787 3188 toto
1818 3133 2010 3189 animo
2041 3151 2162 3189 am-

471 3222 668 3290 plexos
709 3235 854 3287 esse,
901 3219 987 3272 vel
1033 3218 1146 3288 ipsi
1189 3225 1359 3274 testes
1402 3225 1535 3276 sunt
1574 3222 1899 3292 Pelagiani;
1932 3223 2161 3293 quando

471 3324 567 3363 eos
605 3312 875 3379 arguunt,
919 3322 1036 3361 non
1085 3307 1381 3363 erubuisse
1420 3310 1902 3379 prmvaricationis
1948 3310 2163 3367 crimen

468 3396 767 3451 admittere
802 3397 1034 3463 (Contra
1055 3398 1205 3451 Duas
1234 3399 1508 3466 Epistolas
1546 3398 1752 3466 Pelag.,
1784 3399 1875 3453 lib.
1912 3402 1965 3465 2,
1994 3415 2052 3454 n.
2081 3402 2161 3470 5).

468 3486 630 3540 Certe
667 3485 888 3540 Sixtum
920 3483 1179 3538 Ecclesiae
1239 3485 1510 3540 Romanas
1539 3487 1962 3558 presbyterum,
1998 3504 2159 3543 eum-

469 3573 600 3628 dem
651 3573 836 3641 illum,
868 3590 1041 3644 quem
1086 3576 1274 3628 favere
1312 3573 1561 3629 inimicis
1598 3575 1921 3630 christiana:
1964 3576 2163 3647 gratia:

467 3664 692 3732 (Epist.,
727 3664 846 3727 194,
874 3677 911 3715 n
968 3662 1041 3733 1),
1082 3666 1250 3733 atque
1276 3662 1504 3717 illorum
1534 3664 1731 3735 magni
1757 3664 2034 3719 momenti
2062 3682 2162 3736 pa-

471 3756 698 3803 tronum
734 3764 852 3802 esse
900 3754 1031 3802 ante
1077 3750 1229 3803 fama
1252 3750 1513 3820 jactarat,
1544 3752 1819 3822 priorem,
1854 3753 1911 3807 id
1941 3758 2041 3821 est,
2075 3755 2162 3807 vel

468 3840 597 3890 ante
627 3852 845 3903 omnes,
871 3837 958 3889 vel
997 3841 1128 3890 ante
1158 3839 1583 3909 promulgatam
1616 3839 2001 3894 damnationis
2031 3855 2161 3892 scn-

468 3924 728 3987 tentiam,
761 3923 1062 3977 anathema
1091 3925 1172 3977 eis
1202 3924 1263 3978 in
1294 3928 1507 3997 populo
1536 3927 1999 3998 frequentissimo
2028 3943 2160 3997 pro-

467 4011 779 4077 nuntiasse,
816 4012 1014 4066 eadem
1043 4012 1195 4066 fama
1226 4029 1340 4067 non
1388 4014 1564 4069 tacuit
1593 4014 1791 4085 (Epist.
1831 4019 1951 4082 191,
1991 4031 2047 4069 n.
2085 4014 2155 4084 1).

463 4098 818 4171 Augustinus
845 4098 966 4170 qui,
991 4099 1155 4153 sicuti
1186 4100 1452 4166 diximus,
1488 4102 1830 4174 Carthagine
1856 4120 1890 4157 a
1919 4102 2160 4157 concilio

464 4188 841 4244 kalendarum
862 4187 999 4241 maii
1018 4193 1389 4255 remanserat,
1412 4189 1572 4260 prius
1594 4190 1798 4245 nuntio
1826 4190 1926 4244 illo
1942 4189 2161 4244 exhila-

466 4283 620 4333 ratus
659 4280 743 4330 est
787 4275 895 4330 sibi
937 4276 1109 4347 longe
1162 4276 1597 4346 jucundissimo,
1630 4295 1803 4350 quam
1841 4278 1975 4333 inde
2004 4293 2159 4333 rece-

466 4366 645 4419 deret.
667 4365 861 4434 Neque
882 4362 941 4418 id
965 4363 1058 4417 Vir
1084 4368 1310 4417 sanctus
1330 4381 1395 4418 ex
1424 4366 1716 4420 communi
1732 4367 1883 4421 fama
1909 4370 2157 4433 tantum,

466 4453 563 4507 sed
593 4451 762 4506 etiam
792 4468 859 4506 ex
915 4451 1163 4522 propriis
1193 4452 1333 4507 Sixti
1375 4453 1443 4507 ad
1480 4454 1774 4508 Aurelium
1807 4454 2012 4508 litteris
2057 4469 2161 4524 per

467 4537 710 4591 Leonem
757 4540 1041 4610 acolytum
1097 4540 1281 4594 allatis
1338 4540 1551 4597 didicit.
1613 4543 1696 4597 lbi
1741 4544 1810 4598 de
1854 4542 2158 4613 Pelagiano

462 4624 943 4692 perniciosissimo
998 4628 1288 4699 dogmate,
1340 4630 1425 4683 vel
1475 4635 1673 4685 contra
1714 4632 1783 4686 de
1831 4631 2015 4703 gratia
2058 4629 2160 4684 Dei

463 4711 602 4782 quid
624 4714 874 4778 sentiret,
906 4717 1226 4787 exponebat
1255 4716 1463 4784 Sixtus,
1490 4722 1546 4772 et
1573 4718 1630 4773 id
1657 4719 1892 4789 quidem
1916 4718 2113 4791 paucis
2137 4737 2153 4773 :

463 4799 615 4853 unde
653 4801 903 4872 episcopi
942 4809 1249 4874 praesentes
1314 4806 1438 4875 ejus
1488 4806 1793 4877 epistolam
1837 4807 2156 4863 describere

462 4886 825 4956 festinabant,
866 4894 1021 4944 tanta
1060 4897 1181 4946 erat
1226 4908 1427 4948 eorum
1456 4893 1690 4961 laetitia;
1725 4900 1781 4950 et
1811 4896 1968 4951 illam
2023 4911 2161 4950 cun-

458 4974 563 5029 ctis
591 4975 889 5029 ostendere
918 4978 1251 5047 gestiebant.

526 5067 581 5116 7.
608 5062 926 5133 Pelagiana:
948 5065 1178 5119 haeresis
1192 5067 1618 5124 damnationem
1641 5072 2155 5144 subscriptionibus

457 5150 576 5205 suis
622 5151 927 5206 ﬁrmarunt
981 5151 1230 5224 episcopi
1270 5172 1469 5212 omnes
1497 5160 1798 5227 catholici;
1829 5177 1943 5231 qua
1974 5163 2043 5217 de
2088 5180 2151 5219 re

456 5238 751 5311 conquesti
781 5239 1072 5311 Pelagiani
1102 5240 1431 5298 dictitabant
1454 5262 1466 5299 :
1486 5247 1833 5316 Simplicibus
1864 5252 2151 5322 episcopis,

455 5331 570 5383 sine
596 5330 1008 5397 congregatione
1033 5329 1247 5395 synodi,
1292 5333 1347 5384 in
1394 5334 1521 5388 locis
1559 5339 1674 5389 suis
1715 5337 2021 5393 sedentibus
2049 5358 2152 5394 etr-

457 5420 598 5470 torta
625 5417 950 5486 subscriptio
975 5422 1053 5470 est
1083 5418 1301 5484 (Contra
1340 5422 1486 5475 Duas
1516 5425 1694 5492 Epist.
1718 5426 1927 5495 Pelag.,
1958 5428 2051 5482 lib.
2088 5431 2146 5495 4,

454 5520 510 5559 n.
545 5503 655 5573 34).
704 5504 813 5570 Qui
859 5504 1303 5575 subscriptiones
1346 5524 1475 5562 suas
1526 5519 1893 5580 recusarunt,
1941 5531 2144 5569 nume-

1713 287 1865 339 νιίἈ
1911 288 1968 340 S.
2009 282 2383 339 AUtiUS’l‘lNl
2424 282 2753 337 EPISCUPI.
3794 296 3868 348 496

2275 410 2479 460 rantur
2508 403 2818 459 octodecim
2856 402 3044 469 (Ibid.,
3077 403 3172 456 lib.
3208 406 3257 470 l,
3294 419 3347 457 n.
3382 408 3464 473 3);
3494 422 3708 477 quorum
3750 418 3871 469 ante-

2278 493 2553 564 signanus
2593 492 2745 547 haud
2787 491 2959 545 dubie
2998 490 3107 544 fuit
3146 491 3399 546 Julianus
3451 495 3711 568 episcopus
3759 501 3873 555 Ecla-

2277 581 2491 648 nensis,
2522 581 2669 634 hanc
2699 580 2771 635 ob
2815 595 3044 634 causam
3077 596 3108 632 a
3151 579 3369 634 Zosimo
3413 581 3679 639 damnatus
3713 588 3879 656 (Contra

2276 670 2576 735 lulianum,
2618 669 2711 722 lib.
2767 671 2816 734 1,
2862 684 2918 722 n.
2975 668 3077 736 l3).
3114 668 3211 721 Hic
3260 684 3372 723 una
3411 687 3527 725 cum
3570 673 3670 728 suis
3702 692 3804 729 sese
3827 677 3877 732 ab

2279 757 2523 811 Ecclesia
2548 755 2824 810 catholica
2843 755 3162 826 segregavit
3192 757 3372 826 (Serm.
3404 762 3582 824 {81,n.
3615 762 3680 832 3),
3700 768 3882 818 testatus

2278 843 2387 897 sibi
2416 844 2645 914 suisque
2694 843 2986 897 decretum
3033 859 3174 910 esse,
3220 860 3335 898 non
3383 847 3757 903 communicare
3788 866 3882 903 cum

2277 930 2598 986 Manichaeis
2630 931 2861 1001 (Contra
2879 934 3024 985 Duas
3045 932 3316 1000 Epistolas
3336 933 3728 1003 Pelagianorum,
3754 939 3832 992 lib.
3849 943 3880 1004 l,

2277 1035 2370 1073 nn.
2394 1021 2447 1084 4,
2472 1019 2578 1089 42).
2602 1018 2967 1073 Audientiam
2980 1020 3271 1089 postulant
3291 1020 3482 1088 (Ibid,
3510 1038 3558 1075 n.
3576 1023 3675 1093 42),
3695 1024 3882 1097 datoque

2279 1108 2347 1162 ad
2359 1107 2642 1161 Zosimum
2661 1106 2852 1161 libello
2869 1112 3181 1178 provocant
3195 1108 3475 1179 Pelagiani
3496 1110 3717 1182 episcopi
3733 1114 3788 1167 ad
3803 1116 3885 1185 ple-

2278 1195 2498 1249 nariam
2537 1196 2819 1265 synodum
2861 1196 3131 1266 (Append.
3169 1198 3299 1250 tomi
3345 1200 3425 1263 10,
3470 1203 3607 1267 part.
3650 1201 3697 1266 2,
3744 1201 3884 1255 Libell.

2276 1283 2411 1354 ﬁdei
2436 1285 2497 1338 S.
2537 1286 2585 1338 J.
2612 1286 2722 1348 0.).
2758 1283 2907 1349 Quin
2938 1289 2993 1338 et
3045 1283 3235 1356 ipsum
3282 1285 3671 1356 Imperatorem
3716 1292 3882 1358 petunt,

2280 1388 2466 1426 causa).
2495 1388 2612 1425 suae
2630 1372 2853 1442 judices
2881 1372 3005 1426 dari
3038 1372 3239 1443 jubeat
3270 1375 3493 1438 (Contra
3517 1377 3651 1429 Duas
3679 1378 3886 1445 Epistolas

2283 1461 2712 1528 Pelagianorum,
2745 1461 2839 1514 lib.
2874 1464 2923 1527 1,
2953 1475 3011 1515 n.
3040 1462 3148 1530 42).
3204 1462 3399 1516 Verum
3427 1462 3561 1516 absit
3587 1479 3618 1516 a
3642 1465 3884 1518 christiani:

2275 1548 2631 1617 potestatibus
2673 1552 2894 1602 terrenae
2921 1548 3249 1617 reipublicae,
3284 1548 3469 1620 inquit
3500 1551 3820 1621 Augustinus,
3848 1558 3887 1604 ut

2280 1635 2345 1689 de
2374 1638 2604 1704 antiqua
2634 1636 2899 1690 catholica
2938 1635 3047 1707 ﬁde
3074 1635 3354 1703 dubitent;
3380 1642 3429 1691 et
3456 1639 3517 1692 ob
3564 1640 3650 1693 hoc
3673 1655 3886 1708 oppugna-

2279 1724 2485 1778 toribus
2501 1725 2639 1793 ejus,
2663 1725 2832 1779 locum
2853 1729 2902 1778 et
2924 1730 3131 1794 tempus
3151 1728 3417 1781 examinis
3435 1726 3704 1795 praebeant.
3720 1730 3888 1781 Istorum

2279 1828 2465 1881 nempe
2488 1812 2746 1881 superbia
2776 1813 2912 1867 hanc
2942 1815 3103 1867 etiam
3122 1814 3352 1881 gloriam
3381 1820 3593 1884 captare
3619 1815 3885 1881 intelligitur,

2280 1907 2340 1954 ut
2365 1907 2589 1971 propter
2616 1904 2737 1957 illos
2790 1903 3023 1958 Orientis
3062 1907 3112 1957 et
3152 1904 3450 1959 Occidentis
3478 1904 3697 1975 synodus
3727 1920 3889 1971 congre-

2278 1998 2454 2057 getur.
2482 1991 2673 2045 Orbem
2714 1992 2916 2061 quippe
2952 1992 3295 2058 catholicum,
3341 1995 3586 2061 quoniam
3625 1995 3814 2048 Domino
3840 1994 3887 2044 eis

2278 2082 2555 2132 resistente
2581 2084 2881 2148 pervertere
2907 2085 3194 2148 nequeunt,
3226 2083 3417 2135 saltem
3446 2096 3737 2136 commovere
3758 2096 3889 2135 conuii

2280 2169 2370 2218 tur
2401 2182 2417 2218 :
2449 2180 2569 2219 cum
2603 2167 2786 2234 potius
2815 2167 3107 2232 vigilantia
3131 2172 3182 2221 et
3218 2167 3507 2237 diligentia
3532 2170 3785 2239 pastorali,
3809 2171 3889 2237 post

2274 2254 2482 2319 factum
2528 2254 2594 2307 de
2622 2255 2732 2308 illis
2774 2260 3069 2324 competens
3102 2258 3489 2326 sufﬁciensque
3509 2258 3769 2327 judicium,
3808 2256 3889 2308 ubi-

2276 2356 2499 2409 cumque
2553 2343 2649 2395 isti
2704 2342 2824 2412 lupi
2873 2346 3253 2411 apparuerint,
3323 2345 3621 2400 conterendi
3667 2348 3774 2407 sint,
3818 2346 3891 2396 sire

2276 2434 2335 2483 ut
2389 2436 2649 2483 sanentur
2723 2436 2885 2499 atque
2946 2436 3240 2499 mulceatur,
3294 2436 3408 2488 sive
3473 2440 3531 2488 ut
3607 2434 3668 2488 ab
3721 2434 3889 2486 aliorum

2274 2519 2448 2572 salute
2493 2523 2655 2588 atque
2702 2521 3012 2587 integritate
3064 2522 3307 2576 vitentur
3364 2522 3564 2591 (Ibid,
3624 2522 3708 2577 lib.
3757 2522 3806 2585 4,
3851 2534 3888 2569 η-

2276 2607 2387 2675 31).
2447 2608 2562 2661 Hoc
2620 2608 2852 2677 petendi
2911 2608 3139 2664 concilii
3204 2611 3492 2681 generalis
3563 2611 3772 2664 obtentu
3829 2608 3889 2660 Ec-

2274 2694 2457 2749 clesiis
2503 2696 2771 2765 Orientis,
2829 2702 2894 2753 ut
2952 2714 3044 2752 eas
3102 2699 3162 2753 in
3221 2717 3357 2755 suas
3411 2705 3601 2771 partes
3651 2699 3890 2756 allicerenl,

2274 2783 2561 2854 quomodo
2616 2786 2841 2840 molesti
2890 2787 3325 2858 intervenerint,
3362 2778 3550 2844 'docet
3605 2786 3807 2859 epistola
3845 2782 3889 2836 ab

2274 2872 2587 2926 octodecim
2639 2874 2925 2945 episcopis
2968 2876 3316 2947 Pelagianis,
3376 2894 3407 2932 e
3445 2893 3681 2949 quorum
3715 2887 3890 2930 numero

2271 2959 2542 3022 Julianus,
2576 2962 3033 3019 Thessalonicam
3067 2965 3139 3018 ad
3190 2965 3408 3021 Rufum
3450 2966 3604 3020 urbis
3654 2961 3892 3019 antistitem

2274 3048 2445 3103 missa
2465 3050 2651 3120 (Ibid.,
2685 3051 2781 3106 lib.
2808 3055 2855 3119 1,
2887 3068 2944 3107 n.
2965 3054 3038 3123 3),
3062 3070 3176 3124 qua
3192 3053 3350 3109 illius
3373 3055 3489 3109 sive
3514 3054 3737 3109 aliorum
3755 3049 3892 3105 Orien-

2272 3137 2473 3192 talium
2504 3140 2816 3209 praesulum
2845 3140 3173 3197 societatem
3214 3143 3493 3199 adversus
3523 3143 3742 3214 impiam
3766 3137 3892 3195 lani-

2273 3226 2557 3281 chazorum
2588 3227 2851 3282 haeresim
2880 3229 3401 3301 elﬂagitantllbid.,
3432 3233 3597 3297 lib.2,
3618 3248 3667 3286 n.
3696 3230 3753 3300 1).
3781 3228 3830 3281 In
3849 3240 3891 3277 eo

2274 3314 2485 3386 quippe
2530 3316 2637 3369 sita
2680 3321 2804 3371 erat
2832 3318 3020 3372 omnis
3075 3319 3311 3375 illorum
3359 3321 3444 3376 vis
3482 3338 3546 3376 ac
3580 3316 3833 3379 industria,
3854 3318 3895 3366 ut

2274 3402 2601 3458 orthodoxis
2649 3404 2915 3461 haeresim
2964 3410 3375 3464 exsecrandam
3412 3409 3784 3481 impingerent.
3819 3418 3892 3472 quo

2274 3489 2351 3544 sic
2376 3492 2639 3561 proprios
2660 3492 2996 3565 obtegerent
3020 3511 3267 3567 errores,
3294 3514 3362 3552 ac
3392 3503 3631 3565 naturae,
3653 3493 3789 3564 legis,
3806 3489 3896 3544 libi“

2274 3579 2435 3650 rique
2464 3579 2686 3634 arbitrii
2712 3584 3230 3651 commendatione,
3253 3587 3505 3657 gratiam
3532 3580 3893 3639 condemnarent

2271 3667 2471 3735 (Ibid,
2504 3668 2599 3723 lib.
2631 3670 2685 3735 4,
2717 3685 2773 3723 n.
2806 3671 2921 3742 26).
2955 3672 3127 3727 Istam
3161 3673 3497 3744 epistolam,
3527 3688 3690 3746 quam
3705 3662 3896 3739 Augusti-

2273 3771 2380 3808 nus
2411 3754 2592 3809 tribus
2629 3757 3042 3826 posterioribus
3061 3758 3133 3813 ad
3165 3760 3533 3816 Bonifacium
3562 3758 3709 3815 libris
3733 3750 3892 3810 refellit.

2270 3841 2392 3912 ipse
2420 3848 2703 3898 memorat
2730 3845 3100 3917 agnoscitque
3120 3846 3394 3903 Julianus
3428 3849 3635 3921 (Operis
3672 3842 3897 3915 imperial3

2271 3930 2365 3984 lib.
2397 3934 2452 3999 2,
2482 3948 2602 4002 cap.
2640 3935 2781 3999 178).

2343 4021 2394 4091 8.
2428 4018 2685 4075 Victorite
2712 4021 2781 4075 de
2813 4022 3132 4095 Pelagianis
3161 4030 3484 4098 reportatae
3521 4024 3749 4098 gloriam
3769 4021 3898 4086 Αυειιυ

2270 4105 2420 4160 stino
2448 4108 2736 4178 praecipue
2773 4109 3047 4179 debitam,
3075 4112 3241 4183 cujus
3269 4114 3432 4170 inter
3468 4116 3607 4169 alios
3632 4126 3812 4168 omnes,
3835 4101 3897 4173 qui

2268 4195 2339 4248 ad
2370 4212 2465 4249 eos
2494 4196 2565 4251 de
2597 4198 2839 4253 Ecclesia
2866 4199 3164 4269 pellendos
3194 4219 3446 4275 operam
3477 4200 3822 4259 contulerunt.
3844 4191 3899 4244 in‘

2269 4283 2488 4339 dustria
2516 4286 2719 4357 major,
2750 4287 2935 4357 majus
2961 4305 3104 4360 opus
3132 4289 3337 4359 fuerit,
3373 4295 3625 4364 Prosper
3649 4286 3780 4346 haud
3797 4281 3898 4351 inju‘

2268 4372 2353 4425 ria
2392 4373 2664 4442 praedicat
2720 4375 2989 4445 (Carmine
3020 4379 3086 4433 de
3130 4381 3408 4449 Ingratis,
3448 4387 3607 4452 parte
3656 4383 3702 4445 1,
3731 4388 3826 4444 cap.
3850 4370 3896 4420 3V-

2269 4460 2549 4515 Casterum
2593 4478 2710 4517 non
2754 4463 3022 4519 maximis
3058 4470 3474 4525 tantummodo
3531 4467 3806 4528 laboribus,
3836 4452 3900 4510 sed

2266 4547 2612 4619 gravissimis
2637 4567 2863 4623 quoque
2885 4553 3159 4609 molestiis
3189 4572 3258 4610 ea
3281 4563 3486 4613 sancto
3509 4554 3719 4612 Doctori
3736 4542 3900 4606 victoria

2265 4635 2420 4690 stetit
2438 4652 2451 4690 :
2474 4638 2622 4708 quod
2638 4639 3015 4712 Hieronymus
3033 4645 3346 4716 perspicue
3365 4648 3604 4702 docetin
3623 4642 3796 4700 litteris
3811 4632 3901 4689 adil-

2264 4724 2384 4778 lum
2408 4724 2633 4780 circiter
2650 4728 2761 4782 hoc
2780 4734 3006 4802 tempus
3027 4731 3193 4787 datis.
3212 4734 3307 4789 Ibi
3330 4752 3479 4806 quas
3501 4735 3584 4791 vel
3605 4736 3775 4789 Roma:
3791 4734 3900 4795 9³⁵⁵³

2263 4812 2437 4867 fuerit
2477 4815 2686 4869 veritas
2714 4816 3077 4874 difﬁcultates
3120 4820 3370 4890 indicat,
3415 4841 3547 4879 cum
3576 4821 3737 4878 dicit:
3766 4816 3903 4873 CW

2260 4902 2451 4967 ﬂantes
2470 4906 2653 4958 ventos
2683 4905 2878 4960 ardore
2903 4906 3036 4975 ﬁdei
3052 4912 3383 4977 perstitisti.
3410 4911 3616 4967 Malum
3633 4906 3783 4961 etiam
3799 4890 3898 4969 εῐυοδ

2261 5004 2296 5042 a
2316 4988 2528 5061 Pelagii
2560 4991 2919 5064 leestiique
2947 4995 3274 5052 fautoribus
3305 4992 3660 5055 imminebat
3678 4996 3901 5060 insuper?

2260 5075 2364 5131 bili
2395 5078 2594 5148 gratias
2625 5080 2855 5149 vindici,
2888 5086 3058 5154 atque
3078 5086 3148 5139 ab
3166 5086 3301 5156 ipso
3321 5088 3553 5144 fortiter
3583 5079 3897 5147 οουιεωριυω
3930 5152 3931 5155 χ

2261 5165 2564 5235 signiﬁcat,
2602 5184 2732 5223 cum
2762 5170 2954 5225 subdit
2984 5187 2997 5225 :
3024 5174 3309 5243 Maluisti,
3346 5181 3617 5247 quantum
3650 5176 3703 5228 in
3736 5176 3778 5225 te
3811 5160 3896 5231 Ῑυίίε
3930 5170 3931 5207 ἶ

2259 5255 2402 5309 solus
2432 5256 2660 5311 liberari
2688 5258 2752 5313 de
2780 5259 3046 5326 Sodomis,
3087 5280 3256 5332 quam
3287 5282 3417 5320 cum
3450 5261 3779 5336 Ρενεῑιπιίῦυε
3804 5264 3901 5336 ουδ’

2258 5346 2482 5398 morari.
2506 5346 2618 5401 Scit
2638 5346 2775 5414 quid
2802 5348 2981 5402 dicam
2996 5351 3302 5419 prudentia
3334 5335 3460 5409 tua.
3492 5353 3587 5408 His
3615 5351 3812 5405 demum
3832 5335 3895 5390 ad‘

2253 5430 2380 5501 jicit
2406 5432 2580 5486 verba
2606 5433 2705 5487 illa
2733 5436 3039 5506 magniﬁca
3076 5442 3130 5493 et
3180 5441 3475 5509 praeclara
3507 5458 3522 5495 :
3557 5443 3717 5496 Macte
3740 5433 3895 5487 virtuts

2258 5521 2317 5572 in
2345 5519 2469 5574 orbe
2505 5521 2806 5578 celebratis.
2839 5524 3104 5581 Catholici
3132 5531 3181 5582 te
3210 5528 3560 5586 conditorem
3586 5526 3794 5595 antiqui
3815 5526 3897 5569 ’τίν’
