4028 6174
156 250 274 302 497

154 385 287 422 sum
310 368 444 438 fidei
465 373 793 423 venerantur
819 375 981 438 atque
1018 373 1340 440 suspiciunt,
1377 379 1428 425 et
1473 376 1617 442 quod
1643 378 1859 443 signum

153 459 386 526 majoris
426 458 614 522 gloriae
651 463 747 525 est,
776 473 952 512 omnes
987 460 1225 513 haeretici
1267 461 1601 517 detestantur
1644 482 1660 517 :
1707 469 1755 518 et
1781 479 1862 518 me

153 550 296 615 pari
317 551 712 615 persequuntur
734 547 888 609 odio;
919 551 979 599 ut
1021 563 1152 615 quos
1190 549 1394 614 gladiis
1420 557 1706 620 nequeunt,
1740 557 1860 606 voto

156 637 485 703 interﬁciant
535 634 726 703 (Apud
778 636 1166 702 Augustinum,
1223 639 1399 704 Epist.
1461 640 1602 708 195).
1664 640 1859 694 Eidem

153 722 290 776 aliis
317 726 439 792 post
462 722 691 792 scriptis
719 722 921 775 litteris
954 722 1025 776 de
1048 724 1312 793 jugulata
1340 741 1445 795 per
1471 726 1660 796 ipsum
1691 728 1860 782 Coele-
1899 774 1902 776 .

146 808 339 861 stiana
368 808 571 861 haeresi
599 810 919 879 gratulatur
951 811 1138 877 (Ibid,
1171 814 1348 880 Epist.
1380 816 1507 882 202,
1539 831 1591 868 η.
1629 816 1698 884 1).

219 901 276 951 9.
311 899 694 969 Posteaquam
726 899 1030 970 Pelagiana
1075 901 1308 954 haeresis
1337 918 1464 956 cum
1511 903 1627 956 suis
1664 909 1856 958 aucto-

138 985 308 1039 ribus
346 1003 380 1039 a
409 987 630 1040 Zosimo
662 1004 829 1058 papa,
861 1004 1084 1042 necnon
1117 990 1186 1042 ab
1225 989 1572 1061 imperatore
1606 993 1857 1046 Honorio

138 1075 422 1128 damnata
451 1081 557 1144 est,
591 1076 816 1145 scripsit
845 1078 1198 1146 Augustinus
1237 1078 1297 1131 in
1329 1079 1585 1148 ejusdem
1617 1081 1854 1135 lueresis

137 1169 414 1216 auctores
445 1164 618 1217 libros
645 1165 806 1232 duos,
839 1166 908 1219 ad
949 1165 1274 1232 Pinianum,
1307 1167 1573 1220 Albinam
1605 1169 1728 1239 ejus
1765 1186 1855 1223 so-

134 1267 306 1304 crum
343 1252 766 1322 conjugemque
788 1253 1086 1307 Melanium
1115 1257 1367 1322 (Retract.
1397 1256 1492 1310 lib.
1513 1259 1566 1322 2,
1599 1273 1720 1325 cap.
1752 1260 1851 1324 50;

135 1341 212 1392 De
261 1342 487 1394 Peccato
535 1343 812 1407 originali,
861 1358 918 1396 n.
979 1346 1080 1410 l8).
1139 1344 1204 1396 lli
1249 1344 1512 1398 videlicet
1563 1351 1857 1400 suaserant

139 1429 404 1499 Pelagio,
446 1446 692 1500 quocum
735 1431 876 1484 forte
915 1430 975 1484 in
1022 1432 1319 1486 Palaestina
1358 1448 1457 1502 per
1491 1432 1546 1486 id
1579 1435 1854 1504 temporis

135 1518 546 1584 versabantur,
598 1523 660 1572 ut
697 1534 1075 1590 quascumque
1116 1520 1386 1575 adversus
1427 1537 1558 1576 eum
1592 1522 1850 1577 diceren-

135 1612 254 1671 tur,
288 1606 505 1677 scripto
537 1607 834 1660 damnaret
858 1623 870 1660 :
899 1608 1106 1677 quibus
1134 1607 1231 1662 ille
1251 1609 1624 1679 responderat
1654 1626 1720 1664 ea
1749 1612 1855 1663 cal-

134 1693 391 1759 liditate,
437 1711 567 1764 qua:
610 1695 808 1761 cuivis,
852 1695 990 1750 dum
1031 1712 1146 1748 non
1191 1697 1362 1765 plane
1403 1701 1736 1766 perspectus
1768 1713 1852 1750 es-

137 1787 223 1834 set
249 1783 383 1851 ejus
406 1782 654 1849 animus,
679 1783 838 1836 facile
860 1783 1250 1853 persuaderet,
1276 1784 1463 1853 ipsum
1482 1784 1627 1838 nihil
1657 1790 1852 1838 tenere

134 1870 246 1922 nisi
299 1886 530 1936 sanum,
567 1871 677 1924 nisi
718 1872 1062 1925 catholicum
1095 1872 1255 1940 (Vide
1297 1875 1520 1938 Prae/at.
1552 1875 1611 1926 in
1653 1879 1852 1927 tomum

139 1961 224 2025 10,
267 1974 397 2026 cap.
448 1959 561 2022 20).
617 1959 918 2012 Enimvero
967 1960 1222 2030 quisquis
1270 1962 1517 2029 gratiam
1565 1961 1682 2022 Dei,
1737 1978 1853 2031 qua

135 2046 405 2100 Christus
435 2047 589 2100 venit
622 2046 680 2100 in
715 2047 866 2101 hunc
896 2049 1176 2102 mundum
1206 2053 1531 2118 peccatores
1557 2050 1738 2102 salvos
1769 2050 1853 2102 fa-

132 2151 286 2200 cere,
329 2140 569 2205 negaret
596 2135 752 2188 omni
783 2140 1075 2189 momento
1106 2137 1381 2206 omnique
1413 2137 1562 2190 actui
1592 2153 1851 2191 necessa-

134 2222 310 2290 riam,
357 2224 489 2276 huic
531 2223 626 2277 ille
665 2225 968 2277 anathema
1006 2224 1227 2278 dicebat
1263 2223 1364 2294 (De
1393 2225 1588 2279 Gratia
1627 2227 1849 2292 Christi,

135 2326 187 2363 n.
232 2310 315 2378 2).
361 2310 720 2379 Agnoscebat
759 2326 937 2363 unum
975 2310 1242 2380 idemque
1285 2311 1568 2380 Baptisma
1606 2322 1747 2377 esse”,
1788 2329 1851 2365 ac

135 2398 350 2452 iisdem
379 2397 567 2452 verbis
596 2398 656 2451 in
689 2397 1001 2452 infantibus
1026 2397 1233 2469 quibus
1255 2399 1428 2452 etiam
1452 2399 1515 2453 in
1536 2400 1852 2470 majoribus

136 2486 551 2540 celebrandum
585 2487 766 2555 (lbid.,
791 2503 848 2540 η.
878 2489 968 2552 35)
1002 2503 1014 2541 :
1047 2503 1291 2555 cumque
1323 2487 1505 2541 adhuc
1533 2487 1849 2558 interroga-

139 2581 304 2628 retur
348 2575 610 2640 ulterius,
651 2575 894 2629 infantes
937 2576 998 2628 in
1046 2581 1406 2645 peccatorum
1452 2576 1848 2631 remissionem

140 2664 508 2734 Baptismum
540 2665 832 2734 percipere
863 2663 1183 2718 fatebatur:
1211 2664 1530 2718 doctrinam
1551 2668 1618 2718 de
1652 2681 1851 2735 parvu-

141 2753 340 2806 lorum
384 2751 670 2821 Baptismo
702 2767 863 2805 suam
897 2751 966 2805 de
997 2751 1212 2820 libello,
1251 2768 1423 2822 quem
1461 2754 1702 2806 Romam
1736 2752 1847 2806 mi-

137 2845 318 2906 serat;
370 2840 510 2910 ipsis
554 2840 799 2894 recitans
845 2841 941 2909 (De
987 2842 1205 2894 Peccato
1252 2842 1533 2906 originali,
1575 2857 1628 2894 n.
1666 2841 1734 2910 l).
1780 2840 1850 2894 Se

142 2930 367 3000 itaque,
409 2930 566 2999 cujus
604 2929 937 2984 innocentia
987 2928 1160 2982 etiam
1200 2928 1402 2982 fuisset
1445 2929 1504 2982 in
1549 2928 1848 2982 Palaestino

133 3017 363 3086 judicio
389 3017 651 3086 probata,
683 3016 903 3070 dicebat
933 3016 1130 3069 eadem
1161 3032 1291 3069 cum
1331 3015 1588 3070 leestio
1619 3020 1848 3070 senten-

137 3106 212 3159 tia
241 3120 365 3159 non
397 3104 662 3159 debuisse
691 3103 875 3158 teneri
905 3103 1092 3171 (Ibid,
1124 3119 1179 3158 n.
1212 3105 1290 3172 ,9).
1333 3105 1457 3156 Non
1495 3119 1669 3172 parva
1697 3103 1850 3174 ipsos

139 3195 191 3248 id
226 3193 390 3265 quod
421 3192 684 3262 Pelagius
711 3192 999 3262 professus
1025 3195 1163 3256 erat,
1197 3190 1398 3245 laetitia
1433 3191 1621 3244 affecit
1651 3207 1664 3245 ε
1698 3195 1849 3244 atta-

140 3297 276 3335 men
312 3279 382 3333 de
415 3279 536 3348 ejus
575 3278 758 3332 verbis
796 3278 1182 3348 Augustinum
1221 3277 1636 3332 consulendum
1663 3277 1851 3332 adhuc

141 3384 264 3422 esse
298 3368 585 3421 duxerunt
613 3367 798 3436 (Ibid,
833 3383 890 3420 n.
923 3368 996 3435 Ei).
1028 3366 1411 3430 Quamobrem
1442 3364 1664 3436 scriptis
1693 3382 1849 3419 com-

141 3455 312 3510 muni
333 3454 570 3508 nomine
600 3453 823 3520 litteris,
854 3453 993 3524 quid
1024 3454 1134 3524 ipsi
1163 3454 1232 3508 de
1263 3454 1371 3507 hoc
1398 3468 1663 3506 sermone
1695 3453 1848 3507 vide-

139 3551 327 3612 retur,
372 3543 636 3597 sciscitati
685 3548 836 3596 sunt.
892 3543 1235 3597 Litterarum
1284 3543 1534 3612 perlator
1591 3546 1850 3594 sanctum

141 3632 473 3687 Antistitem
505 3631 848 3701 Carthagine
886 3630 1120 3700 reperit,
1154 3631 1223 3684 ab
1263 3645 1443 3700 eoque
1481 3627 1562 3683 ibi
1602 3645 1851 3698 occupa-

146 3719 400 3774 tionibus
427 3719 559 3774 licet
588 3719 951 3774 densioribus
973 3718 1271 3790 impedito,
1304 3735 1644 3789 responsum
1672 3719 1842 3772 tulit:

143 3825 248 3863 nec
279 3809 448 3862 breve
477 3807 712 3878 quidem
742 3808 839 3876 (De
866 3808 1059 3864 Gratia
1092 3809 1314 3873 Christi,
1346 3824 1400 3862 n.
1441 3807 1513 3875 l).
1550 3807 1692 3860 Nam
1722 3823 1850 3860 cum

143 3901 372 3951 sanctos
403 3896 528 3949 illos
557 3912 644 3962 ea,
674 3912 805 3968 qua:
845 3896 916 3949 ad
945 3895 1382 3950 aediﬁcationem
1413 3895 1505 3948 vel
1544 3895 1849 3948 confirma-

143 3987 363 4040 tionem
379 3984 511 4038 tidei
533 3985 992 4049 conscribuntur,
1016 3983 1302 4053 inexpleto
1324 3999 1551 4052 semper
1565 3982 1850 4038 desiderio

143 4072 334 4143 legere
403 4076 761 4142 compertum
826 4071 1064 4126 haberet
1129 4071 1222 4141 (De
1279 4074 1497 4125 Peccato
1572 4071 1847 4137 originali,

143 4177 202 4217 n.
239 4161 354 4229 48),
391 4175 506 4213 non
535 4159 812 4214 dubitavit
841 4159 1067 4229 integra
1093 4159 1205 4213 duo
1234 4158 1546 4223 volumina,
1567 4173 1750 4211 unum
1781 4157 1849 4210 de

145 4249 336 4304 Gratia
367 4248 595 4313 Christi,
629 4248 873 4302 alterum
904 4247 974 4301 de
1003 4249 1238 4301 Peccato
1272 4245 1563 4316 originali,
1595 4245 1666 4298 ad
1698 4245 1850 4316 ipsos

146 4338 396 4407 dirigere
431 4352 445 4390 :
488 4335 788 4406 quibusin
833 4333 994 4388 libris
1037 4350 1306 4406 quaenam
1346 4334 1421 4387 sit
1468 4332 1684 4402 Pelagii
1718 4349 1853 4386 vera

145 4442 310 4480 mens
335 4424 486 4478 circa
513 4426 620 4478 hoc
647 4427 958 4495 utrumque
998 4427 1186 4495 caput,
1220 4438 1287 4477 ex
1311 4421 1381 4475 iis
1410 4421 1545 4492 ipsis
1583 4420 1852 4491 operibus

147 4515 271 4584 ejus
301 4514 486 4578 docet,
520 4528 767 4583 quorum
790 4511 886 4566 ille
923 4529 981 4566 se
1007 4510 1292 4583 purgandi
1322 4526 1490 4564 causa
1519 4509 1581 4561 in
1610 4507 1852 4578 epistola

148 4602 214 4656 ad
245 4600 650 4656 Innocentium
678 4601 830 4654 locos
859 4600 1230 4670 producebat.

805 4689 1031 4743 CAPUT
1070 4687 1212 4741 XIII.

151 4783 167 4831 1
208 4778 552 4844 Augustinus
585 4777 882 4832 Cesaream
920 4775 983 4830 ob
1013 4775 1262 4829 Ecclesiae
1297 4774 1512 4841 negotia
1543 4769 1852 4841 proﬁcisci-

217 4863 327 4911 tur.
363 4859 395 4910 2
417 4858 479 4910 In
507 4871 624 4910 eam
651 4857 834 4910 urbem
863 4855 1205 4924 disputatum
1229 4869 1348 4907 cum
1377 4868 1434 4906 eo
1462 4855 1610 4905 venit
1641 4853 1854 4906 Emeri-

217 4943 328 5002 tus,
359 4951 465 5005 quo
508 4941 769 5004 praesente
811 4950 874 4988 ac
920 4934 1303 4988 obmutescente
1346 4933 1694 4985 concionatur
1733 4933 1852 4984 Au-

216 5018 492 5083 gustinus.
519 5017 549 5068 3
576 5016 768 5068 Altera
798 5014 886 5066 die
915 5014 1151 5067 Emerita
1180 5013 1331 5064 intra
1360 5010 1634 5064 ecclesiam
1663 5010 1855 5062 consti-

219 5100 333 5148 tuto
373 5099 423 5147 et
464 5097 840 5161 perseverante
877 5095 937 5146 in
975 5093 1187 5146 silentio
1227 5105 1345 5156 suo,
1377 5089 1437 5142 id
1474 5088 1740 5142 commode
1781 5087 1856 5139 ad

220 5189 398 5228 causae
428 5189 539 5226 sua:
572 5174 863 5226 utilitatem
892 5174 1053 5224 vertit
1081 5175 1301 5224 sanctus
1331 5170 1650 5236 Episcopus.
1694 5168 1726 5220 4
1757 5169 1854 5219 Hic

215 5267 451 5323 pravam
473 5252 906 5304 consuetudinem
927 5253 1122 5304 civium
1143 5250 1558 5306 Casareensium
1579 5245 1762 5300 habito
1782 5245 1856 5297 ad

215 5333 426 5402 plebem
465 5346 704 5384 sermone
733 5330 923 5384 abolet.
955 5332 984 5381 5
1014 5329 1106 5382 Ad
1137 5329 1394 5396 Optatum
1417 5325 1665 5379 rescribit
1692 5339 1854 5390 sup/r

221 5412 518 5478 quaestione
550 5409 616 5461 de
641 5411 835 5462 animm
864 5410 1092 5474 origine.
1128 5409 1159 5459 6
1200 5405 1343 5459 Idem
1382 5403 1667 5472 respondet
1705 5403 1849 5456 Mer-

222 5493 414 5543 catori.
466 5494 495 5542 7
551 5489 826 5543 Cretestino
875 5501 1083 5553 quoque
1128 5500 1189 5538 ac
1243 5485 1417 5537 Sirrto.
1480 5484 1510 5532 8
1571 5481 1846 5534 Adimrsus

1620 255 1833 311 LIBER
1874 255 2236 312 SEPTIMUS.

3571 269 3676 323 498

2044 381 2251 446 Λμιαιη
2296 379 2361 432 de
2408 382 2639 434 carendo
2689 382 2968 437 Juduismo
3007 384 3195 438 scribit
3237 384 3311 438 ad
3354 385 3666 441 Asellicum.

2050 470 2094 520 1.
2129 468 2366 521 Sanctus
2403 470 2613 524 PPHBSlll
2647 485 2856 539 magna
2885 470 2981 523 illa
3013 471 3266 540 negotia,
3300 471 3506 542 quibus
3537 474 3668 527 Car-

1970 553 2206 622 thagine
2240 553 2426 607 fuerat
2465 560 2792 624 occupatus,
2826 572 2963 621 non,
2998 573 3111 626 quo
3153 573 3209 610 se
3243 557 3497 611 reticeret
3526 574 3558 610 a
3588 559 3667 611 la-

1968 642 2108 695 bore
2141 642 2411 708 deseruit,
2440 643 2536 696 sed
2583 649 2646 696 ut
2689 644 2964 714 susceptis
3013 645 3166 698 novis
3219 645 3510 698 laboribus
3550 650 3665 699 stu-

1971 729 2129 782 dium
2170 729 2230 783 in
2273 731 2572 784 Ecclesiam
2613 748 2780 785 suum
2829 733 3116 801 probaret.
3161 733 3459 786 Enimvero
3498 750 3562 786 ex
3603 749 3669 785 ea

1969 816 2192 871 civitate
2213 818 2508 880 decedens,
2534 820 2640 872 iter
2661 820 2973 873 Caesaream
2997 820 3347 874 Mauritaniae
3369 831 3667 891 aggressus

1970 911 2054 959 est
2078 922 2222 975 :qua
2241 907 2303 959 in
2330 908 2465 959 urbe
2489 907 2710 961 decimo
2734 913 2936 979 quarto
2959 915 3014 962 et
3040 909 3373 963 duodecimo
3397 909 3667 962 kalendas

1969 994 2225 1047 octobres
2263 995 2436 1062 hujus
2473 995 2654 1064 ipsius
2693 996 2829 1049 anni
2868 997 3197 1050 versabatur
3227 998 3318 1066 (De
3347 998 3518 1052 Gestis
3547 1012 3662 1049 cum

1969 1083 2228 1147 Emerita,
2258 1097 2314 1134 n.
2364 1082 2433 1148 l).
2467 1083 2642 1135 Porro
2678 1083 2876 1136 eadem
2920 1084 3056 1136 urbs
3095 1082 3412 1152 Algerium,
3453 1087 3519 1135 ut
3549 1081 3665 1134 exi-

1968 1167 2219 1231 stimant,
2255 1166 2426 1220 hodie
2466 1167 2691 1234 dicitur,
2725 1175 2955 1223 centum
2989 1170 3191 1238 viginti
3230 1169 3453 1222 circiter
3490 1167 3664 1222 leucis

1968 1255 2255 1337 dissita‘ab
2278 1255 2739 1326 Hippone-Regio
2775 1273 2787 1310 :
2822 1258 2970 1310 unde
2997 1273 3123 1310 cum
3150 1274 3253 1326 per
3280 1258 3426 1310 hanc
3455 1257 3565 1310 iter
3594 1256 3662 1309 ad

1966 1343 2124 1397 illam
2153 1347 2318 1408 esset,
2352 1344 2457 1396 hac
2498 1345 2763 1397 transisse
2811 1360 2943 1397 eum
2987 1361 3103 1397 non
3149 1345 3477 1397 dubitamus
3520 1361 3532 1398 :
3568 1360 3660 1398 ve-

1965 1436 2292 1486 rumtamen
2337 1431 2783 1502 haudquaquam
2822 1447 2953 1484 eum
2990 1431 3070 1484 ibi
3112 1431 3212 1485 diu
3250 1436 3664 1485 commoratum

1964 1520 2158 1584 fuisse,
2183 1536 2248 1574 ex
2281 1520 2522 1590 epistola
2543 1520 2610 1573 ad
2643 1521 3005 1574 Mercatorem
3040 1520 3321 1589 conjicere
3352 1524 3436 1572 est
3466 1519 3661 1588 (Epist.

1969 1611 2089 1673 103,
2119 1624 2175 1662 n.
2211 1609 2280 1677 1).
2316 1609 2428 1661 Hoc
2457 1613 2645 1662 autem
2675 1608 2895 1662 itineris
2927 1612 2989 1661 ut
3008 1608 3128 1678 ipse
3152 1623 3280 1660 cum
3304 1607 3428 1660 aliis
3447 1606 3667 1676 aliquot

1965 1695 2245 1766 episcopis
2295 1696 2627 1765 susciperet,
2677 1696 2884 1749 Zosimi
2933 1711 3097 1769 papa:
3153 1694 3352 1748 litteris
3397 1695 3664 1748 inductus

1965 1787 2050 1836 est
2081 1785 2274 1852 (Epist.
2314 1785 2432 1845 l90,
2467 1798 2520 1836 η.
2561 1783 2632 1852 1),
2668 1782 2945 1835 nimirum
2975 1782 3041 1834 ad
3086 1780 3443 1834 conficienda
3472 1780 3663 1850 gravia

1965 1871 2226 1940 quaedam
2280 1870 2535 1923 Ecclesiae
2586 1870 2833 1939 negotia,
2887 1885 3015 1939 qua:
3065 1869 3383 1938 cujusmodi
3426 1868 3663 1934 fuerint,

1962 1958 2072 2012 nisi
2111 1958 2263 2028 quod
2308 1958 2378 2012 ad
2420 1958 2737 2011 Donatistas
2781 1973 2847 2010 ea
2884 1959 3027 2010 nihil
3065 1957 3406 2027 pertinuisse
3438 1961 3659 2009 certum

1963 2052 2048 2100 est
2077 2046 2394 2117 (Possidius,
2436 2047 2494 2099 in
2538 2047 2666 2100 Vita
2704 2047 3023 2114 Augustini,
3062 2061 3116 2098 n.
3165 2045 3269 2112 l6),
3309 2043 3658 2112 ignoramus.

1964 2137 2106 2189 Eum
2137 2140 2290 2188 certe
2323 2149 2555 2188 omnem
2585 2133 2743 2187 illam
2774 2149 3108 2203 peragrasse
3139 2131 3435 2201 regionem
3463 2131 3659 2183 viden-

1962 2229 2058 2278 tur
2082 2223 2188 2277 ista
2217 2222 2540 2291 significare
2566 2239 2578 2277 :
2602 2225 2703 2277 Per
2733 2237 2868 2290 quas
2899 2227 3037 2276 totas
3063 2226 3234 2274 terras
3264 2235 3381 2274 cum
3408 2221 3660 2272 intentio-

1961 2328 2078 2366 nem
2107 2315 2347 2365 nostram
2369 2311 2469 2364 huc
2498 2315 2662 2378 atque
2683 2312 2830 2375 illnc,
2851 2325 2969 2377 quea
2990 2309 3374 2375 ingerebantur
3397 2307 3661 2372 sensibus,

1961 2399 2180 2453 diversa
2203 2403 2490 2468 raptarent
2512 2401 2712 2467 (Epist.
2749 2401 2867 2465 193,
2899 2414 2957 2452 n.
2995 2397 3061 2462 l).
3086 2399 3366 2451 Caeterum
3397 2395 3663 2449 Caesarem

1963 2487 2101 2559 quid
2131 2491 2356 2558 gestum
2385 2486 2582 2552 fuerit,
2609 2487 2870 2556 ignotum
2902 2491 3008 2539 est.
3031 2486 3434 2539 Convenerunt
3461 2483 3660 2536 eodem

1962 2576 2113 2629 inter
2141 2580 2375 2629 cmteros
2407 2575 2732 2635 Deuterius,
2763 2575 2884 2644 ejus
2915 2573 3094 2643 ipsius
3119 2573 3268 2626 sedis
3298 2572 3552 2636 antistes,
3585 2576 3659 2632 et,

1963 2665 2119 2735 quod
2149 2665 2398 2717 insolens
2439 2664 2502 2718 in
2529 2663 2735 2728 Africa,
2778 2661 3255 2732 metropolitanus
3293 2659 3494 2725 dictus,
3527 2660 3664 2728 Aly-

1961 2753 2090 2824 pius
2118 2751 2496 2822 Tagastensis,
2524 2750 2812 2804 Possidius
2843 2749 3208 2813 Calamensis,
3235 2747 3497 2801 Rusticus
3529 2746 3661 2800 Car-

1960 2840 2269 2905 tenitanus,
2296 2837 2578 2891 Palladius
2605 2836 2998 2905 Tigabitanus;
3024 2835 3270 2888 aliorum
3289 2834 3523 2887 nomina
3545 2849 3661 2886 non

1961 2931 2330 2982 recensentur
2360 2926 2456 2993 (De
2483 2926 2655 2980 Gestis
2682 2940 2801 2977 cum
2830 2925 3086 2982 Emerito,
3118 2938 3175 2976 η.
3217 2923 3294 2991 1).
3337 2921 3661 2974 Adfuerunt

1963 3016 2135 3070 etiam
2167 3013 2424 3084 ejusdem
2452 3012 2756 3082 provinciae
2787 3010 3042 3081 episcopi
3063 3011 3314 3079 (Retract.
3342 3010 3378 3064 ἰ.
3408 3012 3458 3073 1,
3479 3024 3524 3061 c.
3549 3008 3655 3074 5t).

2030 3105 2087 3157 2.
2117 3100 2422 3155 Donatistis
2453 3101 2722 3154 Caesareae
2763 3098 2918 3152 urbis
2947 3101 3192 3168 praeerat
3224 3095 3524 3163 Emeritus,
3554 3111 3657 3147 no-

1959 3191 2047 3244 bis
2069 3189 2189 3260 jam
2221 3192 2573 3242 memoratus
2597 3204 2715 3242 non
2744 3187 2940 3250 semel,
2973 3186 3239 3256 idemque
3271 3185 3454 3238 clarus
3484 3183 3656 3253 potis-

1961 3280 2170 3332 simum
2200 3277 2269 3331 ob
2300 3293 2389 3344 ea,
2421 3293 2549 3348 quae
2578 3292 2682 3346 pro
2717 3274 2981 3329 factionis
3011 3290 3128 3327 suae
3159 3289 3326 3327 causa
3366 3276 3560 3343 egerat
3597 3271 3657 3324 in

1962 3365 2396 3438 Carthaginensi
2425 3365 2744 3420 collatione.
2771 3365 2871 3417 llla
2893 3363 3053 3416 linito
3079 3363 3390 3416 Cmsaream
3423 3358 3662 3430 repetie-

1962 3461 2068 3521 rat,
2085 3454 2187 3509 ubi
2207 3454 2469 3525 pertinax
2494 3453 2556 3506 in
2581 3453 2902 3518 schismate,
2926 3451 3098 3505 etiam
3120 3451 3321 3514 multa,
3347 3448 3554 3518 quibus
3579 3463 3663 3500 re-

1961 3546 2135 3598 latam
2159 3542 2228 3596 al)
2271 3541 2516 3595 Ecclesia
2552 3540 2847 3593 victoriam
2884 3540 3148 3603 elevaret,
3190 3537 3539 3590 conlinxerat
3569 3535 3658 3603 ja-

1962 3631 2298 3698 ctitaratque
2350 3629 2446 3695 (De
2491 3628 2666 3682 Gestis
2715 3642 2831 3680 cum
2877 3627 3134 3691 Emerito,
3181 3641 3237 3678 n.
3280 3626 3349 3690 3).
3399 3622 3484 3675 Ad
3526 3637 3659 3674 eum

1962 3716 2270 3789 quamdam
2318 3714 2709 3784 scriptionem,
2743 3729 2869 3782 qua:
2909 3710 3184 3781 temporis
3222 3709 3432 3780 injuria
3468 3709 3659 3779 periit,

1961 3807 2242 3862 direxerat
2290 3800 2672 3872 Augustinus;
2725 3800 2885 3854 illam
2929 3815 3064 3852 sane
3110 3812 3392 3868 perquam
3434 3796 3655 3859 utilem,

1962 3897 2174 3968 quippe
2213 3895 2273 3948 in
2306 3909 2480 3964 quam
2519 3896 2746 3945 sanctus
2774 3892 2996 3955 Doctor,
3026 3887 3304 3958 quidquid
3335 3887 3406 3940 ad
3445 3885 3657 3939 exstin-

1962 3983 2256 4054 guendum
2293 3979 2595 4036 discidium
2621 3977 2862 4042 valebat,
2890 3975 3046 4030 brevi
3079 3981 3248 4045 atque
3277 3973 3538 4044 expedita
3569 3988 3662 4026 ra-

1960 4072 2115 4126 tione
2133 4075 2413 4141 coegerat.
2442 4066 2804 4122 Elucubravit
2827 4064 2966 4118 illud
2991 4062 3179 4134 operis
3200 4061 3424 4114 circiter
3443 4075 3658 4114 annum

1961 4155 2586 4231 quadringentesimum
2607 4153 2894 4208 decimum
2919 4155 3167 4204 sextum:
3191 4146 3658 4218 quandoquidem

1961 4247 2150 4318 ipsum
2189 4246 2340 4299 inter
2377 4260 2463 4309 ea,
2497 4258 2626 4313 quae
2656 4242 2724 4295 ad
2757 4240 3168 4308 Hieronymum
3199 4251 3351 4288 anno
3383 4233 3656 4304 quadrin-

1961 4334 2279 4406 gentesimo
2301 4332 2520 4386 decimo
2543 4329 2742 4399 quinto
2770 4327 2943 4393 misit,
2967 4331 3024 4379 et
3043 4325 3252 4378 librum
3268 4322 3337 4375 de
3357 4320 3537 4375 Gestis
3559 4321 3658 4372 Pe-

1959 4421 2096 4494 lagii
2123 4419 2290 4492 ponit
2318 4419 2581 4489 (Retract.
2613 4418 2649 4471 ι.
2683 4419 2735 4483 2,
2760 4433 2805 4470 c.
2837 4417 2949 4482 46).
2983 4415 3190 4466 Verum
3211 4410 3319 4463 hoc
3338 4407 3492 4477 pacis
3514 4423 3657 4476 opus

1961 4527 2090 4567 cum
2119 4508 2305 4563 ﬁlium
2334 4507 2488 4578 pacis
2518 4505 2829 4559 Emeritam
2855 4517 2974 4556 non
3000 4497 3328 4563 invenisset,
3354 4496 3426 4549 ad
3457 4501 3654 4549 aucto-

1960 4614 2085 4652 rem
2124 4611 2293 4650 suum
2333 4595 2428 4648 illa
2466 4610 2688 4648 reversa
2726 4597 2830 4645 est.
2867 4585 3248 4643 Nihilominus
3285 4589 3480 4637 tamen
3506 4599 3654 4654 prse-

1963 4685 2142 4737 sulem
2175 4698 2341 4736 suum
2371 4681 2580 4735 imitati
2607 4696 2722 4734 non
2755 4681 2884 4732 sunt
2908 4676 3290 4729 Caesareenses
3317 4671 3657 4737 Donatistae;

1964 4776 2161 4842 utpote
2183 4769 2284 4840 qui
2302 4769 2373 4824 ad
2403 4766 2736 4822 catholicam
2761 4761 3221 4817 communionem
3248 4759 3428 4814 ferme
3460 4775 3657 4812 omnes

1964 4876 2087 4913 sese
2127 4858 2446 4922 retulerint,
2478 4856 2609 4910 licet
2655 4868 2770 4906 non
2818 4851 3017 4906 eadem
3064 4865 3260 4902 omnes
3301 4847 3647 4902 sinceritate.

1965 4950 2140 5002 Erant
2169 4945 2454 5017 siquidem
2477 4943 2661 4997 adhuc
2687 4939 3032 5009 complures,
3056 4936 3157 5008 qui
3189 4937 3258 4991 de
3288 4936 3523 4990 veritate
3543 4951 3660 4988 am-

1964 5037 2260 5106 bigerent;
2287 5034 2401 5086 imo
2423 5037 2479 5086 et
2503 5028 2765 5083 nonnulli
2783 5043 2850 5081 ex
2880 5031 3123 5096 utroque
3145 5042 3282 5079 sexu
3302 5026 3496 5078 animo
3517 5039 3660 5076 sem-

1964 5141 2068 5197 per
2097 5140 2160 5177 ac
2189 5123 2478 5175 voluntate
2521 5116 2812 5171 schismati
2859 5114 3318 5169 adhaerescebant
3346 5114 3442 5180 (De
3487 5112 3656 5164 Gestis

1965 5228 2085 5266 cum
2114 5211 2367 5268 Emerito,
2385 5222 2480 5260 nn.
2504 5209 2553 5265 1.
2577 5207 2634 5274 2)
2658 5220 2670 5258 :
2696 5208 2759 5257 ut
2788 5207 2979 5257 autem
3009 5208 3065 5256 et
3093 5201 3153 5256 hi
3183 5201 3430 5254 caecitate
3450 5197 3656 5250 libera-

1964 5303 2182 5364 rentur,
2218 5301 2273 5351 et
2295 5295 2774 5349 confirmarentur
2797 5291 2900 5351 illi,
2922 5292 3069 5344 Deus
3098 5289 3178 5356 id,
3198 5286 3350 5359 quod
3374 5280 3659 5338 narraturi

1965 5403 2181 5452 sumus,
2212 5383 2496 5455 permisit.
2525 5382 2610 5435 Ab
2641 5381 2803 5446 urbe,
2825 5395 2956 5433 cum
2985 5379 3168 5432 isthuc
3195 5371 3515 5427 adventavit
3539 5372 3654 5423 Au-

1965 5475 2242 5540 gustinus,
2297 5471 2576 5525 Emeritus
2618 5469 2832 5532 aberat,
2874 5480 3046 5535 quem
3088 5467 3220 5515 tunc
3259 5458 3549 5527 temporis,
3584 5473 3656 5508 ne
