4028 6174
408 216 512 269 499

410 339 730 408 caperetur,
770 329 1088 394 delituisse;
1125 326 1428 382 obscurum
1466 339 1585 378 non
1631 327 1732 376 est.
1779 322 2004 386 Verum,
2045 320 2109 372 ut

413 423 693 494 comperit
713 421 788 475 ibi
809 422 1148 491 praesentem
1171 431 1289 468 esse
1313 413 1734 482 Hipponensem
1756 410 2107 479 episcopum,

412 529 478 566 eo
513 515 712 581 sponte
745 525 847 562 sua
885 505 1105 560 decimo
1148 506 1348 572 quarto
1380 499 1651 553 kalendas
1676 497 1919 552 octobris
1959 495 2111 549 illius

412 599 641 654 videndi
681 613 850 652 causa
889 594 1138 648 accessit.
1183 590 1519 644 Nuntiatum
1561 591 1646 640 est
1693 603 1755 639 ex
1802 583 2112 656 improviso

413 686 733 756 Augustino
784 699 915 736 eum
963 681 1194 745 adesse;
1239 678 1307 732 ad
1357 693 1484 730 eum
1532 675 1837 729 videndum
1889 677 2113 726 sanctus

414 775 662 828 Antistes
686 772 958 826 continuo
981 767 1322 820 convolavit.
1355 767 1549 835 Ipsum
1577 764 1633 817 in
1657 764 1848 833 platea
1870 766 2115 815 stantem

417 863 732 928 offendens,
763 863 892 929 post
919 857 1135 927 primas
1159 853 1392 908 honoris
1421 851 1874 922 urbanitatisque
1907 849 2118 918 signiti-

417 949 665 1002 cationes
686 948 874 1001 locum
895 945 1056 998 illum
1079 942 1306 1013 utrique
1332 957 1517 1012 neque
1541 941 1907 994 commodum
1929 954 2115 1008 neque

416 1039 710 1092 decentem
738 1051 856 1088 esse
897 1032 1253 1087 commonuit
1286 1048 1298 1084 :
1343 1030 1608 1102 quocirca
1638 1045 1768 1082 eum
1802 1027 2019 1098 rogavit
2055 1025 2118 1078 in

415 1125 711 1179 ecclesiam
764 1139 955 1176 secum
1005 1137 1116 1173 una
1147 1119 1340 1172 venire
1390 1135 1458 1171 ne
1507 1121 1858 1187 gravaretur.
1902 1113 2118 1169 Annuit

417 1215 511 1267 ille
539 1212 690 1266 haud
721 1211 948 1264 invitus.
982 1209 1139 1262 lfnde
1170 1206 1554 1275 Augustinum
1579 1222 1704 1275 spes
1728 1203 1954 1258 incessit
1975 1218 2121 1255 com-

419 1303 752 1357 munionem
778 1299 1112 1354 catholicam
1136 1313 1266 1350 eum
1280 1296 1430 1349 bono
1451 1295 1764 1364 libentique
1779 1292 2119 1361 animojam-

413 1394 534 1461 jam
564 1390 986 1460 amplexurum.
1021 1388 1140 1438 Imo
1173 1390 1229 1437 et
1260 1385 1367 1437 hoc
1399 1384 1468 1436 ab
1498 1382 1621 1451 ipso
1645 1383 1767 1451 jam
1799 1381 2118 1451 praestitum

421 1481 614 1540 fuisse,
659 1492 855 1531 rumor
892 1472 1146 1543 vulgavit
1175 1473 1392 1542 (Contra
1437 1471 1817 1534 Gaudentium,
1851 1469 1944 1522 lib.
1979 1473 2026 1534 1,
2059 1484 2114 1521 η.

430 1570 534 1635 lii).
558 1569 629 1621 Eo
651 1570 813 1636 pacto
846 1565 1102 1618 futurum
1131 1566 1268 1626 erat,
1298 1565 1360 1613 ut
1389 1559 1686 1613 Deuterius
1716 1557 1987 1621 Emerito,
2019 1557 2118 1627 qui

424 1659 541 1711 suis
571 1657 784 1710 civibus
814 1655 1016 1708 charus
1047 1656 1186 1717 erat,
1221 1652 1418 1704 cedere
1449 1650 1801 1720 episcopatu,
1825 1648 1989 1701 sicuti
2017 1647 2118 1700 Ca-

425 1745 619 1800 tholici
647 1745 892 1798 facturos
927 1758 984 1794 se
1025 1739 1329 1795 Donatistis
1379 1743 1508 1791 ante
1560 1738 1933 1791 Collationem
1981 1752 2118 1805 spo-

423 1834 766 1904 ponderant,
815 1830 938 1904 cqgi
984 1833 1176 1900 posset
1224 1845 1236 1882 :
1288 1843 1402 1898 qua
1450 1831 1644 1880 tamen
1691 1824 1976 1879 retardata
2006 1840 2120 1877 non

422 1923 623 1977 fuisset
671 1918 1086 1984 reconciliatio,
1135 1914 1602 1987 quandoquidem
1647 1913 1719 1967 ad
1750 1913 1805 1967 id
1834 1912 2121 1983 paratissi-

423 2028 551 2066 mus
579 2015 700 2064 erat
722 2008 1019 2063 Deuterius
1037 2027 1052 2073 ;
1073 2004 1436 2075 afﬁrmatque
1462 2003 1838 2074 Augustinus,
1860 2002 1995 2055 olim
2017 1999 2124 2054 sibi

425 2104 624 2154 notum
655 2114 775 2150 esse
815 2096 1074 2150 animum
1112 2095 1348 2164 hujusce
1378 2092 1656 2162 praesulis,
1691 2090 1791 2160 qui
1831 2105 1947 2143 non
1978 2092 2126 2142 esset

425 2186 831 2240 commissurus
869 2199 1147 2252 unquam,
1189 2185 1252 2234 ut
1281 2179 1537 2234 Ecclesim
1576 2177 1807 2231 utilitati
1839 2177 2123 2247 privatum

425 2275 709 2328 honorem
761 2273 1132 2340 anteponeret
1181 2268 1369 2338 (Se-rm.
1416 2267 1490 2320 ad
1531 2268 1880 2323 Cmsareensis
1919 2266 2118 2320 Eccles.

424 2362 650 2431 plebem,
676 2377 733 2414 η.
783 2361 854 2428 1).
895 2360 1103 2411 Verum
1152 2357 1203 2410 ei
1251 2357 1357 2409 hoc
1408 2373 1524 2408 sua:
1569 2355 1791 2408 virtutis
1838 2353 2126 2424 specimen

430 2450 564 2504 dare
588 2464 691 2519 per
714 2446 1026 2501 Emeritum
1048 2461 1162 2498 non
1187 2444 1361 2498 licuit.
1390 2443 1489 2498 Hic
1514 2459 1623 2496 una
1653 2459 1781 2496 cum
1804 2442 2124 2511 Augustino

431 2554 487 2591 se
509 2536 746 2591 contulit
765 2535 823 2588 in
843 2533 1159 2598 ecclesiam,
1185 2549 1298 2603 quo
1325 2532 1571 2585 maxima
1591 2531 1897 2585 multitudo
1920 2530 2127 2584 utrius-

430 2639 540 2694 que
581 2621 1001 2676 communionis
1039 2621 1312 2674 contluxit
1353 2622 1587 2708 (Contra.
1610 2619 1897 2684 Gaudent,
1941 2620 2034 2672 lib.
2076 2621 2124 2682 1,

429 2715 604 2777 11.13,
634 2716 682 2766 et
714 2711 947 2779 Possid.,
978 2712 1034 2764 in
1090 2711 1219 2764 Vita
1266 2710 1585 2776 Augustini,
1635 2723 1679 2762 c.
1739 2710 1840 2771 14).
1890 2709 1990 2760 Vix
2033 2724 2126 2761 eo-

431 2803 562 2857 dem
592 2802 878 2872 ingressus
908 2805 1008 2868 est,
1045 2817 1107 2854 ac
1136 2799 1322 2870 primo
1353 2815 1615 2853 sermone
1645 2800 2034 2869 compellatus,
2066 2802 2131 2852 ut

432 2889 719 2960 ambiguis
747 2889 901 2943 hisce
936 2889 1163 2942 vocibus
1192 2888 1501 2958 respondet
1533 2904 1544 2942 :
1583 2890 1696 2942 Non
1739 2903 1955 2956 possum
1993 2888 2130 2940 nolle

433 2979 577 3047 quod
603 2980 791 3045 vultis,
832 2979 926 3032 sed
960 2992 1178 3046 possum
1207 2977 1337 3031 velle
1375 2977 1520 3045 quod
1546 2977 1662 3030 volo
1702 2977 1890 3046 (Serm.
1920 2976 1994 3028 ad
2031 2977 2132 3031 Cm-

433 3069 696 3120 sareensis
737 3067 986 3120 Ecclesia:
1017 3066 1244 3133 plebem,
1278 3080 1332 3118 n.
1375 3065 1442 3133 1).
1491 3065 1771 3118 Craterum
1801 3081 1905 3118 nec
1928 3064 1990 3117 in
2021 3063 2130 3132 sui,

436 3170 537 3206 nec
567 3153 626 3206 in
653 3153 912 3206 factionis
935 3153 1323 3205 defensionem
1347 3152 1664 3222 quidquam
1686 3152 1893 3206 addere
1913 3152 2125 3216 valuit;

437 3241 535 3294 sed
567 3241 622 3294 in
659 3240 972 3293 recusanda
1010 3239 1416 3293 communione
1456 3240 1859 3310 perseveravit.
1889 3241 2133 3293 Venerat

437 3329 622 3382 isthuc
652 3344 767 3381 non
796 3327 908 3380 alia
932 3327 1086 3380 haud
1117 3327 1285 3380 dubie
1319 3327 1388 3380 de
1429 3343 1614 3392 causa,
1649 3343 1821 3395 quam
1861 3330 1922 3379 ut
1952 3326 2132 3379 schis—

437 3415 606 3468 matis
627 3415 713 3468 sui
735 3420 1041 3485 patronum
1063 3420 1259 3484 ageret
1284 3432 1295 3468 :
1316 3431 1514 3468 verum
1534 3419 1842 3484 antequam
1864 3414 2134 3466 meditata

437 3508 626 3573 posset
667 3503 844 3568 effari,
892 3503 1014 3557 haec
1059 3503 1129 3556 ab
1175 3502 1494 3574 Augustino
1537 3519 1640 3573 per
1685 3501 2133 3555 antecessionem

438 3592 576 3646 adeo
608 3593 862 3646 funditus
891 3609 1085 3646 eversa
1114 3592 1407 3657 intellexit,
1432 3597 1514 3658 ut,
1541 3591 1681 3662 quid
1703 3590 2130 3650 contradiceret,

438 3697 557 3735 non
585 3673 866 3736 inveniret
897 3683 1112 3749 (Contra
1142 3682 1446 3749 Gaudent,
1479 3681 1574 3734 lib.
1607 3685 1652 3747 t,
1684 3696 1740 3734 η.
1782 3681 1892 3750 15).
1918 3679 2023 3732 Ubi
2048 3679 2134 3732 vi-

437 3769 572 3822 dere
603 3770 710 3822 hoc
754 3770 903 3822 tradi
950 3770 1183 3834 diutius,
1218 3786 1464 3839 eumque
1495 3769 1646 3822 intra
1698 3770 1849 3838 ipsos
1883 3767 2133 3821 ecclesiae

437 3856 729 3910 catholicas
751 3857 996 3927 parietes
1020 3857 1080 3910 in
1106 3857 1342 3910 discidio
1365 3861 1418 3910 et
1447 3856 1650 3910 haeresi
1679 3856 1976 3925 persistere
1997 3872 2133 3909 con-

440 3949 744 4005 tumacem,
776 3945 1124 4012 Augustinus
1163 3945 1232 3997 ad
1278 3945 1557 4014 populum
1609 3944 1926 3997 adstantem
1965 3943 2136 3997 verba

439 4031 624 4086 facere
654 4047 954 4100 aggressus
984 4035 1084 4084 est.
1114 4032 1283 4085 Multa
1313 4031 1438 4084 dimi
1461 4031 1527 4084 de
1550 4047 1706 4100 pace,
1741 4030 1946 4101 inquit,
1965 4032 2138 4085 multa

440 4119 507 4174 de
535 4121 814 4182 cliaritate,
846 4119 1016 4172 multa
1048 4119 1115 4173 de
1143 4123 1342 4173 sanctae
1371 4120 1620 4172 Ecclesia:
1650 4119 1938 4182 catholicaa,
1973 4135 2138 4187 quam

443 4213 580 4264 Deus
607 4210 861 4278 promisit
887 4211 935 4261 et
979 4209 1261 4276 praestitit,
1289 4209 1519 4262 unitate.
1542 4208 1602 4260 In
1635 4222 1737 4274 quo
1766 4222 1877 4260 meo
1903 4221 2138 4260 sermone

438 4304 489 4353 et
517 4314 609 4352 ros
653 4297 986 4365 alloquebar,
1032 4300 1082 4349 et
1111 4296 1263 4348 illum
1306 4296 1668 4358 emhortabar;
1701 4301 1751 4349 et
1790 4300 2051 4364 quantum
2081 4297 2139 4348 in

442 4403 522 4442 me
550 4391 798 4456 poterant
825 4387 1033 4439 viscera
1062 4386 1367 4452 charitatis,
1401 4400 1577 4438 omnes
1604 4387 1657 4438 in
1680 4386 1918 4453 periculo
1943 4387 2138 4438 animae

441 4491 550 4529 sum
580 4479 892 4530 constitutos
921 4477 980 4528 in
1006 4475 1099 4528 illo
1137 4490 1250 4527 meo
1277 4489 1515 4526 sermone
1535 4473 1932 4542 parturiebam,
1966 4478 2016 4526 et
2043 4489 2140 4538 pa-

442 4581 558 4618 rere
605 4567 824 4618 Domino
861 4564 1140 4633 cupiebam
1175 4564 1266 4629 (De
1311 4563 1486 4618 Gcstis
1531 4579 1652 4615 cum
1688 4565 1948 4630 Emerita,
1974 4580 2032 4617 η.
2068 4565 2135 4628 1).

443 4653 508 4705 In
538 4656 653 4705 tota
675 4652 950 4706 orationis
990 4651 1133 4706 serie
1171 4651 1301 4721 pius
1332 4651 1542 4704 Prtesul
1575 4666 1872 4720 nunquam
1902 4667 2016 4704 non
2046 4668 2138 4705 os-

445 4739 631 4792 tendit
659 4755 887 4808 sperare
925 4757 1002 4808 se,
1035 4740 1154 4794 fore
1185 4744 1245 4793 ut
1274 4739 1586 4794 Emeritum
1616 4738 1685 4792 ab
1725 4754 1918 4792 errore
1948 4739 2138 4794 divina

445 4827 746 4881 clementia
769 4832 1012 4880 revocet.
1035 4830 1107 4882 At
1130 4832 1658 4898 quantumcumque
1685 4827 1939 4880 studium
1969 4833 2138 4899 atque

446 4914 786 4970 industriam
837 4915 1158 4970 adhibuerit
1197 4916 1348 4970 illius
1387 4915 1651 4980 Charitas,
1683 4915 1775 4969 hic
1820 4921 1946 4986 post
1974 4917 2137 4971 audi-

445 5011 560 5060 tam
582 5020 708 5058 eam
735 5001 1066 5057 concionem
1085 5004 1146 5058 in
1166 5005 1480 5074 pertinacia
1502 5010 1756 5058 mentem
1777 5003 2098 5059 obﬁrmavit
2121 5023 2134 5059 :

443 5095 512 5148 de
543 5109 656 5164 quo
680 5096 869 5145 tamen
893 5105 996 5143 nec
1016 5095 1149 5145 tunc
1169 5091 1400 5162 quidem
1421 5093 1738 5162 desperavit
1765 5093 2135 5163 Augustinus.

444 5184 784 5237 Concessum
814 5179 987 5233 etiam
1031 5184 1115 5232 est
1161 5181 1428 5248 spatium,
1460 5197 1563 5250 per
1609 5180 1763 5250 quod
1812 5180 1869 5232 in
1914 5181 2056 5234 urbe
2086 5180 2140 5234 ei

443 5288 640 5328 securo
670 5271 790 5325 esse
821 5269 1016 5323 liceret
1048 5268 1266 5338 (Contra
1297 5270 1584 5334 Gaudent.,
1619 5270 1714 5323 lib.
1753 5273 1800 5335 1,
1829 5287 1883 5322 n.
1921 5273 2030 5338 15).

516 5365 566 5415 3.
603 5358 834 5415 Duobus
865 5361 991 5428 post
1021 5355 1240 5421 diebus,
1265 5355 1318 5410 id
1351 5362 1456 5423 est,
1480 5357 1620 5410 feria
1649 5362 1804 5411 sexta
1833 5357 1891 5410 in
1923 5357 2137 5424 duode-

445 5449 656 5503 cimum
689 5448 961 5502 kalendas
984 5443 1229 5498 octobris
1249 5444 1380 5497 anni
1409 5460 1440 5496 a
1457 5446 2018 5514 quadringentesimo
2041 5447 2137 5498 de-

1629 199 1798 254 VITA
1839 198 1892 253 S.
1936 193 2321 254 AUGUSTINI
2369 190 2708 250 EPISCOPI.
3771 198 3844 248 500

2216 329 2348 384 cimi
2389 327 2570 383 octavi
2613 326 2922 391 incidente,
2973 323 3250 396 episcopi,
3299 322 3620 395 presbyteri,
3649 327 3846 394 diaconi,

2218 421 2401 473 clerus
2439 418 2737 471 universus
2778 433 2839 469 ac
2871 415 3032 486 plebs
3055 413 3515 485 frequentissima
3541 414 3595 467 in
3633 417 3850 486 majorem

2221 507 2510 562 basilicam
2543 508 2962 559 Caesareensem
2992 502 3291 558 convenit.
3331 502 3612 556 Deuterius
3647 506 3852 561 omnium

2220 595 2441 666 primus
2472 601 2528 649 et
2555 599 2832 664 tanquam
2863 608 3162 646 consessus
3194 607 3404 662 praeses
3431 592 3749 645 nominatur.
3775 595 3856 647 Ad-

2222 689 2344 738 erat
2371 683 2542 736 etiam
2577 682 2894 736 Emeritus:
2929 680 3164 746 notarii,
3200 696 3233 733 a
3267 678 3475 750 quibus
3504 679 3678 733 omnia
3704 683 3858 736 scribe.

2223 776 2439 837 rentur,
2473 776 2644 841 atque
2689 770 2749 823 in
2796 769 3019 823 tabulas
3048 768 3424 831 referrentur,
3457 767 3696 822 adhibiti.
3726 771 3859 825 Batus

2224 865 2309 913 est
2347 858 2703 930 Augustinus
2731 857 3048 928 prudenter
3077 872 3146 910 ea
3173 856 3456 910 utendum
3491 857 3771 922 occasione,
3800 860 3859 914 sin

2223 947 2417 1001 minus
2455 947 2527 1000 ad
2576 945 2811 1000 Emeriti
2858 945 3098 1021 salutem
3142 945 3584 1015 procurandam,
3613 946 3783 1000 saltem
3820 949 3860 1001 in

2224 1036 2467 1107 gratiam
2505 1051 2726 1100 eorum,
2761 1033 2970 1106 quibus
2999 1032 3245 1088 clariore
3277 1033 3522 1103 quadam
3565 1033 3699 1086 circa
3735 1033 3860 1088 disci-

2224 1124 2384 1178 dium
2436 1122 2789 1193 expositione
2839 1137 2981 1191 opus
3011 1126 3132 1175 erat
3175 1121 3274 1190 (De
3304 1121 3478 1176 Grstis
3514 1136 3624 1174 cum
3659 1124 3861 1189 Emerita,

2224 1230 2277 1266 n.
2313 1216 2378 1280 l).
2411 1212 2694 1276 Quoniam
2724 1211 2901 1280 igitur
2929 1226 3060 1264 cum
3090 1210 3214 1280 ipse
3248 1209 3547 1276 Emeritus,
3570 1215 3681 1262 tum
3711 1210 3787 1264 alii
3811 1213 3862 1264 ia-

2225 1300 2427 1355 ctionis
2460 1299 2738 1370 ejusdem,
2781 1298 3088 1352 Marcellini
3123 1297 3462 1351 auctoritate
3506 1313 3618 1351 sese
3659 1297 3710 1350 in
3735 1299 3860 1351 colla-

2227 1389 2380 1443 tione
2409 1386 2843 1457 Carthaginensi
2869 1403 3187 1457 oppressos,
3213 1401 3321 1439 nec
3347 1401 3413 1438 ea
3439 1385 3640 1450 omnia,
3661 1401 3769 1455 quae
3789 1403 3862 1456 pm

2227 1494 2329 1532 sua
2374 1493 2543 1531 causa
2591 1475 2829 1529 dicenda
2886 1475 3191 1540 habebant,
3245 1489 3578 1544 expromere
3621 1474 3861 1543 permissos

2227 1565 2615 1636 querebantur
2644 1563 2958 1633 (Possidius,
2991 1565 3048 1616 in
3087 1565 3217 1616 Vita
3237 1562 3560 1628 Augustini,
3595 1577 3638 1615 ο.
3672 1562 3863 1629 14);Αιι-

2225 1654 2492 1725 gustinus
2525 1651 2805 1706 enarratis
2831 1649 3322 1705 numerosissima;
3351 1648 3434 1702 illi
3479 1649 3730 1715 concioni,
3769 1665 3860 1718 qua

2230 1744 2372 1798 feria
2395 1746 2596 1812 quarta
2615 1745 2776 1811 gesta
2796 1740 3042 1806 fuerant,
3059 1737 3378 1792 Emeritum
3397 1736 3626 1806 rogavit,
3647 1735 3863 1805 quidquid

2228 1831 2592 1902 potissimum
2616 1845 2804 1882 secum
2831 1827 3014 1882 facere
3035 1826 3343 1897 judicaret,
3368 1825 3429 1878 in
3452 1825 3685 1878 medium
3705 1824 3864 1893 profer-

2229 1924 2318 1974 ret
2349 1935 2361 1972 :
2394 1919 2463 1972 ad
2506 1917 2970 1988 respondendum
3006 1919 3276 1986 paratum
3318 1931 3438 1968 esse
3477 1930 3553 1979 se,
3591 1913 3861 1982 disputatio-

2234 2024 2364 2063 nem
2387 2007 2545 2061 illam
2558 2007 2857 2077 utriusque
2876 2005 3054 2076 partis
3071 2004 3295 2058 nemini
3311 2001 3636 2074 prejudicio
3652 2001 3861 2056 futuram.

2233 2097 2446 2168 populo
2468 2101 2658 2150 tamen
2681 2094 2949 2166 praesenti
2969 2110 3087 2147 non
3109 2093 3230 2147 sine
3248 2093 3433 2146 fructu
3456 2091 3743 2145 abituram:
3762 2089 3862 2142 nihil

2235 2201 2354 2239 esse
2381 2184 2530 2256 quod
2556 2184 2650 2238 ille
2678 2184 2898 2247 timeat,
2926 2183 3046 2236 fore
3066 2186 3260 2235 autem
3283 2180 3395 2251 ipsi
3424 2196 3541 2233 rem
3558 2179 3759 2248 plenam
3777 2178 3862 2245 glo-

2234 2274 2357 2339 rise,
2393 2273 2506 2326 sive
2533 2289 2726 2327 coram
2757 2271 2971 2326 civibus
3000 2271 3115 2324 suis
3154 2271 3362 2335 vincat,
3397 2269 3509 2322 sive
3532 2266 3722 2322 victrici
3746 2265 3862 2318 cedat

2233 2361 2476 2416 veritati.
2509 2360 2723 2416 Retulit
2749 2359 3047 2425 Emeritus,
3073 2358 3252 2413 victor
3282 2375 3355 2411 an
3379 2357 3554 2410 victus
3577 2354 3787 2417 abiisset,
3805 2367 3863 2404 ve-

2235 2450 2388 2504 ritati
2411 2466 2480 2503 an
2510 2449 2782 2520 potentia:
2803 2448 3188 2512 concessisset,
3212 2464 3284 2501 ex
3315 2445 3450 2500 actis
3480 2439 3861 2511 Carthaginensis

2236 2538 2551 2592 collationis
2580 2537 2735 2592 haud
2755 2537 3061 2591 difﬁculter
3082 2535 3350 2605 intelligi.
3380 2535 3475 2588 Hic
3497 2530 3774 2600 Augustino
3790 2527 3863 2579 sci-

2236 2626 2483 2689 scitanti,
2521 2625 2566 2679 si
2596 2625 2743 2678 nihil
2773 2625 2960 2678 dicere
2993 2624 3310 2691 statuisset,
3334 2621 3470 2693 quid
3499 2636 3627 2689 ergo
3652 2617 3861 2676 venisset;

2237 2715 2508 2785 reposuit,
2543 2730 2610 2767 eo
2640 2730 2698 2766 se
2724 2712 2915 2766 animo
2945 2713 3184 2777 venisse,
3208 2717 3279 2766 ut
3305 2711 3410 2764 hoc
3435 2709 3542 2780 ipsi
3570 2706 3704 2778 quod
3724 2703 3864 2771 requi-

2238 2803 2399 2856 rebat
2429 2802 2658 2856 diceret.
2697 2802 2941 2871 Urgente
2979 2801 3167 2855 adhuc
3204 2804 3403 2854 sancto
3433 2797 3578 2860 Viro,
3613 2810 3723 2865 qua:
3747 2791 3861 2844 illum

2239 2907 2408 2944 causa
2437 2889 2784 2954 adduxisset,
2815 2894 2872 2943 et
2909 2905 3253 2959 responsum
3284 2886 3502 2942 notario
3531 2884 3859 2952 exspectante:

2239 2982 2371 3044 Fac,
2421 2978 2477 3032 id
2527 2982 2629 3044 est,
2679 2977 2870 3042 scribe,
2921 2977 3111 3048 inquit
3157 2976 3442 3031 Emeritus
3480 2974 3569 3044 (De
3607 2971 3752 3025 Gestis
3783 2982 3862 3018 cui»

2241 3071 2494 3134 Emerito,
2514 3084 2608 3122 nn.
2633 3070 2686 3134 2,
2706 3070 2756 3127 3.
2777 3072 2826 3121 et
2846 3067 3146 3133 Possidius,
3169 3069 3229 3120 in
3259 3069 3390 3122 Vita
3409 3062 3703 3131 Augustini,
3723 3074 3759 3111 c.
3781 3054 3862 3119 tt);

2239 3161 2370 3228 post
2393 3157 2548 3228 quod
2570 3156 2807 3210 verbum
2830 3155 3005 3209 veluti
3027 3155 3447 3218 obmutescens,
3471 3153 3610 3205 ultra
3627 3142 3863 3216 responde-

2243 3261 2303 3298 re
2330 3244 2646 3315 quidquam
2675 3260 2778 3298 nec
2806 3243 3008 3310 voluit,
3042 3259 3146 3297 nec
3176 3243 3384 3314 potuit.
3416 3237 3750 3310 Augustinus,
3771 3244 3861 3284 cum

2241 3334 2430 3387 denuo
2467 3348 2689 3386 moram
2720 3332 2803 3385 illi
2834 3331 3079 3386 dedisset
3105 3331 3176 3384 ad
3214 3329 3588 3402 loquendum,
3619 3331 3667 3377 et
3691 3322 3863 3376 demum

2242 3420 2591 3491 intelligeret
2610 3421 2798 3490 ipsum
2829 3420 2890 3474 in
2921 3419 3147 3474 silentio
3177 3420 3525 3489 pertinacem
3545 3429 3674 3479 esse,
3695 3405 3862 3475 incepti

2243 3509 2311 3563 ad
2336 3510 2561 3579 plebem
2591 3508 2870 3562 sermonis
2896 3524 3127 3562 cursum
3161 3506 3541 3562 continuavit.
3572 3496 3800 3556 Disseruit
3817 3493 3862 3546 de

2243 3595 2677 3666 Carthaginensi
2718 3597 3040 3660 collatione,
3074 3597 3238 3666 cujus
3270 3601 3393 3649 acta
3423 3598 3483 3647 ut
3511 3585 3774 3662 quotannis
3795 3595 3864 3651 per

2243 3686 2752 3756 Quadragesimam
2801 3685 2912 3755 legi
2961 3689 3205 3750 curaret,
3247 3682 3571 3738 Deuterium
3603 3669 3861 3732 obsecravit.

2245 3774 2439 3828 Voluit
2470 3755 2539 3827 ab
2564 3774 2766 3844 Alypio
2791 3773 3016 3827 recitari
3039 3773 3340 3843 epistolam
3363 3787 3508 3834 eam,
3531 3783 3633 3838 qua
3655 3755 3860 3819 CatholiCi

2244 3863 2524 3917 antistites
2554 3862 2708 3934 pacis
2738 3867 2794 3916 et
2823 3863 3059 3917 unitatis
3088 3863 3301 3916 intuitu
3336 3859 3660 3931 dignitatum
3686 3859 3860 3934 suerunt

2245 3932 2621 4022 spontaneam
2660 3952 3077 4005 abdicationem
3119 3951 3428 4005 Donatistis
3455 3944 3745 4002 obtulerant
3768 3953 3780 3990 :
3803 3932 3863 4022 cui

2241 4039 2561 4094 recitationi
2605 4039 3035 4093 observationes
3078 4042 3134 4092 et
3161 4039 3424 4111 exempla
3465 4030 3720 4090 charitatis
3755 4020 3859 4077 chri-

2245 4128 2558 4198 stianmque
2587 4127 2930 4181 humilitatis
2958 4144 3238 4198 perquam
3267 4125 3494 4199 egregia
3523 4120 3735 4193 ipsemet
3755 4113 3862 4165 inse-

2244 4215 2363 4269 ruit
2407 4216 2504 4282 (De
2550 4216 2724 4268 Gestis
2768 4231 2888 4268 cum
2937 4218 3194 4280 Emerito,
3228 4231 3282 4268 η.
3333 4216 3408 4285 li).
3461 4209 3692 4276 Denique
3731 4203 3861 4254 totum

2247 4303 2740 4357 schismaticarum
2771 4303 3020 4373 partium
3045 4304 3474 4358 fundamentum
3497 4293 3676 4352 evertit
3697 4286 3865 4345 narrat:1

2247 4391 2790 4446 Maximianistarum
2822 4391 3078 4456 historia,
3111 4392 3172 4445 in
3201 4408 3314 4463 qua
3342 4389 3487 4446 haud
3518 4384 3693 4440 leviter
3717 4377 3863 4428 immo-

2246 4484 2419 4544 ratus,
2448 4496 2644 4533 vocem
2677 4480 2746 4533 ab
2770 4481 3018 4534 Emerito
3040 4481 3279 4545 nullam,
3301 4497 3417 4534 non
3445 4489 3593 4531 secus
3620 4485 3674 4523 ac
3696 4466 3861 4545 mutu!“

2247 4543 2412 4622 esset
2445 4568 2742 4633 allocutus,
2792 4569 3067 4639 expressit
3093 4543 3357 4637 (Retract.
3402 4567 3489 4622 lib.
3543 4566 3590 4624 2,
3640 4570 3738 4622 mp-

2247 4657 2414 4709 Illum
2447 4656 2674 4724 cognati
2701 4673 2763 4709 ac
2788 4657 2937 4710 cives
2965 4657 3075 4720 sui,
3101 4661 3166 4711 ut
3188 4674 3318 4711 cum
3349 4659 3535 4710 sancto
3563 4640 3767 4720 prmsule
3785 4633 3862 4724 co"-

2245 4743 2506 4814 loquium
2519 4719 2715 4813 iniret,
2731 4745 2997 4799 obtestati
3010 4719 3143 4800 sunt
3157 4745 3477 4809 instantius,
3491 4719 3720 4811 polliciti,
3736 4719 3861 4814 mort0

2245 4833 2563 4886 Catholicos
2593 4838 2908 4904 superaret,
2941 4834 3086 4888 nihil
3118 4834 3176 4886 in
3208 4851 3265 4887 se
3294 4848 3466 4888 morte
3495 4829 3735 4882 futurum,
3763 4820 3860 4906 111.11"

2246 4921 2330 4974 vel
2362 4921 2746 4990 fortunarum,
2774 4922 2861 4975 vel
2890 4921 3064 4975 etiam
3099 4921 3227 4975 vita:
3271 4920 3536 4993 periculo,
3565 4925 3670 4965 sese
3703 4908 3862 4994 acftlt‘

2247 5009 2523 5063 referrent
2552 5009 3022 5064 communionem
3052 5027 3064 5064 :
3099 5016 3156 5064 at
3185 5010 3338 5064 illius
3363 5008 3548 5064 animo
3577 4997 3730 5065 major
3753 4983 3859 5040 ditt!-

2246 5098 2439 5152 dentia
2458 5097 2762 5163 insederat,
2786 5115 2956 5169 quam
2985 5104 3046 5153 ut
3078 5099 3266 5169 ipsum
3289 5071 3863 5174 quidquamhiscere

2246 5185 2454 5239 mutire
2485 5185 2693 5238 sineret
2740 5187 3061 5252 (Possidius,
3108 5188 3166 5238 in
3203 5185 3330 5240 Vita
3373 5173 3664 5245 Augustini,
3772 5154 3855 5258 Wo

2243 5274 2352 5328 Sed
2379 5273 2473 5326 hoc
2504 5279 2767 5341 quantum
2809 5274 2882 5326 ad
2907 5276 3082 5342 ipsius
3122 5275 3346 5327 erritium
3392 5275 3544 5338 atque
3582 5255 3856 5328 supplicium.

2246 5363 2324 5414 ait
2353 5361 2723 5431 Augustinus,
2757 5366 2966 5416 tantum
3005 5362 3078 5415 ad
3116 5364 3346 5415 aliorum
3374 5349 3772 5426 conﬁrmationem
3793 5345 3856 5383 εα-

2247 5449 2513 5517 l“temque
2531 5452 2779 5517 Ρνοΐθείι.
2809 5452 2869 5503 Si
2893 5454 3033 5504 enim
3057 5451 3301 5505 riderent
3321 5448 3599 5505 Emeritam
3615 5432 3743 5490 nobis
3758 5431 3854 5476 com-
