4028 6174
174 254 268 308 501
1775 214 1991 310 manu
2045 252 2417 310 SEPTIMUS.

171 377 555 441 municantem,
577 376 988 444 suspicarentur
1018 372 1283 428 hominem
1310 372 1698 440 formidantem
1722 390 1735 430 :
1758 390 1877 430 cum

172 471 353 520 autem
381 464 638 518 viderunt
665 470 715 518 et
744 466 802 517 in
839 467 997 532 parte
1043 464 1238 517 Donati
1260 468 1680 531 permanentem,
1712 468 1763 518 et
1791 469 1877 519 ta-

172 568 302 611 men
320 553 581 607 adversus
604 552 935 608 Catholicam
953 552 1278 617 reticentem,
1299 554 1477 619 magis
1493 552 1606 606 illis
1617 554 1880 622 apparuit

175 649 367 697 contra
394 656 519 696 suos
542 641 752 697 silendo
775 641 1028 694 clamare.
1060 641 1153 694 An
1177 655 1301 693 vero
1329 655 1450 694 cum
1468 656 1591 695 voce
1610 646 1772 711 atque
1790 656 1879 695 ore

172 746 309 786 sano
336 734 387 784 et
413 730 581 784 libero
605 733 794 795 staret,
811 744 918 782 non
937 732 1055 782 erat
1065 743 1170 796 pro
1187 732 1369 782 vestra
1388 744 1554 782 causa
1574 734 1762 783 contra
1781 744 1877 784 nos

170 821 325 873 testis
367 817 590 871 idoneus
628 818 899 870 Emeritus
942 817 1053 882 ille,
1094 816 1188 870 ille
1231 818 1523 881 Emeritus,
1550 819 1796 885 inquam,
1828 822 1878 871 et

162 908 427 960 mimicus
437 910 488 958 et
506 909 688 959 mutus
706 908 734 960 ?
755 904 974 974 (Contra
990 904 1376 973 Gaudentium,
1390 904 1483 958 lib.
1513 908 1532 958 1
1550 920 1629 973 ,n.
1661 905 1765 974 15).
1789 904 1878 958 Di-

163 993 426 1049 mittitur
450 993 682 1047 tandem
714 991 997 1046 Emeritus
1017 993 1175 1046 nulla
1196 991 1430 1046 affectus
1452 991 1687 1062 injuria,
1706 997 1769 1046 ut
1788 1010 1879 1047 ve-

162 1082 361 1137 ritatis
381 1081 677 1135 victoriam
700 1080 905 1135 lenitas
923 1079 1168 1135 Ecclesia
1192 1096 1327 1134 sane
1351 1081 1524 1151 digna
1543 1085 1876 1138 coronaret:

159 1170 294 1241 ipse
320 1174 515 1224 autem
554 1169 616 1223 in
643 1173 939 1240 posterum
966 1169 1193 1223 delituit
1216 1169 1386 1238 (Ibid.
1404 1211 1418 1236 ,
1447 1185 1504 1224 n.
1537 1170 1654 1241 41).
1695 1172 1879 1241 Augu-

156 1260 360 1314 stinus
385 1258 625 1313 tabellas
653 1257 770 1312 sive
804 1261 928 1311 acta
958 1273 1179 1323 eorum,
1207 1274 1335 1328 quae
1358 1258 1465 1312 hac
1492 1257 1554 1312 in
1583 1274 1643 1312 re
1669 1258 1880 1313 duode-

160 1348 323 1402 cimo
346 1347 619 1402 kalendas
630 1345 875 1401 octobris
895 1346 1185 1417 disputata
1202 1346 1448 1412 fuerant,
1468 1345 1603 1400 citat
1618 1346 1874 1417 (Retract.

161 1437 273 1493 lib.
302 1439 363 1506 2,
389 1451 510 1505 cap.
543 1435 629 1504 51)
660 1453 674 1490 :
706 1440 878 1506 atque
907 1439 973 1489 ut
996 1436 1235 1506 planum
1263 1434 1532 1489 omnibus
1562 1432 1752 1504 faciat,
1780 1451 1879 1489 ra-

160 1525 402 1579 tionum
432 1524 675 1596 penuria
697 1523 1410 1587 obmutuisseJSmeritum,
1443 1528 1711 1594 provocat
1730 1525 1878 1578 Gau-

159 1614 435 1668 dentium
456 1612 788 1685 episcopum
804 1612 1355 1683 Thamugadensem,
1381 1612 1567 1666 virum
1588 1612 1879 1683 primariae

161 1702 327 1773 apud
350 1702 673 1757 Donatistas
692 1701 1069 1768 auctoritatis,
1091 1701 1163 1755 ad
1180 1701 1641 1772 respondendum
1662 1700 1882 1772 (Contra

162 1791 561 1858 Gaudentium,
590 1790 682 1845 lib.
720 1795 770 1857 1,
802 1806 857 1844 n.
897 1789 1001 1859 15).

239 1881 296 1934 4.
375 1880 580 1934 Facere
648 1894 763 1932 non
832 1893 1161 1948 possumus,
1220 1876 1360 1949 quin
1415 1877 1510 1932 hic
1562 1877 1881 1932 referamus

161 1968 422 2022 fructum
441 1968 609 2037 longe
631 1966 944 2020 maximum
973 1966 1030 2019 in
1056 1967 1442 2021 Caesareenses
1464 1982 1528 2019 ex
1552 1965 1651 2019 illo
1673 1965 1879 2020 itinere

161 2055 484 2127 Augustini
559 2055 900 2125 profectum.
975 2055 1116 2109 Rem
1180 2053 1442 2124 ipsismet
1519 2053 1635 2107 Viri
1698 2053 1882 2108 sancti

164 2143 364 2198 verbis
424 2142 805 2197 narrabimus.
855 2144 1113 2210 Denique,
1162 2140 1352 2213 inquit
1395 2142 1514 2211 ille,
1569 2157 1689 2197 cum
1712 2142 1881 2212 ,αριιά

163 2233 474 2287 Casaream
533 2232 883 2287 Mauritania
933 2232 1134 2301 papulo
1195 2230 1566 2286 dissuaderem
1633 2244 1881 2300 pugnam

164 2322 406 2383 civilem,
456 2321 541 2374 vel
574 2322 759 2390 potius
799 2320 925 2389 plus
978 2335 1141 2389 quam
1190 2320 1419 2386 civilem,
1474 2334 1638 2387 quam
1692 2320 1880 2375 Cater-

167 2425 301 2463 ram
341 2408 634 2473 vocabant;
681 2423 853 2476 neque
899 2409 1041 2461 enim
1095 2409 1234 2461 cives
1273 2405 1661 2473 tantummodo,
1695 2421 1879 2460 rerum

166 2501 342 2552 etiam
362 2499 682 2567 propinqui,
718 2500 943 2564 fratres,
985 2501 1250 2566 postremo
1282 2499 1536 2564 parentes
1564 2510 1628 2549 ac
1655 2494 1767 2565 filii
1791 2496 1880 2549 la-

166 2586 401 2656 pidibus
420 2588 561 2640 inler
577 2600 633 2639 se
650 2587 707 2639 in
720 2585 859 2639 duas
873 2590 1062 2654 partes
1081 2585 1270 2650 divisi,
1286 2599 1388 2653 per
1402 2585 1613 2652 aliquot
1632 2584 1747 2639 dies
1763 2600 1882 2638 con-

173 2678 382 2740 tinuos,
404 2680 545 2729 certo
561 2679 793 2743 tempore
808 2676 943 2727 anni
956 2675 1179 2728 solemni
1183 2677 1263 2726 ter
1279 2673 1646 2735 dimicabant;
1671 2678 1721 2726 et
1736 2675 1883 2743 quis-

170 2779 279 2833 que
309 2767 371 2817 ut
393 2778 654 2832 quemque
675 2766 889 2831 poterat
904 2762 1177 2816 occidebat
1206 2777 1219 2815 :
1241 2763 1330 2830 egi
1347 2760 1564 2829 quidem
1575 2760 1878 2828 granditer.

173 2856 444 2921 quantum
466 2851 637 2911 ualui,
665 2854 726 2904 ut
755 2854 866 2904 tam
883 2849 1094 2904 crudele
1122 2852 1285 2917 atque
1302 2851 1659 2903 inveteratum
1678 2849 1883 2902 malum

172 2940 242 2993 de
271 2938 526 2993 cordibus
555 2942 607 2991 et
627 2939 865 2992 moribus
886 2953 1068 2991 eorum
1096 2937 1387 3001 evellerem,
1412 2936 1771 3005 pelleremque
1791 2934 1881 2988 di-

171 3027 377 3093 cendo;
402 3043 512 3081 non
541 3032 719 3081 tamen
738 3028 908 3093 egisse
935 3025 1150 3094 aliquid
1174 3041 1258 3079 me
1272 3026 1492 3094 putavi,
1523 3039 1643 3077 cum
1668 3038 1756 3077 eos
1781 3038 1880 3077 au~

172 3116 349 3169 direm
379 3115 759 3180 acclamantes,
806 3114 902 3167 sed
941 3130 1060 3168 cum
1096 3115 1280 3181 ﬂentes
1301 3112 1564 3189 piderem.
1596 3111 1881 3165 Acclama-

174 3204 416 3259 tionibus
442 3205 645 3273 quippe
673 3217 728 3256 se
749 3202 930 3256 doceri
949 3206 1001 3256 ct
1027 3202 1305 3269 delectari,
1333 3202 1475 3268 ﬂecti
1500 3205 1681 3253 autem
1709 3200 1884 3267 lacry-

172 3295 281 3347 mis
314 3290 657 3345 indicabant.
686 3291 832 3356 Quas
859 3290 957 3344 ubi
983 3290 1234 3360 adspexi,
1268 3291 1554 3343 immanem
1583 3289 1735 3342 illam
1764 3303 1881 3342 con-

175 3381 518 3436 suetudinem
545 3396 582 3433 a
603 3380 860 3449 patribus
879 3382 929 3432 et
952 3380 1069 3433 avis
1099 3379 1355 3446 longeque
1382 3393 1417 3430 a
1446 3375 1746 3445 majoribus
1779 3380 1883 3429 tra-

178 3471 377 3532 ditam.
410 3484 531 3538 quae
553 3473 772 3537 pectora
800 3482 982 3521 eorum
996 3467 1267 3521 hostiliter
1283 3464 1582 3531 obsidebat,
1602 3465 1686 3518 vel
1699 3465 1882 3533 potius

174 3558 511 3628 possidebat,
557 3556 843 3621 devictam,
894 3559 1185 3623 antequam
1221 3556 1402 3623 reipsa
1438 3553 1502 3607 id
1527 3552 1882 3621 ostenderent,

177 3646 413 3701 credidi.
443 3646 677 3713 Moxque
704 3658 941 3698 sermone
966 3644 1142 3711 ﬁnito,
1172 3642 1247 3695 ad
1271 3640 1510 3708 agendas
1538 3642 1642 3694 Deo
1671 3642 1883 3707 gratias

178 3734 347 3789 corda
366 3739 531 3802 atque
553 3748 650 3787 ora
670 3733 923 3787 converti.
961 3733 1025 3785 Et
1043 3745 1157 3783 ecce
1179 3730 1299 3799 jam
1321 3730 1499 3796 ferme
1526 3732 1639 3782 octo
1665 3728 1749 3781 vel
1773 3742 1885 3781 am-

175 3825 326 3893 plius
355 3823 492 3875 anni
515 3825 661 3887 sunt,
692 3821 931 3890 propitio
981 3819 1214 3883 Christo,
1244 3833 1313 3871 ea:
1341 3832 1445 3894 quo
1474 3817 1586 3870 illis
1609 3816 1749 3870 nihil
1780 3816 1885 3870 tale

179 3915 448 3966 tentatum
475 3913 555 3963 est
579 3908 673 3978 (De
700 3909 956 3963 Doctrina
983 3907 1307 3970 christiana,
1340 3905 1435 3959 lib.
1469 3906 1523 3980 4,
1554 3920 1610 3958 n.
1643 3906 1753 3975 53).

250 4004 305 4053 5.
338 3999 404 4052 In
433 3998 633 4052 eadem
656 3996 754 4051 illa
768 3994 1231 4067 peregrinatione
1253 3993 1617 4059 Caesareensi,
1649 3997 1751 4047 aut
1768 4008 1885 4046 non

178 4087 365 4142 multo
380 4089 686 4156 postquam
710 4084 844 4137 inde
864 4082 1231 4148 discessisset,
1255 4080 1551 4150 epistolam
1574 4080 1645 4135 de
1663 4079 1885 4134 Animae

182 4174 412 4247 origine
441 4172 672 4243 scripsit
709 4172 781 4227 ad
826 4172 1096 4241 Optatum
1133 4170 1463 4241 episcopum
1488 4171 1690 4239 (Epist.
1733 4169 1878 4238 190).

184 4266 234 4318 ls
259 4261 585 4333 angebatur
610 4258 759 4314 circa
778 4259 987 4313 anima!
1008 4257 1314 4329 originem,
1335 4262 1529 4311 utrum
1553 4273 1621 4311 ea
1635 4272 1740 4327 per
1760 4273 1887 4326 pro-

180 4351 555 4422 pagationem
584 4364 655 4403 ex
694 4347 888 4402 anima
915 4363 949 4401 a
977 4348 1093 4401 Deo
1123 4350 1311 4400 creata
1339 4348 1509 4415 atque
1539 4344 1755 4398 Adamn
1797 4344 1886 4398 in-

183 4440 302 4496 dita
328 4440 724 4506 descenderet,
753 4454 898 4492 anve
927 4436 1168 4507 singulis
1192 4433 1523 4491 hominibus
1546 4433 1798 4505 singulas
1817 4434 1888 4489 de

182 4544 333 4585 novo
378 4530 530 4584 Deus
576 4531 813 4593 crearet,
861 4542 1028 4580 nosse
1071 4523 1327 4594 cupiens.
1359 4524 1627 4576 Attamen
1657 4520 1718 4575 in
1748 4520 1887 4575 ulti-

184 4634 339 4673 mam
370 4619 521 4673 hauc
549 4615 906 4687 opinionem,
929 4613 1013 4668 uti
1030 4613 1276 4680 videtur,
1297 4613 1683 4677 concesserat;
1704 4610 1889 4682 deque

185 4707 392 4763 eodem
422 4708 760 4777 argumento
791 4702 1084 4774 quoddam
1108 4700 1366 4755 ediderat
1380 4697 1742 4769 opusculum,
1764 4712 1891 4750 nec-

186 4810 304 4849 non
333 4794 559 4849 litteras
584 4792 658 4847 ad
687 4791 900 4846 amicos
940 4789 1217 4860 quosdam
1255 4802 1388 4840 suos
1416 4784 1889 4860 familiarissimos

185 4884 503 4938 destinatas
554 4897 568 4936 :
605 4896 734 4952 quae
766 4894 898 4934 cum
928 4877 1161 4947 perlatae
1193 4878 1382 4929 essent
1411 4874 1747 4934 Caesaream,
1779 4856 1891 4942 ipsi

184 4970 510 5041 Augustino
553 4969 670 5023 illic
706 4967 892 5023 adhuc
922 4963 1171 5020 versanti
1202 4962 1425 5018 tradita:
1454 4964 1588 5015 sunt
1615 4977 1649 5014 a
1673 4960 1889 5014 famulo

187 5059 307 5125 Dei,
336 5057 431 5112 cui
462 5073 673 5112 nomen
702 5056 951 5121 Renato;
986 5052 1085 5124 qui
1115 5055 1373 5107 sanctum
1393 5050 1686 5105 doctorem
1710 5052 1892 5102 tauto-

184 5164 323 5218 pere
363 5147 438 5201 ad
483 5144 951 5216 respondendum
998 5140 1314 5211 instigavit,
1355 5143 1423 5193 ut
1468 5138 1574 5194 hoc
1606 5153 1888 5202 recusare,

185 5234 452 5307 quamvis
480 5234 651 5288 rebus
681 5231 805 5287 aliis
831 5235 968 5285 tunc
1006 5232 1335 5300 occupatus,
1367 5241 1732 5298 nequaquam
1761 5240 1891 5294 pos-

185 5330 290 5380 set.
342 5322 579 5379 Videtur
626 5336 858 5392 quoque
890 5319 949 5373 in
990 5318 1232 5389 epistola
1259 5332 1362 5370 sua
1389 5321 1613 5386 optasse
1652 5314 1894 5383 ipsemet

188 5414 433 5483 Optatus
453 5411 524 5466 de
546 5408 726 5464 sancti
749 5406 1006 5463 Doctoris
1026 5404 1308 5462 sententia
1320 5419 1493 5475 super
1516 5419 1583 5456 ea
1603 5417 1663 5455 re
1685 5400 1894 5455 certior

187 5502 331 5557 ﬁeri.
354 5499 744 5571 Augustinum
763 5501 1045 5567 praeterea
1064 5495 1136 5549 ad
1162 5495 1223 5548 id
1248 5492 1471 5548 induxit
1488 5488 1750 5547 Muressis
1770 5488 1893 5559 qui-

3583 265 3688 319 502

1987 375 2120 432 dam
2148 375 2339 447 Optati
2367 375 2742 446 necessarius,
2773 376 2876 448 qui
2912 380 3050 432 tunc
3078 378 3395 434 Caesaream
3431 382 3685 451 veniens,

1987 480 2046 518 se
2075 480 2303 536 quoque
2332 480 2503 535 super
2533 464 2732 519 eodem
2762 470 3104 535 argumento
3134 465 3353 521 litteras
3382 467 3451 521 ab
3482 468 3685 539 Optato

1988 553 2266 624 accepisse
2286 553 2540 619 dicebat;
2575 553 2921 625 rogabatque
2952 553 3356 624 Augustinum,
3380 560 3445 610 ut
3470 558 3604 628 quid
3621 574 3688 613 ea

1987 640 2056 695 de
2094 657 2155 696 re
2200 641 2460 707 sentiret,
2492 642 2579 696 vel
2607 658 2744 696 voce
2772 642 2863 696 vel
2896 641 3109 713 scripto
3138 643 3246 698 sibi
3274 644 3539 715 aperiret,
3573 662 3685 716 quo

1984 728 2128 784 illud
2159 734 2354 800 posset
2396 731 2601 801 Optato
2641 729 2983 801 signiﬁcare.
3032 731 3200 786 Dedit
3231 731 3426 804 itaque
3469 732 3688 788 litteras

1987 817 2054 871 ad
2085 817 2277 889 ipsum
2304 819 2572 889 Optatum
2602 823 2829 873 sanctus
2860 820 3085 886 Doctor,
3117 820 3392 889 Caesarea,
3425 822 3579 893 quod
3605 839 3689 876 sa-

1983 904 2059 961 tis
2089 907 2380 962 declarant
2409 906 2523 961 illae
2552 924 2735 974 voces,
2775 923 2893 962 cum
2921 907 2986 963 in
3016 908 3195 963 eodem
3222 910 3422 978 oppido
3447 926 3687 965 remora-

1983 1010 2185 1062 remur,
2204 994 2326 1065 jam
2351 996 2657 1066 profectus.
2694 997 2775 1050 De
2801 996 3094 1067 proposita
3120 998 3314 1050 autem
3354 997 3687 1052 difﬁcultate

1986 1082 2071 1138 illi
2099 1084 2408 1155 rescripsit,
2433 1100 2551 1138 non
2588 1084 2801 1138 habere
2830 1101 2889 1139 se
2921 1085 3077 1155 quod
3102 1090 3257 1139 certo
3286 1088 3517 1154 statuat,
3554 1102 3686 1156 pro-

1985 1175 2115 1243 pter
2141 1176 2499 1242 argumenta,
2533 1189 2662 1244 qua:
2693 1172 2753 1227 in
2792 1176 3095 1244 utramque
3120 1178 3342 1244 partem
3365 1173 3683 1229 faciebant:

1985 1260 2043 1314 id
2066 1261 2482 1315 tantummodo
2511 1261 2825 1315 cavendum
2869 1278 3011 1329 esse,
3053 1278 3127 1315 ne
3166 1262 3294 1331 quis
3331 1262 3501 1318 hacce
3531 1279 3686 1334 qua!-

1986 1349 2167 1403 stione
2192 1349 2452 1416 abutens,
2485 1349 2555 1403 de
2581 1353 2814 1418 peccato
2845 1348 3132 1419 originali,
3156 1350 3311 1420 quod
3340 1356 3604 1405 constans
3633 1356 3690 1407 et

1986 1437 2330 1492 catholicum
2372 1438 2587 1508 dogma
2630 1441 2771 1502 erat,
2822 1437 2994 1491 vellet
3044 1437 3362 1508 ambigere;
3413 1444 3582 1510 atque
3610 1439 3690 1493 ita

1988 1525 2207 1597 Pelagii
2236 1525 2597 1596 Ccelestiique
2618 1540 2827 1579 novam
2847 1524 3119 1579 haeresim
3136 1524 3470 1595 imprudens
3488 1527 3689 1581 admit-

1985 1617 2151 1679 teret,
2197 1629 2370 1686 quam
2418 1613 2633 1668 recenti
2679 1612 2959 1667 memoria
2996 1613 3339 1668 damnarant
3367 1614 3605 1668 concilia
3635 1620 3691 1668 et

1988 1703 2234 1758 Romani
2284 1702 2561 1757 antistites
2600 1701 2967 1755 Innocentius
3005 1717 3070 1755 ac
3117 1701 3398 1769 Zosimus;
3441 1718 3687 1773 quorum

1988 1791 2276 1862 epistolas,
2307 1791 2508 1846 saltem
2528 1788 2806 1860 postremi
2834 1789 3027 1860 hujus,
3053 1806 3127 1843 ne
3153 1790 3299 1843 forte
3321 1790 3388 1844 ad
3419 1784 3687 1860 Optatum

1987 1878 2233 1934 necdum
2263 1877 2676 1948 pervenissent,
2716 1877 2889 1931 simul
2920 1876 3203 1932 mittebat.
3241 1879 3365 1931 Non
3391 1881 3689 1932 contentus

1986 1966 2096 2022 fuit
2126 1967 2324 2037 procul
2354 1966 2527 2021 dubio
2574 1964 2679 2019 hac
2714 1965 3090 2035 responsione
3119 1964 3272 2019 idem
3301 1965 3570 2036 Optatus;
3602 1965 3687 2020 illi

1988 2054 2279 2126 siquidem
2324 2053 2679 2125 Augustinus
2718 2057 2998 2124 prseterea
3041 2053 3181 2108 duas
3230 2052 3518 2123 epistolas,
3559 2068 3688 2124 qua!

1987 2147 2317 2214 temporum
2339 2142 2551 2213 injuria
2571 2141 2931 2206 intercidere,
2950 2157 3125 2211 super
3138 2141 3337 2196 eodem
3348 2145 3686 2211 argumento

1986 2231 2164 2287 misit.
2184 2231 2399 2286 Laudat
2418 2229 2751 2301 Fulgentius
2762 2229 3144 2284 eruditionem
3157 2232 3329 2300 atque
3343 2228 3564 2299 ingenii
3574 2229 3689 2283 vim

1987 2337 2134 2386 eam,
2176 2334 2291 2390 qua
2336 2334 2467 2374 cum
2514 2318 2573 2373 in
2611 2318 2764 2372 hisce
2801 2317 2987 2372 tribus
3016 2316 3292 2388 epistolis,
3322 2316 3540 2372 tumin
3564 2316 3688 2370 aliis

1986 2408 2332 2480 quibusdam
2363 2407 2479 2462 suis
2518 2406 2789 2478 cperibus
2834 2405 3215 2477 quaestionem
3261 2404 3422 2459 illam
3465 2408 3690 2458 sanctus

1990 2498 2199 2551 Doctor
2227 2499 2547 2550 excusserat
2579 2495 2715 2549 :sed
2750 2494 3007 2565 ejusdem
3040 2493 3102 2547 in
3130 2492 3330 2563 primis
3352 2491 3688 2547 modestiam

1987 2584 2276 2655 praedicat,
2297 2588 2495 2655 utpote
2514 2598 2644 2654 quae
2671 2598 2803 2637 eum
2824 2581 3119 2647 deterruit,
3142 2597 3213 2634 ne
3243 2581 3313 2635 de
3332 2596 3394 2634 re
3416 2596 3688 2652 paratque

1989 2673 2148 2743 gravi
2172 2679 2230 2727 et
2246 2673 2503 2726 abstrusa
2532 2671 2849 2742 quidquam
2876 2670 3225 2724 decerneret.
3250 2668 3417 2737 Cujus
3443 2671 3691 2738 quaestio-

1986 2764 2094 2827 nis,
2130 2761 2229 2827 ait,
2274 2758 2714 2829 profunditatem
2756 2758 2867 2812 sibi
2899 2755 3420 2826 imperscrutabilem
3449 2771 3689 2823 cernens,

1986 2851 2196 2903 nullam
2238 2849 2409 2902 voluit
2454 2846 2618 2915 hujus
2645 2848 2728 2900 rei
2764 2846 3043 2914 deﬁnitam
3069 2848 3316 2914 proferre
3342 2846 3688 2910 sententiam,

1986 2939 2346 3004 incongruum
2381 2949 2608 3006 prorsus
2646 2935 2970 2988 existimans
3014 2932 3232 3000 aliquid
3267 2933 3549 3000 affirmare
3574 2933 3690 2984 sine
3760 2966 3767 2969 τ

1989 3026 2327 3080 dubitatione
2353 3024 2503 3090 velle,
2533 3022 2677 3090 quod
2695 3023 2834 3075 alter
2846 3025 3029 3091 posset
3051 3022 3329 3075 contraria
3349 3021 3690 3089 responsione

1989 3112 2278 3168 convellere
2328 3111 2687 3179 (Fulgentius,
2736 3110 2802 3163 de
2858 3109 3334 3164 Praedestinatione
3375 3112 3427 3162 et
3473 3107 3689 3175 Gratia,

1991 3202 2092 3257 lib.
2131 3204 2184 3266 5,
2216 3215 2343 3268 cap.
2376 3201 2483 3263 18).
2519 3197 2880 3252 Pertractatis
2899 3212 3035 3268 ergo
3054 3196 3226 3251 latius
3244 3195 3544 3250 contrariis
3561 3210 3689 3249 sen-

1989 3287 2206 3355 tentiis,
2256 3291 2381 3341 tum
2420 3302 2488 3340 ea
2534 3300 2709 3356 quam
2740 3284 2850 3339 sibi
2897 3283 3295 3354 Hieronymus,
3324 3282 3396 3337 ab
3435 3282 3693 3354 quolibet

1992 3392 2206 3445 errore,
2237 3374 2520 3445 Origenis,
2550 3372 2865 3439 Manichaei,
2897 3371 3259 3442 Priscilliaui,
3287 3369 3691 3426 Tertullianive

1993 3465 2327 3532 abhorrens,
2357 3461 2550 3531 elegit,
2585 3460 2798 3515 scilicet
2839 3460 3093 3531 singulas
3122 3459 3361 3529 singulis
3405 3457 3690 3513 nascenti-

1992 3553 2100 3608 bus
2118 3551 2338 3607 animas
2355 3566 2390 3604 a
2409 3551 2525 3604 Deo
2546 3549 2725 3603 creari
2746 3549 2935 3618 (Apud
2952 3549 3336 3616 Augustinum,
3361 3547 3540 3615 Epist.
3568 3548 3689 3610 165,

1989 3658 2052 3696 n.
2095 3645 2145 3706 1,
2175 3645 2224 3694 et
2250 3640 2449 3695 Contra
2482 3637 2764 3707 Ruﬁnum,
2791 3637 2884 3690 lib.
2925 3634 2976 3704 2)
3012 3652 3027 3689 :
3053 3640 3179 3690 tum
3207 3634 3318 3688 alia
3341 3648 3455 3704 qua
3481 3648 3689 3703 propa-

1992 3729 2115 3801 gari
2140 3726 2361 3782 animas
2410 3730 2466 3780 et
2511 3741 2627 3779 non
2668 3722 2922 3796 quotidie
2954 3722 3079 3778 ﬁeri
3108 3740 3141 3776 a
3170 3724 3283 3777 Deo
3310 3721 3389 3775 ita
3417 3720 3686 3784 creditur,

1990 3822 2057 3872 ut
2094 3816 2165 3871 ab
2198 3813 2487 3869 erroribus
2514 3812 2921 3867 haereticorum
2941 3809 3272 3883 quorumvis
3292 3823 3465 3879 super
3484 3807 3693 3862 animm

1991 3908 2198 3958 natura
2224 3901 2551 3967 recedatur;
2580 3916 2698 3955 non
2728 3914 2903 3954 ausus
2929 3902 3013 3953 est
3038 3898 3161 3969 ipse
3186 3895 3540 3967 Augustinus
3560 3896 3694 3949 alte-

1992 4008 2117 4047 ram
2147 4007 2217 4045 ex
2240 3989 2354 4045 illis
2383 3992 2607 4060 partem
2635 3987 2724 4041 vel
2745 3985 3052 4056 repudiare
3074 3970 3354 4057 unquam,
3374 3984 3463 4038 vel
3480 3987 3696 4038 astrue-

1992 4094 2055 4131 re
2074 4077 2275 4148 (Epist.
2303 4080 2391 4144 66,
2418 4092 2519 4131 nn.
2548 4079 2604 4144 8,
2630 4078 2721 4141 28,
2750 4080 2801 4129 et
2822 4076 3009 4144 Epist.
3048 4076 3168 4139 190,
3202 4089 3258 4127 η.
3289 4072 3402 4143 21).
3436 4070 3694 4141 Quapro-

1993 4170 2122 4237 pter
2150 4181 2281 4220 cum
2311 4163 2546 4235 ingenio
2576 4163 2761 4218 sancti
2790 4161 3046 4217 Doctoris
3074 4161 3218 4215 nihil
3249 4176 3315 4214 eo
3353 4158 3538 4229 magis
3564 4173 3696 4212 con-

1994 4255 2188 4321 sentit,
2220 4254 2436 4308 nedum
2462 4253 2586 4323 ejus
2616 4251 2892 4313 doctrinee
2917 4249 3231 4322 quidquam
3262 4247 3521 4317 derogat,
3536 4244 3694 4316 quod

1993 4342 2057 4396 in
2079 4342 2194 4396 ﬁne
2226 4340 2483 4411 epistolae
2513 4338 2804 4395 Cuslestini
2832 4339 3080 4408 legimus
3111 4351 3125 4393 ε
3153 4334 3543 4401 Profundiores
3568 4348 3694 4387 vero

1995 4412 2436 4500 difﬁcilioresque
2451 4431 2637 4497 partes
2657 4429 3047 4482 incurrentium
3066 4425 3438 4494 quaestionum,
3461 4436 3598 4490 quas
3618 4423 3696 4475 la-

1997 4520 2105 4573 tius
2151 4521 2557 4587 pertractarunt
2602 4519 2700 4587 qui
2745 4516 3010 4571 hmreticis
3057 4514 3395 4579 restiterunt,
3424 4512 3565 4564 sicut
3588 4525 3695 4563 non

1995 4606 2254 4660 audemus
2291 4610 2637 4671 contemnere,
2668 4607 2752 4659 ita
2786 4617 2893 4657 non
2926 4615 3132 4655 necesse
3172 4598 3425 4653 habemus
3454 4601 3696 4652 astruere

1997 4695 2269 4767 (Append.
2321 4697 2451 4749 tomi
2481 4697 2567 4761 10,
2609 4697 2756 4763 part.
2800 4695 2854 4759 2,
2891 4692 3047 4760 epist.
3083 4689 3352 4746 Coslestini
3380 4690 3562 4758 Papa,
3595 4703 3695 4756 pro

1997 4786 2214 4852 Prosp.,
2255 4786 2305 4836 et
2346 4784 2562 4849 Hilar.,
2600 4798 2656 4836 n.
2693 4779 2809 4848 15).
2847 4777 3026 4848 Hujus
3063 4775 3498 4848 prudentissimi
3530 4772 3731 4847 papae‘

1998 4870 2250 4943 vestigiis
2279 4870 2544 4924 insistens
2578 4868 2976 4923 Africanorum
3002 4865 3405 4937 episcoporum
3435 4864 3696 4918 exsulum

1998 4960 2273 5032 synodus,
2296 4974 2427 5013 cum
2446 4958 2673 5028 regulas
2690 4955 2985 5010 catholicae
2998 4954 3132 5009 ﬁdei
3150 4954 3222 5009 de
3243 4951 3423 5023 gratia
3435 4950 3696 5006 similiter

1997 5047 2267 5114 traderet,
2299 5062 2414 5100 non
2439 5043 2776 5100 absimiliter
2788 5041 3049 5115 adjunxit
3065 5043 3174 5097 hoc
3199 5041 3487 5096 monitum
3513 5054 3526 5093 :
3549 5039 3695 5104 Quat-

1996 5138 2222 5190 stionem
2246 5149 2367 5188 vero
2391 5136 2699 5188 animarum
2723 5137 2819 5186 aut
2842 5134 3067 5186 tacitam
3093 5131 3341 5185 debemus
3371 5129 3691 5195 relinquere,

1998 5228 2096 5277 aut
2118 5225 2234 5277 sine
2261 5224 2590 5276 contentione
2617 5224 2851 5274 tractare
2890 5219 3080 5289 (Ibid.,
3114 5221 3274 5287 epist.
3305 5214 3497 5283 synod.
3529 5215 3692 5281 episc.

1996 5313 2183 5378 Afric.
2238 5311 2478 5376 exulum,
2526 5325 2582 5364 n.
2634 5306 2741 5379 16).
2793 5308 2916 5373 Quo
2964 5323 3098 5361 sane
3143 5305 3312 5359 modo
3358 5316 3477 5356 sese
3531 5312 3695 5370 gere-

1998 5400 2097 5456 bat
2122 5396 2495 5468 Augustinus,
2528 5397 2578 5451 si
2607 5396 2837 5468 quando
2871 5410 3003 5450 cum
3045 5389 3363 5462 Pelagianis
3402 5388 3697 5442 decertans

2002 5489 2316 5542 incurreret
2346 5485 2407 5540 in
2435 5486 2781 5557 qnaastiones
2818 5485 3076 5539 nondum
3104 5480 3311 5535 divime
3338 5475 3699 5531 revelationls
