4028 6174
403 247 503 300 503
1604 238 1774 294 VITA
1831 237 1885 293 S.
1947 234 2334 294 AUGUSTINI
2391 233 2730 290 EPISCOPI.
3761 247 3836 300 505

401 383 508 437 ope
527 364 745 436 liquido
771 364 1090 434 explicatas.
1118 364 1310 434 Neque
1336 361 1446 416 alia
1472 361 1540 415 de
1561 377 1728 414 causa
1749 361 1918 413 etiam
1941 359 2096 412 illam

401 455 525 508 sine
546 453 912 507 contentione
933 468 1048 505 non
1070 451 1242 504 semel
1257 449 1534 513 tractavit,
1559 465 1632 501 an
1652 447 1862 502 scilicet
1883 447 1993 500 vivi
2015 462 2100 499 re-

399 541 552 612 perti
572 541 907 596 adveniente
933 539 1178 594 Domino
1199 538 1261 592 in
1285 537 1476 592 saeculi
1501 537 1615 590 tiae
1637 553 1700 590 ex
1725 536 1829 589 hac
1850 534 2101 589 mortali-

400 635 514 683 tate
537 629 608 683 ad
629 629 1117 682 immortalitatem
1141 627 1261 680 sine
1285 625 1470 680 media
1490 631 1671 678 morte
1685 623 2100 678 transiturisint

399 718 602 786 (Epist.
632 719 752 783 I93,
775 732 829 770 n.
852 719 882 769 9
903 731 1078 783 seqq.,
1105 720 1153 768 et
1174 715 1238 768 de
1263 716 1423 769 Civit.
1447 715 1560 779 Dei,
1585 713 1680 766 lib.
1713 715 1802 777 20,
1833 727 1953 780 cap.
1986 711 2097 779 20).

472 811 524 858 6.
570 803 922 874 Augustinus
973 802 1290 873 Hipponem
1336 816 1593 854 reversus
1641 800 1944 865 calamum,
1987 815 2100 869 quo

403 891 692 946 Mercatori
724 891 1079 956 rescriberet,
1117 889 1382 959 arripuit.
1417 890 1556 942 Nam
1585 889 1757 958 hujus
1783 887 1936 958 apud
1967 887 2100 941 Car-

401 979 716 1049 thaginem,
758 978 918 1048 prius
949 995 1118 1048 quam
1153 978 1467 1032 Caesaream
1504 976 1974 1048 proﬁcisceretur,
2006 975 2099 1028 lit-

401 1071 549 1118 teras
580 1070 890 1136 acceperat,
925 1067 1132 1136 quibus
1175 1065 1517 1134 respondere
1549 1064 1804 1117 nondum
1833 1062 1941 1133 ipsi
1972 1078 2100 1132 gra-

400 1153 652 1207 vioribus
669 1153 914 1222 negotiis
935 1153 1370 1224 occupatissimo
1401 1169 1464 1205 ac
1494 1151 1778 1205 interdum
1801 1150 2102 1222 perlatoris

401 1241 694 1295 occasione
724 1241 940 1294 carenti
967 1241 1224 1295 licuerat.
1261 1243 1568 1309 Propterea
1600 1240 1893 1304 Mercator,
1928 1255 2101 1309 quem

401 1330 524 1399 ejus
565 1329 772 1400 scripta
811 1329 1134 1382 vehementi
1177 1345 1240 1381 ac
1288 1327 1627 1398 praefervido
1666 1327 1898 1397 ingenio
1928 1327 2102 1381 fuisse

403 1418 676 1484 indicant,
725 1419 988 1472 secundis
1031 1418 1103 1471 ad
1149 1434 1281 1472 eum
1331 1418 1476 1472 datis
1519 1416 1741 1482 litteris,
1778 1417 1932 1487 quod
1958 1416 2103 1471 nihil

403 1506 711 1576 accepisset
741 1505 1016 1576 responsi,
1048 1505 1286 1575 perinde
1319 1505 1684 1575 querebatur,
1717 1505 1878 1575 quasi
1909 1507 2102 1574 negle-

404 1599 526 1646 ctus
558 1594 967 1664 despectusque
994 1599 1140 1647 esset
1164 1593 1233 1646 ab
1262 1593 1582 1662 Augustino
1607 1609 1621 1646 :
1643 1593 1734 1646 cui
1755 1591 1909 1646 aliud
1933 1591 2102 1646 simul

405 1683 748 1750 opusculum
779 1681 1047 1734 adversus
1078 1698 1255 1734 novos
1280 1680 1594 1743 hiereticos,
1632 1680 1965 1749 Pelagianos
1996 1681 2102 1733 sci-

404 1769 554 1832 licet,
577 1769 646 1822 ab
676 1769 800 1838 ipso
818 1770 1298 1824 considerandum
1321 1769 1796 1840 probandumque
1818 1768 2101 1822 mittebat.

408 1857 504 1910 Itis
546 1857 829 1926 perlectis,
889 1862 1116 1910 sanctus
1167 1859 1373 1910 Doctor
1416 1856 1592 1910 animi
1638 1856 2102 1921 commotionem,

405 1961 580 2014 quam
607 1944 686 1998 ibi
712 1945 982 1998 Mercator
1009 1962 1128 2014 prie
1160 1961 1217 1998 se
1247 1945 1480 2010 ferebat,
1514 1960 1628 1998 non
1657 1944 1826 1998 modo
1857 1960 1974 1997 non
2004 1960 2102 1996 ac-

405 2032 558 2102 cepit
584 2031 642 2086 in
675 2033 880 2086 malam
905 2037 1146 2104 partem,
1167 2033 1264 2086 sed
1288 2038 1343 2086 et
1362 2033 1606 2086 maxime
1628 2037 1850 2102 gratam
1871 2033 2100 2097 habuit;

403 2125 576 2190 atque
617 2119 874 2189 ejusdem
912 2119 1305 2190 querimonias
1355 2120 1694 2174 sinceritatis
1747 2121 2104 2174 charitatisve

403 2207 614 2260 indicia
659 2223 779 2259 esse
827 2207 1093 2274 credidit,
1144 2223 1261 2260 non
1308 2207 1619 2262 iracundia:
1649 2209 1735 2261 vel
1779 2208 2101 2262 simultatis.

405 2296 604 2363 Itaque
651 2294 1001 2348 rescribendi
1053 2310 1158 2364 per
1208 2294 1476 2348 Albinum
1531 2294 1787 2349 Ecclesize
1836 2296 2104 2349 Romana:

409 2381 733 2450 acolythum
784 2381 1139 2434 occasionem
1180 2385 1397 2447 nactus,
1448 2382 1689 2436 dilatum
1745 2398 2105 2452 responsum,

406 2473 583 2538 prout
611 2468 864 2522 bonitate
898 2485 1001 2522 sua
1022 2474 1193 2540 atque
1227 2469 1546 2524 humilitate
1578 2470 1816 2540 dignum
1849 2476 1990 2536 erat,
2023 2471 2105 2524 illi

411 2555 734 2623 excusavit;
779 2573 842 2609 ac
884 2556 1075 2611 dubiis
1105 2558 1441 2628 quibusdam
1466 2558 1571 2612 sibi
1603 2559 1672 2612 ab
1703 2575 1770 2612 eo
1797 2557 2106 2629 propositis

409 2644 556 2698 circa
595 2644 650 2698 id
701 2644 855 2715 quod
900 2650 1142 2699 mortem
1199 2646 1413 2716 peccati
1455 2647 1716 2700 elfectum
1766 2664 1830 2701 ac
1878 2663 2105 2717 poenam

410 2749 531 2785 esse
589 2733 880 2803 negabant
928 2734 1238 2804 Pelagiani,
1297 2733 1586 2789 satisfecit.
1643 2734 1943 2790 Enimvero
2003 2738 2103 2792 ob-

403 2820 678 2890 jicicbant
723 2822 826 2884 illi,
873 2839 1058 2893 neque
1091 2823 1401 2888 Enochum,
1435 2839 1620 2894 neque
1653 2824 1828 2879 Eliam
1862 2825 2102 2894 obiisse;

407 2927 631 2966 necnon
665 2929 983 2966 asseverare
1032 2913 1271 2966 Paulum
1317 2929 1434 2981 eos,
1465 2913 1564 2982 qui
1597 2913 1814 2968 Christo
1844 2915 2106 2969 veniente

407 3000 739 3068 superstites
769 3004 958 3066 erunt,
989 3017 1106 3054 non
1141 3000 1466 3066 morituros,
1500 3001 1597 3055 sed
1628 3002 1680 3055 ei
1702 3003 1853 3056 vivos
1882 3003 2107 3057 obviam

406 3091 635 3156 raptum
665 3087 734 3140 iri
763 3087 822 3141 in
854 3104 986 3141 aera
1011 3104 1025 3141 :
1052 3089 1204 3142 unde
1230 3089 1573 3159 colligebant
1600 3090 1731 3160 ipsi,
1755 3107 1882 3146 cum
1908 3107 2107 3146 omnes

409 3173 672 3227 homines
717 3180 957 3228 mortem
1003 3192 1119 3229 non
1163 3178 1426 3243 subeant,
1474 3182 1574 3231 aut
1602 3194 1699 3231 eos
1725 3179 1847 3232 sine
1878 3186 2106 3249 peccato

410 3264 591 3325 natos,
624 3260 778 3331 quod
811 3261 1085 3315 Catholici
1127 3262 1195 3316 de
1242 3264 1362 3316 solo
1395 3263 1615 3317 Christo
1644 3281 1804 3334 posse
1833 3267 2107 3320 attirmari

411 3348 862 3414 contendebant;
905 3352 1004 3402 aut
1042 3364 1270 3418 poenam
1300 3350 1515 3420 peccati
1547 3356 1788 3405 mortem
1819 3369 1932 3406 non
1963 3370 2102 3408 esse.

413 3434 798 3502 Objectionem
849 3435 993 3489 hanc
1022 3435 1374 3506 Augustinus
1417 3438 1699 3508 explodit;
1732 3455 1800 3492 eo
1832 3440 1985 3509 quod
2016 3441 2107 3494 ni-

412 3522 645 3591 mirum,
672 3528 732 3577 ut
753 3523 997 3577 maxime
1015 3530 1233 3578 certum
1257 3530 1405 3578 esset
1425 3542 1456 3578 a
1475 3525 1757 3580 moriendi
1774 3529 2105 3584 necessitate

410 3611 688 3681 quosdam
735 3611 854 3665 fore
884 3611 1191 3678 immunes,
1223 3613 1374 3667 haud
1415 3618 1607 3668 tamen
1643 3615 1945 3670 difficulter
1973 3634 2106 3671 con-

409 3700 522 3769 cipi
551 3700 747 3769 possit,
776 3700 834 3754 id
865 3700 1140 3768 singulari
1171 3701 1364 3772 aliquo
1405 3702 1504 3755 Dei
1543 3703 1844 3773 privilegio
1875 3722 2105 3759 conces-

411 3803 536 3839 sum
569 3787 660 3847 iri,
683 3803 819 3856 quo,
846 3788 892 3840 si
917 3789 1172 3854 voluerit,
1198 3790 1476 3859 quosdam
1495 3791 1627 3844 huic
1648 3808 1834 3861 poente
1857 3793 2106 3847 eximere

411 3877 614 3942 potest,
649 3889 764 3926 non
795 3889 954 3926 secus
979 3889 1043 3927 ac
1074 3876 1266 3928 multis
1283 3876 1407 3929 aliis
1423 3892 1537 3930 non
1559 3878 1772 3932 eximit.
1800 3880 2106 3949 Epistolam

413 3975 574 4012 suam
604 3960 874 4014 terminat
899 3961 1251 4030 professione
1280 3963 1378 4015 illa
1407 3963 1716 4018 humilitati
1746 3967 1868 4036 ejus
1894 3973 2009 4021 tam
2032 3969 2110 4022 fac

413 4047 642 4116 miliari,
701 4047 870 4101 malle
910 4065 969 4102 se
1017 4065 1079 4102 ex
1127 4049 1251 4102 aliis
1287 4051 1668 4120 quaestionum
1713 4055 2102 4110 abstrusarum

412 4136 754 4190 solutionem
781 4135 1014 4202 discere,
1049 4153 1221 4207 quam
1253 4154 1319 4191 ex
1345 4144 1526 4193 semet
1551 4156 1674 4194 eam
1707 4141 1818 4194 illis
1847 4143 2096 4200 tradere.

411 4227 538 4280 Plus
566 4241 707 4292 amo,
741 4225 837 4290 ait,
870 4225 1092 4292 discere,
1117 4242 1281 4294 quam
1308 4227 1510 4281 docere.
1558 4231 1622 4282 Ut
1658 4245 1782 4296 ergo
1811 4229 2102 4292 discamus,

409 4319 643 4369 invitare
663 4330 764 4370 nos
787 4315 937 4368 debet
956 4318 1200 4369 suavitas
1225 4319 1500 4380 veritatis;
1526 4324 1586 4372 ut
1605 4325 1781 4374 autem
1803 4320 2103 4388 doceamus,

411 4418 592 4469 cogere
619 4405 905 4458 necessitas
934 4404 1220 4458 charitatis
1251 4407 1448 4473 (Epist.
1481 4409 1598 4472 I93,
1630 4424 1685 4462 η.
1721 4409 1824 4478 I3).

481 4493 534 4542 ’7.
566 4490 802 4544 Albinus
842 4490 939 4545 ille
982 4492 1272 4561 acolythus
1299 4493 1609 4562 superioris
1639 4497 1890 4565 epistolae
1919 4500 2107 4568 perla-

414 4580 521 4644 tor,
552 4577 690 4630 alias
716 4595 944 4650 quoque
971 4580 1111 4633 duas
1138 4579 1360 4645 detulit,
1388 4597 1563 4634 unam
1593 4585 1788 4652 (Epist.
1825 4588 1943 4650 192,
1966 4602 2023 4640 n.
2058 4589 2103 4656 l)

414 4663 481 4716 ad
513 4664 877 4720 Caelestinum
909 4667 1166 4723 Ecclesiae
1200 4669 1472 4722 Romamn
1515 4673 1651 4723 tunc
1679 4673 1952 4741 temporis
1983 4675 2104 4728 dia-

411 4767 641 4817 conum,
675 4768 737 4805 ac
778 4759 977 4822 postea
1009 4758 1341 4826 prmsulem;
1387 4772 1558 4826 quam
1589 4758 1889 4828 epistolam
1918 4765 2106 4832 Augu-

412 4840 595 4892 stinus
641 4841 766 4909 ejus
814 4842 1014 4896 litteris
1064 4845 1404 4916 Hipponem,
1449 4862 1578 4900 cum
1638 4848 1808 4918 longe
1863 4850 2103 4920 abesset,

409 4926 594 4980 allatis
623 4925 886 4994 reddidit,
919 4935 981 4981 ut
1017 4931 1068 4983 ei
1096 4937 1350 4986 mutuam
1384 4933 1837 4990 benevolentiam
1867 4942 2103 4992 testare-

410 5021 504 5069 tur
536 5031 549 5068 :
577 5015 813 5068 alteram
839 5021 1034 5070 autem
1061 5019 1264 5088 (Epist.
1305 5025 1428 5088 191)
1460 5022 1528 5075 ad
1562 5024 1815 5092 ejusdem
1849 5027 2102 5080 Ecclesim

407 5101 828 5172 presbyterum,
855 5118 1102 5172 eumque
1131 5107 1338 5161 deinde
1369 5110 1656 5164 leestini
1686 5111 1743 5165 in
1775 5113 2103 5183 episcopatu

409 5206 792 5244 successorem
813 5190 1057 5259 Sixtum,
1089 5193 1378 5264 scriptam,
1412 5214 1523 5267 qua
1555 5199 1625 5265 ei,
1653 5205 1712 5252 ut
1732 5201 1853 5270 jam
1877 5217 1911 5253 a
1940 5202 2102 5255 nobis

408 5278 789 5347 observatum,
823 5278 895 5332 ob
919 5284 1237 5350 susceptam
1261 5286 1460 5353 gratiae
1490 5287 1876 5342 defensionem
1907 5296 2103 5346 contra

409 5367 760 5436 Pelagianos,
785 5367 992 5440 quibus
1012 5367 1198 5438 ipsum
1230 5369 1415 5426 favere
1436 5374 1586 5428 fama
1615 5381 1753 5444 erat,
1784 5378 2097 5448 plurimum

409 5459 722 5520 gratulatus
746 5467 854 5514 est.
897 5461 1007 5513 Hac
1038 5459 1274 5530 epistola
1298 5464 1657 5531 prolixiorem
1683 5468 1851 5522 aliam
1884 5486 1941 5521 se
1971 5469 2099 5523 mis-

2208 373 2403 410 surum
2437 373 2556 410 esse
2595 355 2972 428 pollicebatur
3001 345 3014 411 ἑ
3049 371 3223 427 quam
3254 357 3437 429 reipsa
3461 361 3620 429 paulo
3653 371 3764 432 post
3787 368 3839 419 ad

2209 460 2341 498 eum
2361 445 2760 514 perferendam
2793 445 2950 499 dedit
2975 444 3162 498 Firmo
3184 447 3505 516 presbytero
3527 449 3707 517 (Epist.
3751 455 3839 515 194,

2208 549 2264 587 n.
2302 534 2535 603 t).Hanc
2565 539 2791 586 sanctus
2824 535 3026 587 Doctor
3056 533 3462 602 posterioribus
3483 536 3664 605 gratiae
3693 538 3843 592 inimi-

2209 621 2288 675 cis
2318 621 2627 691 aliquando
2655 621 2812 675 velut
2837 621 2910 675 ob
2936 622 3134 674 oculos
3165 638 3386 691 ponens
3418 639 3430 675 :
3461 625 3747 692 Inspiciant,
3772 627 3845 694 ait,

2211 725 2376 777 quam
2426 709 2555 762 dedi
2598 709 2676 765 ad
2717 709 2934 764 Sixtum
2963 711 3214 762 Romana:
3243 710 3488 763 Ecclesiae
3514 712 3845 781 presbyterum,

2212 797 2429 866 quando
2495 797 2755 850 adversus
2817 797 3138 862 Pelagianos
3193 800 3458 851 acerrima
3519 803 3849 867 conflictatione

2210 887 2534 938 certavimus
2565 884 2664 954 (De
2694 889 2840 939 Dono
2857 886 3294 953 perseverantiae,
3316 901 3373 938 n.
3403 889 3506 952 55).
3536 887 3642 940 Illic
3656 893 3704 941 et
3718 889 3849 943 solita

2211 972 2422 1041 etfugia
2447 972 2776 1025 intercludit
2806 971 3212 1041 Pelagianis,et
3231 987 3430 1025 eorum
3451 978 3634 1027 contra
3651 976 3848 1044 gratiam

2212 1060 2434 1128 objecta
2463 1059 2720 1113 dissolvit
2745 1076 2758 1113 :
2785 1059 3042 1130 petitque
3063 1065 3353 1129 postremo
3371 1060 3675 1120 Sixtum.ut
3695 1062 3736 1115 si
3751 1080 3848 1134 qua

2212 1147 2322 1200 alia
2350 1146 2572 1201 noverit
2595 1163 2690 1200 eos
2711 1147 2978 1200 adversus
3010 1147 3346 1201 catholicam
3372 1147 3540 1202 ﬁdem
3565 1150 3849 1220 excogitare,

2215 1251 2432 1288 necnon
2477 1251 2855 1306 quaecumque
2891 1235 3161 1289 adversus
3208 1235 3442 1289 eosdem
3497 1253 3592 1306 pro
3637 1237 3733 1291 tide
3759 1239 3846 1309 ipse

2213 1323 2564 1389 disseruerit,
2597 1328 2734 1376 nota
2756 1323 2922 1377 faciat
2943 1323 3051 1376 sibi
3084 1323 3286 1392 (Epist.
3325 1327 3443 1388 I94,
3468 1327 3640 1392 11.47).

2284 1414 2340 1465 8.
2371 1411 2425 1464 Si
2457 1428 2568 1483 qua
2590 1427 2680 1464 res
2702 1411 2761 1465 id
2782 1411 3058 1482 temporis
3082 1411 3273 1465 locum
3294 1412 3574 1481 praeberet
3592 1413 3851 1484 Pelagiana:

2213 1500 2445 1553 haeresis
2477 1500 2786 1570 perniciem
2818 1500 3326 1567 commonstrandi,
3360 1501 3694 1572 Augustinus
3711 1519 3765 1556 ea
3781 1520 3852 1573 op-

2214 1588 2565 1657 portunitate
2617 1588 2858 1641 solerter
2897 1589 3166 1642 utebatur
3212 1593 3269 1642 et
3317 1589 3668 1659 perlibenter.
3713 1595 3849 1661 Aptus

2214 1675 2468 1745 quidam,
2523 1675 2675 1730 idem
2717 1676 2812 1729 ille
2850 1676 3086 1730 forsitan
3131 1677 3431 1747 episcopus
3463 1694 3493 1730 e
3520 1683 3668 1748 parte
3695 1679 3848 1734 Donati

2212 1765 2615 1818 Tusurritanus
2642 1765 2866 1825 (Collat.
2894 1766 3179 1832 Carthag.,
3202 1781 3324 1834 cap.
3355 1766 3500 1834 120),
3519 1766 3613 1836 qui
3632 1769 3850 1821 aemulum

2215 1868 2385 1905 suum
2414 1852 2474 1905 in
2505 1853 2818 1906 Collatione
2851 1853 3079 1923 agnovit
3108 1853 3444 1918 Asselicum,
3476 1855 3715 1908 Judaeum
3737 1872 3783 1907 se
3805 1871 3850 1908 ac

2216 1940 2528 1994 Israelitam
2573 1940 2806 1994 vocitari
2850 1925 3106 2007 volebat;
3154 1957 3381 1995 necnon
3421 1942 3700 1997 Judaizare
3735 1944 3853 1998 Chri-

2215 2027 2448 2094 stianos,
2482 2028 2534 2082 id
2582 2034 2683 2093 est,
2726 2029 3011 2083 abstinere
3040 2030 3112 2083 ab
3143 2029 3284 2083 escis
3319 2031 3465 2098 Lege
3495 2030 3783 2100 prohibitis,
3808 2049 3853 2084 ac

2215 2121 2450 2170 caeteros
2493 2116 2755 2171 Iudaicos
2785 2116 2927 2171 ritus
2957 2117 3255 2171 observare
3287 2117 3524 2171 docebat
3551 2119 3731 2188 (Epist.
3765 2123 3852 2185 l96,

2215 2220 2272 2259 η.
2336 2204 2442 2274 l6).
2476 2205 2750 2258 Asellicus
2777 2205 2993 2276 itaque,
3017 2206 3133 2259 sive
3155 2205 3461 2272 Asselicus,
3488 2207 3598 2264 ille.
3626 2206 3721 2259 nisi
3744 2206 3857 2260 falli-

2216 2307 2370 2360 mur,
2402 2294 2442 2346 Τ
2449 2293 2808 2347 usurritanus
2846 2293 3080 2347 antistes
3127 2294 3460 2359 catholicus,
3494 2294 3586 2366 qui
3617 2295 3856 2349 Collationi

2215 2396 2344 2434 cum
2375 2384 2520 2451 Apto
2537 2382 2906 2435 Tusurritano
2938 2383 3200 2453 episcopo
3236 2383 3533 2436 Donatista
3551 2382 3853 2447 adfuit,litte-

2220 2485 2308 2521 ras
2329 2468 2398 2521 de
2419 2469 2652 2524 cavendi
2677 2470 2952 2524 Judaismi
2990 2470 3408 2541 disceptatione
3437 2472 3503 2525 ad
3538 2472 3853 2525 Donatianum

2221 2557 2509 2610 Bizacenee
2556 2559 2860 2628 provincias
2899 2574 3051 2613 anno
3097 2559 3662 2631 quadringentesimo
3686 2559 3856 2613 decimo

2217 2649 2410 2697 octavo
2432 2645 2734 2715 primatem
2761 2645 2949 2700 misit:
2983 2663 3126 2717 quas
3150 2646 3254 2701 iste
3281 2648 3357 2702 ad
3376 2650 3735 2718 Augustinum
3760 2663 3854 2718 per-

2215 2733 2477 2788 ferendas
2509 2735 2744 2797 curavit,
2779 2740 2842 2788 ut
2879 2734 2960 2788 eis
2990 2736 3389 2805 responderet,
3425 2737 3762 2790 vehementer
3783 2735 3855 2787 ob-

2217 2837 2443 2875 secrans
2495 2822 2677 2890 (Ibid.,
2739 2839 2793 2876 n.
2848 2825 2912 2890 l).
2964 2824 3174 2878 Morem
3223 2824 3404 2894 gessit
3450 2825 3782 2894 Augustinus,
3813 2839 3858 2875 ae

2219 2910 2627 2964 demonstravit
2670 2911 3015 2965 Christianos
3064 2928 3194 2966 vere
3238 2914 3472 2967 Iudaeos
3521 2919 3574 2967 et
3617 2914 3857 2971 Israelitas.

2217 2998 2527 3052 Abrahami
2571 3015 2800 3070 quoque
2831 3017 2895 3054 a3
2923 3000 3074 3054 Sarte
3105 2999 3253 3054 tilios
3283 3017 3406 3054 non
3436 3017 3617 3067 carne,
3655 3001 3740 3054 sed
3771 2998 3855 3068 spi-

2217 3084 2334 3138 ritu
2365 3101 2486 3138 esse
2518 3101 2532 3138 :
2565 3101 2670 3138 nec
2694 3091 2886 3164 tamen
2915 3088 3014 3152 eis,
3049 3087 3157 3140 nisi
3187 3103 3426 3158 perraro
3449 3088 3564 3142 haec
3587 3087 3856 3157 usurpanda

2217 3172 2512 3237 vocabula,
2555 3189 2657 3226 nec
2703 3191 2769 3227 ea
2816 3174 3148 3245 quotidiano
3191 3193 3296 3228 usu
3354 3175 3766 3246 frequentanda;
3808 3190 3859 3226 ne

2221 3259 2482 3315 videlicet
2513 3268 2739 3332 recepta
2775 3263 2911 3316 olim
2940 3263 3290 3317 consuetudo
3322 3264 3592 3336 loquendi
3620 3262 3860 3334 perturbe-

2221 3352 2333 3412 tur,
2379 3352 2436 3402 et
2478 3365 2608 3402 cum
2649 3349 2858 3403 Iudaeis
2905 3351 3118 3404 carnali
3164 3353 3536 3421 generatione
3577 3352 3641 3406 de
3667 3350 3858 3405 Abrahae

2221 3434 2397 3504 stirpe
2466 3436 2827 3490 venientibus
2901 3439 3324 3492 confundantur
3379 3439 3670 3495 Christiani
3717 3439 3857 3508 (Ibid,

2217 3538 2274 3576 n.
2308 3521 2466 3591 9-l6)
2503 3539 2515 3575 :
2547 3539 2580 3574 a
2609 3523 2816 3593 quibus
2846 3524 2944 3578 illa
2963 3525 3198 3595 quidem
3223 3542 3404 3596 opera
3434 3527 3611 3597 Legis.
3632 3542 3745 3597 quin
3763 3529 3860 3578 sunt

2218 3609 2277 3664 in
2323 3610 2606 3664 veteribus
2649 3614 3035 3681 sacramentis,
3085 3630 3236 3668 nunc
3284 3617 3531 3669 revelato
3559 3616 3858 3669 Testamento

2217 3715 2383 3765 novo,
2413 3714 2775 3769 nequaquam
2798 3700 3149 3754 observanda
3170 3718 3310 3756 esse.
3339 3707 3414 3757 At
3432 3703 3528 3757 illa
3547 3719 3666 3774 qua:
3681 3702 3729 3755 in
3750 3702 3858 3768 Lege

2220 3787 2297 3839 ita
2322 3790 2606 3856 praecepta
2653 3792 2804 3856 sunt,
2853 3793 2917 3842 ut
2953 3788 3178 3842 valeant
3206 3790 3276 3843 ad
3308 3790 3691 3844 informandos
3717 3801 3858 3841 mores

2218 3874 2496 3935 fidelium,
2516 3855 2608 3927 sic
2635 3855 2963 3944 adcipienda
2987 3879 3043 3930 et
3068 3876 3424 3932 observanda
3457 3879 3635 3944 docet,
3662 3882 3716 3929 ut
3741 3872 3862 3945 quid-

2219 3962 2353 4032 quid
2387 3962 2446 4016 in
2478 3963 2558 4016 eis
2585 3963 2829 4034 quisque
2873 3964 3118 4034 prolicit,
3151 3980 3266 4018 non
3297 3966 3429 4030 sibi,
3463 3967 3556 4020 sed
3585 3964 3759 4035 gratiie
3780 3961 3859 4013 tri-

2217 4051 2556 4118 buat(lbid.,
2586 4068 2642 4105 n.
2684 4054 2808 4106 I-8l.
2844 4053 2980 4106 Nam
3007 4053 3066 4115 ii,
3093 4056 3189 4120 qui
3209 4070 3329 4107 cum
3347 4057 3695 4123 proﬁteantur
3714 4067 3759 4104 se
3778 4062 3858 4101 esse

2217 4140 2575 4204 Christianos,
2600 4141 2712 4208 ipsi
2733 4143 2928 4206 gratiae
2947 4141 3151 4195 Christi
3167 4144 3245 4195 sic
3263 4142 3642 4202 adversantur,
3660 4145 3712 4193 ut
3729 4154 3774 4192 se
3793 4139 3864 4191 hu-

2217 4232 2393 4282 manis
2424 4229 2634 4282 viribus
2663 4229 2853 4283 divina
2881 4232 3188 4285 existiment
3221 4233 3450 4300 implere
3491 4231 3756 4290 mandata;
3783 4242 3860 4280 non

2217 4318 2432 4384 quidem
2474 4321 2702 4380 nomine,
2756 4318 2944 4389 inquit
2971 4323 3195 4372 sanctus
3235 4321 3468 4390 Doctor,
3497 4321 3588 4374 sed
3610 4333 3765 4373 errore
3788 4319 3861 4369 Ju-

2216 4406 2460 4458 daizant.
2494 4407 2604 4460 Hoc
2641 4421 2808 4471 genus
2847 4407 3138 4470 hominum,
3171 4407 3266 4468 ait,
3300 4411 3486 4476 capita
3507 4409 3613 4461 sibi
3636 4405 3863 4460 invenerat

2217 4494 2490 4559 Pelagium
2511 4498 2560 4545 et
2588 4494 2914 4555 Cirlestium.
2937 4496 3232 4562 impietatis
3260 4493 3430 4562 hujus
3451 4500 3722 4551 assertores
3746 4505 3861 4544 acer-

2214 4581 2412 4633 rimos:
2447 4583 2543 4648 qui
2570 4584 2768 4634 recenti
2797 4581 3012 4648 judicio
3056 4584 3167 4647 Dei,
3209 4598 3308 4651 per
3337 4584 3618 4651 diligentes
3652 4587 3697 4635 et
3718 4579 3862 4648 ﬁdeles

2213 4681 2391 4721 servos
2421 4667 2538 4734 ejus
2567 4669 2730 4720 etiam
2760 4669 3026 4722 catholica
3062 4673 3428 4724 communione
3451 4673 3654 4740 privati
3675 4671 3799 4729 sunt,
3825 4669 3860 4714 et

2210 4759 2432 4823 propter
2470 4771 2560 4808 cor
2603 4758 2956 4824 imple—nitens,
2989 4757 3165 4810 adhuc
3194 4760 3252 4811 in
3281 4773 3382 4812 sua
3411 4760 3738 4814 danmatione
3757 4769 3860 4824 per-

2211 4843 2411 4895 sistunt
2434 4841 2618 4910 (Ibi/1.,
2652 4859 2709 4896 η.
2746 4845 2849 4911 I5).

2859 4924 3084 4979 CAPUT
3123 4926 3256 4979 XIV.

2220 5003 2234 5053 I
2270 5001 2427 5053 Anno
2456 5001 2988 5069 quadringentesimo
3022 5004 3222 5057 decimo
3267 5019 3404 5059 nono
3447 5007 3703 5060 Honorius
3731 5015 3858 5056 man-

2282 5077 2469 5131 datum
2491 5081 2734 5147 Aurelio,
2764 5098 2962 5135 necnon
2997 5085 3306 5148 Augustino
3335 5087 3522 5151 mittit,
3547 5101 3646 5154 quo
3670 5079 3863 5152 ίρίςνθρί

2282 5159 2507 5225 quilibet
2521 5160 2937 5240 subscriptiones
2955 5167 3140 5215 contra
3161 5165 3509 5229 Pelagianam
3525 5166 3749 5218 haeresim
3761 5172 3862 5213 suus

2281 5236 2413 5288 dare
2435 5242 2731 5292 teneantur.
2764 5241 2796 5290 ‘2
2822 5236 3082 5306 Prodigia
3108 5244 3452 5311 Jerosolgmae
3476 5245 3702 5311 alibique
3724 5254 3862 5306 nuper

2279 5316 2399 5367 vis‘a
2419 5322 2611 5370 narrat
2629 5319 2969 5383 Augustinus
2991 5321 3046 5371 in
3070 5325 3316 5375 concione
3335 5323 3485 5392 apud
3505 5322 3857 5387 Carthaginem.

2282 5397 2312 5445 3
2341 5395 2695 5461 Hieronymus
2721 5399 3020 5465 Augustini
3049 5415 3228 5453 amore
3250 5404 3492 5455 incensus
3524 5401 3794 5470 praesertim
3811 5393 3859 5445 ob

2274 5473 2585 5538 jugulatam
2615 5477 2789 5542 ipsius
2819 5492 2914 5543 ope
2945 5478 3316 5532 leestianam
3347 5481 3602 5534 haeresim.
3635 5479 3666 5530 4
3700 5479 3857 5534 Aug!“
