4028 6174
156 276 257 328 505
1626 273 1828 329 LIBER
1869 273 2222 330 SEPTIMUS.

219 395 396 447 stinus
424 391 500 444 ad
525 392 853 458 Hesychium
875 392 1217 446 Salonensem
1235 391 1299 445 de
1319 394 1616 461 ﬁnesazculi
1634 395 1843 449 scribit.

219 484 249 531 5
277 480 408 533 Edit
438 479 637 531 librum
663 480 728 531 de
758 480 978 547 Nuptiis
1016 484 1065 531 et
1106 480 1559 547 Concupiscentia
1588 483 1847 549 primum.

221 574 253 621 6
284 569 615 632 Quaestiones
628 572 676 619 et
704 569 1016 621 Locutiones
1029 570 1086 619 in
1108 569 1591 635 Heptateuchum?
1633 572 1851 623 Vincen-

224 658 328 710 tius
348 654 535 709 Victor
550 656 704 708 libris
716 656 781 708 de
792 656 1013 721 Origine
1025 672 1093 707 an
1102 658 1217 708 isz
1228 656 1582 723 redarguitur
1592 658 1660 711 ab
1674 659 1715 713 Α
1727 675 1853 724 ugu—

224 747 384 813 stino,
409 748 459 797 et
479 744 553 796 ad
578 744 1250 813 revocandaperperamab
1263 760 1317 799 se
1339 748 1848 815 dictacompellitur.

219 837 251 886 8
280 834 540 886 Pollentia
566 833 697 885 libri
719 832 784 884 de
812 834 1086 901 Conjugiis
1116 834 1442 889 adulterinis
1470 837 1575 889 duo
1604 837 1851 889 scribun-

218 926 330 974 tur.
364 924 395 973 9
428 922 712 986 Refellitur
753 921 1102 975 adversarius
1142 924 1299 989 Legis
1344 929 1401 977 ‘et
1442 927 1851 993 Prophetarum.

220 1012 267 1061 1.
305 1008 527 1077 Agitari
552 1008 845 1078 superiore
876 1025 1025 1062 anno
1054 1012 1226 1081 cmpit
1259 1013 1477 1083 Apiarii
1507 1029 1696 1077 causa,
1731 1029 1855 1082 pre-

142 1097 365 1165 sbyteri
414 1097 689 1150 nimirum
723 1097 875 1150 illius
926 1098 1218 1165 Siccensis,
1271 1102 1369 1171 qui
1401 1118 1505 1170 per
1562 1102 1852 1155 Urbanum

141 1186 489 1255 episcopum
514 1202 680 1239 suum
699 1187 1238 1253 excommunicatus,
1264 1190 1449 1259 deque
1472 1206 1573 1243 suo
1606 1190 1854 1259 dejectus

140 1274 353 1339 gradu,
390 1274 458 1327 ad
492 1273 863 1343 apostolicam
894 1274 1120 1341 Sedem,
1167 1293 1295 1330 cum
1336 1282 1529 1331 tamen
1573 1278 1629 1331 id
1659 1277 1711 1330 ei
1752 1294 1856 1347 per

140 1361 432 1415 Africanae
489 1361 747 1415 Ecclesiae
788 1364 1227 1416 consuetudines
1270 1371 1369 1419 aut
1418 1365 1569 1435 leges
1616 1365 1853 1419 minime

140 1451 347 1503 liceret
374 1451 600 1519 (Codice
639 1453 924 1504 Canonum
960 1453 1168 1517 Afric.,
1202 1469 1320 1507 can.
1356 1456 1493 1521 123),
1528 1455 1849 1524 appellavit.

144 1541 223 1593 Ea
263 1556 358 1593 res
390 1539 856 1610 disceptationem
889 1540 1036 1593 inter
1076 1543 1395 1596 Romanum
1440 1543 1752 1597 antistitem
1799 1547 1855 1596 et

141 1628 450 1697 episcopos
477 1627 772 1681 Africanos
804 1628 1035 1697 longam
1068 1629 1284 1699 peperit
1318 1646 1379 1683 ac
1428 1632 1850 1700 permolestam,

141 1732 277 1785 quae
320 1718 453 1768 ante
492 1720 785 1769 mortuum
823 1716 1108 1786 superiori
1130 1722 1370 1771 exeunte
1392 1735 1542 1771 anno
1568 1720 1851 1773 Zosimum

143 1804 305 1856 tiniri
334 1819 449 1856 non
489 1804 695 1873 potuit.
726 1804 933 1858 Zosimi
966 1822 1252 1859 successor
1290 1807 1609 1860 Bonifacius
1639 1808 1852 1861 Africa-

142 1908 361 1945 norum
394 1892 603 1961 agendi
630 1893 932 1957 rationem,
964 1898 1020 1947 et
1049 1893 1118 1947 ad
1149 1910 1207 1946 se
1236 1894 1394 1947 datas
1422 1896 1490 1948 ab
1521 1894 1655 1965 ipsis
1705 1894 1851 1947 litte-

142 1996 260 2045 ras,
296 1980 665 2050 quantumvis
690 1997 887 2051 graves
900 1984 1087 2035 essent
1106 1998 1170 2035 ac
1192 1983 1384 2050 fortes,
1409 1984 1853 2054 haudquaquam

142 2069 206 2121 in
226 2069 571 2123 deteriorem
602 2075 821 2139 partem
852 2070 1102 2140 accepit:
1136 2071 1190 2124 id
1224 2071 1506 2142 siquidem
1528 2072 1855 2125 nullatenus

142 2157 469 2227 prohibuit,
502 2158 810 2228 quominus
855 2175 983 2212 cum
1026 2160 1373 2229 Hipponensi
1424 2161 1713 2231 episcopo,
1757 2161 1854 2231 qui

144 2244 569 2299 celebratorum
598 2245 657 2298 in
679 2246 862 2299 Africa
888 2248 957 2300 de
986 2248 1199 2318 Apiarii
1224 2247 1454 2317 negotio
1484 2248 1854 2302 conciliorum

144 2347 285 2401 pars
310 2348 522 2403 magna
549 2325 675 2396 fuit,
692 2335 1169 2389 necessitudinem
1191 2337 1456 2390 habuerit
1485 2336 1851 2406 singularem.

148 2422 251 2475 Hic
282 2427 492 2475 sanctae
525 2423 814 2477 memoriae
842 2441 989 2495 papa
1027 2426 1289 2479 laudatur
1320 2444 1349 2479 a
1374 2427 1672 2495 Prospero,
1706 2426 1855 2496 quod

147 2514 352 2563 contra
383 2510 646 2563 inimicos
680 2512 875 2579 gratiae
918 2512 1015 2566 Dei
1041 2529 1155 2566 non
1179 2513 1364 2566 solum
1396 2514 1729 2567 auctoritate
1758 2531 1857 2567 sua

148 2598 489 2667 apostolica,
540 2600 639 2653 sed
678 2600 848 2653 etiam
900 2602 1338 2671 lmperatorum,
1396 2618 1641 2672 quorum
1682 2603 1858 2673 pietas

151 2686 345 2739 studio
378 2686 533 2739 illius
552 2688 957 2756 opitulabatur,
986 2689 1179 2743 edictis
1211 2690 1391 2759 egerit
1420 2693 1693 2759 (Prosper,
1724 2694 1857 2746 Con-

150 2780 241 2828 tra
277 2776 627 2839 Collatorem,
661 2792 713 2830 η.
750 2778 861 2845 57).
904 2777 1087 2847 Ipsius
1117 2794 1268 2831 curae
1304 2778 1559 2831 fortassis
1591 2779 1730 2832 illud
1763 2779 1857 2833 ad-

148 2863 523 2916 scribendum
570 2864 841 2930 edictum,
885 2866 1035 2936 quod
1066 2866 1318 2931 Aurelio,
1361 2866 1452 2920 die
1498 2867 1698 2937 quinto
1729 2867 1859 2921 idus

146 2952 362 3021 iunias,
398 2968 548 3004 anno
580 2952 1143 3023 quadringentesimo
1172 2954 1391 3008 decimo
1430 2971 1607 3013 nono,
1652 2955 1856 3008 inscri-

148 3045 319 3109 ptum
342 3045 428 3093 est
458 3040 646 3109 (Apud
674 3042 934 3107 August,
970 3045 1145 3111 Epist.
1175 3043 1320 3113 ⁵201).
1360 3043 1639 3097 Honorius
1672 3044 1751 3096 ibi
1783 3044 1857 3096 si-

150 3127 411 3197 gniﬁcat,
443 3129 691 3183 edictum
741 3130 1052 3199 superioris
1083 3132 1215 3185 anni
1261 3132 1530 3186 adversus
1564 3134 1859 3204 Pelagium

154 3224 327 3286 atque
359 3217 687 3271 Coele‘stium
734 3235 767 3271 a
814 3235 871 3272 se
921 3219 1136 3273 recenti
1181 3221 1470 3274 sanctione
1523 3227 1859 3275 renovatum

153 3321 295 3368 esse,
338 3305 627 3375 simulque
657 3307 1046 3377 constitutum,
1078 3313 1142 3361 ut
1173 3308 1429 3379 quisquis
1452 3326 1567 3376 eos,
1591 3326 1862 3381 quocum-

156 3408 266 3462 que
299 3392 535 3446 ditionis
565 3394 815 3447 suzeloco
833 3396 1211 3457 constiterint,
1235 3396 1415 3449 sciens
1434 3412 1544 3449 non
1575 3397 1858 3465 proderet,

156 3487 254 3534 aut
308 3482 641 3551 expelleret,
677 3484 917 3553 ipsemet
961 3484 1019 3537 in
1050 3483 1311 3538 exsilium
1343 3485 1670 3553 pelleretur.
1727 3486 1859 3555 Epi-

158 3587 358 3641 scopos
400 3576 592 3624 autem
624 3572 722 3642 qui
757 3572 995 3626 minime
1028 3572 1424 3626 obniterentur
1455 3573 1655 3625 iisdem
1685 3574 1863 3626 hiare-

158 3658 301 3725 ticis,
335 3664 438 3711 aut
476 3675 604 3712 cum
637 3660 717 3712 eis
746 3659 915 3713 tacite
945 3661 1352 3728 consentirent,
1398 3661 1466 3713 ab
1504 3660 1733 3714 Aurelio
1766 3662 1861 3714 ad-

160 3746 382 3800 moneri
409 3747 575 3816 jubet
605 3747 775 3800 ofﬁcii
814 3746 919 3801 sui.
956 3748 1082 3801 Vult
1113 3748 1266 3818 adigi
1316 3764 1513 3801 omnes
1553 3748 1861 3803 universim

160 3834 441 3887 antistites
474 3835 541 3888 ad
570 3836 1035 3890 subscribendam
1064 3836 1275 3905 Pelagii
1306 3836 1754 3902 damnationem,
1784 3838 1863 3891 ita

162 3929 220 3975 ut
243 3928 572 3977 recusantes
602 3923 876 3992 dignitate
908 3941 1009 3976 sua
1040 3929 1341 3990 exuantur,
1369 3930 1539 3995 atque
1571 3924 1631 3978 in
1660 3941 1861 3995 perpe-

162 4018 321 4065 tuum
346 4011 569 4082 expulsi
598 4012 920 4066 civitatibus
952 4013 1088 4078 suis,
1111 4014 1514 4067 communione
1547 4013 1859 4084 priventur.

166 4101 368 4153 Datum
403 4105 488 4153 est
528 4099 775 4153 edictum
821 4101 974 4154 haud
1015 4101 1270 4154 absimile
1298 4102 1367 4155 ab
1415 4103 1763 4171 lmperatore
1792 4102 1865 4155 ad

166 4188 569 4258 Augustinum,
597 4188 695 4258 qui
724 4188 983 4242 videlicet
1004 4189 1121 4242 suis
1150 4188 1367 4241 meritis
1388 4189 1780 4241 auctoritatem
1811 4192 1867 4241 et

164 4276 644 4330 existimationem
691 4293 818 4329 eam
885 4276 990 4329 sibi
1030 4281 1474 4347 comparaverat,
1538 4281 1597 4329 ut
1650 4276 1864 4330 honore

166 4364 455 4433 primariae
513 4365 632 4419 sedi
686 4366 964 4418 Africana:
1014 4365 1251 4435 proprio
1291 4364 1499 4433 dignus
1538 4363 1861 4418 haberetur.

232 4455 283 4506 ‘2.
326 4452 765 4521 Carthaginensi
795 4452 1035 4505 concilio
1072 4452 1369 4523 praesentis
1416 4451 1553 4505 anni
1598 4468 1728 4505 cum
1769 4453 1864 4505 ad-

169 4541 363 4593 fuisset
411 4541 789 4609 Augustinus,
831 4541 900 4594 ad
941 4541 1040 4593 illa
1078 4540 1313 4594 forsitan
1354 4540 1491 4592 urbe
1530 4539 1866 4610 priusquam

167 4627 366 4688 abiret,
400 4643 728 4681 sermonem
762 4627 823 4681 in
854 4628 1086 4681 basilica
1126 4627 1407 4681 Restituta
1452 4627 1615 4681 illum
1645 4628 1863 4693 habuit,

170 4714 220 4766 in
246 4732 360 4786 quo
383 4715 805 4785 prodigiorum,
828 4732 956 4786 quas
973 4716 1337 4785 Jerosolymze
1358 4732 1529 4782 anno,
1556 4717 1639 4770 uti
1660 4712 1867 4771 docent

168 4803 504 4873 Chronologi
528 4804 1095 4875 quadringentesimo
1121 4804 1341 4857 decimo
1374 4822 1544 4870 nono,
1580 4806 1697 4857 visa
1736 4809 1867 4857 sunt

168 4892 758 4962 tanquamadmodum
792 4893 1105 4947 recentium
1136 4892 1417 4947 meminit.
1444 4893 1659 4947 Ibidem
1693 4893 1864 4945 etiam

168 4984 384 5043 narrat,
428 4980 753 5033 Sitifensem
785 4981 1069 5035 civitatem
1122 4982 1454 5051 gravissimo
1496 4986 1660 5034 terra:
1710 4987 1865 5034 motu

167 5083 493 5122 concussam
526 5068 699 5121 fuisse
732 5070 917 5135 (Serm.
959 5074 1042 5135 19,
1075 5086 1129 5123 η.
1156 5070 1227 5138 6).
1255 5070 1475 5124 Titulus
1506 5070 1717 5123 dictum
1747 5086 1866 5122 esse

167 5156 252 5209 die
287 5158 591 5209 Muneruin
648 5158 871 5227 prodit;
929 5174 991 5210 ex
1039 5174 1150 5228 quo
1188 5158 1452 5227 intelligit
1506 5157 1863 5223 Sirmundus,

164 5245 481 5298 exhibitum
514 5245 622 5298 isto
654 5246 744 5298 die
775 5246 947 5299 fuisse
978 5245 1381 5315 gladiatorium
1413 5250 1699 5299 certamen
1726 5261 1738 5297 :
1770 5246 1867 5296 sed

164 5333 351 5385 minus
380 5350 414 5386 a
445 5350 577 5386 vero
609 5334 897 5398 abhorret,
932 5334 1119 5387 notari
1148 5334 1231 5387 vel
1265 5340 1473 5386 statum
1505 5332 1867 5385 solummodo

165 5421 333 5486 diem,
377 5438 492 5492 quo
524 5421 665 5474 illud
704 5422 841 5474 olim
887 5422 1278 5488 exhibebatur,
1310 5422 1397 5474 vel
1428 5420 1582 5473 aliud
1614 5420 1868 5473 muneris

165 5524 360 5575 genus,
388 5510 545 5579 quod
581 5510 702 5563 loco
741 5511 1064 5577 gladiatorii
1118 5509 1444 5563 certaminis
1476 5508 1727 5562 exhiberi
1763 5524 1867 5560 ραι-

3562 282 3667 335 506

1962 399 2129 465 ptum
2158 395 2328 449 fuerit
2350 395 2418 449 ab
2450 412 2600 449 anno
2631 396 3156 468 quadrigentesimo
3188 401 3378 468 tertio,
3405 407 3502 455 aut
3533 420 3670 474 qua-

1966 483 2416 554 dringentesimo
2448 489 2672 555 quarto,
2706 502 2819 555 quo
2850 487 3191 554 gladiatores
3211 489 3453 541 abolevit
3485 492 3672 543 Hono-

1962 571 2081 625 rius
2113 573 2469 641 (Prudentius,
2500 574 2761 627 adversus
2791 576 3191 643 Symmachum,
3217 577 3310 629 lib.
3342 580 3397 642 ‘2,
3429 585 3477 630 et
3507 579 3664 630 Theo-

1964 660 2198 721 doretus,
2226 663 2363 714 Hist.
2392 662 2678 715 ecclesiast.
2705 663 2800 714 lib.
2827 666 2877 727 5,
2918 678 3045 731 cap.
3080 665 3193 732 25).

2036 752 2085 803 3.
2130 748 2237 812 Qui
2280 749 2676 803 Alexandriam
2719 767 2751 803 a
2790 767 2961 821 supra
3001 756 3317 806 memorato
3369 754 3662 823 Carthagi-

1962 836 2125 890 nensi
2175 837 2411 890 concilio
2472 837 2675 891 missus
2724 842 2807 891 est
2839 840 3202 893 Innocentius
3239 842 3553 911 presbyter,
3605 847 3669 895 ut

1962 940 2124 977 veros
2148 942 2208 978 ac
2235 942 2539 995 germanos
2571 943 2814 979 canones
2840 927 3043 995 synodi
3073 928 3317 982 Nicaenae
3348 930 3418 982 ab
3452 929 3661 999 Cyrillo

1964 1013 2261 1082 reciperet,
2294 1014 2449 1066 idem
2476 1014 2591 1081 ille,
2616 1020 2893 1084 quantum
2916 1016 3241 1084 conjectura
3266 1017 3491 1086 assequi
3513 1017 3663 1081 licet,

1966 1103 2261 1172 epistolam
2298 1104 2431 1156 illuc
2463 1104 2531 1156 ab
2572 1105 2893 1171 Augustino
2925 1111 3118 1158 contra
3153 1106 3485 1175 Pelagianos
3530 1106 3665 1158 scri-

1966 1198 2120 1260 ptam
2152 1192 2371 1244 detulit.
2414 1193 2477 1244 In
2508 1208 2573 1244 ea
2598 1197 2822 1244 sanctus
2854 1193 3059 1245 Doctor
3094 1194 3384 1263 Pelagium
3413 1195 3482 1246 ab
3524 1195 3660 1246 llie-

1962 1296 2205 1348 ronymo
2230 1278 2287 1332 in
2316 1279 2556 1349 dialogis
2588 1280 3007 1348 Scripturarum
3037 1298 3373 1350 oppressum
3391 1282 3659 1345 molibus,

1962 1371 2027 1420 ut
2052 1367 2309 1420 Julianus
2330 1368 2517 1432 tradit,
2546 1368 2891 1437 praedicabat
2926 1370 3133 1436 (Operis
3156 1372 3459 1437 imperfecti
3481 1370 3578 1423 lib.
3607 1373 3659 1431 4,

1964 1472 2085 1524 cap.
2120 1455 2229 1525 88).
2256 1457 2463 1509 Verum
2496 1455 2668 1525 periit
2689 1456 2809 1508 hinc
2842 1456 3099 1525 epistola,
3132 1473 3245 1510 non
3279 1474 3437 1509 secus
3468 1474 3529 1509 ac
3560 1457 3669 1511 alia

1966 1560 2137 1613 quam
2171 1548 2304 1597 tunc
2335 1544 2521 1596 eidem
2554 1544 2885 1596 Innocentio
2916 1544 3199 1597 dederunt
3228 1545 3582 1614 Augustinus
3613 1549 3667 1596 et

1964 1632 2199 1701 Alypius
2266 1632 2663 1701 perferendam
2716 1633 2786 1685 ad
2838 1632 3269 1702 Hieronymum,
3326 1632 3671 1685 sciscitantes

1964 1720 2200 1773 librisne
2241 1720 2531 1791 Pelagiani
2576 1721 2893 1787 cujusdam,
2950 1721 3048 1790 qui
3086 1738 3143 1772 se
3190 1721 3399 1773 Aniani
3444 1721 3668 1775 diaconi

1965 1809 2285 1863 Celedensis
2339 1808 2574 1861 nomine
2632 1808 2867 1871 ferebat,
2929 1809 3197 1861 adversus
3250 1809 3439 1878 ipsum
3506 1808 3670 1861 editis

1964 1896 2369 1965 respondisset.
2416 1897 2553 1947 Nam
2583 1911 2686 1964 per
2716 1896 2977 1948 eumdem
3014 1896 3413 1949 Innocentium
3462 1894 3663 1948 rescri-

1964 1984 2078 2055 psit
2107 1984 2217 2037 illis
2250 1983 2644 2053 Hieronymus,
2698 2000 2800 2053 per
2854 1984 3106 2036 dolorem
3166 1984 3234 2036 ab
3276 1984 3435 2036 obitu
3488 1983 3667 2036 beatae

1968 2071 2252 2125 Eustochii
2276 2076 2590 2142 acceptum,
2612 2072 2667 2125 id
2690 2072 2925 2140 aggredi
2955 2072 3195 2125 necdum
3226 2071 3333 2125 sibi
3379 2071 3665 2140 integrum

1966 2160 2181 2225 fuisse;
2216 2176 2441 2230 sperare
2472 2164 2683 2222 tamen,
2722 2160 2839 2213 fore
2897 2164 2960 2213 ut
3018 2176 3131 2212 non
3184 2176 3393 2227 magno
3438 2158 3668 2229 negotio

1966 2249 2109 2302 illud
2139 2252 2465 2318 przcstaret;
2500 2264 2561 2300 ac
2592 2248 2743 2317 ipsos
2774 2247 3150 2301 nihilominus
3180 2252 3405 2317 gratum
3440 2246 3545 2299 sibi
3595 2246 3669 2299 fa-

1967 2342 2177 2396 cturos,
2210 2336 2256 2389 si
2286 2337 2395 2389 hoe
2426 2336 2632 2389 laboris
2678 2335 2737 2388 in
2778 2352 2834 2388 se
2864 2336 3075 2389 vellent
3123 2336 3394 2405 recipere.
3446 2334 3669 2388 Eisdem

1967 2423 2207 2488 Albinae,
2260 2422 2505 2489 Piniani,
2549 2423 2799 2477 Melania:
2842 2440 2903 2476 ac
2936 2424 3125 2477 Paulze
3155 2422 3399 2493 junioris
3431 2422 3664 2476 nomine

1969 2512 2209 2565 salutem
2233 2511 2369 2565 dicit
2400 2512 2586 2580 (Apud
2617 2513 2874 2577 August,
2906 2514 3079 2580 Epist.
3114 2514 3238 2577 202,
3272 2529 3326 2565 η.
3362 2510 3437 2580 2).
3476 2510 3673 2565 Hiero-

1968 2618 2175 2667 nymus
2204 2616 2354 2652 anno
2384 2600 2645 2669 sequenti
2674 2599 2941 2669 migravit
2958 2600 3025 2653 ad
3059 2616 3310 2668 superos.
3338 2602 3449 2653 Hac
3480 2600 3670 2668 itaque

1969 2694 2194 2741 sanctus
2224 2688 2527 2756 Presbyter
2555 2688 2795 2757 epistola
2834 2704 2954 2752 sua,
2980 2691 3042 2739 ut
3076 2687 3311 2740 Baronio
3342 2686 3525 2739 visum
3557 2691 3660 2751 est,

1968 2776 2192 2840 ultima,
2224 2775 2485 2829 ultimam
2519 2776 2604 2827 sui
2634 2775 2694 2827 in
2724 2779 2947 2828 sanctos
2977 2774 3103 2827 illos
3133 2774 3426 2844 episcopos
3456 2773 3667 2827 amoris

1970 2864 2415 2918 declarationem
2466 2862 2744 2915 contineri
2793 2861 2973 2915 voluit
3022 2862 3083 2914 in
3118 2862 3240 2915 haec
3280 2861 3484 2914 verba:
3530 2861 3671 2913 Mihi

1969 2955 2109 3005 enim
2154 2954 2326 3006 omnis
2365 2950 2573 3005 occasio
2618 2953 2932 3017 gratissima
2980 2954 3078 3006 est.
3130 2966 3230 3018 per
3278 2964 3441 3016 quam
3500 2948 3673 3001 scribo

1969 3046 2157 3096 vestra:
2176 3044 2499 3095 Reverentia:
2524 3061 2537 3107 ;
2563 3045 2743 3094 testem
2764 3042 3017 3093 invocans
3051 3042 3232 3105 Deum,
3260 3038 3402 3107 quod
3428 3040 3478 3090 si
3494 3044 3673 3105 posset

1968 3134 2109 3200 ﬁeri,
2140 3133 2435 3199 assumptis
2466 3132 2569 3183 alis
2595 3129 2865 3195 columbae,
2895 3130 3089 3181 restris
3112 3127 3451 3196 amplemibus
3480 3127 3673 3194 impli—

1971 3235 2159 3278 carer:
2188 3234 2395 3287 semper
2426 3218 2642 3286 quidem
2688 3233 2787 3286 pro
2815 3218 3003 3269 merito
3032 3218 3295 3269 virtutum
3348 3219 3672 3274 vestrarum,

1971 3309 2064 3362 sed
2113 3323 2253 3361 nunc
2306 3309 2559 3371 maxime,
2618 3308 2750 3374 quia
2801 3305 3232 3373 cooperatoribus
3272 3308 3321 3355 et
3366 3302 3673 3356 auctoribus

1970 3395 2119 3448 vobis
2151 3396 2366 3449 haeresis
2387 3396 2703 3450 Cozlestiana
2723 3394 2983 3462 jugulata
3017 3398 3095 3446 est
3120 3392 3300 3459 (lbid.,
3329 3408 3383 3444 η.
3422 3392 3490 3460 1).

2043 3485 2095 3537 4.
2141 3484 2488 3552 Augustinus
2556 3483 2625 3535 ad
2674 3480 3013 3550 Hesychium
3072 3480 3313 3542 Salonae,
3374 3495 3501 3548 qum
3544 3479 3675 3531 Dal-

1972 3571 2162 3625 matia!
2195 3570 2525 3640 metropolis
2548 3575 2651 3635 est,
2680 3568 3013 3635 antistitem,
3036 3567 3251 3620 litteras
3280 3565 3503 3618 circiter
3525 3566 3675 3618 hunc

1973 3676 2190 3713 annum
2220 3658 2400 3712 dedit.
2440 3659 2580 3711 Nam
2607 3672 2721 3727 quo
2748 3661 3002 3725 tempore
3042 3655 3093 3707 ei
3126 3653 3363 3723 scripsit,
3403 3670 3470 3706 eo
3494 3654 3615 3723 jam
3646 3670 3674 3705 a

1975 3747 2181 3801 Christi
2206 3746 2500 3800 nativitate
2539 3744 2675 3798 anni
2704 3744 2881 3798 ferme
2921 3741 3323 3814 quadringenti
3373 3746 3428 3795 et
3452 3740 3674 3811 viginti,

1975 3836 2045 3889 ab
2076 3834 2228 3888 illius
2277 3839 2467 3886 autem
2497 3832 2909 3887 resurrectione
2939 3832 3023 3883 vel
3052 3830 3377 3883 ascensione
3408 3830 3536 3899 plus
3568 3830 3676 3883 mi-

1974 3939 2081 3977 nus
2133 3922 2371 3976 trecenti
2426 3922 2735 3991 nonaginta
2791 3919 3247 3972 numerabantur
3295 3916 3493 3987 (Epist.
3557 3921 3674 3983 199,

1974 4029 2030 4065 τι.
2053 4012 2169 4079 ‘20).
2212 4011 2589 4081 Superstitem
2622 4008 2792 4061 etiam
2828 4008 3232 4077 Hieronymum
3270 4006 3453 4059 adhuc
3506 4005 3677 4058 fuisse

1978 4100 2281 4153 obscurum
2316 4116 2425 4151 non
2456 4102 2541 4150 est
2571 4100 2768 4167 (Epist.
2810 4099 2929 4160 197,
2970 4111 3064 4147 nn.
3096 4098 3140 4157 1,
3177 4098 3225 4157 5,
3260 4099 3308 4146 et
3340 4095 3519 4161 Epist.
3556 4096 3675 4157 198,

1975 4204 2067 4243 nn.
2116 4191 2163 4253 1,
2200 4191 2274 4254 7).
2322 4186 2688 4255 Contigerant
2717 4200 2783 4237 eo
2816 4188 3074 4253 tempore
3115 4181 3375 4252 qumdam
3414 4180 3676 4249 prodigia

1976 4276 2180 4344 (Epist,
2246 4276 2362 4339 198,
2422 4289 2476 4325 η.
2529 4276 2592 4336 5;
2641 4272 2990 4333 Philastrius,
3056 4271 3140 4335 12,
3192 4270 3255 4331 8;
3313 4267 3547 4331 Idacius,
3606 4267 3679 4319 ίιιΙ

1977 4377 2179 4414 annum
2232 4364 2371 4426 418;
2430 4360 2772 4414 Marcellinus
2825 4364 2874 4412 et
2953 4355 3245 4424 Prosper);
3322 4354 3451 4407 hinc
3503 4371 3677 4424 porro

1980 4448 2253 4518 Hesychio
2305 4452 2437 4501 nata
2481 4447 2698 4501 occasio
2738 4447 2961 4500 videtur
3007 4444 3078 4498 ad
3142 4442 3526 4513 Augustinum
3576 4459 3679 4512 per

1979 4554 2157 4590 unum
2198 4554 2227 4590 e
2268 4537 2382 4589 suis
2426 4535 2787 4606 presbyteris,
2847 4534 2937 4587 cui
2975 4547 3185 4585 nomen
3225 4531 3497 4596 Cornuto,
3540 4530 3676 4583 scri-

1976 4626 2166 4690 bendi,
2189 4630 2252 4679 ut
2272 4626 2511 4679 disceret
2541 4642 2607 4679 ex
2639 4641 2727 4688 eo,
2764 4621 3045 4691 numquid
3076 4618 3367 4673 novissimi
3398 4619 3678 4673 adventus

1980 4715 2205 4768 Domini
2234 4720 2459 4783 tempus
2493 4714 2795 4767 imminere
2814 4726 2927 4763 non
2959 4713 3184 4778 putaret
3208 4708 3411 4777 :idque
3439 4708 3575 4760 satis
3597 4708 3679 4761 in-

1978 4802 2273 4873 telligitur,
2308 4803 2497 4872 ipsum
2550 4798 2889 4869 Hesychium
2937 4797 3085 4850 idem
3135 4796 3275 4849 illud
3336 4800 3564 4865 tempus
3614 4813 3677 4848 ex

1979 4892 2337 4962 septuaginta
2387 4889 2634 4944 Danielis
2704 4885 3175 4949 hebdomadibus,
3231 4900 3372 4954 quas
3430 4882 3677 4935 secundo

1978 4981 2247 5034 adventui
2278 4978 2483 5033 Christi
2514 4974 2999 5040 accommodabat,
3034 4989 3233 5026 eruere
3259 4970 3531 5025 voluisse:
3566 4986 3679 5040 qua

1979 5069 2047 5122 de
2080 5085 2139 5121 re
2162 5066 2546 5137 Augustinum
2574 5062 2913 5116 sententiam
2940 5062 3203 5132 rogabat.
3234 5060 3373 5113 Huic
3388 5057 3681 5128 sapientis-

1979 5157 2156 5209 simus
2192 5155 2399 5207 Prazsul
2432 5169 2536 5223 per
2564 5151 2829 5205 eumdem
2863 5150 3259 5221 presbyterum
3298 5145 3616 5215 respondit,
3650 5160 3681 5196 a

1979 5244 2198 5297 ratione
2228 5242 2480 5295 alienum
2519 5238 2718 5302 videri,
2745 5255 2869 5291 eam
2904 5254 3024 5291 rem
3056 5253 3333 5308 qumrere,
3366 5249 3535 5303 quam
3559 5232 3679 5301 ipse

1980 5331 2234 5385 Christus
2257 5335 2461 5383 tectam
2495 5344 2614 5381 esse
2645 5326 2917 5380 voluisset
2941 5343 2953 5391 ;
2978 5342 3164 5395 neque
3187 5322 3341 5375 aliud
3365 5320 3679 5390 quidquam

1980 5418 2187 5471 certius
2227 5418 2294 5470 de
2328 5418 2436 5470 hoc
2467 5415 2743 5470 aflirmari
2794 5431 2977 5485 posse,
3025 5412 3133 5465 nisi
3165 5408 3316 5479 quod
3356 5406 3680 5475 evangelica

1986 5508 2069 5558 lex
2098 5506 2350 5557 nondum
2388 5522 2487 5574 per
2519 5504 2715 5558 orbem
2755 5504 3076 5555 universum
3110 5502 3253 5549 esset
3294 5494 3675 5565 promulﬂalﬂ.
