4028 6174
410 240 512 293 507

412 360 492 414 De
521 356 885 429 septuaginta
925 360 1115 413 autem
1152 354 1521 412 hebdomadis
1563 370 1684 410 non
1729 354 1987 410 dubitare
2025 371 2105 422 se,

413 447 555 519 quin
609 463 703 500 eas
753 446 824 501 de
870 446 1058 517 primo
1108 446 1357 501 adventu
1404 444 1767 515 interpretari
1801 447 2105 515 oporteret.

414 536 557 590 Cum
585 551 716 589 vero
745 535 816 588 ab
842 535 1140 605 Hesychia,
1171 539 1235 589 ut
1254 534 1481 588 easdem
1502 532 1586 587 illi
1608 535 1938 604 exponeret,
1963 534 2112 586 esset

413 628 671 694 rogatus,
703 623 773 677 ad
802 640 955 690 eum,
987 624 1138 694 quod
1155 623 1530 692 Hieronymus
1549 622 1608 675 in
1630 621 1916 678 Danielem
1941 637 2113 692 super

415 711 619 766 eodem
640 712 763 765 loco
793 715 1213 765 commentatus
1238 711 1443 775 fuerat,
1466 709 1639 775 misit,
1667 713 1868 781 petens
1888 713 1952 764 ut
1972 708 2112 781 quid

416 798 529 870 ipsi
566 799 633 854 de
670 798 775 852 hoc
813 799 1121 865 videretur,
1164 798 1271 852 sibi
1314 797 1667 852 rescriberet.
1711 796 1962 868 Epistola
2008 797 2113 851 hoc

412 886 800 959 pulcherrimo
856 886 970 940 fine
1007 885 1325 940 clauditur:
1366 887 1582 940 Mallem
1640 886 1857 955 quidem
1908 903 2109 954 eorum,

416 992 533 1043 quae
559 992 594 1029 a
621 990 702 1029 me
738 976 1038 1045 inquisisti,
1072 975 1266 1028 habere
1311 976 1607 1041 scientiam,
1637 991 1801 1046 quam
1851 977 2111 1043 ignoran-

416 1065 692 1127 tiam;sed
719 1067 849 1134 quia
880 1063 940 1117 id
972 1063 1211 1117 nondum
1256 1066 1457 1132 patuit,
1501 1066 1678 1132 magis
1707 1065 1843 1131 eligo
1898 1069 2113 1119 cautam

412 1155 779 1219 ignorantiam
815 1155 1074 1222 conﬁteri,
1116 1169 1280 1222 quam
1316 1154 1519 1220 falsam
1548 1155 1829 1208 scientiam
1870 1156 2115 1223 proﬁteri

414 1242 614 1309 (Epist.
681 1244 802 1310 197,
857 1257 922 1295 n.
991 1240 1063 1309 εἰ).
1130 1242 1321 1294 Exstat
1397 1240 1749 1311 Hesychiana
1820 1241 2114 1313 responsio

416 1330 601 1398 (Apud
638 1330 899 1397 August.,
940 1331 1116 1397 Epist.
1150 1330 1297 1398 198),
1330 1345 1509 1401 eaque
1541 1329 1717 1384 ferme
1744 1331 1802 1384 in
1840 1330 1947 1384 hoc
1988 1347 2115 1385 ver-

417 1423 594 1484 satur,
618 1423 683 1472 ut
699 1434 887 1488 neque
908 1416 1081 1483 diem,
1105 1433 1293 1488 neque
1324 1434 1538 1472 annum
1560 1418 1763 1488 judicii
1784 1423 1984 1474 notum
2015 1420 2114 1473 ha-

415 1506 552 1560 bere
582 1522 685 1559 nos
736 1522 923 1575 posse,
982 1522 1345 1577 nequaquam
1389 1511 1481 1560 eat
1509 1506 1767 1573 inﬁcias;
1808 1506 2116 1561 contendat

417 1609 551 1647 vero
582 1594 840 1664 ejusdem
862 1597 1089 1664 tempus
1119 1595 1367 1664 quodam
1396 1595 1564 1649 modo
1594 1595 1698 1649 sub
1724 1599 1978 1649 nostram
2014 1612 2113 1649 ca-

417 1682 551 1736 dere
573 1682 982 1751 cognitionem,
997 1682 1112 1736 imo
1128 1682 1300 1737 etiam
1321 1699 1424 1737 nos
1444 1683 1516 1737 ad
1538 1683 1678 1738 illud
1700 1683 2113 1755 explorandum

416 1769 596 1823 teneri
627 1770 938 1824 adstrictos.
971 1771 1113 1824 Tum
1146 1770 1299 1825 addit
1352 1787 1421 1825 ex
1450 1771 1744 1842 prodigiis,
1778 1787 1906 1842 quas
1938 1787 2112 1842 appa-

416 1861 674 1923 ruerant,
722 1858 963 1929 aliisque
1012 1858 1427 1913 calamitatibus
1481 1876 1546 1914 ac
1589 1860 1773 1927 bellis,
1834 1876 1962 1931 quae
2000 1859 2115 1914 illis

416 1945 773 2015 temporibus
795 1945 1065 1999 continuo
1082 1944 1412 2015 saeviebant,
1434 1946 1882 2018 haudquaquam
1898 1951 2114 2001 temere

414 2033 694 2100 concludi,
727 2033 869 2087 illud
891 2034 1013 2104 jam
1044 2050 1162 2088 non
1200 2050 1320 2088 esse
1352 2035 1801 2089 remotissimum
1830 2051 1843 2089 :
1871 2037 2115 2106 populos

416 2125 630 2189 autem,
664 2121 765 2192 qui
794 2122 967 2176 fidem
995 2123 1270 2176 hactenus
1310 2122 1556 2193 amplexi
1584 2139 1702 2177 non
1739 2122 1988 2192 fuerant,
2042 2125 2115 2179 ad

417 2226 544 2264 eam
572 2210 724 2264 intra
754 2210 1001 2280 spatium
1063 2226 1181 2264 non
1220 2210 1297 2264 ita
1347 2227 1622 2280 magnum
1678 2211 1885 2266 adduci
1926 2229 2114 2283 posse.

418 2298 580 2361 Quod
614 2297 685 2351 ad
731 2297 1090 2368 septuaginta
1132 2298 1540 2363 hebdomadas,
1577 2298 1986 2370 Hieronymum
2040 2302 2119 2356 ait

417 2385 562 2441 nihil
601 2384 863 2451 definire,
904 2390 1102 2456 utpote
1132 2385 1192 2439 in
1219 2386 1325 2439 hoc
1364 2387 1603 2441 dubium
1636 2405 1699 2441 ac
1723 2388 2114 2444 ﬂuctuantem.

416 2474 500 2529 Ad
544 2478 863 2528 extremum
928 2474 1019 2541 iis,
1068 2475 1168 2545 qui
1211 2476 1438 2530 easdem
1480 2476 1669 2546 primo
1711 2476 1978 2531 adventui
2016 2478 2117 2532 ad-

417 2566 699 2632 aptarent,
741 2562 1132 2617 difficultatem
1163 2579 1338 2617 unam
1377 2564 1641 2635 opponit,
1671 2580 1844 2634 quam
1877 2564 2114 2621 diluant.

421 2650 580 2704 Hisce
637 2650 844 2704 litteris
893 2651 1248 2722 Augustinus
1314 2651 1555 2723 epistola
1592 2653 1772 2707 altera
1818 2654 2120 2724 respondet

421 2740 620 2807 (Epist.
659 2741 819 2808 l99):
859 2755 923 2793 ac
951 2740 1206 2809 primum
1235 2740 1495 2795 omnium
1525 2741 1874 2797 desiderium
1915 2742 2117 2798 adven-

416 2831 508 2880 tus
547 2826 827 2881 Dominici
859 2827 929 2882 ab
980 2826 1353 2899 inquisitione
1377 2828 1675 2899 temporis,
1705 2845 1820 2901 quo
1859 2830 1955 2885 ille
1998 2832 2116 2894 tiet,

417 2914 759 2985 distinguit;
799 2917 1043 2971 alterum
1074 2917 1148 2971 ad
1179 2917 1629 2972 Christianorum
1663 2919 1915 2974 officium
1945 2920 2121 2990 perti-

418 3019 554 3058 ncre
594 3005 823 3074 docens,
857 3006 1102 3060 alterum
1148 3007 1452 3078 Evangelia
1491 3007 1815 3075 adversari;
1863 3009 2118 3080 quando-

356 3160 363 3165 _
420 3092 651 3162 quidem
680 3109 852 3147 nemo
882 3094 988 3148 sibi
1035 3111 1303 3164 arrogare
1344 3094 1513 3149 debet
1541 3095 1929 3165 cognitionem
1970 3113 2118 3164 eam,

420 3196 595 3250 quam
633 3181 916 3251 Apostolis
965 3183 1084 3235 suis
1122 3186 1388 3252 negatam
1439 3183 1693 3237 Christus
1735 3184 1932 3239 voluit.
1980 3186 2122 3241 Dein

421 3268 633 3323 fatetur
670 3268 906 3339 quidem
937 3286 969 3323 a
1014 3270 1235 3323 Christo
1286 3276 1422 3324 nato
1476 3270 1677 3326 horam
1726 3272 2117 3341 novissimam,

422 3356 529 3410 hoc
557 3359 661 3424 est,
689 3359 1007 3410 extremum
1028 3361 1259 3427 tempus
1288 3357 1379 3429 agi
1404 3362 1497 3425 ;at
1514 3374 1646 3411 vero
1666 3358 1943 3428 quamdiu
1968 3358 2119 3413 idem

420 3444 858 3517 pmducendum
905 3444 997 3507 sit,
1046 3444 1336 3516 ignorari;
1380 3444 1620 3516 perinde
1676 3445 1854 3500 errari
1911 3447 1982 3501 ab
2041 3448 2120 3501 eis

419 3549 606 3604 posse,
639 3533 739 3605 qui
797 3533 1085 3589 Christum
1126 3534 1309 3604 brevi,
1366 3538 1537 3606 atque
1595 3534 1665 3588 ab
1707 3534 1789 3588 eis
1832 3534 1931 3606 qui
1960 3536 2119 3591 tarde

419 3626 724 3677 venturum
753 3622 1051 3676 crederent
1079 3639 1092 3688 ;
1125 3638 1333 3694 eosque
1362 3622 1643 3677 tutissime
1690 3622 1895 3693 facere,
1949 3628 2120 3695 atque

420 3710 492 3763 ab
546 3709 851 3781 Evangelia
883 3711 1144 3765 recedere
1183 3711 1439 3783 propius,
1480 3710 1580 3782 qui
1621 3728 1655 3765 a
1693 3712 2119 3783 pronuntiando

420 3813 591 3867 super
642 3814 709 3852 ea
754 3814 817 3851 re
856 3798 1235 3854 abstinerent:
1271 3799 1557 3855 affirmare
1597 3805 1789 3855 autem
1832 3801 2121 3856 Christum

420 3885 753 3955 propediem
784 3886 1140 3953 adfuturum,
1170 3888 1451 3958 siquidem
1477 3888 1705 3942 nonnisi
1725 3893 1855 3958 post
1883 3891 2120 3960 longum

424 3970 789 4025 intervallum
830 3978 977 4027 esset
1016 3979 1309 4041 venturus,
1340 3976 1729 4045 periculosum
1770 3994 1926 4044 esse;
1969 3980 2119 4031 cala-

424 4058 647 4114 mitates
677 4064 733 4114 et
764 4060 916 4115 bella
944 4061 1088 4116 nihil
1115 4062 1325 4117 distare
1347 4063 1417 4117 ab
1448 4064 1549 4131 eis,
1586 4081 1713 4136 quae
1744 4066 1849 4120 sub
1870 4066 2122 4121 Gallieno

422 4150 593 4218 atque
623 4147 749 4201 aliis
779 4150 1135 4221 temporibus
1164 4151 1281 4205 visa
1308 4151 1564 4207 fuerant:
1598 4153 1777 4223 signis
1801 4153 1963 4222 item,
1993 4171 2124 4225 qum

422 4236 823 4307 vulgabantur,
882 4238 1025 4294 nihil
1083 4238 1266 4293 inesse
1323 4245 1536 4312 praeter
1580 4258 1801 4296 morem
1852 4243 2119 4298 solitum:

420 4340 608 4396 neque
636 4326 811 4382 etiam
842 4344 874 4381 a
904 4329 1124 4383 ratione
1154 4328 1408 4384 alienum
1450 4330 1647 4397 videri,
1683 4348 1812 4402 qua:
1842 4348 2014 4402 super
2058 4348 2124 4386 ea

423 4427 483 4466 re
514 4414 785 4485 leguntur
819 4416 878 4471 in
907 4417 1232 4488 Evangelia,
1264 4418 1336 4472 ad
1368 4418 1722 4474 intellectum
1765 4420 2124 4491 spiritualem

423 4502 735 4559 traducere.
767 4506 850 4560 Ad
883 4512 1201 4561 extremum
1230 4508 1543 4573 contendit,
1569 4508 1626 4562 id
1666 4510 1823 4580 quod
1851 4525 1885 4563 a
1915 4509 2124 4563 Davide

422 4593 855 4658 pronuntiatum
887 4601 991 4662 est,
1022 4598 1094 4650 In
1114 4612 1320 4651 omnem
1343 4603 1545 4651 terram
1564 4599 1735 4650 exivit
1763 4612 1923 4651 sonus
1944 4613 2125 4651 eorum

425 4678 593 4745 (Psal.
643 4697 798 4749 xvm,
846 4684 921 4754 5),
970 4702 1071 4739 sua
1130 4690 1294 4740 (etate
1358 4701 1473 4739 non
1516 4686 1689 4739 fuisse
1750 4688 2123 4755 completum,

424 4767 635 4822 nedum
665 4768 839 4825 fuerit
882 4774 1218 4842 Apostolicis
1247 4774 1620 4845 temporibus.
1658 4775 1837 4845 Hujus
1888 4773 1995 4828 loci
2033 4791 2125 4829 oc-

423 4854 648 4910 casione
680 4858 862 4927 docet,
896 4860 1142 4917 Africam
1168 4863 1487 4917 innumeris
1517 4862 1773 4917 barbaris
1798 4862 2127 4918 nationibus

424 4942 618 5009 incoli,
642 4945 852 5015 quibus
877 4948 1146 5004 hactenus
1180 4951 1550 5021 Evangelium
1588 4952 1948 5021 incognitum
1979 4968 2121 5016 esse,

423 5048 493 5085 ex
530 5031 600 5085 iis
627 5033 727 5104 qui
757 5034 996 5089 Romam
1038 5036 1099 5092 in
1148 5039 1475 5093 servitutem
1526 5039 1659 5093 inde
1694 5039 2127 5093 abducebantur

424 5122 855 5191 deprehendere
884 5124 1142 5194 quotidie
1168 5126 1375 5181 licebat
1405 5129 1599 5196 (Epist.
1630 5130 1751 5193 199,
1790 5143 1844 5180 n.
1872 5128 1979 5196 46).

496 5216 548 5266 5.
582 5212 949 5282 Nuncupatos
980 5212 1175 5266 comiti
1202 5214 1420 5269 Valerio
1450 5216 1624 5270 libros
1655 5216 1723 5269 de
1753 5216 1976 5286 Nuptiis
2003 5220 2124 5269 Au-

424 5300 686 5369 gustinus
717 5302 777 5355 in
816 5300 934 5355 suis
964 5301 1481 5358 Hetructationibus
1511 5304 1760 5358 secundo
1792 5308 1918 5375 post
1960 5307 2125 5358 Gesta

424 5404 555 5443 cum
569 5389 835 5456 Emerita,
851 5405 979 5460 quae
992 5388 1063 5443 ad
1077 5404 1295 5443 annum
1319 5390 1955 5462 quadringentesimum
1978 5391 2125 5446 deci-

426 5490 584 5533 mum
612 5483 873 5533 octavum
900 5478 1211 5549 pertinent,
1233 5478 1355 5531 loco
1372 5484 1625 5533 recenset
1646 5480 1901 5551 (Retract.
1925 5482 1961 5534 l.
1992 5481 2047 5545 2,
2074 5496 2120 5533 c.

1628 232 1801 290 VITA
1840 232 1902 288 s.
1948 228 2335 289 AUGUSTINI
2373 226 2713 285 EPISCOPI.
3761 240 3835 293 50,

2224 351 2328 424 53).
2359 352 2474 424 Ipsi
2501 352 2702 408 beatus
2728 351 2938 407 Doctor
2961 350 3187 423 saepius,
3239 356 3296 407 et
3316 351 3459 408 forte
3480 353 3593 426 jam
3616 357 3680 413 ab
3727 376 3838 417 anno

2219 442 2789 515 quadringentesimo
2833 441 3055 496 decimo
3084 441 3325 513 septimo
3358 442 3655 513 scripserat,
3694 448 3753 501 ab
3792 465 3840 504 eo

2220 533 2379 587 nulla
2409 531 2781 603 responsione
2806 531 3182 598 resalutatus;
3211 531 3365 603 quod
3393 532 3445 586 ei
3471 533 3841 593 sollicitudinem

2222 620 2473 692 aliquam
2504 620 2812 675 afferebat:
2846 619 2945 673 sed
2970 618 3203 674 tandem
3247 619 3544 690 aliquando
3570 622 3731 677 tribus
3754 627 3845 695 ejus

2223 708 2474 782 epistolis
2494 708 2697 764 eodem
2722 708 2902 762 ferme
2921 711 3181 779 tempore
3209 706 3545 762 exhilaratus
3566 715 3673 777 est;
3700 712 3847 781 prima

2222 798 2331 853 sibi
2351 813 2456 869 per
2474 796 2888 852 Vindemialem
2903 794 3235 868 episcopum
3262 795 3497 862 reddita,
3523 812 3688 868 neque
3705 801 3847 855 multo

2221 892 2353 960 post
2381 888 2628 942 secunda
2676 891 2733 943 et
2760 886 2931 941 tertia
2960 902 3065 957 per
3116 885 3369 941 Firmum
3419 886 3787 958 presbyterum,
3827 908 3850 943 ι

2223 993 2338 1047 quo
2355 976 2498 1031 Sixti
2519 976 2734 1030 litteras
2762 974 2953 1029 medio
2967 974 3191 1028 circiter
3205 990 3360 1029 anno
3380 979 3506 1045 post
3530 975 3848 1047 quadringen-

2222 1064 2492 1120 tesimum
2508 1062 2729 1118 decimo
2758 1067 2956 1117 octavo
2987 1066 3300 1133 receperat,
3313 1078 3589 1133 quemque
3613 1064 3850 1119 hominem

2226 1152 2326 1207 Dei
2356 1151 2563 1206 vocitat
2595 1152 2787 1221 (Epist.
2815 1152 2943 1216 200,
2970 1165 3026 1204 n.
3088 1150 3158 1221 1).
3203 1149 3487 1221 Comperit
3523 1165 3585 1204 eo
3625 1154 3847 1221 tempore,

2221 1256 2286 1294 ac
2311 1239 2457 1293 forte
2486 1238 2658 1293 etiam
2687 1254 2751 1291 ex
2795 1236 3000 1292 eodem
3029 1236 3127 1291 illo
3163 1236 3517 1307 presbytero,
3559 1234 3786 1291 incidisse
3808 1237 3850 1291 in

2222 1326 2431 1382 Valerii
2451 1342 2655 1382 manus
2665 1325 3206 1381 commentationem
3236 1324 3537 1396 quamdam
3551 1323 3849 1394 Pelagianam

2222 1415 2333 1487 ipsi
2362 1415 2446 1470 illi
2470 1414 2664 1470 comiti
2702 1414 3057 1485 inscriptam,
3089 1429 3204 1485 qua
3231 1413 3604 1483 Augustinum
3630 1413 3851 1483 originale

2225 1508 2525 1577 peccatum
2574 1504 2883 1558 astruendo
2959 1502 3188 1573 nuptias
3241 1502 3512 1556 damnare
3556 1500 3848 1572 jactitabaut.

2222 1593 2489 1659 Quamvis
2516 1591 2771 1648 Valerius
2794 1591 3143 1646 calumniam
3183 1590 3345 1644 illam
3374 1590 3486 1645 ﬁde
3527 1589 3852 1644 robustissima

2222 1680 2505 1748 irrisisset,
2536 1680 2891 1752 Augustinus
2918 1685 3115 1734 tamen
3152 1678 3473 1734 doctrinam
3500 1677 3731 1732 Ecclesiae
3756 1694 3852 1732 ran-

2221 1773 2312 1825 tra
2350 1769 2634 1841 ejusmodi
2689 1768 3151 1824 criminationem
3204 1767 3317 1822 sibi
3353 1766 3735 1823 defendendam
3766 1783 3852 1820 esse

2222 1859 2463 1930 putavit.
2502 1860 2615 1913 Hac
2640 1858 2817 1929 igitur
2845 1858 2915 1912 de
2946 1874 3115 1912 causa
3144 1856 3402 1928 primum
3432 1855 3724 1925 composuit
3745 1855 3849 1909 duo-

2224 1964 2352 2002 rum
2382 1948 2685 2016 librorum,
2715 1963 2857 2018 quos
2885 1950 2961 2001 De
3004 1947 3229 2015 Nuptiis
3260 1950 3312 1999 et
3350 1946 3755 2013 Concupisccntia
3789 1943 3853 1996 in-

2224 2036 2466 2107 scripsit.
2500 2037 2565 2089 In
2591 2037 2697 2089 hoc
2728 2051 2857 2106 quas
2887 2034 3000 2088 sint
3019 2033 3354 2104 nuptiarum
3375 2034 3521 2087 bona
3549 2032 3852 2093 demonstrat,

2225 2126 2347 2180 haec
2377 2124 2730 2194 distinguens
2759 2140 2794 2177 a
2820 2122 3303 2194 concupiscentia,
3336 2138 3506 2194 quam
3535 2137 3645 2175 esse
3670 2121 3852 2185 malum,

2225 2230 2345 2269 non
2371 2214 2439 2267 de
2471 2212 2807 2283 nuptiarum
2837 2215 3058 2278 natura,
3091 2210 3190 2265 sed
3230 2211 3293 2265 in
3325 2210 3551 2281 nuptias
3578 2224 3637 2263 ex
3661 2206 3854 2262 hominis

2227 2307 2457 2375 peccato
2487 2302 2805 2357 derivatum
2830 2301 3031 2356 docet:
3061 2316 3176 2372 quo
3207 2306 3404 2355 tamen
3433 2300 3577 2354 malo
3602 2296 3853 2369 conjugalis

2226 2391 2497 2463 pudicitia
2524 2391 2673 2445 bene
2703 2390 2888 2445 utitur
2914 2390 2985 2444 ad
3013 2389 3331 2444 liberorum
3366 2386 3791 2459 procreationem.
3812 2385 3852 2436 ld

2226 2480 2416 2552 operis
2436 2484 2566 2551 post
2593 2478 2888 2549 Pelagium
2910 2483 3082 2550 atque
3104 2478 3433 2533 leestium
3452 2477 3722 2532 damnatos
3743 2474 3854 2529 lucu-

2226 2568 2428 2633 bravit,
2459 2567 2716 2638 illudque
2746 2566 3100 2638 nuncupavit
3128 2567 3354 2621 Valerio
3380 2565 3585 2627 comiti,
3611 2569 3717 2617 tum
3742 2561 3855 2632 quod

2232 2656 2385 2712 idem
2408 2655 2773 2726 scriptionem
2795 2672 2829 2710 a
2847 2654 3168 2727 Pelagianis
3188 2654 3303 2709 sibi
3324 2654 3590 2709 directam
3603 2651 3854 2723 recepisset:

2227 2751 2353 2801 tum
2375 2746 2530 2817 quod
2559 2744 2698 2816 ipsis
2727 2744 2840 2799 illis
2866 2744 3146 2799 hmreticis
3175 2748 3504 2799 constanter
3536 2758 3596 2797 ac
3621 2740 3858 2796 efficaciter

2231 2835 2528 2889 restitisset
2555 2854 2570 2902 ;
2596 2838 2720 2888 tum
2751 2833 3000 2904 denique
3020 2833 3174 2905 quod
3201 2833 3560 2904 conjugalem
3587 2830 3854 2885 castitatem.

2229 2940 2358 2996 quas
2389 2923 2456 2977 ad
2484 2923 2723 2993 hujusce
2737 2921 3140 2993 disputationis
3155 2926 3565 2993 argumentum
3582 2915 3856 2991 pertinebat.

2230 3012 2443 3067 coleret
2477 3026 2653 3082 quam
2692 3009 3048 3065 severissime
3078 3011 3174 3079 (De
3204 3012 3433 3080 Nuptiis
3471 3014 3517 3063 et
3546 3008 3855 3075 Concupiscet:-

2231 3103 2329 3166 tia,
2363 3100 2456 3156 lib.
2500 3104 2553 3167 1,
2588 3115 2642 3153 η.
2685 3100 2767 3168 Ei).
2808 3098 3062 3154 Remotis
3091 3098 3245 3152 enim
3277 3099 3453 3153 tantis
3487 3096 3745 3152 rationum
3769 3107 3857 3146 mo-

2230 3188 2466 3256 mentis,
2501 3188 2943 3259 haudquaquam
2973 3187 3021 3241 is
3072 3190 3209 3251 erat,
3245 3187 3351 3257 qui
3380 3185 3498 3240 viro
3544 3201 3606 3239 ea
3647 3180 3857 3252 dignitate

2229 3277 2560 3348 conspicuo,
2582 3292 2801 3331 necnon
2832 3276 3108 3346 impedito
3139 3276 3411 3346 negotiis,
3442 3275 3605 3329 libros
3633 3288 3745 3326 suos
3778 3283 3857 3321 non

2228 3366 2443 3438 petenti
2473 3365 2840 3433 obtruderet;
2873 3364 3027 3436 quod
3056 3364 3455 3435 impudentia,
3485 3377 3647 3435 quam
3676 3355 3857 3414 urbani-

2229 3455 2349 3517 tati.
2390 3454 2627 3526 propius
2671 3454 3045 3508 existimabat.
3095 3453 3330 3508 Librum
3363 3454 3512 3507 hunc
3542 3448 3752 3522 epistola
3791 3461 3857 3498 εο-

2230 3544 2431 3599 mitata
2460 3547 2545 3598 est
2567 3543 2803 3598 laudum
2834 3543 3091 3613 ejusdem
3120 3541 3352 3596 comitis
3402 3542 3585 3613 plena,
3618 3539 3670 3595 in
3697 3551 3787 3608 quo
3808 3548 3856 3586 ne

2230 3631 2484 3687 veritatis
2522 3630 2730 3685 limites
2778 3630 3134 3697 transilierit,
3181 3630 3498 3685 verendum
3543 3643 3651 3682 non
3685 3628 3769 3679 est.
3794 3622 3856 3676 Et-

2230 3720 2387 3775 enim
2403 3722 2791 3790 praaterquam
2813 3717 2966 3789 quod
2988 3717 3132 3773 nihil
3153 3722 3274 3772 erat
3302 3719 3428 3789 ejus
3456 3716 3706 3771 charitate
3726 3708 3858 3778 magis

2231 3808 2543 3874 sincerum,
2594 3808 2783 3878 ipsum
2834 3810 3112 3877 praeterea
3149 3822 3373 3873 cavere,
3421 3809 3485 3860 ut
3521 3804 3633 3876 ipse
3659 3802 3857 3857 testatur.

2233 3897 2555 3967 oportebat,
2582 3912 2653 3950 ne
2684 3894 3064 3965 suspicionem
3086 3894 3379 3950 adulantis
3402 3894 3695 3949 incurreret
3710 3887 3856 3958 (Epist.

2230 3987 2353 4046 200,
2387 3999 2447 4037 η.
2484 3985 2554 4051 1).
2591 3984 2658 4037 Et
2686 3998 2881 4036 revera
2916 3982 3207 4053 Pelagiani
3234 3982 3374 4037 hinc
3420 3979 3739 4036 occasionem
3761 3969 3861 4026 arri—

2230 4075 2481 4144 puerunt
2518 4070 2794 4141 jactandi,
2828 4070 2994 4125 illum
3023 4087 3138 4125 non
3166 4070 3279 4124 alio
3311 4069 3550 4125 consilio
3579 4065 3785 4121 scribere
3806 4056 3857 4111 ad

2231 4159 2538 4214 militarem
2554 4158 2764 4228 virum,
2796 4157 2907 4213 nisi
2923 4162 2987 4213 ut
3003 4159 3127 4229 ejus
3149 4159 3468 4229 potentiam
3479 4157 3723 4213 adversus
3744 4149 3858 4220 ipsos

2232 4247 2544 4303 concitaret
2572 4248 2775 4317 (Operis
2806 4248 3114 4317 imperfecti
3139 4248 3233 4302 lib.
3268 4250 3325 4313 2,
3351 4264 3473 4318 cap.
3508 4246 3604 4313 14).

2303 4338 2355 4389 6.
2388 4335 2545 4389 Inter
2572 4334 2825 4406 primum
2850 4335 3003 4389 hunc
3046 4335 3259 4389 librum
3290 4336 3366 4390 ad
3397 4332 3687 4393 Valerium,
3720 4329 3768 4379 et
3798 4336 3859 4375 se-

2231 4422 2483 4477 cundum
2514 4422 2582 4477 ad
2625 4422 2914 4492 eumdem,
2942 4423 3295 4494 Augustinus
3327 4423 3391 4478 in
3417 4410 3861 4478 Retractationibus

2233 4511 2349 4565 suis
2376 4527 2491 4566 non
2510 4527 2751 4582 parvum
2768 4510 3048 4566 librorum
3070 4527 3381 4566 numerum
3400 4507 3673 4579 interjicit.
3695 4504 3859 4557 Horum

2231 4600 2404 4671 primi
2427 4604 2577 4665 sunt,
2603 4599 2664 4653 in
2684 4603 2901 4671 septem
2928 4600 3148 4671 primos
3176 4599 3389 4655 divinae
3419 4598 3705 4667 Scriptores
3731 4588 3862 4644 libros

2232 4687 2471 4743 totidem
2531 4687 2902 4743 Locutionum
2956 4687 3114 4757 libri,
3169 4688 3378 4760 quibus
3408 4693 3465 4743 et
3509 4688 3706 4755 septem
3758 4671 3862 4728 alioS

2232 4773 2623 4838 Quaestionum
2641 4774 2701 4829 in
2720 4774 2956 4829 eosdem
2967 4774 3188 4829 divinos
3202 4774 3378 4829 libros
3390 4762 3858 4854 adjunxithetr‘l‘f‘

2234 4864 2326 4918 lib.
2349 4867 2403 4929 2,
2426 4878 2586 4933 capp.
2619 4864 2705 4932 54,
2740 4863 2847 4932 55).
2880 4863 3251 4918 Incumbebat
3278 4863 3479 4918 eodem
3507 4866 3740 4927 tempore
3761 4851 3864 4902 utri-

2233 4968 2345 5021 que
2375 4952 2557 5022 operi.
2592 4951 2789 5006 Libros
2817 4951 3233 5019 Quaestionum,
3265 4968 3397 5022 qua:
3431 4951 3489 5005 in
3524 4935 3863 5030 Locutioniblts

2232 5055 2349 5094 non
2378 5039 2553 5093 semel
2582 5038 2846 5103 citantur,
2898 5038 3219 5109 composuit
3267 5038 3506 5109 legendo
3532 5036 3730 5089 sanctas

2232 5131 2427 5197 pturas
2449 5126 2675 5195 (Quasi.
2718 5129 2776 5181 in
2804 5108 3231 5196 Heptateuchum
3260 5108 3354 5181 lib.
3388 5130 3440 5194 2,
3473 5125 3649 5193 quast.
3674 5120 3766 5178 62;
3791 5108 3860 5163 lib.

2233 5219 2284 5282 6,
2328 5220 2517 5284 qua’st.
2563 5218 2671 5281 29;
2702 5215 2797 5272 lib.
2829 5220 2883 5283 7,
2917 5220 3107 5285 quaest.
3139 5216 3229 5280 49,
3262 5217 3345 5281 5t)
3377 5221 3433 5268 et
3472 5210 3617 5267 varia
3664 5204 3859 5272 Septua‘

2233 5303 2393 5373 ginta
2422 5304 2802 5373 interpretum
2851 5302 3199 5373 exemplaria
3243 5299 3599 5363 conferendo,
3627 5287 3862 5349 interdum

2233 5391 2407 5446 etiam
2436 5391 2724 5463 adjuncta,
2755 5407 2887 5448 cum
2931 5390 3287 5446 versionibus
3326 5390 3542 5461 Aquilae
3569 5400 3627 5439 ac
3653 5383 3861 5463 ὅντιν’

2235 5480 2349 5548 chi,
2393 5457 2750 5535 traductione
2784 5497 2852 5534 ex
2898 5480 3125 5534 hebmo
3163 5479 3359 5549 (Ibid.,
3391 5457 3492 5533 tib.
3547 5478 3594 5537 t,
3644 5457 3861 5530 ΡνκῙαί·)ι
