4028 6174
164 248 270 300 309

168 361 506 434 Hieronymi
559 361 703 417 banc
746 377 867 416 esse
917 376 1032 416 non
1076 359 1437 438 dubitamus;
1484 362 1711 434 quando
1765 362 1874 417 alia

169 455 329 508 nulla
358 453 465 505 hoc
495 451 661 506 titulo
685 451 942 505 exstabat
971 450 1122 521 apud
1143 449 1386 515 Latinos,
1414 455 1617 505 etcum
1637 452 1878 520 Vulgata

168 547 365 598 nostra
383 541 633 594 editione
647 539 1010 594 consentiunt
1023 555 1087 592 ea
1105 555 1235 609 quas
1257 555 1323 592 ex
1336 539 1533 593 eadem
1558 540 1651 593 illa
1664 541 1878 610 profert

171 629 528 701 Augustinus
555 628 968 698 (Quaestionum,
1001 630 1057 680 in
1086 629 1437 696 Heptateuch.
1472 629 1508 683 ι.
1543 630 1871 697 5,qu.20;l.

177 725 230 786 6,
262 724 448 790 quaest.
482 723 538 782 7,
576 721 659 784 15,
697 721 778 779 19,
814 719 901 782 24,
925 720 1024 784 2ὄ;
1055 717 1175 782 1.7,
1210 722 1421 784 quaistt.
1446 721 1536 783 2|,
1565 721 1671 780 ὃὸ).
1697 718 1878 788 Igitur

172 825 304 863 cum
335 824 401 862 ea
431 806 651 860 ratione
670 806 975 876 Scriptura:
1005 811 1230 858 vacaret
1249 805 1476 858 lectioni
1507 807 1707 860 statuit
1728 807 1877 876 apud

170 914 254 961 se,
285 895 568 968 quidquid
593 893 942 948 difﬁcultatis
973 897 1313 960 occurreret,
1337 894 1548 948 chartis
1572 894 1872 960 mandare;

169 989 480 1039 contentus
510 982 740 1037 interim
773 981 1050 1036 nonnulla
1090 982 1383 1048 adnotare,
1434 983 1641 1036 cursim
1672 999 1878 1053 expen-

166 1079 307 1128 dere
332 1072 465 1137 alia,
488 1076 544 1126 et
565 1088 630 1124 ea
645 1071 922 1125 duntaxat
948 1070 1236 1141 expedire,
1255 1087 1385 1141 quae
1405 1071 1680 1141 longioris
1699 1087 1877 1125 mora:

164 1179 293 1216 non
345 1161 691 1231 indigerent.
740 1160 1096 1231 Quapropter
1146 1161 1686 1215 commentationem
1733 1162 1877 1215 hanc

165 1250 571 1314 Quaestionum
597 1249 760 1302 titulo
788 1249 968 1302 voluit
991 1248 1320 1319 inscriptam
1358 1266 1370 1304 :
1405 1250 1626 1304 tametsi
1649 1250 1876 1303 illarum

166 1341 469 1410 pleraeque
501 1338 582 1392 ibi
612 1337 690 1391 sic
716 1338 1019 1407 disputata:
1049 1337 1432 1408 reperiantur,
1463 1342 1529 1392 ut
1559 1338 1784 1393 abunde
1815 1339 1880 1392 il-

164 1430 430 1482 lustratm
462 1428 890 1498 enucleatazque
918 1426 1098 1479 videri
1129 1431 1361 1498 queant.
1386 1427 1494 1481 Sed
1517 1443 1585 1480 ne
1609 1427 1721 1481 illae
1750 1428 1876 1499 qui-

166 1518 328 1584 dem,
371 1533 514 1587 quas
553 1516 762 1586 scripto
808 1515 1150 1584 consignare
1189 1515 1324 1568 satis
1371 1516 1591 1581 habuit,
1641 1516 1877 1570 omnino

166 1621 275 1659 sua
304 1605 548 1659 utilitate
580 1604 1149 1670 destituuntur;cum
1181 1603 1250 1657 sit
1280 1604 1604 1658 inveniendi
1627 1604 1877 1671 initium,

167 1693 311 1764 quid
346 1692 807 1762 investigandum
837 1691 906 1744 sit
937 1707 1298 1761 cognoscere.
1343 1693 1601 1762 Coeperat
1629 1692 1880 1745 inlibros

170 1784 396 1852 Regum
421 1781 621 1835 eadem
650 1781 930 1834 rationem
955 1780 1276 1850 inquirere;
1311 1785 1362 1834 at
1381 1797 1510 1834 cum
1533 1780 1797 1834 nonnihil
1820 1780 1880 1834 in

170 1885 242 1922 eo
274 1870 474 1923 labore
524 1869 916 1940 promovisset,
961 1886 1093 1922 eum
1133 1870 1203 1923 ab
1241 1869 1340 1922 illo
1389 1869 1652 1940 quaedam
1697 1869 1881 1939 magis

177 1957 504 2011 necessaria
546 1962 882 2011 revocarunt
913 1958 1177 2026 (Retract.
1217 1958 1310 2011 lib.
1345 1961 1398 2023 2,
1441 1975 1560 2026 cap.
1716 1974 1768 2010 η.
1810 1961 1875 2026 1).

172 2045 345 2110 Quod
391 2062 524 2099 vero
565 2045 635 2099 ad
665 2046 838 2099 libros
881 2046 1270 2109 Locutionum,
1320 2047 1573 2099 collectio
1604 2051 1687 2099 est
1717 2047 1882 2116 phra-

173 2135 330 2187 sium
360 2133 668 2204 Scriptura:
697 2133 1088 2204 propriarum,
1117 2149 1246 2204 qure
1277 2150 1395 2187 non
1426 2134 1674 2201 aliunde,
1708 2149 1881 2204 quam

175 2239 246 2276 ex
277 2222 500 2276 ratione
532 2223 817 2292 modoque
844 2222 1132 2276 idiomatis
1162 2223 1334 2292 grmci
1365 2223 1449 2276 vel
1481 2223 1716 2288 hebrazi,
1748 2239 1880 2292 pro-

179 2315 501 2376 fluxerunt;
553 2328 680 2382 quae
710 2311 970 2366 videlicet
998 2327 1128 2366 cum
1161 2312 1220 2365 in
1259 2311 1433 2365 latina
1471 2312 1881 2366 consuetudine

177 2401 376 2454 minus
407 2401 625 2454 usitatas
657 2401 790 2466 sint,
816 2400 1165 2454 occasionem
1190 2401 1447 2471 praebent
1466 2416 1667 2471 parum
1691 2401 1758 2453 ad
1770 2417 1884 2453 ver-

178 2489 455 2556 tentibus,
498 2490 576 2544 ibi
616 2491 897 2560 quosdam
931 2489 1197 2559 mysticos
1226 2505 1426 2544 sensus
1462 2489 1744 2560 captandi.
1778 2490 1885 2553 Qui

179 2595 590 2647 nonnunquam,
645 2580 737 2638 ait.
771 2583 999 2632 sanctus
1043 2579 1269 2645 Doctor,
1309 2581 1631 2647 exsculpunt
1669 2579 1886 2647 aliquid

181 2667 329 2735 quod
366 2683 400 2720 a
437 2670 664 2721 veritate
707 2667 923 2736 quidem
960 2682 1068 2720 non
1107 2667 1427 2732 abhorreat;
1466 2683 1569 2721 non
1619 2673 1796 2720 tamen
1828 2667 1886 2720 id

181 2758 412 2809 sensisse
423 2762 628 2821 auctor,
643 2772 790 2824 aquo
803 2757 897 2810 hoc
915 2756 1008 2809 hoc
1020 2758 1281 2824 scriptum
1294 2760 1388 2819 est,
1408 2758 1678 2809 invenitur
1691 2757 1884 2823 (Ibid.,

181 2860 303 2915 cap.
355 2845 467 2914 54).
517 2846 742 2898 Putavit
787 2843 966 2913 igitur
1011 2844 1080 2898 ad
1120 2844 1522 2913 intelligendos
1562 2846 1712 2898 locos
1743 2845 1884 2898 bene

182 2933 418 2998 multos,
458 2933 665 3004 quibus
702 2933 916 3004 aliquid
959 2932 1320 2986 obscuritatis
1350 2932 1534 2985 inesse
1567 2933 1880 2998 videbatur,

183 3021 332 3075 nihil
362 3021 518 3075 aliud
549 3023 780 3092 requiri,
826 3038 999 3094 quam
1039 3039 1153 3093 quo
1186 3038 1355 3074 sensu
1391 3021 1447 3076 in
1491 3022 1616 3076 aliis
1645 3038 1886 3092 usurpa-

183 3115 391 3164 rentur
435 3110 571 3163 locis
609 3126 853 3181 quorum
885 3110 1179 3180 expeditus
1218 3115 1364 3163 esset
1409 3110 1745 3175 intellectus,
1793 3111 1890 3163 ob-

186 3215 434 3264 servare,
484 3203 545 3252 ut
574 3198 725 3252 idem
773 3214 1004 3269 quoque
1056 3199 1244 3252 minus
1294 3197 1459 3251 claris
1507 3198 1888 3251 locutionibus

187 3286 674 3340 accommodetur.
709 3287 876 3340 Dedit
913 3287 1032 3357 ipse
1070 3302 1306 3356 operam
1337 3287 1706 3356 excerpendis
1737 3289 1888 3356 ejus-

188 3377 347 3430 modi
375 3375 644 3444 loquendi
675 3375 873 3429 formis
899 3391 999 3429 seu
1028 3375 1332 3452 idiotismis
1355 3391 1419 3428 ex
1451 3375 1708 3446 quinque
1731 3375 1888 3429 libris

190 3464 398 3534 Moysis
428 3470 483 3518 et
513 3481 577 3518 ex
623 3466 791 3518 Iosue
841 3481 902 3518 ac
954 3463 1278 3529 Judicibus;
1331 3464 1482 3517 unde
1535 3469 1750 3535 septem
1808 3465 1888 3518 illi

190 3552 343 3619 libri,
379 3553 479 3623 qui
529 3553 901 3607 Locutionum
946 3553 1112 3606 titulo
1152 3552 1564 3618 inscribuntur,
1609 3558 1888 3607 constant.

193 3643 488 3696 Interdum
527 3643 752 3696 easdem
802 3642 1115 3697 locutiones
1150 3643 1548 3696 tantummodo
1597 3642 1889 3708 exscribit;

193 3731 480 3785 interdum
510 3746 641 3784 vero
673 3731 952 3786 enucleat.

259 3825 316 3874 7.
361 3817 682 3873 Memoratis
737 3817 1129 3883 Quaestionum
1183 3834 1245 3871 ac
1305 3819 1681 3873 Locutionum
1736 3818 1894 3872 libris

192 3908 423 3978 subjieit
465 3912 711 3978 quatuor
740 3907 868 3960 illos
913 3907 1206 3960 occasione
1238 3907 1520 3961 Vincentii
1566 3907 1802 3960 Victoris
1833 3907 1891 3960 in

196 3999 380 4051 lucem
413 3996 608 4061 editos,
643 3996 742 4066 qui
770 3999 842 4050 De
871 3996 1072 4050 Anima
1105 4001 1153 4049 et
1187 3996 1302 4063 ejus
1331 3998 1539 4063 origine
1569 3996 1893 4049 inscribun-

194 4092 286 4140 tur
310 4085 509 4156 (Ibid.,
541 4101 661 4154 cap.
687 4087 795 4147 56.)
831 4085 960 4137 Erat
987 4083 1079 4137 hic
1109 4083 1440 4137 Vincentius
1462 4084 1650 4136 Victor
1664 4083 1894 4154 juvenis

196 4175 252 4228 in
283 4173 627 4228 Mauritania
665 4172 1010 4226 Czesareensi
1058 4176 1245 4239 natus,
1278 4177 1335 4225 et
1363 4188 1432 4224 ex
1471 4172 1894 4241 Rogatistarum

198 4263 463 4327 factione,
497 4278 626 4332 quae
657 4261 1080 4314 Donatistarum
1110 4259 1390 4330 particula
1415 4264 1471 4312 et
1495 4259 1734 4312 scissura
1755 4264 1895 4326 erat,

196 4352 265 4404 ad
295 4350 602 4406 Ecclesiam
627 4367 931 4404 conversus
957 4366 969 4404 :
995 4349 1096 4420 qui
1117 4364 1248 4401 cum
1278 4348 1432 4416 apud
1450 4349 1681 4401 Petrum
1702 4363 1899 4417 quem-

198 4440 328 4494 dam
345 4439 746 4509 presbyterum
774 4438 1088 4508 }lispanum
1108 4441 1274 4500 esset,
1299 4436 1496 4489 incidit
1517 4435 1572 4488 in
1595 4435 1899 4505 Augustini

198 4528 782 4595 commentationem,
829 4544 942 4597 qua
996 4527 1091 4579 Vir
1147 4531 1375 4579 sanctus
1421 4523 1703 4577 fatebatur
1749 4524 1898 4593 (qua:

199 4617 378 4688 ipsius
410 4621 532 4670 erat
562 4617 854 4684 modestia)
889 4616 1151 4684 ignorare
1177 4631 1256 4679 se,
1283 4630 1352 4667 an
1383 4628 1579 4666 omnes
1602 4612 1807 4666 animus
1829 4613 1899 4665 ab

200 4720 308 4757 una
350 4703 555 4757 Adami
583 4703 775 4757 anima
817 4707 1292 4774 propagarentur,
1324 4718 1465 4756 anve
1499 4701 1740 4767 singulis
1771 4700 1899 4770 qui-

200 4792 417 4862 busque
447 4791 777 4846 hominibus
800 4792 1166 4858 nascentibus
1203 4790 1456 4860 singulas
1482 4791 1630 4843 Deus
1653 4794 1900 4855 crearet;

199 4882 440 4935 minime
491 4885 682 4934 tamen
722 4881 1004 4948 dubitare,
1036 4879 1178 4950 quin
1209 4879 1398 4932 anima
1437 4878 1668 4948 spiritus
1713 4882 1899 4942 esset,

200 4986 310 5024 non
342 4985 570 5038 corpus.
608 4969 904 5040 Displicuit
934 4986 999 5022 ex
1040 4983 1207 5038 (equo
1248 4966 1478 5033 Victori,
1517 4971 1573 5020 et
1601 4966 1756 5037 quod
1793 4968 1898 5019 Au-

199 5059 466 5128 gustinus
486 5075 605 5112 non
632 5058 861 5112 doceret
891 5058 1010 5111 sine
1041 5056 1398 5110 cunctatione
1429 5055 1566 5126 quid
1597 5056 1666 5108 de
1696 5055 1901 5106 animm

199 5149 422 5219 origine
463 5147 778 5202 tenendum
819 5147 911 5212 sit,
949 5148 1044 5200 sed
1076 5144 1547 5216 propagationem
1579 5143 1900 5196 animarum

199 5237 570 5291 verisimilem
597 5253 715 5290 esse
729 5237 987 5301 duceret;
1009 5235 1230 5305 etquod
1247 5233 1452 5288 animm
1466 5237 1727 5286 naturam
1741 5231 1904 5283 inclu-

201 5326 452 5380 bitanter
482 5326 696 5380 diceret
728 5326 1148 5394 incorpoream.
1177 5325 1319 5391 Ergo
1350 5323 1496 5376 hanc
1517 5321 1578 5374 in
1599 5336 1717 5373 rem
1742 5320 1904 5372 binos

203 5414 295 5468 ille
326 5414 398 5468 ad
429 5413 698 5467 eumdem
731 5415 962 5467 Petrum
983 5411 1384 5481 presbyterum
1409 5410 1599 5470 libros.
1627 5407 1723 5461 sed
1750 5408 1901 5461 Pela-

201 5503 386 5574 gianis
416 5502 640 5572 aliquot
663 5501 888 5570 placitis
914 5500 1153 5570 aliisque
1183 5497 1471 5552 erroribus
1497 5497 1752 5563 refertos,
1776 5512 1904 5548 con-

1616 240 1829 298 LIBER
1870 239 2238 298 SEPTIMUS.

3571 254 3676 307 510

1985 361 2212 434 scripsit
2235 364 2324 433 (De
2353 365 2557 420 Anima
2603 369 2652 419 et
2689 366 2804 434 ejus
2835 368 3058 436 origine,
3093 369 3187 422 lib.
3234 373 3287 437 3,
3317 387 3373 424 n.
3396 372 3467 437 2).
3502 372 3685 426 Caesa-

1983 469 2096 506 rem
2112 457 2246 506 tunc
2265 453 2468 523 agebat
2488 455 2736 508 Renatus
2758 457 3070 509 monachus
3094 458 3348 525 (Retract.
3368 459 3462 512 lib.
3481 463 3534 522 2,
3560 476 3679 529 cap.

1985 543 2092 608 56),
2125 541 2273 596 idem
2303 543 2447 595 forte
2479 543 2575 613 qui
2617 548 2811 597 sancto
2841 545 3160 614 Augustino
3200 545 3258 598 in
3302 547 3500 600 eadem
3541 548 3682 600 urbe

1985 631 2174 700 Optati
2204 631 2271 685 de
2305 631 2512 686 animate
2555 633 2776 702 origine
2817 633 3162 704 inquirentis
3204 635 3500 704 epistolam
3532 644 3682 689 anno

1985 719 2548 790 quadringentesimo
2574 721 2793 776 decimo
2825 727 3018 775 octavo
3049 723 3380 777 exhibuerat
3417 741 3428 778 :
3467 724 3514 777 is
3547 741 3683 794 ergo

1983 807 2114 861 licet
2145 825 2210 861 ex
2239 809 2509 864 laicorum
2538 810 2757 874 ordine,
2793 811 2906 864 fide
2936 816 3128 865 tamen
3153 813 3461 866 admodum
3487 813 3683 867 ortho-

1983 897 2148 963 doxa,
2175 913 2305 950 cum
2338 897 2534 964 libros,
2579 915 2823 969 quorum
2859 899 3177 954 doctrinam
3212 901 3450 954 minime
3478 902 3682 971 proba-

1984 983 2099 1050 bat,
2120 989 2171 1038 et
2199 985 2478 1056 infquibus
2505 988 2884 1056 Augustinum
2901 987 3133 1057 indigne
3156 987 3412 1042 habitum
3434 989 3682 1050 videbat,

1986 1073 2333 1140 offendisset,
2367 1091 2462 1126 eos
2503 1074 2806 1144 diligenter
2834 1075 3143 1145 descriptos
3173 1077 3241 1129 ad
3275 1076 3437 1130 illum
3468 1077 3686 1130 curavit

1984 1161 2224 1231 perferri
2254 1162 2353 1230 (De
2380 1164 2582 1216 Anima
2611 1168 2659 1215 et
2695 1164 2810 1230 ejus
2845 1167 3072 1230 origine,
3102 1165 3195 1218 lib.
3231 1169 3282 1230 2,
3315 1181 3368 1219 n.
3407 1169 3425 1219 1
3453 1183 3464 1231 ;
3500 1165 3592 1218 lib.
3632 1169 3681 1229 1,

1984 1265 2040 1302 n.
2068 1251 2178 1319 35).
2209 1249 2404 1303 Libros
2437 1251 2665 1304 eosdem
2695 1251 2950 1305 Caesarea
2979 1252 3302 1320 Hipponem
3322 1253 3684 1306 transmissos

1987 1338 2178 1390 aestiva
2215 1342 2571 1408 tempestate,
2613 1339 2842 1392 nonnisi
2873 1344 3122 1393 extremo
3163 1345 3354 1394 tamen
3385 1346 3680 1402 autumno,

1987 1427 2201 1496 accepit
2228 1427 2608 1497 Augustinus;
2630 1443 2759 1481 cum
2775 1428 3034 1481 videlicet
3058 1445 3163 1497 per
3182 1433 3364 1482 totum
3383 1429 3523 1482 illud
3547 1435 3685 1483 tem-

1987 1533 2115 1587 pus,
2148 1516 2221 1569 ob
2257 1516 2380 1570 iter
2413 1517 2724 1586 quodpiam
2759 1516 2922 1569 nobis
2967 1517 3344 1586 incognitum,
3397 1517 3682 1570 abfuisset.

1989 1605 2088 1659 Hic
2116 1605 2342 1659 solitam
2365 1610 2420 1658 et
2442 1605 2782 1675 sapientiam
2803 1611 2858 1657 et
2875 1605 3256 1658 humilitatem
3280 1605 3532 1658 exhibuit
3558 1621 3685 1658 san-

1988 1697 2108 1746 ctus
2150 1694 2355 1746 Doctor
2401 1709 2413 1747 :
2468 1710 2594 1763 qum
2626 1693 2684 1746 in
2725 1710 2784 1746 se
2829 1694 3019 1746 Victor
3048 1709 3346 1764 aggressus
3377 1699 3514 1751 erat.
3547 1693 3685 1746 boni

1987 1779 2296 1846 consuluit,
2329 1779 2830 1850 gratissimumque
2860 1780 3078 1846 habuit,
3108 1781 3259 1850 quod
3290 1797 3418 1834 cum
3440 1781 3535 1834 ille
3553 1797 3685 1833 sen-

1987 1867 2167 1922 tentia
2196 1867 2265 1920 ab
2291 1884 2348 1920 se
2381 1867 2698 1935 dissideret,
2723 1873 2970 1921 mentem
3013 1885 3172 1921 suam
3197 1869 3531 1922 declarasset
3551 1869 3686 1922 scri-

1989 1955 2097 2026 ptis
2128 1955 2302 2008 etiam
2345 1955 2537 2010 editis.
2579 1955 2827 2009 Rebatur
2864 1955 3018 2009 enim
3052 1956 3214 2009 illum
3247 1956 3483 2010 forsitan
3510 1957 3688 2010 bene-

1987 2043 2250 2097 volentiae
2289 2060 2458 2097 causa
2503 2043 2559 2098 id
2604 2044 2825 2112 fecisse,
2865 2049 2928 2098 ut
2973 2044 3163 2115 ipsum
3194 2044 3262 2098 ab
3311 2034 3522 2110 errore,
3575 2061 3688 2115 quo

1990 2132 2172 2185 teneri
2208 2132 2520 2202 judicabat,
2571 2132 2884 2203 expediret.
2931 2133 3072 2186 Nam
3107 2133 3213 2186 sibi
3261 2149 3387 2186 eam
3429 2133 3687 2202 regulam

1991 2220 2086 2273 Vir
2115 2225 2338 2273 sanctus
2376 2220 2769 2286 constituerat,
2818 2225 2881 2274 ut
2921 2221 3144 2292 quoties
3192 2221 3449 2274 animum
3499 2221 3688 2290 cujus-

1991 2325 2163 2379 quam
2194 2308 2385 2362 minus
2421 2310 2778 2379 exploratum
2818 2309 3074 2375 haberet,
3109 2309 3231 2378 ejus
3260 2309 3560 2363 consilium
3589 2325 3690 2379 po-

1991 2398 2104 2449 tius
2135 2397 2477 2466 approbaret
2496 2402 2769 2467 tanquam
2794 2398 3034 2466 bonum,
3067 2413 3240 2468 quam
3267 2413 3370 2467 pro
3394 2397 3542 2450 malo
3566 2412 3694 2450 con-

1993 2486 2314 2539 demnaret.
2355 2486 2454 2539 L’bi
2479 2489 2640 2551 enim,
2675 2485 2772 2552 ait,
2806 2487 2941 2538 mihi
2969 2489 3182 2539 animus
3208 2501 3336 2551 erga
3365 2501 3445 2538 me
3465 2487 3692 2538 hominis

1993 2577 2208 2642 ignotus
2247 2578 2324 2626 est
2353 2579 2403 2626 et
2439 2576 2695 2642 incertus,
2726 2576 2914 2627 melius
2951 2575 3192 2628 arbitror
3220 2576 3442 2627 meliora
3463 2576 3690 2644 sentire,

1995 2681 2157 2732 quam
2200 2665 2546 2731 inexplorato
2593 2664 2814 2731 culpare
2854 2663 3041 2730 (Ibid.,
3095 2663 3188 2716 lib.
3247 2665 3289 2726 1,
3335 2678 3390 2714 n.
3424 2663 3496 2730 2).
3527 2660 3687 2725 Quod

1997 2753 2191 2806 Victor
2235 2752 2331 2805 alii
2376 2752 2588 2821 potius,
2643 2767 2811 2820 quam
2843 2751 2990 2816 sibi,
3025 2755 3086 2804 ut
3135 2750 3387 2814 decebat,
3437 2755 3692 2802 mentem

1994 2844 2318 2910 aperuerat,
2363 2839 2467 2893 hoc
2514 2839 2667 2892 illius
2699 2839 2872 2892 dabat
2915 2837 3208 2890 modestim
3263 2842 3690 2907 :praeterquam

1994 2928 2144 2999 quod
2178 2944 2330 2988 eum,
2362 2926 2460 2997 qui
2491 2925 2821 2996 opinionem
2852 2941 3012 2978 suam
3047 2924 3283 2978 minime
3309 2923 3541 2977 dubiam
3573 2940 3693 2976 esse

1995 3017 2267 3081 crederet,
2315 3015 2385 3068 ad
2429 3030 2488 3068 se
2533 3013 2945 3066 consulendum
2991 3011 3234 3081 obligari
3278 3011 3527 3081 potuisse
3580 3028 3690 3065 non

1997 3105 2259 3160 ducebat.
2311 3103 2366 3156 Si
2417 3107 2609 3156 autem
2643 3101 2842 3170 juveni
2883 3100 3047 3164 laico,
3083 3101 3233 3153 inter
3263 3100 3695 3170 disputandum,

1997 3193 2227 3264 aliquod
2259 3193 2317 3244 in
2350 3191 2654 3262 Augustini
2694 3190 3098 3244 contumeliam
3124 3189 3361 3242 verbum
3392 3189 3692 3248 exciderat.

1998 3280 2055 3334 id
2087 3296 2218 3333 eum
2250 3283 2476 3332 sanctus
2506 3277 2814 3348 Episcopus
2844 3293 2963 3329 non
3009 3274 3378 3330 conviciantis
3408 3275 3697 3329 voluntate

1999 3369 2284 3434 credebat,
2336 3368 2432 3421 sed
2475 3367 2696 3421 diversa
2749 3364 3050 3418 sentientis
3103 3363 3438 3418 necessitate
3477 3363 3693 3418 fecisse.

1997 3462 2264 3514 Attamen
2291 3464 2354 3511 ut
2370 3456 2549 3510 animi
2572 3455 2852 3508 modestia
2871 3459 2928 3506 et
2949 3453 3273 3506 humilitate
3295 3453 3366 3506 ad
3394 3452 3701 3506 emendan-

1999 3547 2135 3602 dum
2169 3547 2405 3609 malum,
2439 3544 2594 3615 quod
2633 3543 2740 3596 sibi
2779 3543 2924 3595 forte
2956 3541 3174 3593 haerere
3205 3544 3449 3609 poterat,
3474 3543 3699 3592 sanctus

1998 3635 2247 3690 Antistes
2277 3633 2682 3702 impellebatur
2713 3647 2726 3684 :
2760 3630 2838 3682 ita
2875 3628 2994 3682 veri
3023 3645 3184 3682 amor
3227 3645 3339 3681 non
3367 3628 3602 3697 sinebat,
3638 3631 3702 3680 ut

2001 3723 2156 3794 quod
2171 3737 2373 3775 sanum
2389 3724 2530 3788 erat,
2554 3719 2914 3774 indefensum
2931 3716 3285 3788 relinqueret
3316 3715 3472 3785 (Ibid.
3485 3757 3498 3781 ,
3523 3715 3617 3770 lib.
3643 3717 3698 3773 4,

1999 3829 2054 3865 n.
2094 3813 2138 3879 1)
2165 3827 2177 3865 :
2211 3810 2382 3880 hujus
2411 3812 2599 3861 autem
2635 3807 2858 3878 generis
2881 3810 3066 3874 erant,
3098 3822 3226 3876 quae
3268 3822 3300 3858 a
3338 3804 3559 3858 Victore
3586 3803 3698 3856 im-

2001 3900 2427 3972 pugnabantur.
2477 3897 2660 3961 Quare
2691 3912 2792 3966 pro
2820 3894 3191 3964 responsione
3223 3909 3323 3947 sua
3353 3898 3602 3965 quatuor
3629 3891 3702 3945 li-

2001 3991 2131 4043 bros
2158 3987 2425 4051 reddidit,
2451 4002 2633 4039 unum
2651 3985 2718 4038 ad
2752 3985 3034 4038 Renatum
3063 3984 3429 4053 monachum,
3458 3983 3700 4036 alterum

2002 4079 2072 4132 ad
2102 4080 2332 4132 Petrum
2358 4075 2773 4146 presbyterum,
2799 4077 2853 4126 et
2883 4074 3024 4127 duos
3053 4073 3126 4125 ad
3158 4073 3344 4142 ipsum
3377 4071 3649 4124 Victorem
3686 4087 3699 4124 :

2002 4183 2334 4239 quanquam
2373 4165 2442 4218 ad
2475 4165 2702 4217 Petrum
2744 4161 2982 4231 epistola
3013 4165 3150 4224 erat,
3182 4161 3279 4214 sed
3313 4159 3439 4212 libri
3471 4175 3702 4224 nomen,

2005 4257 2138 4326 quia
2169 4253 2420 4324 separari
2451 4270 2484 4305 a
2513 4250 2731 4304 austeris
2759 4266 2874 4303 non
2907 4249 3168 4313 debebat,
3203 4247 3417 4316 accepit
3444 4247 3698 4315 (Retract.
3786 4303 3805 4312 ,

2005 4346 2100 4397 lib.
2134 4347 2187 4408 2,
2219 4358 2338 4410 cap.
2373 4341 2484 4408 56).
2523 4342 2586 4393 In
2618 4338 2706 4392 his
2747 4343 2937 4392 autem
2970 4335 3236 4390 omnibus
3280 4333 3456 4397 libris,
3489 4333 3547 4385 in
3575 4333 3701 4402 qui-

2005 4433 2111 4486 bus
2155 4430 2335 4484 multa
2379 4428 2524 4481 scitu
2563 4425 2881 4480 necessaria
2926 4425 3302 4483 disseruntur,
3336 4420 3590 4474 defendit
3631 4421 3699 4474 de

2007 4519 2228 4590 origine
2278 4516 2623 4581 animarum,
2655 4531 2783 4586 qum
2813 4513 3052 4583 singulis
3093 4509 3422 4563 hominibus
3471 4509 3700 4572 dantur,

2007 4607 2424 4662 cunctationem
2461 4621 2643 4670 suam,
2677 4609 2731 4655 et
2761 4603 2970 4655 multos
3015 4597 3251 4650 Victoris
3281 4613 3501 4650 errores
3533 4602 3702 4667 atque

2007 4695 2315 4767 pravitates
2341 4689 2809 4763 prmsumptionis
2837 4689 2958 4756 ejus
2986 4684 3256 4750 ostendit;
3289 4685 3478 4754 ipsum
3513 4690 3702 4739 tamen

2002 4787 2273 4855 juvenem
2323 4799 2440 4836 non
2487 4793 2849 4852 prmpropere
2900 4773 3332 4833 detestandum,
3377 4773 3472 4826 sed
3523 4774 3704 4828 adhuc

2009 4872 2328 4928 docendum
2353 4877 2580 4940 putans,
2603 4864 2920 4937 praesertim
2942 4863 3077 4932 quia
3095 4860 3353 4915 audierat
3371 4878 3498 4914 eum
3524 4876 3707 4931 nuper

2009 4960 2349 5018 catholicum
2372 4958 2604 5015 factum,
2627 4957 2839 5024 quanta
2854 4956 3044 5022 potest
3059 4950 3286 5004 lenitate
3305 4955 3506 5003 tractat
3521 4948 3677 5019 (Ibid.
3691 4988 3706 5012 ,

2009 5056 2059 5105 et
2087 5050 2152 5102 de
2189 5050 2391 5104 Anima
2424 5051 2473 5100 et
2502 5045 2619 5112 ejus
2658 5044 2891 5107 origine,
2933 5040 3028 5095 lib.
3070 5045 3117 5105 1,
3150 5055 3204 5094 n.
3238 5039 3290 5108 2)
3327 5056 3340 5092 :
3374 5044 3544 5108 atque
3575 5035 3706 5088 huic

2011 5137 2216 5208 agendi
2255 5133 2459 5188 rationi
2503 5136 2558 5184 et
2601 5129 2779 5183 labori
2819 5127 2996 5181 sancti
3031 5126 3285 5180 Doctoris
3311 5130 3425 5178 tam
3457 5124 3587 5176 felix
3621 5138 3706 5174 re-

2013 5225 2241 5297 spondit
2285 5222 2485 5288 exitus,
2515 5223 2579 5272 ut
2619 5219 2688 5272 ab
2720 5216 2922 5270 eodem
2962 5216 3179 5268 Victore
3218 5214 3487 5282 rescripta
3517 5225 3704 5260 corre-

2012 5313 2216 5368 ctionis
2246 5312 2367 5380 ejus
2397 5307 2678 5378 acceperit
2707 5309 2963 5372 (Retract.
2998 5304 3088 5357 lib.
3115 5306 3170 5370 2,
3201 5317 3319 5370 cap.
3354 5300 3466 5367 56).

2084 5405 2135 5455 8.
2166 5403 2296 5454 Post
2327 5398 2502 5452 libros
2530 5397 2598 5450 de
2646 5394 2875 5465 Origine
2922 5392 3153 5455 animm,
3185 5389 3296 5442 duo
3324 5389 3393 5440 de
3425 5384 3706 5453 conjugiis

2015 5487 2344 5544 adulterinis
2376 5487 2443 5540 ad
2479 5484 2821 5539 Pollentium
2854 5481 2984 5534 libri
3024 5481 3207 5532 locum
3240 5477 3294 5527 in
3343 5473 3705 5527 Retractatio-
