4028 6174
405 254 499 306 δη
1584 246 1748 302 VITA
1788 245 1843 301 s.
1894 240 2272 301 mansum
2324 239 2664 298 EPISCOPI.
3328 194 3333 207 ’
3676 238 3681 251 ‘
3761 257 3834 310 δη

388 378 559 433 nibus
585 376 908 449 proximum
938 378 1238 445 occupant.
1276 372 1589 428 Pollentius
1616 376 1807 425 autem
1837 369 1933 424 ille
1963 367 2094 439 quis

392 464 594 530 fuerit;
621 480 907 535 nusquam
940 462 1193 535 reperias
1244 478 1257 516 :
1289 460 1350 515 id
1379 461 1562 537 solum
1595 474 1724 513 vere
1752 456 1981 519 dixeris,
2017 454 2094 508 vi-

391 569 522 619 rum
541 553 753 624 pietate
776 551 1270 622 fuisseinsignem,
1290 564 1461 621 quem
1477 547 1735 601 videlicet
1762 544 2094 613 religiosum

394 635 629 695 fratrem
660 640 922 695 nominat
939 638 1293 710 Augustinus
1322 638 1423 708 (De
1443 636 1719 705 Conjugiis
1746 634 2090 699 adulterinis,

396 730 488 784 lib.
521 733 576 795 2,
608 745 662 783 η.
700 732 765 797 1).
810 730 907 782 Ille
935 728 1110 798 igitur
1147 742 1276 780 cum
1302 726 1588 780 evolveret
1621 739 1714 777 eas
1743 726 2095 776 commenta-

393 817 598 878 tiones.
633 816 841 886 quibus
872 815 962 868 hic
987 819 1118 867 ante
1148 814 1427 884 plurimos
1463 827 1642 865 annos
1673 825 1995 863 sermonem
2033 808 2094 862 in

392 909 592 959 monte
628 920 663 957 a
704 902 945 957 Domino
979 901 1242 955 habitum
1270 903 1632 970 exposuerat,
1664 898 1980 952 admiratus
2011 902 2095 951 est

393 992 755 1056 contendere,
801 994 1061 1044 sanctum
1102 988 1432 1053 Praesulem,
1479 987 1814 1042 mulieribus
1839 986 2095 1057 legitime

393 1079 667 1149 separatis
692 1080 763 1133 ab
794 1078 1067 1133 adulteris
1096 1078 1437 1148 conjugibus
1462 1093 1577 1131 non
1608 1076 1799 1143 licere,
1826 1075 2014 1146 quoad
2036 1074 2094 1129 hi

392 1167 608 1222 fuerint
636 1167 992 1238 superstites,
1026 1166 1149 1219 aliis
1179 1166 1415 1232 nubere,
1450 1165 1549 1219 sed
1576 1164 1716 1235 ipsis
1757 1164 2093 1218 servandam

393 1273 515 1310 esse
556 1255 994 1310 continentiam.
1046 1255 1402 1324 Quapropter
1452 1252 1834 1324 Augustinum
1876 1252 2099 1323 rogavit

393 1360 496 1415 per
524 1344 739 1397 litteras
768 1349 834 1397 ut
863 1344 1024 1396 illam
1052 1342 1161 1395 sibi
1178 1341 1592 1395 dubitationem
1624 1340 1902 1394 eximeret
1934 1356 1949 1394 :
1988 1339 2095 1393 sibi

394 1431 549 1486 enim
584 1430 664 1483 ita
694 1430 887 1500 potius
915 1429 1114 1494 videri,
1144 1429 1431 1491 mulieres,
1464 1444 1593 1499 quas
1620 1428 1689 1481 ob
1720 1427 1891 1481 aliam
1922 1443 2096 1498 quam

392 1516 789 1572 fornicationis
835 1532 1063 1570 causam
1111 1532 1145 1569 a
1190 1516 1325 1569 viris
1357 1516 1733 1581 discederent,
1782 1516 1927 1569 solas
1951 1530 2093 1581 esse,

394 1605 602 1676 quibus
630 1621 733 1675 per
762 1606 970 1658 horum
1007 1604 1181 1658 vitam
1212 1604 1459 1659 secundo
1490 1602 1757 1674 conjugio
1785 1602 2094 1657 interdice-

393 1698 571 1748 retur.
626 1694 901 1764 Idemque
948 1708 1078 1746 cum
1129 1692 1439 1763 accepisset
1477 1692 1643 1746 illum
1687 1692 1940 1762 parando
1991 1690 2099 1745 sibi

397 1797 671 1852 responso
711 1781 845 1835 dare
875 1796 1132 1852 operam,
1176 1780 1454 1851 quasdam
1496 1779 1732 1850 insuper
1778 1778 1847 1833 de
1897 1779 2096 1833 eadem

397 1869 638 1924 materia
670 1885 842 1923 novas
863 1868 1203 1940 quaestiones
1228 1869 1298 1923 ad
1310 1884 1443 1923 eum
1461 1868 1616 1922 misit
1628 1866 1850 1939 (Ibid.).
1875 1867 1967 1921 llis
1980 1871 2095 1921 Au-

396 1957 641 2027 gustino,
659 1961 963 2027 postquam
978 1973 1122 2026 opus
1150 1973 1316 2010 suum
1325 1957 1447 2026 jam
1470 1956 1808 2019 absolverat,
1835 1956 2093 2022 redditis,

394 2036 741 2115 cogitaverat
781 2044 877 2098 Vir
905 2049 1133 2100 sanctus
1181 2045 1372 2099 addito
1401 2045 1803 2115 supplemento
1838 2044 1953 2098 illis
2001 2060 2095 2097 re-

395 2134 676 2205 spondere
710 2150 722 2187 :
751 2149 947 2188 verum
974 2149 1105 2188 cum
1133 2133 1256 2204 ejus
1285 2133 1432 2187 liber
1452 2133 1641 2199 citius,
1666 2148 1837 2205 quam
1870 2137 2098 2204 optave-

398 2228 506 2288 rat,
539 2222 609 2275 ab
640 2220 838 2276 amicis
870 2226 1018 2275 esset
1045 2222 1362 2291 evulgatus,
1388 2237 1596 2275 novum
1629 2237 1973 2291 componere
1999 2237 2094 2274 co-

395 2315 552 2364 actus
591 2313 693 2365 est.
746 2310 808 2363 In
843 2309 932 2363 his
973 2309 1165 2381 itaque
1203 2308 1424 2374 duobus
1465 2309 1626 2363 libris
1675 2308 2094 2378 Scripturarum

399 2397 733 2453 auctoritate
762 2399 1135 2469 quaestionem
1181 2397 1252 2452 de
1299 2397 1566 2467 conjugio
1597 2396 1904 2464 examinat,
1936 2398 2094 2451 illam
2136 2466 2141 2471 η

398 2487 652 2559 quidem,
705 2486 880 2557 ipsius
916 2485 1153 2556 judicio,
1194 2484 1589 2539 difficillimam
1621 2487 1873 2555 (Retract.
1904 2486 2000 2538 lib.
2037 2490 2091 2551 2,

397 2590 521 2644 cap.
552 2576 659 2643 57),
697 2573 1181 2639 obscurissimam,
1210 2572 1721 2644 implicatissimam
1752 2574 1842 2643 (De
1867 2574 2093 2641 Conjug.

397 2662 769 2727 adulter.,lib.
801 2666 850 2727 1,
874 2679 927 2716 n.
951 2662 1059 2732 32).
1077 2663 1218 2717 Cum
1249 2667 1439 2715 autem
1465 2662 1517 2715 ei
1539 2666 1928 2732 Opponeretur
1948 2663 2097 2716 inter

397 2751 530 2816 alia,
575 2749 723 2805 viros
771 2750 842 2804 ab
886 2751 1161 2805 uxoribus
1192 2755 1501 2821 separatos,
1534 2749 1944 2805 continentiam
1977 2767 2094 2804 ser-

394 2854 526 2893 vare
556 2854 672 2892 non
702 2854 896 2909 posse;
928 2838 1312 2909 objectionem
1353 2838 1556 2893 evertit
1579 2838 1825 2893 adducto
1852 2855 2093 2909 presser-

394 2924 496 2978 tim
537 2926 797 2995 exemplo
836 2926 1191 2993 clericorum,
1224 2926 1432 2997 quibus
1461 2925 1826 2980 continentia:
1856 2927 2094 2980 necessi-

393 3018 501 3079 tas,
526 3012 710 3085 iisque
740 3030 1137 3084 smpenumero
1155 3014 1227 3069 ad
1257 3014 1649 3085 accipiendum
1681 3014 1957 3069 honorem
1988 3014 2096 3069 cle-

396 3101 626 3154 ricalem
656 3100 965 3170 improvisa
992 3101 1049 3155 vi
1076 3102 1281 3156 coactis
1302 3102 1735 3173 imponebatur;
1760 3102 1859 3174 qui
1878 3107 2091 3169 tamen,

397 3187 591 3242 divina
615 3188 797 3257 gratia
812 3188 1147 3259 opitulante,
1162 3189 1313 3244 istud
1334 3190 1545 3255 oneris,
1570 3190 1640 3245 de
1662 3206 1776 3261 quo
1796 3192 2094 3246 subeundo

397 3275 783 3344 cogitaverant
837 3291 1135 3347 nunquam
1168 3317 1183 3343 ,
1242 3277 1668 3348 religiosissime
1733 3279 2098 3350 perferebant

399 3363 600 3430 (Ibid,
636 3364 730 3419 lib.
762 3366 899 3431 2,‘n.
920 3366 1030 3430 22).
1064 3366 1277 3419 Praeter
1306 3366 1427 3419 haec
1455 3366 1836 3436 Augustinum
1868 3372 2098 3437 rogarat

397 3451 723 3518 Pallantius,
773 3453 1055 3524 numquid
1108 3454 1461 3524 Baptismum
1510 3454 1955 3522 catechumenis,
1997 3457 2097 3527 qui

397 3540 596 3594 morbo
627 3541 871 3612 correpti
906 3542 1071 3596 illum
1117 3547 1311 3614 petere
1356 3559 1468 3598 non
1506 3548 1765 3614 possent,
1796 3543 2098 3598 conferen-

394 3629 531 3683 dum
577 3629 835 3695 crederet
874 3630 1059 3699 (Ibid.,
1108 3632 1202 3686 lib.
1258 3635 1309 3701 1,
1356 3648 1411 3687 n.
1469 3632 1578 3703 33).
1621 3632 1858 3687 Sanctus
1890 3634 2101 3687 Doctor

396 3716 707 3789 unicuique
738 3718 978 3774 liberam
1009 3736 1129 3773 esse
1159 3721 1280 3774 vult
1310 3721 1412 3774 hac
1440 3721 1498 3776 in
1529 3736 1589 3774 re
1619 3721 1915 3791 sequendi,
1944 3722 2096 3792 quod

394 3805 499 3859 sibi
526 3806 806 3875 optimum
827 3807 1125 3872 videbitur,
1161 3808 1489 3863 facultatem
1522 3825 1534 3862 :
1565 3808 1686 3879 ipse
1709 3825 1840 3863 vero
1869 3809 1924 3863 id
1952 3825 2099 3879 pra:-

398 3896 543 3945 stare
571 3892 877 3959 existimat,
923 3898 985 3947 ut
1030 3893 1184 3948 idem
1228 3900 1648 3949 sacramentum
1696 3896 1829 3961 illis,
1871 3896 2098 3951 etiamsi

398 3986 565 4035 antea
606 3981 822 4034 nullam
852 3981 1004 4036 illius
1032 3982 1348 4052 accipiendi
1396 3983 1749 4037 voluntatem
1780 3983 1950 4037 aliam
1977 4001 2096 4055 prae

398 4084 457 4123 se
502 4070 756 4136 tulerint,
787 4085 960 4140 quam
985 4085 1115 4141 quae
1144 4070 1205 4125 in
1235 4087 1434 4126 eorum
1467 4071 1579 4126 ﬁde
1611 4075 1747 4126 nota
1768 4077 1871 4139 est,
1903 4074 2095 4127 confe-

395 4161 573 4212 ratur.
607 4157 691 4212 Ad
738 4174 912 4229 quam
946 4156 1291 4213 sententiam
1321 4160 1503 4214 multo
1532 4160 1817 4215 efﬁcacius
1842 4162 1990 4215 valet
2015 4162 2093 4228 id,

397 4247 553 4318 quod
590 4247 769 4301 amico
809 4238 1035 4302 cuidam
1104 4263 1207 4301 suo
1248 4248 1468 4303 venisse
1520 4248 1581 4303 in
1630 4248 2093 4304 Confessionibus

2205 366 2321 421 suis
2347 370 2626 421 memorat
2655 366 2911 435 (Confess.
2945 366 3038 421 lib.
3076 370 3129 429 4,
3150 383 3202 421 n.
3237 367 3318 437 8).
3345 369 3460 423 lmo
3488 373 3540 424 et
3565 371 3773 441 gratiam
3795 375 3841 428 il-

2204 453 2319 510 lam
2350 454 2422 508 ad
2454 470 2551 508 eos
2578 469 2813 526 quoque
2831 454 3103 520 extendit,
3130 455 3249 526 qui.
3280 471 3411 510 cum
3436 456 3699 513 retineant
3719 462 3840 517 adul-

2202 542 2307 597 teri
2317 559 2387 597 na
2410 543 2717 607 consortia,
2738 543 2807 597 ad
2828 543 3200 614 Baptismum,
3224 544 3272 597 si
3291 544 3415 598 sani
3442 559 3659 615 corpore
3674 556 3839 617 essent,

2205 647 2322 686 non
2345 631 2810 686 admitterentur.
2849 632 3130 702 Quodque
3161 631 3229 686 de
3261 632 3599 703 baptizandis
3624 637 3840 690 catechu-

2203 712 2390 773 menis
2419 718 2736 784 constituit,
2766 718 2921 773 idem
2949 718 3010 772 in
3033 718 3465 773 reconciliandis
3493 720 3844 790 paenitentibus

2203 806 2546 861 servandum
2578 806 2735 864 dicit.
2771 808 2877 862 Nec
2905 808 3050 875 ipsos
3079 808 3237 870 enim,
3280 805 3379 873 ait,
3407 822 3474 860 ea:
3513 808 3604 861 hac
3628 811 3732 864 vita
3758 814 3845 866 sine

2203 895 2375 949 arrha
2419 909 2529 949 suae
2560 896 2714 963 pacis
2755 896 2907 948 exire
2952 894 3084 949 velle
3131 893 3283 948 debet
3324 898 3495 947 mater
3534 895 3745 951 Ecclesia
3772 899 3845 968 (De

2201 984 2483 1052 Conjugiis
2501 982 2700 1048 adult.,
2734 983 2828 1038 lib.
2868 986 2994 1051 t,n.
3032 981 3150 1053 35).

2276 1074 2327 1125 9.
2362 1071 2613 1141 Contigit
2634 1071 2739 1125 sub
2768 1071 2921 1125 idem
2949 1075 3198 1143 tempus,
3240 1074 3305 1125 ut
3324 1070 3649 1142 Carthagine
3679 1090 3847 1130 venam

2202 1159 3531 1231 proponereturcodexanonymusMarcionistaa
3560 1162 3845 1232 cujuspiam,

2204 1253 2302 1301 aut
2329 1247 2563 1302 alterius
2600 1264 2630 1302 e
2660 1248 2823 1302 sectis
2852 1248 2985 1314 illis,
3018 1265 3148 1320 quae
3177 1264 3311 1303 cum
3345 1248 3654 1303 Manichaais
3687 1250 3847 1320 Legem

2203 1351 2268 1389 ac
2298 1336 2611 1407 Pr0phetas
2638 1336 3112 1401 condemnabant,
3137 1341 3194 1391 et
3220 1341 3497 1407 praeterea
3523 1337 3704 1391 mundi
3729 1355 3848 1393 crea-

2204 1424 2423 1479 tionem
2472 1424 2742 1491 diemoni,
2777 1441 2894 1480 non
2924 1426 3059 1492 Deo,
3088 1427 3241 1497 quod
3273 1426 3480 1497 dogma
3508 1426 3734 1479 alienum
3760 1435 3851 1482 erat

2205 1530 2237 1567 a
2268 1511 2608 1574 Manichaeis,
2631 1513 2960 1568 tribuebant
2977 1514 3235 1584 (Retract.
3260 1515 3357 1568 lib.
3377 1517 3432 1581 2,
3451 1530 3569 1583 cap.
3582 1516 3671 1584 58;
3692 1517 3848 1572 Contra

2203 1602 2503 1657 Adversar.
2533 1602 2688 1668 chis
2717 1606 2768 1655 et
2785 1602 3008 1671 Propiu,
3042 1603 3139 1657 lib.
3174 1606 3224 1669 1,
3254 1618 3321 1657 n.
3365 1604 3440 1669 1).
3466 1601 3563 1656 Hic
3588 1602 3849 1657 doctrinam

2203 1706 2367 1744 suam
2398 1706 2429 1744 a
2471 1690 2724 1744 Fabricio
2754 1691 3025 1761 quodam,
3066 1690 3129 1745 in
3172 1706 3349 1762 quem
3381 1690 3574 1745 Romae
3603 1690 3848 1758 inciderat,

2207 1784 2263 1834 et
2287 1780 2451 1849 cujus
2478 1795 2536 1833 se
2570 1779 2915 1850 discipulum
2945 1796 3067 1834 esse
3097 1780 3474 1851 gloriabatur,
3503 1778 3607 1834 sibi
3635 1779 3849 1834 traditam

2206 1867 2381 1922 fuisse
2397 1868 2683 1922 narrabat.
2710 1867 2829 1923 Sibi
2844 1872 3223 1939 proposuerat
3235 1867 3628 1922 auctoritatem
3647 1867 3852 1921 detrahe-

2204 1972 2267 2009 re
2292 1954 2482 2009 Veteri
2511 1956 2893 2022 Testamento,
2930 1956 3103 2009 variis
3128 1955 3404 2010 adhibitis
3433 1972 3561 2009 cum
3593 1971 3654 2009 ex
3671 1956 3847 2019 eodem,

2206 2048 2328 2097 tum
2361 2042 2533 2097 etiam
2566 2059 2596 2096 e
2626 2045 2780 2097 Novo
2810 2043 3155 2098 testimoniis
3185 2045 3409 2115 (Contra
3436 2044 3851 2109 Adversar.chis

2203 2137 2254 2186 et
2282 2132 2505 2201 PrOph.,
2540 2132 2635 2185 lib.
2664 2134 2717 2197 2,
2751 2147 2847 2187 nn.
2882 2135 2933 2197 3,
2962 2132 3079 2202 40).
3114 2132 3393 2187 Utebatur
3418 2132 3723 2187 auctoritate
3749 2133 3849 2185 scri-

2204 2226 2438 2291 ptorum
2460 2221 2923 2291 apocryphorum
2953 2220 3147 2290 (Ibid.,
3183 2237 3243 2275 n.
3274 2222 3396 2291 tt);
3429 2237 3637 2275 necnon
3670 2220 3720 2274 in
3738 2221 3850 2273 calce

2205 2306 2393 2379 operis
2422 2307 2689 2362 hmresim
2742 2324 2903 2362 suam
2950 2324 2984 2361 a
3025 2308 3315 2380 paucitate
3365 2313 3692 2363 sectatorum
3730 2324 3849 2361 com-

2206 2394 2515 2449 mendabat
2570 2395 2748 2463 (Ibid,
2798 2411 2853 2450 τι.
2903 2397 3014 2467 41).
3075 2397 3214 2450 Cum
3264 2397 3536 2451 volumen
3583 2398 3682 2451 hoc
3728 2412 3849 2449 erro-

2207 2484 2365 2537 ribus
2426 2483 2702 2538 refertum
2778 2488 3061 2554 prostaret
3092 2526 3107 2552 ,
3179 2485 3511 2556 complures
3583 2483 3849 2539 curiositate

2206 2571 2362 2627 ducti
2400 2588 2466 2626 ac
2509 2571 2885 2626 delectatione
2929 2572 3439 2643 periculosissima,
3497 2574 3582 2628 vel
3630 2572 3748 2626 illud
3789 2572 3847 2624 le-

2205 2660 2433 2730 gebant,
2487 2660 2574 2713 vel
2631 2659 2953 2730 legentibus
3008 2676 3175 2715 aures
3204 2661 3544 2732 praebebant
3583 2678 3596 2716 :
3647 2676 3745 2731 quo
3783 2674 3849 2711 co-

2205 2748 2367 2819 gnito
2424 2748 2621 2803 lideles
2692 2748 2926 2819 quidam
2991 2749 3184 2803 animo
3239 2765 3378 2805 vere
3429 2749 3716 2804 christiano
3743 2789 3755 2813 ,
3800 2748 3853 2800 li-

2206 2838 2373 2891 brum
2425 2836 2495 2891 ad
2545 2837 2930 2907 Augustinum
2984 2838 3280 2903 miserunt,
3344 2842 3598 2910 petentes
3633 2841 3690 2890 ut
3728 2835 3849 2888 illum

2206 2925 2416 2996 scripto
2480 2924 2912 2997 quamprimum
2967 2926 3257 2981 refutaret.
3322 2926 3518 2981 Paruit
3564 2925 3737 2997 itaque
3778 2940 3851 2976 eo-

2206 3030 2335 3068 rum
2396 3014 2714 3079 voluntati,
2771 3030 3047 3085 suamque
3107 3014 3243 3086 ipsis
3290 3015 3739 3085 responsionem,
3781 3011 3848 3065 cui

2206 3102 2439 3156 titulum
2482 3101 2635 3165 fecit,
2666 3104 2865 3159 Contra
2903 3104 3309 3159 Adversarium
3346 3107 3505 3173 Legis
3533 3109 3580 3158 et
3607 3102 3847 3171 Propheta-

2208 3206 2350 3256 rum,
2401 3190 2704 3261 inscripsit.
2759 3192 2911 3245 Hanc
2948 3190 3043 3245 ille
3088 3192 3326 3246 utilitati
3375 3194 3644 3247 lectorum
3688 3204 3851 3244 consu-

2206 3279 2351 3345 lens,
2391 3278 2453 3332 in
2478 3278 2647 3333 binos
2677 3279 2852 3333 libros
2880 3279 3124 3350 partitus
3153 3283 3237 3333 est
3281 3296 3297 3334 :
3328 3296 3573 3351 quorum
3612 3279 3667 3333 in
3709 3278 3852 3349 primo

2207 3383 2302 3420 eos
2343 3367 2496 3421 locos
2526 3367 2730 3421 veteris
2762 3368 3156 3435 Instrumenti,
3206 3384 3358 3439 quos
3398 3369 3505 3424 iste
3544 3367 3734 3423 nebulo
3756 3364 3851 3418 irri-

2205 3455 2394 3522 debat,
2424 3455 2568 3510 nihil
2612 3456 2905 3510 continere
2936 3473 3119 3528 neque
3150 3458 3287 3511 mali
3345 3474 3533 3529 neque
3561 3455 3759 3512 ridiculi
3781 3452 3851 3507 de-

2208 3543 2418 3611 fendit;
2472 3543 2533 3598 in
2578 3544 2825 3598 secundo
2856 3549 3047 3600 autem
3087 3545 3342 3600 Fcederis
3391 3547 3521 3601 novi
3548 3540 3849 3604 testimoniis,

2209 3648 2339 3703 quin
2373 3632 2643 3687 adversus
2672 3637 2852 3699 vetus,
2893 3633 3047 3688 idem
3098 3635 3409 3689 haereticus
3456 3634 3755 3698 adhibebat,
3788 3645 3852 3683 re-

2208 3720 2473 3790 spondet.
2506 3722 2568 3774 In
2597 3720 2785 3791 primo
2807 3721 2955 3776 libro
2978 3728 3245 3793 quartum
3275 3723 3565 3778 decimum
3582 3723 3647 3777 de
3666 3719 3853 3775 Civitate

2209 3810 2308 3864 Dei
2338 3810 2473 3864 citat
2503 3810 2686 3878 (Ibid.,
2728 3811 2823 3865 lib.
2861 3814 2909 3875 1,
2951 3828 3006 3865 n.
3042 3814 3147 3882 18).
3177 3813 3357 3867 Porro
3386 3812 3433 3865 si
3463 3815 3693 3883 quatuor
3716 3807 3853 3861 libros

2208 3898 2278 3953 de
2307 3898 2540 3968 Origine
2562 3899 2768 3953 animm
2796 3900 2901 3953 sub
2916 3903 3233 3954 extremum
3257 3906 3598 3956 autumnum
3613 3896 3852 3965 annique-

2208 3987 2643 4058 dringentesimi
2664 3987 2871 4044 decimi
2896 3989 3034 4043 noni
3052 3989 3390 4057 lucubrarit,
3416 3988 3709 4061 quominus
3724 3985 3854 4039 hosce

2206 4076 2348 4130 duos
2360 4076 2584 4130 circiter
2595 4076 2890 4131 ineuntem
2908 4077 3545 4149 quadringentesimum
3568 4073 3853 4147 vigesimum

2206 4164 2515 4235 scripserit,
2552 4164 2838 4219 afﬁrmare
2862 4165 3006 4219 nihil
3034 4166 3384 4237 prohibebit.

1448 4471 1963 4595 LIBER
2067 4471 2860 4597 OCTAVUS.

464 4648 535 4696 De
565 4649 777 4715 reliquis
802 4653 1079 4717 Augustini
1108 4654 1239 4704 actis
1266 4655 1332 4704 ab
1358 4654 1565 4703 Christo
1600 4668 1738 4703 anno
1765 4653 2280 4719 quadringentesimo
2306 4653 2576 4719 vigesimo,
2602 4654 2666 4703 ad
2689 4670 2878 4705 annum
2901 4655 3478 4720 quadringentesimum
3503 4652 3810 4717 trigesimum.

973 4865 1197 4920 CAPUT
1233 4866 1529 4921 PRIMUM.

402 4952 420 5002 1
463 4950 756 5003 Donatistae
799 4955 1027 5020 proprio
1076 4956 1265 5020 furore
1304 4956 1577 5023 exagitati
1614 4969 1668 5008 se
1703 4955 2022 5009 interimunt
2047 4960 2099 5008 et

469 5037 807 5092 comburunt.
834 5041 867 5091 2
902 5041 1167 5095 Dulcitius
1196 5044 1445 5097 tribunus
1484 5049 1535 5097 et
1564 5046 1817 5098 notarius
1846 5043 2096 5099 Gauden-

470 5129 607 5179 tium
635 5142 703 5180 ea:
733 5129 930 5180 Donati
953 5133 1111 5196 parte
1152 5133 1461 5201 episcopum
1497 5148 1531 5184 a
1570 5132 1793 5185 consilio
1822 5130 2101 5184 cremandi

469 5230 719 5270 revocare
747 5215 947 5281 studet,
979 5221 1142 5285 atque
1170 5218 1236 5271 ab
1274 5221 1392 5288 ipso
1420 5222 1673 5289 epistolas
1694 5219 1833 5273 duas
1873 5220 2093 5286 accipit.

468 5308 499 5356 3
554 5305 777 5358 Dulcitii
814 5309 1009 5371 rogatu
1054 5305 1357 5361 Gaudentio
1404 5310 1686 5378 respondet
1729 5310 2095 5375 Augustinus.

469 5395 503 5444 4
534 5386 755 5447 Librum
804 5395 1083 5449 Cansmtio
1112 5394 1302 5447 scribit
1338 5401 1524 5449 contra
1550 5397 1907 5461 mendacium,
1954 5395 2100 5463 quod

471 5494 527 5531 eo
554 5496 647 5534 nec
683 5481 758 5536 ad
786 5480 1189 5548 investigandos
1224 5484 1669 5540 l‘riscitlianistas
1699 5489 1780 5539 uti
1809 5486 1964 5539 liceat
2002 5484 2098 5538 Ca-

2278 4865 2511 4920 tholicis.
2548 4868 2577 4919 5
2607 4864 2866 4934 Ejusdem
2899 4866 3170 4921 Consentii
3203 4866 3521 4934 qvmstiones
3549 4860 3781 4930 explicat,
3816 4852 3860 4903 in

2276 4957 2474 5024 primis
2504 4958 2685 5008 utrum
2722 4969 2863 5007 nunc
2892 4968 3085 5022 corpus
3120 4955 3334 5007 Domini
3360 4968 3484 5008 ossa
3510 4956 3561 5005 et
3590 4944 3861 5014 sanguinem

2278 5043 2473 5096 habeat
2525 5048 2575 5096 et
2603 5044 2815 5111 reliqua
2845 5045 3027 5096 carnis
3074 5043 3415 5096 lineamenta.
3464 5043 3496 5093 6
3525 5037 3616 5094 Ad
3641 5030 3861 5092 Caelium

2280 5130 2473 5185 scribit
2518 5135 2705 5184 contra
2742 5133 3191 5185 Priscillianistas
3238 5130 3529 5199 scripturis
3575 5116 3862 5194 apocryphis

2285 5220 2563 5273 abutentes
2593 5235 2655 5273 ac
2680 5221 2948 5289 perjurio.

2280 5311 2331 5360 1.
2364 5306 2622 5362 Vidimus
2642 5308 2765 5377 jam
2792 5312 2927 5362 ante
2956 5324 3103 5379 quos
3130 5322 3465 5379 progressus
3490 5304 3548 5358 in
3582 5296 3857 5357 Donatista-

2206 5410 2335 5449 rum
2366 5394 2627 5463 schisma,
2659 5401 2783 5450 tum
2812 5395 3274 5466 Carthaginensis
3297 5392 3633 5458 collationis,
3661 5393 3771 5442 tum
3797 5383 3859 5435 le-

2206 5499 2345 5553 gum
2366 5483 2437 5537 ab
2459 5484 2707 5538 Honorio
2730 5483 3057 5538 muniendis
3081 5484 3233 5538 illius
3248 5482 3484 5537 decretis
3505 5481 3732 5535 latarum
3754 5484 3857 5539 (ψει
