4026 6180
195 266 292 316 513
1663 258 1876 314 LIBER
1933 258 2278 315 OCTAVUS.

3591 269 3694 322 314

191 382 378 439 fecerit
401 380 677 471 catholica
706 380 965 435 Εθειθθίθ·
1008 379 1264 471 Ϋίάίωυδ
1295 380 1531 471 inéuper
1559 380 1883 471 culPsmOdi
1988 414 2091 467 per
2114 399 2384 468 plurimas
2400 399 2607 466 Africa:
2626 401 2869 466 regiones
2894 402 2963 454 ab
2987 402 3087 455 illa
3110 403 3415 471 perditione
3444 405 3696 460 libenato-

192 472 430 526 violenta
470 469 726 524 facinora
772 468 1059 540 pepererit
1101 485 1302 523 eorum
1344 469 1525 536 dolor,
1581 469 1681 541 qui
1722 486 1886 525 suam

194 559 503 632 expugnari
526 558 944 613 contumaciam
974 556 1094 628 pati
1123 558 1436 612 noluerunt
1458 575 1471 612 :
1494 558 1657 629 atqui
1678 558 1887 613 furoris

198 650 438 721 ipsorum
485 663 852 719 nequaquam
883 646 990 701 fuit
1034 646 1124 701 hic
1164 648 1465 701 terminus.
1525 650 1677 703 Sicut
1728 650 1881 711 enim,

194 738 268 793 ait
292 736 661 807 Augustinus,
693 737 935 790 charitas
958 735 1172 789 laborat
1198 736 1448 790 Ecclesiae
1475 737 1552 789 sic
1578 750 1663 789 eos
1689 735 1757 788 ab
1788 735 1888 789 illa

181 826 483 897 perditione
507 825 755 890 liberare,
784 829 845 878 ut
881 840 1062 879 eorum
1086 840 1236 879 nemo
1266 827 1564 889 moriatur;
1605 826 1681 878 sic
1706 839 1887 877 eorum

183 915 396 969 laborat
442 916 621 981 furor,
679 919 775 968 aut
820 928 916 967 nos
972 913 1228 980 occidere,
1282 918 1343 967 ut
1386 928 1497 968 suae
1543 912 1887 967 crudelitatis

175 1007 412 1073 pascant
440 1002 742 1066 libidinem,
774 1006 872 1056 aut
899 1004 1064 1056 etiam
1102 1017 1158 1055 se
1187 1003 1358 1071 ipsos,
1381 1018 1447 1055 ne
1470 1001 1780 1071 perdidisse
1804 1003 1886 1054 ri-

177 1092 419 1146 deantur
441 1090 849 1145 occidendorum
887 1090 1164 1144 hominum
1183 1095 1502 1160 potestatem
1529 1092 1724 1160 (Epist.
1766 1092 1884 1156 185,

176 1197 230 1235 n.
268 1179 383 1249 11).
412 1180 552 1235 Sunt
583 1178 760 1251 igitur
804 1178 866 1232 in
911 1195 1077 1233 usum
1108 1184 1384 1233 revocata:
1419 1194 1581 1233 neces
1609 1178 1722 1233 illa:
1751 1178 1886 1232 bor-

175 1268 379 1324 ribiles
409 1285 473 1323 ac
511 1267 797 1339 lugendae,
841 1284 985 1338 quas
1030 1266 1116 1321 illi
1162 1267 1451 1338 quondam
1495 1271 1886 1334 exercuerant,

176 1356 511 1428 quibusque
528 1354 1066 1410 Circumcellionum
1087 1370 1296 1408 nomen
1319 1370 1422 1425 per
1442 1354 1638 1408 orbem
1670 1354 1889 1408 univer-

176 1461 313 1499 sum
341 1445 486 1499 adeo
533 1443 752 1498 celebre
779 1442 993 1498 factum
1022 1442 1229 1503 fuerat,
1261 1441 1378 1497 imo
1409 1447 1461 1497 et
1493 1431 1826 1498 hominibus
1855 1460 1886 1497 e

176 1541 335 1591 secta
360 1551 463 1589 sua
490 1535 663 1604 paulo
680 1532 1158 1588 moderatioribus
1178 1532 1462 1586 odiosum.
1489 1533 1806 1603 Imperator
1826 1531 1888 1586 in

176 1640 272 1678 eos
306 1623 431 1677 solo
459 1621 655 1676 exsilio
684 1620 1176 1676 animadvertebat
1206 1620 1429 1689 (Contra
1458 1621 1750 1682 Gaudent.,
1784 1621 1881 1675 lib.

180 1715 227 1777 1,
247 1728 315 1766 η.
337 1712 425 1777 21)
451 1729 467 1765 :
494 1710 769 1765 Catholici
784 1726 916 1765 vero
939 1709 1170 1764 eosdem
1190 1710 1365 1763 latere
1381 1709 1747 1780 patiebantur
1768 1725 1889 1763 non

174 1799 351 1854 inviti
379 1800 572 1869 (ἔωσι,
606 1816 660 1853 n.
694 1800 804 1868 41),
839 1797 1053 1870 quippe
1082 1813 1227 1869 quos
1252 1797 1313 1851 in
1335 1797 1598 1853 exsilium
1622 1797 1757 1870 pelli
1781 1798 1890 1851 hoc

177 1889 376 1943 solum
408 1888 601 1943 animo
642 1888 1033 1959 postulabant,
1080 1902 1155 1940 ne
1198 1886 1445 1941 aliorum
1493 1886 1665 1941 saluti
1701 1890 1891 1941 essent

172 1976 601 2048 impedimento
623 1976 810 2047 (Ibid.,
834 1992 889 2030 n.
920 1977 1026 2045 12).
1056 1976 1462 2030 Verumtamen
1483 1991 1613 2030 cum
1637 1978 1891 2029 extrema

175 2065 469 2137 supplicia
497 2065 699 2119 merito
720 2064 849 2135 jure
877 2064 1108 2119 illorum
1138 2064 1490 2120 facinoribus
1521 2065 1888 2132 deberentur,

174 2155 309 2209 haec
350 2153 415 2208 in
444 2169 505 2209 se
542 2153 655 2224 ipsi
701 2158 759 2208 et
786 2153 1111 2208 statuebant
1157 2158 1215 2209 et
1246 2153 1725 2226 exsequebantur,
1758 2154 1892 2209 facti

177 2244 267 2298 sui
306 2243 564 2313 ipsorum
574 2242 795 2313 judices
814 2240 984 2296 simul
1014 2246 1071 2296 et
1092 2242 1407 2297 carniﬁces.
1433 2243 1690 2314 Cumque
1712 2243 1892 2297 sancti

177 2336 468 2402 martyres
523 2347 629 2402 pro
686 2331 920 2385 veritate
981 2336 1227 2386 mortem
1285 2335 1576 2403 oppetant,
1648 2331 1712 2385 hi
1774 2347 1889 2401 quo

177 2418 582 2492 prohiberent,
624 2434 698 2473 ne
735 2418 942 2473 veritas
980 2418 1438 2485 annuntiaretur,
1472 2435 1545 2473 ne
1573 2418 1780 2473 veritas
1808 2424 1890 2472 te-

179 2513 445 2573 neretur,
476 2523 547 2561 ne
578 2508 766 2562 unitas
786 2511 1096 2573 amaretur,
1130 2524 1201 2561 ne
1220 2506 1463 2561 charitas
1484 2507 1889 2577 susciperetur,

178 2615 251 2652 ne
310 2601 741 2667 compararetur
785 2596 1096 2658 aeternitas,
1144 2595 1457 2650 interibant
1504 2598 1706 2665 (Serm.
1766 2598 1888 2663 325,

181 2704 233 2740 n.
267 2688 352 2756 2).
386 2685 445 2739 Si
475 2685 615 2739 ﬁdes
643 2684 904 2739 habenda
933 2683 1270 2747 Gaudentio,
1314 2684 1599 2739 inﬁnitam
1629 2683 1894 2739 multitu-

181 2774 385 2828 dinem
424 2771 661 2826 abstulit
689 2771 743 2825 id
778 2770 976 2825 mortis
1005 2787 1187 2842 genus
1216 2771 1438 2840 (Contra
1469 2772 1760 2838 Gaudent.,
1793 2771 1889 2826 lib.

183 2865 233 2928 l,
265 2878 328 2915 η.
365 2862 478 2930 32).
506 2862 580 2914 At
606 2875 739 2914 vero
765 2860 1118 2930 Augustinus
1144 2859 1438 2914 contendit
1466 2876 1582 2914 non
1608 2860 1780 2915 fuisse
1808 2863 1895 2914 tot

180 2950 471 3012 homines,
498 2947 600 3020 qui
621 2948 727 3003 sibi
747 2964 947 3003 manus
969 2947 1243 3002 violentas
1265 2948 1552 3015 afferrent,
1576 2952 1717 3019 quot
1735 2948 1891 3018 pagi,

180 3042 329 3111 quot
355 3037 589 3109 oppida,
620 3041 760 3108 quot
788 3036 958 3091 urbes
987 3035 1227 3107 integrte
1255 3053 1317 3091 ac
1347 3036 1549 3108 populi
1573 3036 1771 3107 legum
1790 3035 1894 3089 im-

180 3126 495 3199 perialium
540 3129 703 3181 metu
749 3142 783 3180 a
824 3124 1126 3179 schismate
1173 3123 1534 3179 deﬁciebant.
1587 3123 1676 3178 Illi
1723 3139 1894 3195 porro

180 3233 318 3272 cum
364 3231 426 3270 se
470 3214 689 3269 ferrum
738 3215 801 3269 in
846 3215 1021 3269 vitam
1061 3214 1359 3285 propriam
1405 3230 1799 3281 conversuros,
1831 3230 1895 3267 ac

183 3302 509 3376 praecipitio
555 3304 645 3357 vel
686 3301 806 3374 igni
833 3302 1137 3358 tradituros
1165 3302 1557 3367 minabantur,
1592 3302 1895 3357 Catholicis

184 3395 296 3449 hac
341 3398 466 3447 arte
509 3391 892 3463 persequendi
936 3408 1156 3446 moram
1200 3408 1259 3445 se
1304 3391 1634 3462 injecturos,
1674 3408 1897 3446 necnon

186 3498 394 3538 eorum
426 3480 691 3535 ardorem
721 3479 1127 3535 imminuturos
1156 3480 1465 3551 sperabant
1498 3496 1512 3534 :
1543 3480 1643 3534 sed
1667 3479 1895 3535 videba-

186 3576 285 3625 tur
313 3569 623 3626 Catholicis
649 3568 826 3623 satius
850 3585 971 3623 esse
998 3585 1209 3639 paucos
1239 3568 1527 3640 exstingui
1552 3568 1806 3639 perditos
1833 3585 1898 3623 ac

188 3659 542 3729 desperatos,
575 3673 748 3728 quam
780 3656 842 3710 in
887 3656 1149 3711 lethifero
1183 3656 1419 3712 discidio
1450 3657 1783 3712 innumeros
1809 3673 1897 3711 re-

188 3745 406 3819 linqui,
434 3762 579 3817 quos
597 3745 731 3799 inde
749 3746 963 3815 legum,
988 3762 1117 3817 qua:
1138 3761 1252 3799 non
1274 3744 1397 3799 sine
1418 3744 1610 3799 divino
1630 3750 1775 3799 nutu
1791 3744 1900 3799 sibi

191 3834 600 3907 suppetebant,
644 3833 923 3889 beneﬁcio
960 3850 1159 3888 eruere
1187 3834 1503 3906 potuissent
1538 3836 1734 3905 (Epist.
1771 3837 1894 3901 204,

189 3941 286 3977 nn.
324 3927 374 3989 1,
399 3926 476 3989 2).
504 3923 754 3987 Quorum
783 3921 1022 3978 consilio
1052 3921 1131 3976 sic
1155 3921 1425 3993 aspiravit
1451 3921 1691 3976 caelestis
1719 3921 1897 3987 favor,

192 4016 257 4066 ut
285 4012 520 4066 nemine
548 4011 658 4066 sibi
696 4026 895 4065 necem
937 4010 1341 4076 consciscente,
1373 4010 1577 4081 ingens
1622 4025 1900 4064 numerus

191 4105 319 4154 tum
338 4100 399 4153 in
421 4099 709 4167 Numidia,
732 4104 857 4154 tum
881 4099 938 4153 in
962 4098 1196 4170 reliquis
1216 4098 1418 4153 Africae
1440 4098 1748 4169 provinciis
1768 4114 1899 4152 cum

196 4187 443 4243 Ecclesia
489 4187 550 4242 in
578 4203 777 4259 pacem
816 4186 1067 4241 redierit.
1100 4186 1200 4241 Sin
1229 4192 1422 4240 autem
1454 4186 1515 4239 in
1554 4186 1747 4256 aliquo
1775 4187 1899 4240 loco

196 4277 257 4333 id
285 4276 423 4331 mali
460 4276 839 4347 contingeret,
873 4274 1135 4341 Ecclesia,
1170 4274 1396 4328 Davidis
1426 4273 1607 4328 instar
1636 4274 1705 4328 de
1735 4274 1903 4328 Absa-

194 4365 330 4419 lone
362 4364 660 4419 interfecto
692 4363 1021 4418 maestitiam
1046 4379 1210 4417 suam
1239 4378 1377 4433 pace
1400 4362 1565 4432 regni
1595 4362 1683 4416 sui
1711 4362 1903 4433 acqui-

197 4453 306 4507 sita
333 4453 699 4519 consolantis,
751 4452 1010 4507 dolorem
1058 4451 1301 4505 materni
1340 4450 1525 4505 cordis
1549 4450 1818 4517 leniebat,
1846 4454 1904 4504 et

198 4541 439 4601 sanabat
464 4542 875 4596 instauratione
897 4542 1132 4596 unitatis
1154 4559 1218 4596 ac
1237 4546 1531 4596 tantorum
1562 4540 1900 4595 liberatione

199 4616 572 4699 populorum.
612 4631 845 4697 Quorum
882 4632 935 4684 si
954 4630 1162 4694 videas,
1205 4630 1285 4685 ait
1319 4630 1389 4684 ad
1425 4628 1798 4693 Bonifacium,
1842 4631 1901 4682 in

202 4718 409 4772 Christi
433 4734 564 4787 pace
585 4718 823 4784 leetitias,
862 4719 1219 4787 frequentius,
1253 4718 1588 4784 alacritates,
1621 4721 1671 4771 et
1700 4717 1773 4771 ad
1802 4717 1899 4785 hy-

202 4821 354 4861 mnos
376 4806 677 4861 audiendos
703 4811 754 4861 et
779 4806 1065 4873 canendus,
1090 4811 1141 4860 et
1165 4806 1238 4859 ad
1258 4805 1474 4859 verbum
1496 4808 1593 4861 Dei
1609 4808 1905 4876 percipien-

204 4893 334 4949 dum
370 4895 595 4950 celebres
642 4896 947 4964 hilaresque
982 4892 1285 4962 conventus,
1317 4895 1713 4963 multorumque
1740 4897 1797 4947 in
1827 4896 1902 4948 eis

201 4999 323 5038 cum
370 4983 550 5039 dolore
588 5000 785 5051 magno
825 4984 1249 5039 recordationem
1275 4985 1546 5052 praeteriti
1581 4984 1803 5047 erroris,
1853 4987 1903 5036 ct

200 5087 321 5126 cum
365 5071 570 5141 gaudio
611 5073 1091 5128 considerationem
1128 5074 1352 5138 cognita
1385 5074 1655 5133 veritatis,
1706 5076 1905 5125 etcum

200 5159 579 5227 indignatione
623 5166 673 5215 et
717 5160 1066 5216 detestatione
1108 5160 1451 5215 mendacium
1492 5162 1901 5228 magistrorum,

200 5248 346 5316 quod
367 5248 524 5303 modo
546 5254 869 5316 cognoscant
891 5250 957 5303 de
972 5251 1174 5305 nostris
1193 5251 1547 5304 sacramentis
1569 5264 1733 5319 quam
1754 5250 1905 5314 falsa

191 5335 556 5403 juctacerint;
588 5338 879 5392 multorum
908 5341 1072 5392 etiam
1114 5340 1173 5392 in
1220 5340 1296 5392 eis
1334 5339 1709 5403 confessiones,
1761 5334 1906 5405 quod

198 5424 324 5477 olim
350 5426 544 5479 vellent
571 5440 681 5480 esse
710 5426 991 5489 Catholici,
1022 5441 1116 5479 nec
1144 5427 1289 5479 inter
1316 5426 1552 5479 homines
1583 5425 1725 5480 tanti
1748 5426 1903 5489 furo-

199 5512 279 5566 ris
330 5513 595 5569 auderent
641 5530 657 5567 :
703 5513 894 5569 horum
936 5528 1061 5583 ergo
1096 5514 1424 5584 pepulerum
1469 5512 1903 5581 congregationes

1994 503 2136 555 rum,
2166 490 2217 541 si
2243 488 2341 541 sub
2367 503 2471 542 uno
2506 495 2787 557 conspectu
2824 490 3034 545 videres
3059 509 3076 555 ;
3107 496 3233 546 tunc
3263 492 3488 556 diceres,
3517 497 3701 550 nimia

1994 576 2163 640 fuisse
2193 576 2553 644 crudelitatis,
2594 578 2643 630 si
2674 576 2803 630 dum
2835 580 3113 632 timeretur
3143 595 3209 632 ne
3247 579 3482 635 homines
3512 581 3698 650 despe-

1992 665 2126 728 rati,
2158 668 2208 716 et
2237 665 2463 717 istorum
2490 665 2878 719 innumerabili
2904 667 3250 721 multitudini
3275 669 3429 722 nulla
3456 671 3698 724 aestima-

1995 753 2135 805 tione
2166 752 2540 820 comparandi,
2567 755 2681 807 suis
2711 758 2762 807 et
2790 754 3113 808 voluntariis
3144 757 3362 822 ignibus
3393 773 3696 811 cremaren-

1993 844 2104 905 tur,
2136 841 2234 894 isti
2272 842 2331 893 in
2375 845 2634 895 zetemum
2676 841 2964 909 perdendi,
3004 848 3055 896 et
3093 844 3434 912 sempiternis
3477 847 3700 913 ignibus

1993 929 2276 983 cruciandi
2302 930 2738 998 relinquerentur
2768 931 2965 999 (Epist.
3001 934 3208 997 185,.n.
3244 934 3355 1002 32).

2064 1024 2116 1070 2.
2164 1017 2225 1070 In
2272 1016 2386 1070 illis
2432 1022 2648 1084 autem,
2702 1034 2949 1088 quorum
2998 1019 3250 1073 amentia
3290 1020 3540 1074 maxime
3587 1020 3699 1075 fuit

1993 1103 2256 1174 insignis,
2313 1104 2636 1159 nobilitavit
2692 1122 2751 1160 se
2808 1106 3156 1161 Gaudentius
3209 1107 3699 1179 Thamugadensis

1994 1192 2313 1263 episcopus,
2358 1192 2599 1247 celebris
2635 1192 2787 1246 illius
2819 1193 3009 1263 Optati
3036 1194 3362 1249 Gildoniani
3388 1213 3692 1262 successor,

1995 1284 2052 1334 et
2078 1296 2228 1334 unus
2256 1295 2287 1334 e
2318 1284 2721 1351 septem,quos
2753 1281 3062 1335 Donatista:
3092 1299 3324 1337 suarum
3354 1284 3606 1354 partium
3638 1284 3699 1338 in

1994 1367 2298 1422 collatione
2347 1367 2783 1439 Carthaginensi
2827 1373 3100 1438 patronos
3149 1369 3440 1440 elegerant
3481 1372 3701 1438 (Contra

1996 1456 2296 1526 Gaudent.,
2317 1457 2409 1512 lib.
2440 1461 2491 1523 1,
2512 1473 2569 1512 n.
2595 1460 2661 1511 52
2679 1476 2693 1524 ;
2708 1460 2943 1512 Retract.
2969 1458 3063 1511 lib.
3088 1461 3140 1518 2.
3162 1473 3281 1526 cap.
3306 1458 3415 1529 59).
3440 1460 3492 1512 ls
3513 1458 3699 1528 primo

1994 1562 2124 1600 cum
2152 1546 2409 1616 fugisset,
2431 1546 2797 1616 postmodum
2814 1545 3060 1599 redierat
3081 1546 3254 1615 (Cont.
3286 1546 3579 1612 Gaudent.,
3599 1547 3696 1600 lib.

2000 1637 2049 1702 1,
2079 1650 2136 1688 n.
2169 1635 2275 1701 l7),
2308 1634 2592 1704 dejerans,
2624 1632 2670 1687 si
2699 1637 3001 1704 cogeretur
3028 1633 3455 1687 communicare
3486 1634 3698 1689 Catho-

1995 1720 2139 1787 licis,
2166 1739 2226 1776 se
2264 1705 2497 1776 incensa
2522 1722 2755 1791 propria
2780 1720 3013 1775 ecclesia
3042 1737 3173 1775 cum
3202 1720 3327 1775 aliis
3354 1722 3574 1793 aliquot
3609 1723 3701 1777 fu-

1996 1808 2187 1875 riosis,
2219 1809 2321 1880 qui
2349 1809 2536 1863 adhuc
2566 1808 2754 1862 eidem
2795 1808 3182 1872 adluat-ebant,
3216 1810 3701 1879 conﬁagraturum

2000 1898 2184 1967 (Ibid.,
2206 1914 2264 1953 η.
2294 1901 2406 1967 l,et
2424 1900 2662 1952 Retract.
2686 1896 2779 1950 lib.
2798 1899 2853 1963 2,
2877 1912 2999 1965 cap.
3024 1898 3130 1964 59).
3160 1896 3438 1950 Honorius
3456 1897 3699 1967 impera-

1998 1989 2088 2041 tor
2116 1987 2308 2057 legum
2340 2001 2445 2057 pro
2464 1984 2686 2038 unitate
2711 1984 2958 2038 latarum
2984 1999 3178 2038 curam
3202 1984 3445 2038 Dulcitio
3469 1986 3701 2040 manda-

2000 2080 2177 2141 verat,
2211 2074 2353 2128 laico
2384 2077 2443 2127 et
2477 2072 2714 2126 militari
2751 2072 2896 2141 viro,
2927 2071 3220 2127 catholica
3249 2072 3697 2138 communionis,

1999 2163 2232 2234 quique,
2261 2165 2324 2216 ut
2356 2160 2553 2232 paucis
2592 2165 2722 2215 ante
2762 2159 2926 2213 annis
2967 2160 3344 2225 Marcellinus,
3376 2160 3594 2216 tribuni
3635 2175 3702 2214 ac

1998 2250 2209 2306 notarii
2231 2248 2509 2320 dignitate
2540 2252 2776 2302 ornatus
2805 2252 2922 2301 erat
2954 2248 3172 2305 (Contra
3200 2247 3490 2315 Gaudent.,
3518 2248 3611 2302 lib.
3648 2249 3700 2313 1,

1998 2355 2056 2393 n.
2094 2338 2202 2408 12).
2236 2337 2377 2393 Huic
2415 2336 2671 2391 muneris
2710 2334 2797 2389 sui
2835 2334 2983 2389 ratio
3031 2351 3147 2389 non
3193 2334 3557 2405 irrogandam
3590 2333 3704 2389 illis

1999 2426 2200 2496 capitis
2227 2442 2477 2497 poenam,
2504 2424 2603 2479 sed
2633 2429 2860 2479 tantum
2885 2422 3087 2489 exsilii,
3119 2422 3485 2493 permittebat
3505 2425 3700 2492 (Epist.

1999 2517 2126 2581 204,
2170 2531 2226 2569 n.
2280 2519 2354 2585 3).
2403 2515 2590 2568 Inerat
2626 2512 2739 2584 ipsi
2785 2511 3032 2566 lenitatis
3072 2511 3415 2583 plurimum;
3462 2512 3700 2582 ejusque

2004 2618 2179 2673 opera
2198 2619 2312 2656 non
2328 2617 2542 2672 paucos
2571 2618 2605 2655 a
2636 2600 2939 2655 schismate
2961 2599 3032 2653 ad
3063 2600 3400 2654 catholicam
3426 2599 3703 2655 unitatem

2004 2691 2153 2744 Deus
2181 2690 2534 2744 traduxerat.
2565 2689 2707 2743 Cum
2738 2692 2928 2742 essent
2955 2687 3455 2759 Tbamugadenses
3482 2687 3703 2742 caeteris

2002 2778 2436 2849 pertinaciores,
2466 2775 2747 2830 Dulcitius
2790 2776 3058 2830 adversus
3106 2791 3203 2829 eos
3242 2775 3706 2844 mansuetudine,

2001 2871 2066 2921 ut
2112 2866 2367 2931 decebat,
2398 2863 2485 2918 uti
2523 2862 2803 2933 cogitans,
2835 2863 2961 2916 illos
3005 2861 3179 2916 ofﬁcii
3223 2862 3312 2915 sui
3357 2863 3539 2917 edicto
3580 2878 3704 2917 mo-

2001 2954 2161 3021 nuit;
2192 2952 2253 3006 in
2281 2968 2396 3023 quo
2426 2950 2576 3005 inter
2613 2949 2741 3012 alia,
2774 2964 2905 3003 cum
2935 2964 3030 3003 eos
3068 2948 3236 3003 sciret
3264 2964 3386 3002 sese
3415 2948 3706 3003 cremandi

2002 3042 2260 3097 animum
2288 3041 2521 3106 habere,
2555 3038 2896 3100 declarabat,
2917 3037 3073 3107 ipsos
3094 3041 3359 3099 mortem,
3390 3053 3561 3109 quam
3590 3053 3706 3093 me-

2000 3134 2283 3192 rerentur,
2343 3128 2725 3183 toleraturos:
2780 3141 2895 3197 quo
2952 3125 3226 3180 nimirum
3276 3126 3426 3180 dicto
3483 3143 3703 3194 necem,

2004 3234 2177 3288 quam
2206 3216 2455 3290 propriis
2484 3214 2750 3271 manibus
2779 3213 2889 3268 sibi
2927 3214 3066 3284 ipsis
3095 3215 3383 3281 atferrent,
3416 3215 3705 3287 signiﬁca-

1946 3370 1951 3377 _
2002 3307 2099 3361 bat
2128 3325 2143 3360 :
2188 3305 2273 3361 illi
2304 3309 2497 3360 autem
2527 3305 2647 3359 hoc
2674 3303 2753 3357 ita
2784 3308 2918 3358 sunt
2944 3302 3328 3374 interpretati,
3360 3304 3524 3375 quasi
3551 3304 3707 3375 capi-

2002 3396 2116 3449 tale
2150 3393 2498 3466 supplicium
2527 3392 2665 3464 ipsis
2710 3392 3064 3446 intentasset.
3096 3396 3171 3447 At
3201 3392 3324 3462 ipse
3370 3392 3482 3446 alio
3524 3390 3707 3446 edicto

2004 3485 2366 3555 promulgata
2408 3486 2660 3536 mentem
2703 3480 3039 3551 explicatius
3079 3479 3323 3550 aperuit.
3356 3480 3503 3544 Quin
3533 3479 3708 3534 etiam

2006 3573 2222 3627 litteras
2250 3572 2324 3626 ad
2353 3568 2759 3633 Gaudentium,
2791 3568 3001 3639 quibus
3040 3583 3174 3621 eum
3210 3567 3282 3621 ad
3313 3568 3585 3622 unitatem
3615 3585 3707 3623 ca-

2004 3660 2276 3716 tholicam
2316 3660 2733 3724 adhortaretur,
2765 3662 2822 3711 et
2859 3655 3214 3722 incendium,
3245 3672 3358 3727 quo
3400 3673 3458 3710 se
3487 3672 3550 3711 ac
3579 3673 3709 3711 suos

2006 3766 2135 3803 cum
2164 3749 2289 3819 ipsa
2325 3748 2386 3802 in
2417 3763 2532 3818 qua
2565 3750 2688 3801 erat
2723 3744 2957 3800 ecclesia
2992 3760 3326 3799 consumere
3359 3744 3707 3812 minabatur,

2005 3837 2358 3893 dissuaderet
2379 3836 2633 3907 (Retract.
2650 3836 2742 3889 lib.
2770 3836 2827 3902 2,
2847 3849 2968 3903 cap.
2996 3833 3104 3904 59).
3130 3832 3365 3888 Dicebat
3384 3851 3506 3889 esse
3526 3833 3605 3888 ibi
3624 3834 3710 3888 in-

2006 3930 2296 3992 nocentes,
2328 3941 2470 3995 quos
2497 3924 2595 3979 ille
2640 3923 2709 3977 ad
2740 3922 2979 3978 exitium
3014 3926 3233 3977 teneret
3260 3922 3486 3991 invitos,
3515 3923 3573 3977 id
3605 3926 3707 3989 est,

2007 4016 2107 4086 qui
2136 4015 2244 4069 nisi
2276 4012 2628 4069 auctoritatis
2648 4013 2771 4084 ejus
2796 4010 3276 4083 contemplatione
3301 4027 3364 4065 ac
3392 4009 3711 4065 reverentia

2004 4104 2423 4169 inhiberentur,
2475 4102 2545 4156 ad
2595 4101 2928 4156 catholicam
2975 4100 3283 4154 Ecclesium
3330 4102 3556 4169 sponte.
3579 4098 3710 4152 red-

2006 4194 2157 4248 irent
2178 4194 2399 4263 (Contra
2416 4191 2708 4253 Gaudent.,
2726 4190 2822 4244 lib.
2843 4193 2896 4258 t,
2911 4206 2966 4243 η.
2991 4188 3065 4260 6).
3089 4188 3370 4253 Addebat,
3393 4191 3617 4241 caveret
3634 4202 3707 4240 ne

2005 4285 2228 4336 tantum
2254 4278 2503 4334 basilica:
2532 4277 2861 4346 aediﬁcium,
2887 4276 2987 4331 ubi
3016 4276 3223 4347 saepius
3252 4290 3463 4328 nomen
3494 4273 3596 4328 Dei
3625 4273 3708 4327 iu-

2007 4373 2321 4435 vocaverat,
2371 4370 2795 4422 concrematam
2853 4365 2925 4419 ab
2977 4364 3102 4435 ipso
3156 4361 3327 4416 fuisse
3384 4360 3707 4426 diceretur;

2006 4458 2266 4512 laetatum
2311 4473 2389 4523 se,
2438 4455 2593 4526 quod
2636 4454 2698 4509 in
2743 4452 3098 4525 provinciam
3140 4453 3240 4505 aut
3276 4450 3422 4504 forte
3452 4449 3623 4503 etiam
3649 4448 3711 4503 in

2012 4546 2211 4600 urbem
2257 4544 2796 4615 Thamugadensem
2849 4540 3158 4596 adveniens
3206 4538 3497 4593 absentem
3547 4537 3709 4593 illum

2007 4629 2313 4700 reperisset
2344 4644 2357 4683 ε
2410 4633 2606 4683 contra
2636 4643 2793 4689 vero,
2835 4624 2988 4695 quod
3019 4639 3308 4677 reversum
3339 4622 3603 4677 eumdem
3631 4622 3712 4675 vi-

2008 4717 2190 4786 deret,
2223 4717 2461 4771 moleste
2490 4717 2672 4782 ferre;
2716 4714 2870 4769 nolle
2900 4712 3183 4784 siquidem
3221 4711 3328 4767 sibi
3372 4713 3493 4783 ejus
3522 4728 3710 4783 perse-

2011 4805 2209 4877 quenti
2237 4805 2593 4861 occasionem
2625 4803 2768 4871 dari,
2801 4819 2988 4874 neque
3016 4801 3172 4856 illius
3200 4799 3566 4872 praesentiam
3594 4800 3714 4854 obi-

2017 4911 2142 4950 cem
2169 4895 2373 4949 aﬁ'erre
2403 4893 2572 4948 saluti
2600 4892 2845 4947 aliorum
2875 4907 2889 4945 :
2921 4889 2969 4944 si
2996 4906 3056 4943 se
3082 4889 3176 4944 ille
3204 4888 3567 4945 innocentem
3592 4904 3711 4942 cre-

2014 4983 2193 5050 deret,
2239 4982 2465 5053 fugeret
2510 4980 2701 5053 potius
2735 4979 2901 5051 juxta
2946 4976 3295 5034 dominicum
3337 4980 3708 5047 praeceptum,

2010 5087 2182 5142 quam
2214 5087 2271 5125 se
2314 5070 2437 5139 ipse
2467 5074 2747 5123 cremaret
2791 5068 2976 5138 (lbid.,
3008 5083 3066 5122 n.
3122 5070 3227 5136 12).
3273 5064 3607 5120 Testabatur
3652 5077 3711 5117 se

1984 5156 2395 5229 .quorumdam
2425 5156 2609 5210 relatu
2637 5154 2987 5227 cognovisse,
3017 5154 3201 5209 virum
3232 5152 3397 5206 illum
3425 5166 3545 5203 esse
3575 5165 3714 5220 pru-

2012 5244 2207 5300 dentia
2255 5244 2588 5316 praeditum;
2642 5260 2708 5298 ac
2775 5260 3000 5315 semper
3062 5258 3194 5298 eum
3245 5237 3714 5294 honoriﬁcentius

2012 5333 2307 5397 tractabat,
2343 5349 2517 5403 quam
2563 5331 2897 5410 beereticum
2940 5330 3173 5386 deberet
3210 5324 3519 5381 catholicus
3553 5339 3567 5377 :
3616 5324 3715 5379 sed

2013 5422 2164 5476 hunc
2214 5438 2281 5474 ea
2335 5422 2555 5475 ratione
2615 5420 2900 5475 redditum
2950 5418 3015 5472 iri
3068 5414 3393 5471 dociliorem
3452 5413 3717 5482 sperabat

2016 5509 2198 5581 (Ibid.,
2220 5524 2276 5564 η.
2302 5511 2374 5575 3).
2412 5513 2656 5581 Accepta
2674 5506 3022 5564 Gaudentius
3044 5505 3150 5559 hac
3173 5499 3433 5573 epistola,
3456 5505 3712 5558 actutum
3756 5536 3761 5543 -
