4028 6174
358 296 459 346 515

358 411 713 478 brevissime,
743 424 817 463 ne
844 423 1086 476 moram,
1117 411 1177 461 ut
1214 406 1454 471 dicebat,
1488 407 1718 461 afferret
1744 404 2052 476 perlatori-

359 502 489 570 bus,
518 497 807 570 rescripsit
831 498 1056 567 (Contra
1083 496 1283 562 Gaud.,
1306 496 1342 549 ι.
1372 498 1419 562 1,
1449 511 1506 549 n.
1540 495 1642 563 12).
1667 493 1751 548 lbi
1770 494 1863 548 ille
1884 493 2057 564 proti-

358 590 604 655 tebatur,
636 587 744 641 sibi
774 586 1008 658 quidem
1033 584 1334 640 deﬁnitum
1356 587 1412 638 et
1439 582 1811 637 constitutum
1843 598 1983 647 esse,
2008 580 2057 635 si

356 678 476 732 vim
493 678 669 732 ullam
690 674 1087 729 imminentem
1109 676 1385 741 cerneret,
1410 672 1560 726 intra
1575 670 1861 725 dominica
1877 673 2057 724 castra

266 832 279 843 .
359 766 490 821 vita:
512 765 729 820 exitum
751 762 1080 828 terminare,
1113 762 1220 815 hoc
1240 764 1343 829 est,
1366 763 1545 814 semet
1566 775 1697 814 cum
1712 759 1949 814 ecclesia
1968 758 2056 813 in-

359 855 600 909 cendere
624 870 636 907 :
671 852 821 923 quod
844 867 974 905 vero
1008 850 1078 904 ad
1099 849 1262 916 alios,
1287 852 1510 903 tantum
1534 848 1749 916 abesse,
1774 852 1838 903 ut
1856 864 2058 921 cogere

358 943 486 996 illos
523 940 629 995 sibi
674 942 1040 1011 proponeret,
1072 942 1135 992 ut
1174 937 1366 1008 potius
1405 937 1693 1005 omnibus,
1725 937 1826 1008 qui
1869 954 1935 991 ex
1967 953 2059 991 ec-

358 1028 530 1085 clesia
558 1028 828 1083 decedere
872 1030 1168 1097 cuperent,
1201 1030 1400 1080 auctor
1445 1026 1663 1093 fuisset,
1695 1026 1837 1081 illud
1866 1025 2059 1097 palam

359 1134 422 1171 ac
452 1117 629 1171 libere
655 1116 1009 1170 declararent
1047 1115 1229 1185 (Ibid.,
1258 1131 1313 1170 n.
1357 1114 1431 1184 '7).
1467 1114 1745 1170 Postridie
1793 1115 1916 1186 ejus
1945 1114 2059 1169 diei

360 1206 513 1261 aliud
541 1220 880 1275 responsum
906 1203 1089 1274 priori
1117 1203 1409 1257 verbosius
1436 1203 1583 1270 fecit,
1616 1204 1675 1257 in
1702 1220 1816 1275 quo
1849 1203 2062 1257 niteba-

359 1299 455 1349 tur
481 1294 734 1348 furorem
776 1308 948 1347 suum
995 1292 1304 1357 Scripturaa
1353 1291 1655 1345 defendere
1693 1291 2057 1359 testimoniis,

359 1382 423 1436 in
443 1382 645 1452 hisque
667 1379 927 1451 exemplo
951 1378 1127 1443 Razii,
1161 1379 1321 1449 cujus
1343 1384 1589 1433 mortem
1610 1379 1753 1434 liber
1780 1381 2060 1434 secundus

361 1469 814 1525 Machabaaorum
868 1470 1064 1521 narrat
1105 1466 1290 1536 (Ibid.,
1338 1482 1395 1520 π.
1454 1470 1556 1535 12).
1608 1468 1954 1522 Memorabat
2001 1467 2061 1522 id

363 1571 616 1626 quoque,
658 1554 812 1624 quod
862 1552 1108 1607 Emerito
1152 1553 1485 1624 contigerat,
1537 1570 1667 1608 cum
1709 1554 2062 1625 Augustinus

362 1647 619 1697 vertente
648 1659 797 1695 anno
826 1641 1390 1713 quadringentesimo
1423 1641 1642 1697 decimo
1664 1648 1856 1698 octavo
1884 1644 2063 1699 Caesa-

362 1747 521 1786 ream
540 1729 812 1802 petierat;
830 1729 929 1783 sed
949 1729 1032 1783 rei
1047 1728 1404 1783 dissimulata
1422 1731 1655 1784 veritate
1677 1731 1837 1799 (Ibid.
1851 1773 1863 1796 ,
1877 1749 1930 1785 η.
1954 1730 2056 1800 1ϋ).

435 1824 487 1875 3.
530 1817 806 1873 Dulcitius
854 1821 1156 1889 utramque
1204 1816 1505 1889 epistolam
1543 1817 1862 1887 Augustino
1905 1818 2063 1872 defe-

366 1907 600 1963 rendam
638 1906 874 1972 curavit,
904 1922 1073 1960 orans
1111 1905 1236 1959 illas
1267 1910 1329 1959 ut
1370 1906 1654 1961 refelleret
1685 1907 1936 1971 (Retract.
1994 1906 2062 1959 li-

366 1998 459 2052 bro
498 2000 551 2063 2,
584 2012 706 2066 cap.
756 1994 868 2065 59),
900 2010 965 2048 ac
1009 1994 1117 2048 sibi
1171 1994 1524 2065 praeciperet,
1572 2011 1685 2066 quo
1739 1998 1900 2065 pacto
1952 1992 2063 2063 ipsi

365 2089 512 2141 esset
541 2082 824 2138 haereticis
851 2082 1316 2153 respondendum
1349 2084 1551 2152 (Epist.
1595 2084 1722 2151 204,
1754 2099 1809 2138 n.
1874 2081 1922 2153 l)
1959 2097 1971 2136 :
2005 2081 2065 2136 id

364 2179 470 2241 est,
503 2173 615 2227 nisi
632 2189 734 2227 nos
753 2170 902 2227 fallit
929 2172 1277 2242 conjectura,
1300 2188 1476 2242 quam
1497 2171 1780 2226 rationem
1808 2187 1941 2225 eum
1967 2170 2065 2224 ha-

364 2263 499 2317 bere
541 2265 834 2332 oporteret
877 2259 1188 2327 minarum,
1240 2260 1448 2332 quibus
1490 2260 1550 2313 in
1598 2276 1656 2313 se
1704 2259 1859 2330 ipsos
1910 2259 2063 2313 ferro

365 2352 711 2421 ﬂammaque
761 2364 962 2402 usuros
1004 2347 1362 2418 jactitabant.
1413 2348 1498 2402 Ad
1540 2348 1649 2401 hoc
1694 2347 1887 2402 retulit
1929 2363 2065 2401 san-

364 2444 487 2494 ctus
529 2437 796 2502 Antistes,
830 2435 1017 2491 minas
1063 2436 1391 2506 bujusmodi
1419 2435 1587 2490 nihili
1617 2435 1925 2501 faciendas;
1962 2451 2065 2489 ne-

366 2542 477 2596 que
498 2525 707 2579 debere
730 2524 896 2578 illum
912 2528 1070 2578 metu
1101 2522 1258 2577 exitii
1278 2522 1621 2576 miserorum
1650 2521 1868 2592 aliquot
1886 2522 2068 2576 deter-

368 2614 505 2680 reri,
539 2612 848 2683 quominus
872 2610 1117 2666 aliorum
1140 2609 1329 2677 saluti,
1358 2611 1545 2682 quoad
1567 2610 1687 2681 ejus
1716 2609 1840 2663 ﬁeri
1864 2614 2063 2680 potest,

368 2703 644 2756 consulat.
705 2702 783 2755 De
832 2699 1161 2754 refellendis
1205 2703 1398 2754 autem
1446 2698 1748 2754 Gaudentii
1793 2699 2064 2770 epistolis,

364 2790 443 2845 ait
465 2789 524 2844 id
554 2789 660 2843 sibi
689 2804 794 2859 per
819 2787 1221 2858 occupationes
1249 2788 1339 2842 vix
1365 2786 1553 2854 licere,
1585 2788 1825 2859 aliisque
1850 2789 1909 2841 in
1937 2803 2068 2859 0pc-

362 2878 523 2933 ribus
544 2879 667 2948 jam
711 2893 771 2931 se
817 2876 1179 2948 respondisse
1226 2876 1297 2931 iis
1341 2877 1716 2947 argumentis,
1767 2892 1897 2948 quae
1940 2877 2067 2930 istae

366 2966 727 3021 continerent
766 2966 956 3036 (Ibid.,
989 2982 1044 3020 n.
1073 2965 1127 3037 4)
1163 2982 1176 3020 :
1210 2966 1335 3019 illas
1377 2970 1568 3020 tamen
1602 2982 1660 3020 se
1690 2971 1903 3032 exacte,
1935 2982 2066 3021 cum

364 3057 486 3127 ejus
510 3060 682 3126 atque
716 3054 984 3119 Eleusini,
1018 3054 1119 3125 qui
1149 3054 1301 3110 idem
1334 3069 1369 3108 a
1400 3071 1458 3109 se
1486 3055 1828 3125 postulabat,
1862 3054 2066 3126 gratia,

363 3148 489 3198 tum
501 3143 672 3198 suain
683 3142 1214 3213 Thamugadensem
1231 3142 1512 3214 populum
1531 3142 1802 3197 charitate
1814 3143 2068 3197 confuta-

366 3237 560 3287 turum
593 3231 778 3301 (Ibid.,
803 3247 858 3286 n.
894 3231 971 3300 9).
1012 3230 1159 3294 Quin
1183 3231 1356 3285 etiam
1386 3230 1638 3298 easdem,
1663 3235 1836 3303 atque
1866 3231 1924 3285 in
1954 3230 2068 3301 pri-

368 3320 476 3375 mis
504 3319 815 3374 adductum
853 3317 1015 3373 Razii
1044 3319 1393 3389 exemplum,
1428 3318 1670 3373 strictim
1707 3319 1970 3374 dissolvit
2006 3320 2068 3374 in

369 3425 436 3465 ea
466 3408 589 3480 ipsa
614 3409 683 3463 ad
711 3407 1018 3463 Dulcitium
1043 3406 1301 3479 epistola.
1329 3408 1489 3462 Hunc
1509 3424 1682 3478 porro
1712 3407 2063 3475 Eleusinum,

365 3514 537 3571 quem
568 3496 920 3568 Augustinus
948 3496 1341 3552 honorabilem
1366 3500 1423 3551 et
1452 3496 1851 3551 charissimum
1880 3496 2065 3551 filium

364 3603 533 3642 suum
571 3590 750 3652 vocat,
799 3602 1024 3641 necnon
1073 3586 1225 3657 apud
1266 3585 1767 3657 Thamugadenses
1810 3585 2066 3639 tribuna-

363 3680 489 3731 tum
536 3675 745 3730 obiisse
792 3679 1054 3742 testatur,
1107 3674 1259 3729 haud
1311 3674 1555 3729 absurde
1604 3673 1733 3746 quis
1784 3672 2067 3746 putaverit

364 3763 633 3818 eumdem
679 3762 843 3817 illum
891 3779 1014 3817 esse
1062 3763 1414 3825 Eleusinum,
1453 3763 1640 3817 virum
1678 3762 2064 3831 tribunitium,

365 3850 465 3921 qui
501 3850 785 3921 praedium
824 3850 884 3903 in
923 3866 1064 3920 agro
1106 3850 1457 3921 Hipponensi
1495 3850 1844 3921 possidebat,
1876 3850 1974 3904 ubi
2012 3854 2069 3904 et

362 3938 515 3993 beati
536 3937 815 4008 Stephani
834 3938 1076 3993 mdicula
1096 3955 1192 3992 seu
1216 3938 1497 3993 memoria
1518 3942 1655 3993 erat.
1682 3940 1733 3993 Is
1759 3938 1943 3993 tilium
1973 3938 2067 3992 ad-

314 4016 319 4027 ’
364 4028 475 4082 huc
504 4026 874 4095 infantulum,
897 4025 999 4097 qui
1022 4026 1223 4080 morbo
1242 4027 1429 4081 fuerat
1449 4028 1724 4093 sublatus,
1749 4042 1921 4098 super
1949 4043 2067 4080 me.-

365 4114 628 4183 moriam,
659 4130 759 4168 seu
787 4114 933 4169 forte
965 4113 1266 4169 aediculam
1292 4131 1477 4170 sacras
1509 4114 1767 4186 Martyris
1795 4115 2066 4186 reliquias

361 4202 753 4259 continentem
783 4201 1017 4274 posuit;
1045 4218 1291 4275 cumque
1321 4205 1438 4259 Deo
1475 4203 1724 4258 ubertim
1750 4204 2065 4275 lacrymans

363 4293 759 4364 supplicasset,
794 4291 1065 4347 eumdem
1104 4290 1296 4346 vivum
1334 4309 1399 4346 ac
1437 4292 1708 4365 sospitem
1746 4293 1943 4347 retulit
1972 4293 2068 4364 (De

361 4384 529 4438 Civit.
567 4384 686 4450 Dei,
722 4382 816 4436 lib.
848 4384 938 4443 22,
972 4396 1092 4451 cap.
1126 4383 1179 4448 8,
1211 4397 1269 4435 η.
1303 4383 1408 4451 19).
1441 4383 1644 4436 Narrat
1672 4381 1908 4453 insuper
1936 4398 2064 4434 san-

361 4473 483 4523 ctus
503 4472 739 4536 Praesul,
768 4470 1042 4525 dilectum
1064 4473 1236 4541 atque
1260 4470 1659 4525 honorabilem
1689 4470 1875 4525 ﬁlium
1896 4487 2066 4525 suum

362 4558 692 4630 Eleusinum.
713 4557 1065 4629 Hipponensi
1088 4558 1433 4613 monasterio
1456 4557 1649 4612 villam
1670 4558 1818 4613 dono
1842 4558 2064 4613 dedisse

364 4644 557 4715 (Serm.
593 4650 716 4714 356,
747 4664 804 4703 η.
859 4649 979 4720 l5);
1025 4664 1201 4719 quam
1247 4647 1336 4703 vel
1383 4646 1519 4702 hinc
1563 4646 1849 4718 intelligas
1891 4646 2065 4702 fuisse

362 4739 671 4804 proventus
697 4750 813 4789 non
844 4736 1165 4804 mediocris,
1192 4737 1348 4808 quod
1368 4736 1416 4791 is
1436 4736 1594 4790 illam
1618 4735 1901 4790 diceretur
1927 4752 2064 4789 ven-

363 4822 593 4889 didisse,
624 4839 756 4877 cum
792 4823 897 4879 hoc
928 4825 1183 4879 muneris
1215 4826 1282 4880 ab
1315 4843 1382 4881 eo
1412 4825 1587 4896 gratis
1616 4825 1932 4896 profectum
1963 4841 2063 4878 ne-

361 4929 457 4967 mo
488 4912 651 4967 facile
682 4912 937 4967 crederet
964 4930 979 4968 :
1009 4915 1106 4969 sed
1135 4916 1290 4970 hunc
1323 4931 1612 4969 rumorem
1640 4914 1847 4968 falsum
1877 4913 2062 4968 decla-

363 5001 523 5067 ravit,
555 5003 729 5072 atque
756 5000 929 5070 hujus
968 5002 1295 5057 donationis
1326 5007 1530 5057 testem
1570 5019 1628 5057 se
1660 5003 1951 5073 professus
1982 5005 2065 5055 est

362 5089 734 5162 Augustinus.
768 5089 823 5142 Is
852 5093 916 5143 ut
942 5088 1197 5158 primum
1228 5091 1335 5146 sibi
1367 5091 1548 5158 licuit,
1591 5090 1765 5145 fidem
1796 5106 1953 5144 suam
1996 5090 2064 5143 de

362 5178 727 5235 confulandis
769 5177 1070 5233 Gaudentii
1114 5178 1333 5233 duabus
1385 5180 1638 5251 epistolis
1663 5179 1944 5245 liberavit,
1976 5177 2063 5231 in-

365 5284 475 5339 que
502 5284 629 5323 eam
655 5283 778 5322 rem
806 5265 1018 5321 librum
1042 5281 1225 5321 unum
1256 5268 1627 5335 elucubravit,
1670 5268 1730 5322 in
1761 5283 1876 5338 quo
1918 5283 2063 5338 prte-

364 5356 601 5412 missum
631 5354 940 5412 adversarii
969 5359 1295 5410 contextum
1326 5372 1427 5411 sua
1448 5356 1626 5428 ipsius
1658 5354 1951 5429 responsio
1982 5371 2066 5409 se-

366 5444 677 5514 quebatur;
710 5450 775 5499 ut
820 5442 1034 5499 scilicet
1070 5442 1526 5514 imperitioribus
1568 5461 1801 5517 quoque
1847 5446 2065 5499 clarum

368 5531 547 5598 lieret,
578 5548 612 5586 a
640 5549 697 5587 se
729 5533 849 5588 sine
874 5548 1153 5603 responso
1179 5530 1326 5587 nihil
1356 5533 1808 5601 praetermissum
1841 5533 2065 5602 (Contra

1618 284 1786 338 VITA
1828 283 1881 337 S.
1925 279 2311 339 AUGUSTINI
2352 278 2688 336 EPISCOPI.
3728 286 3805 337 516

2167 403 2455 471 Gaudent,
2506 402 2597 457 lib.
2655 405 2704 468 1,
2753 416 2809 455 n.
2864 402 2936 471 1).
2984 401 3143 456 Lecto
3192 400 3301 455 hoc
3342 401 3480 455 libro
3508 404 3810 461 Gaudentius

2164 490 2396 563 ipsimet
2421 489 2741 561 Augustino
2770 488 3078 559 rescripsit,
3108 505 3230 543 non
3261 505 3395 543 eum
3422 496 3487 544 ut
3512 491 3810 561 confutaret,

2167 580 2263 633 sed
2292 578 2695 634 tantummodo
2724 594 2796 632 ne
2822 577 3141 632 convictum
3191 593 3252 631 se
3298 577 3521 632 silentio
3550 595 3645 633 suo
3678 580 3814 636 fateri

2165 668 2489 723 crederetur
2523 667 2716 739 ({lbid.,
2760 667 2854 721 lib.
2896 669 2961 733 2,
2997 682 3054 722 η.
3105 670 3124 721 1
3158 682 3173 733 ;
3218 668 3454 721 Retract.
3500 667 3588 721 lib.
3623 670 3681 736 2,
3718 686 3813 740 cap.

2167 757 2275 827 59).
2307 758 2710 811 Verumtamen
2743 756 2878 811 dum
2929 755 3253 809 inﬁrmitati
3284 772 3402 809 suae
3440 758 3617 811 velum
3648 757 3816 813 obten-

2167 845 2300 900 dere
2343 845 2644 917 cogitabat,
2689 844 2848 898 illam
2889 844 3071 899 multo
3116 843 3565 898 manifestiorem
3592 845 3816 901 reddidit.

2169 933 2389 1005 Quippe
2417 932 2903 988 animadvertebat
2927 931 3188 1003 quilibet,
3210 930 3462 986 voluisse
3483 932 3697 1003 quidem
3712 949 3820 988 eum

2167 1023 2534 1093 respondere,
2569 1026 2822 1076 attamen
2853 1020 2994 1074 nihil
3024 1020 3147 1075 sani
3176 1024 3280 1075 aut
3310 1019 3473 1074 solidi
3513 1020 3818 1091 opposuisse.

2169 1111 2292 1175 Quo
2324 1111 2516 1181 ﬁebat,
2546 1114 2612 1165 ut
2639 1111 2998 1181 desperatam
3040 1109 3222 1180 ipsius
3254 1125 3483 1164 causam
3524 1126 3637 1164 esse
3680 1110 3820 1164 ambi-

2170 1204 2329 1270 geret
2352 1216 2544 1254 nemo.
2578 1199 2741 1254 Haud
2772 1202 2893 1252 erat
2914 1199 3109 1268 magni
3136 1196 3362 1268 negotii
3380 1197 3548 1251 etiam
3564 1197 3822 1252 mediocris

2169 1287 2491 1361 prudentia:
2516 1287 2670 1353 viris,
2704 1303 2877 1359 quam
2898 1286 3091 1357 inepte
3112 1285 3434 1357 Augustino
3455 1284 3547 1339 ille
3568 1286 3822 1356 responde-

2169 1381 2275 1444 ret,
2309 1376 2527 1431 collatis
2558 1376 2854 1446 utriusque
2899 1374 3122 1446 scriptis
3171 1390 3515 1446 cognoscere
3545 1390 3558 1428 :
3586 1374 3723 1428 istud
3744 1390 3821 1429 au-

2169 1470 2286 1520 tem
2332 1469 2395 1519 ut
2424 1482 2524 1537 per
2567 1464 2792 1535 singula
2820 1464 3005 1534 capita
3041 1464 3548 1529 demonstraretur,
3578 1462 3822 1532 prolixiori

2172 1554 2557 1625 disputatione
2604 1552 2921 1623 indigebat.
2956 1553 3086 1606 Erat
3128 1551 3488 1623 Augustinus
3517 1552 3583 1604 ad
3609 1551 3741 1604 hunc
3761 1551 3821 1604 la~

2173 1645 2393 1709 borem,
2426 1643 2474 1697 si
2501 1642 2792 1698 videretur
2816 1640 2895 1695 ita
2915 1640 3328 1706 necessarium,
3349 1637 3721 1711 paratissimus
3743 1654 3755 1693 :
3780 1642 3823 1692 at

2171 1749 2245 1787 ne
2288 1730 2519 1786 interim
2562 1730 2684 1785 sine
2726 1745 2999 1800 responso
3049 1728 3405 1784 Gaudentius
3434 1728 3820 1797 relinqueretur,

2171 1818 2573 1875 brevissimum
2603 1818 2780 1886 dedit,
2808 1817 2909 1888 qui
2928 1817 3211 1872 secundus
3234 1816 3402 1871 estin
3423 1815 3674 1870 eumdem
3696 1815 3819 1869 liber.

2176 1910 2252 1964 Eo
2283 1908 2631 1962 satisfactum
2662 1923 2781 1962 esse
2812 1906 3117 1961 hominum
3147 1905 3557 1975 exspectationi
3583 1904 3702 1959 inde
3718 1920 3821 1957 cou-

2166 1995 2349 2066 jicias,
2382 1996 2535 2067 quod
2554 1996 2652 2049 Vir
2672 1999 2899 2049 sanctus
2920 1994 2974 2048 ei
2991 1993 3137 2049 nihil
3157 1998 3360 2067 postea
3380 1992 3683 2063 reperiatur
3699 1991 3823 2045 addi-

2174 2084 2349 2141 disse.
2410 2086 2522 2139 Hos
2567 2084 2662 2138 ille
2708 2084 2851 2139 duos
2899 2083 3076 2138 libros
3102 2082 3271 2154 quasi
3305 2079 3821 2150 Gaudentioipsimet

2174 2171 2473 2243 inscriptos
2506 2176 2801 2226 memorat.
2833 2170 3087 2226 Possidio
3116 2186 3252 2225 vero
3282 2169 3346 2224 in
3374 2169 3622 2225 Indiculo
3646 2182 3823 2238 separa-

2174 2259 2279 2314 tim
2308 2265 2562 2326 notatur,
2597 2262 3016 2330 Besponsionum
3060 2263 3251 2315 contra
3280 2259 3532 2328 epistolas
3559 2257 3682 2312 duas
3708 2256 3820 2311 Gau-

2175 2348 2348 2403 dentii
2375 2352 2611 2419 episcopi
2653 2352 3079 2415 Donatistarum,
3125 2348 3263 2403 liber
3292 2362 3461 2412 unus;
3493 2350 3566 2415 et,
3594 2345 3678 2400 Ad
3705 2346 3821 2400 Gauo

2176 2438 2417 2492 dentium
2447 2441 2853 2493 Donatistarum
2873 2441 3197 2508 episcopum,
3225 2440 3456 2508 epistola
3484 2452 3588 2490 una
3616 2434 3818 2505 (Possid,

2175 2529 2233 2581 in
2261 2527 2455 2592 Indic.,
2493 2543 2613 2597 cap.
2656 2527 2728 2598 3).
2768 2526 2917 2591 Quid
2965 2527 3283 2582 Gaudentio
3328 2526 3651 2595 caeterisque
3675 2524 3819 2576 Dona-

2175 2614 2323 2669 tistis
2353 2615 2487 2670 inde
2513 2617 2583 2671 ad
2613 2621 2860 2671 mortem
2890 2633 3073 2688 usque
3098 2614 3410 2688 Augustini
3444 2615 3644 2671 factum
3668 2609 3817 2675 fuerit,

2177 2719 2464 2775 nusquam
2494 2705 2833 2775 reperimus.

2246 2794 2299 2846 4.
2347 2793 2493 2846 Dum
2529 2793 2879 2864 Augustinus
2921 2792 3239 2848 Gaudentio
3275 2789 3661 2865 respondebat,
3690 2784 3820 2842 simul

2176 2879 2348 2934 etiam
2393 2896 2629 2950 operam
2667 2881 2839 2935 dabat
2868 2880 3012 2935 libro
3051 2887 3250 2936 contra
3298 2880 3661 2945 Mendacium,
3687 2888 3821 2948 quem

2177 2968 2498 3035 Consentio,
2551 2985 2667 3023 non
2696 2969 2894 3039 procul
2923 2969 3068 3024 forte
3099 2969 3168 3024 ab
3200 2968 3499 3041 Hispania,
3524 2967 3618 3021 ubi
3645 2961 3819 3020 Priscil-

2175 3057 2535 3112 lianistarum
2580 3058 2813 3112 haeresis
2859 3057 3106 3129 vigebat,
3157 3059 3376 3129 agenti,
3417 3053 3695 3113 destinavit
3736 3052 3819 3119 (Re-

2177 3150 2336 3201 tract.
2388 3148 2483 3201 lib.
2538 3151 2593 3217 2,
2634 3163 2754 3217 cap.
2798 3149 2904 3215 60).
2958 3147 3053 3201 Hic
3082 3147 3408 3218 Augustino
3436 3137 3820 3216 legendamulta

2176 3234 2429 3301 miserat,
2462 3251 2641 3306 eaque
2670 3236 2740 3290 de
2766 3234 3335 3290 Priscillianistarum
3356 3231 3817 3306 dogmatibus,quae

2176 3323 2529 3394 singillatim,
2583 3329 2713 3394 post
2766 3328 3086 3378 accuratam
3145 3323 3573 3395 inquisitionem
3602 3322 3653 3372 et
3684 3329 3818 3387 quam

2174 3411 2425 3483 plurima
2450 3428 2518 3466 ex
2548 3413 2797 3483 quodam
2829 3414 3112 3468 Frontone
3142 3412 3396 3484 cognita,
3422 3407 3684 3465 referebat
3704 3402 3818 3472 (Cou-

2178 3506 2265 3554 tra
2308 3500 2670 3569 Mendacium,
2712 3517 2806 3556 nn.
2844 3505 2894 3568 t,
2944 3503 3016 3566 4).
3069 3502 3155 3556 Ad
3183 3502 3359 3556 hosce
3388 3497 3667 3555 haereticos
3690 3491 3817 3545 inve-

2177 3588 2488 3659 stigandos,
2531 3587 2632 3660 qui
2660 3588 2923 3643 haeresim
2966 3605 3125 3643 suam
3158 3605 3272 3643 non
3310 3584 3596 3645 mendacio
3618 3584 3816 3640 tantum,

2175 3678 2272 3731 sed
2301 3677 2554 3747 perjurio
2585 3693 2813 3748 quoque
2862 3677 3116 3732 adhibito
3151 3676 3557 3733 existimabant
3581 3667 3816 3726 occultan-

2176 3765 2328 3833 dam,
2360 3764 2659 3819 videbatur
2689 3766 2989 3820 Consentio
3031 3765 3401 3821 simulatione
3440 3761 3696 3818 utendum
3728 3766 3817 3807 esse

2176 3852 2492 3918 Catholicis,
2552 3852 2822 3923 ﬁngendo
2875 3869 2933 3906 se
2984 3869 3105 3907 esse
3134 3852 3600 3913 Priscillianistas,
3641 3857 3737 3916 quo
3759 3837 3817 3891 sic

2175 3957 2376 3995 eorum
2427 3941 2672 3995 latebras
2714 3944 3099 4012 penetrarent.
3148 3942 3212 3997 Id
3258 3957 3493 4013 prorsus
3532 3925 3818 4006 improbavil

2174 4028 2548 4100 Augustinus,
2584 4029 2794 4099 scripto
2819 4029 2967 4084 hanc
2988 4029 3047 4084 in
3069 4045 3187 4084 rem
3211 4030 3381 4097 libro,
3410 4027 3502 4083 cui
3524 4023 3726 4079 titulum
3750 4015 3814 4069 in'

2175 4118 2340 4187 didit,
2399 4119 2598 4175 Contra
2652 4117 2995 4174 Mendacium
3051 4120 3311 4188 (Retract.
3355 4118 3447 4173 lib.
3501 4119 3548 4183 1,
3592 4124 3698 4179 cap.
3730 4103 3816 4167 27).

2175 4223 2241 4261 eo
2270 4206 2426 4278 quod
2454 4211 2651 4277 aperto
2682 4211 2861 4261 marte
2891 4206 2997 4261 hoc
3023 4206 3226 4261 vitium
3254 4196 3815 4279 aggrediatur,solveus

2177 4277 2482 4365 Scriptura:
2512 4296 2664 4349 locos
2694 4311 2813 4363 eos,
2846 4295 3055 4366 quibus
3096 4277 3382 4365 nonnulli,
3413 4297 3467 4348 et
3494 4292 3552 4346 in
3582 4287 3663 4343 his
3687 4277 3814 4337 forsi-

2174 4386 2271 4437 tan
2302 4382 2421 4453 ipse
2453 4382 2813 4452 Consentius,
2858 4381 3045 4438 eidem
3092 4377 3439 4455 patrocinari
3467 4372 3814 4435 moliebantur.

2174 4472 2281 4527 Sed
2307 4471 2447 4526 illud
2479 4471 2536 4525 in
2559 4471 2757 4542 primis
2787 4471 3164 4540 demonstrat,
3195 4477 3259 4527 ut
3284 4473 3526 4527 maxime
3552 4474 3726 4520 verum
3749 4469 3813 4550 c5-

2175 4566 2259 4616 set
2313 4560 2620 4633 aliquando
2687 4560 2919 4615 mentiri
2981 4561 3204 4616 licitum
3260 4577 3405 4630 esse,
3462 4557 3515 4612 id
3564 4559 3731 4609 tamen
3769 4555 3814 4594 In

2174 4650 2363 4717 rebus,
2439 4665 2569 4720 quae
2642 4649 2716 4704 ad
2786 4649 3129 4720 religionem
3198 4650 3507 4721 pertinent,
3557 4635 3693 4697 haud
3733 4644 3815 4684 un-

2176 4755 2348 4810 quam
2397 4738 2517 4791 sine
2559 4753 2770 4809 magno
2819 4738 3059 4793 crimine
3101 4755 3165 4792 ac
3210 4739 3464 4810 periculo
3511 4744 3659 4804 posse
3685 4731 3815 4812 usuri

2174 4809 2317 4898 pari.
2382 4827 2651 4882 Hortatur
2698 4827 3088 4895 Consentium,
3156 4832 3220 4882 ut
3263 4832 3457 4882 contra
3512 4809 3815 4898 Priscilliani'

2175 4922 2307 4982 Stas.
2338 4915 2568 4986 Quando
2612 4915 2829 4970 viribus
2877 4916 2945 4970 ad
2993 4916 3139 4970 lianc
3178 4932 3303 4971 rem
3332 4905 3646 4970 necessariis
3673 4917 3700 4953 a
3724 4897 3814 4950 Deo

2174 5006 2321 5057 esset
2359 5002 2689 5071 instructus,
2741 4994 2868 5059 stilo
2900 5004 3187 5073 decertet;
3218 5021 3349 5060 cum
3392 4993 3812 5081 supervacaneam

2174 5089 2340 5157 foret,
2368 5091 2600 5146 illorum
2628 5094 2924 5164 explorare
2955 5097 3125 5165 atque
3152 5109 3354 5148 eruere
3374 5088 3642 5161 dogmata,
3662 5076 3701 5130 εί
3720 5076 3815 5165 ξίῗθ

2175 5156 2569 5234 confutatione
2611 5156 3078 5253 relinquerentur
3124 5181 3342 5251 (Contra
3368 5156 3620 5240 Menelao,
3647 5182 3695 5220 η.
3722 5156 3809 5253 25.)-

2175 5269 2247 5321 At
2286 5284 2417 5323 vero
2463 5268 2520 5323 id
2571 5274 2701 5324 ante
2749 5244 2943 5324 omnia
2984 5244 3164 5339 jubet,
3211 5285 3411 5325 eorum
3439 5259 3725 5345 doctrinam
3752 5244 3812 5345 .de

2178 5356 2473 5412 mendacio
2504 5357 2565 5412 in
2591 5374 2761 5413 causa
2790 5358 3085 5429 religionis
3112 5359 3440 5430 usurpando
3466 5341 3813 5425 oppugnet,”

2176 5459 2288 5515 que
2317 5461 2441 5500 eam
2464 5462 2586 5500 rem
2618 5446 2849 5502 Dictinii
2885 5446 3137 5519 episcopi
3168 5442 3593 5502 Priscillianistze
3622 5430 3807 5487 librum.

2177 5532 2270 5588 cui
2296 5532 2479 5589 Librae
2491 5550 2726 5602 nomen,
2754 5534 2981 5591 refellat
2997 5535 3185 5604 (lbid.,
3209 5552 3265 5591 η.
3293 5537 3366 5606 5).
3384 5527 3519 5589 Illud
3541 5533 3689 5598 porro
3703 5520 3810 5567 con-
