4028 6174
165 295 261 345 .317
1611 299 1822 354 LIBER
1865 296 2206 355 OCTAVUS.

160 419 247 468 tra
269 413 633 468 mendacium
665 431 808 486 opus
833 431 1006 469 verno
1035 415 1258 470 circiter
1277 421 1556 488 tempore,
1599 419 1756 486 anni,
1801 424 1867 474 ut

161 503 409 569 videtur,
442 503 741 573 praesentis
767 504 1165 559 elucubratum
1189 505 1315 560 fuit.
1352 508 1464 561 Nec
1492 512 1575 562 est
1603 509 1861 573 dubium,

165 592 308 664 quin
325 592 432 646 hoc
453 592 640 662 ipsum
666 609 815 662 opus
835 593 1090 647 innuerit
1110 595 1483 665 Augustinus,
1509 596 1606 650 ubi
1636 596 1822 651 aiebat
1848 614 1861 650 :

175 684 366 736 Verum
383 682 468 735 hic
490 681 826 750 difﬁcillima
839 687 890 736 et
910 683 1334 737 latebrosissima
1353 687 1602 753 gignitur
1621 688 1860 754 quastio,

159 771 230 824 de
259 786 367 838 qua
397 770 520 838 jam
547 769 808 837 grandem
839 771 1060 839 librum,
1097 787 1215 825 cum
1254 773 1612 841 respondendi
1638 776 1865 828 necessi-

155 865 245 912 tas
301 874 396 912 nos
439 864 672 927 urgeret,
717 859 1038 913 absolvimus
1073 859 1405 928 (Enchirid.,
1463 877 1518 915 η.
1568 864 1645 930 6).
1705 863 1865 926 Quod

151 947 316 1001 enim
369 947 574 1001 attinet
617 948 688 1001 ad
735 947 948 1001 librum
991 948 1061 1002 de
1118 948 1428 1016 Mendacio,
1483 951 1866 1020 compositum

149 1051 292 1089 eum
323 1035 498 1089 fuisse
525 1036 594 1089 ad
621 1036 1088 1105 respondendum
1120 1036 1367 1107 cuipiam
1417 1053 1533 1091 non
1586 1037 1863 1092 videmus.

154 1123 280 1175 Huc
332 1123 500 1190 adde,
546 1124 811 1177 eumdem
865 1140 982 1177 non
1034 1129 1166 1179 ante
1230 1125 1507 1196 prodiisse
1551 1125 1610 1179 in
1654 1127 1862 1195 lucem,

149 1227 339 1281 quam
382 1212 736 1282 Augustinus
774 1213 845 1266 ad
887 1229 1060 1283 opera
1099 1230 1200 1267 sua
1231 1214 1590 1268 retractanda
1626 1232 1864 1270 manum

148 1299 505 1354 admovisset
528 1304 779 1368 (Retract.
813 1302 908 1355 lib.
946 1305 995 1364 1,
1027 1318 1153 1371 cap.
1193 1305 1305 1373 27).

231 1391 284 1442 ‘5.
307 1388 619 1458 Epistulam
649 1389 808 1459 cujus
829 1388 1060 1444 initium
1082 1395 1186 1457 est,
1207 1392 1476 1457 Quantum
1492 1392 1566 1446 ad
1585 1393 1758 1446 oculos
1778 1396 1863 1446 at-

151 1479 295 1530 tinet
334 1478 636 1546 corporales
670 1480 864 1548 (Epist.
898 1481 1042 1547 205).
1076 1495 1195 1532 non
1240 1479 1404 1533 inviti
1435 1480 1861 1546 crediderimus,

150 1570 214 1618 et
245 1566 322 1619 ad
367 1567 634 1621 eumdem
676 1567 1062 1633 Consentium,
1096 1572 1153 1621 et
1195 1568 1397 1622 eodem
1448 1585 1680 1639 quoque
1713 1586 1863 1623 anno

150 1653 437 1724 scriptum
467 1669 480 1707 :
511 1654 799 1710 Consentii
824 1672 957 1709 vero
981 1655 1296 1726 epistolam,
1332 1656 1494 1726 cujus
1514 1656 1729 1711 ibidem
1755 1661 1865 1711 Au-

151 1745 428 1814 gustinus
450 1745 734 1811 meminit,
771 1762 897 1800 eam
927 1745 1113 1816 ipsam
1143 1762 1285 1813 esse,
1319 1763 1449 1818 quae
1479 1747 1772 1802 scribendo
1803 1747 1863 1801 li—

151 1833 282 1899 bro,
314 1833 385 1887 de
414 1851 526 1904 quo
560 1835 954 1902 narrabamus,
989 1835 1346 1890 occasionem
1378 1835 1617 1890 dederit.
1651 1838 1866 1890 Praeter

151 1922 308 1975 hanc
339 1922 666 1990 epistolam,
710 1927 970 1993 separata
1017 1923 1272 1978 chartula
1303 1925 1638 1979 Consentius
1665 1927 1861 1995 Augu-

153 2011 375 2065 stinum
406 2012 784 2083 quarumdam
813 2012 1197 2084 quaestionum
1224 2013 1562 2068 solutionem
1594 2019 1822 2084 rogarat
1846 2031 1858 2068 :

158 2107 223 2155 ut
243 2111 410 2172 puta,
438 2106 632 2156 utrum
655 2119 807 2156 nunc
828 2119 1035 2174 corpus
1059 2103 1283 2157 Domini
1301 2120 1426 2158 ossa
1447 2108 1502 2158 et
1521 2104 1862 2174 sanguinem

155 2192 389 2260 habeat,
423 2196 521 2246 aut
545 2191 766 2262 reliqua
795 2192 981 2246 carnis
1020 2192 1368 2246 lineamenta
1401 2208 1414 2246 :
1446 2197 1639 2246 utrum
1662 2192 1860 2263 singil-

157 2281 325 2334 latim
345 2298 377 2333 a
398 2285 652 2335 creatore
674 2282 788 2335 Deo
821 2297 1147 2352 corporum,
1173 2298 1300 2352 quae
1325 2298 1475 2336 nunc
1498 2282 1664 2348 fiunt,
1690 2282 1864 2336 linea-

160 2373 358 2424 menta
405 2368 725 2424 formentur
767 2385 780 2423 :
816 2373 1008 2424 utrum
1067 2369 1334 2440 baptizati
1394 2386 1591 2423 omnes
1638 2369 1862 2424 veniam

160 2457 479 2529 aliquando
524 2458 757 2512 tandem
803 2458 1162 2512 consecuturi
1211 2458 1344 2525 sint,
1393 2457 1616 2512 etiamsi
1649 2459 1861 2529 absque

158 2545 506 2617 pamitentia
537 2545 707 2600 variis
740 2546 1074 2600 criminibus
1116 2546 1340 2611 irretiti,
1374 2547 1442 2601 de
1481 2563 1720 2618 corpore
1767 2563 1861 2600 ex-

161 2633 339 2687 ierint
371 2649 384 2687 :
418 2637 614 2687 utrum
641 2633 742 2687 Dei
762 2635 932 2688 ﬂatus
953 2633 1014 2687 in
1036 2634 1238 2700 Adam,
1268 2634 1390 2704 ipsa
1408 2634 1480 2688 sit
1501 2635 1623 2704 ejus
1646 2634 1856 2688 anima.

159 2720 259 2774 His
282 2720 353 2774 de
375 2720 546 2774 rebus
577 2721 643 2774 ad
671 2737 800 2774 eum
823 2721 1112 2792 rescripsit
1151 2721 1504 2792 Augustinus
1540 2739 1552 2775 :
1586 2722 1683 2776 sed
1717 2738 1861 2792 prie-

157 2807 327 2878 cipue
381 2824 553 2878 super
592 2813 740 2863 statu
781 2809 1063 2864 Dominici
1094 2811 1351 2880 corporis
1377 2826 1437 2863 ac
1463 2811 1763 2864 beatorum
1801 2809 1861 2862 in

159 2897 315 2963 coelo
337 2896 626 2951 disseruit.
663 2899 901 2952 Istarum
934 2899 1313 2969 quaestionum
1344 2904 1543 2954 auctor
1568 2899 1721 2952 idem
1766 2898 1862 2952 ille

159 2986 312 3038 forte
351 2990 436 3039 est
465 2985 824 3052 Consentius,
867 2986 966 3058 qui
1001 2991 1132 3041 ante
1180 2987 1377 3042 decem
1421 2987 1649 3042 circiter
1681 3003 1863 3041 annos

158 3074 274 3127 alia
307 3074 570 3143 quaedam
634 3075 702 3129 de
745 3075 1019 3130 Trinitate
1069 3076 1410 3147 inquirebat,
1465 3076 1558 3132 cui
1602 3076 1864 3130 videlicet

157 3163 518 3234 Augustinus
556 3167 690 3217 tunc
737 3165 1084 3234 respondens
1118 3164 1339 3218 dicebat
1390 3181 1402 3218 :
1453 3167 1516 3218 In
1562 3165 1717 3219 libris
1758 3167 1864 3218 tuis

159 3252 319 3305 valde
342 3268 463 3305 sum
496 3257 584 3305 tuo
624 3253 916 3307 delectatus
946 3255 1178 3320 ingenio.
1206 3253 1344 3322 Ejus
1376 3256 1577 3323 quippe
1606 3268 1658 3306 es
1685 3252 1865 3318 facul-

161 3343 314 3406 tatis,
357 3346 420 3394 ut
449 3343 624 3409 possis
663 3358 724 3395 ea
762 3358 880 3410 qua:
921 3345 1150 3396 senseris
1198 3343 1472 3411 explicare
1501 3343 1702 3411 (Epist.
1742 3342 1861 3405 120,

161 3445 214 3482 n.
253 3427 324 3499 1).
355 3429 850 3492 Quemadmodum
869 3434 924 3482 et
949 3428 1056 3499 ipsi
1081 3446 1233 3484 nunc
1263 3429 1330 3484 de
1357 3429 1652 3484 mendacio
1673 3429 1867 3483 rescri-

162 3516 324 3582 bens,
357 3515 500 3570 dicit
543 3533 556 3569 :
600 3517 768 3571 Valde
799 3533 917 3571 sum
950 3523 1038 3571 tuo
1079 3518 1369 3572 delectatus
1399 3520 1627 3587 eloquio,
1661 3524 1711 3572 et
1737 3533 1866 3573 san-

162 3609 375 3658 ctarum
407 3607 663 3659 memoria
685 3606 1116 3675 Scripturarum,
1142 3608 1452 3676 ingeniique
1471 3608 1692 3660 solertia
1713 3606 1867 3674 (Con-

165 3698 250 3746 tra
279 3693 554 3758 diendam,
585 3710 639 3748 η.
679 3698 753 3762 1).
790 3693 890 3747 Ille
919 3711 1072 3748 anno
1104 3691 1669 3765 quadringentesimo
1712 3695 1861 3749 deci-

163 3796 256 3835 mo
299 3781 519 3835 insulas
550 3782 825 3852 quasdam
877 3781 1160 3836 incolebat
1203 3783 1406 3853 (Epist:
1439 3785 1557 3851 119,
1591 3799 1646 3836 n.
1699 3786 1780 3853 6),
1809 3787 1867 3838 et

163 3869 221 3923 in
253 3869 505 3923 Africam
533 3869 839 3940 Augustini
871 3869 1098 3925 videndi
1135 3886 1304 3924 causa
1341 3871 1636 3942 navigarat
1670 3873 1862 3940 (Ibid.,

163 3975 213 4012 η.
251 3959 296 4027 1)
325 3977 342 4011 :
378 3958 478 4011 sed
508 3974 639 4012 eum
675 3973 772 4012 rus
801 3957 994 4030 aliqua
1025 3959 1354 4012 necessitate
1383 3959 1725 4028 profectum,
1781 3959 1862 4013 vi-

163 4047 293 4100 dere
338 4045 447 4099 sibi
490 4062 605 4100 non
650 4047 906 4100 licuerat.
960 4048 1035 4100 Eo
1084 4051 1277 4100 tamen
1307 4051 1563 4118 tempore
1595 4048 1866 4102 narrabat

159 4134 536 4205 Augustinus,
569 4150 625 4188 se
656 4133 950 4205 quidpiam
985 4134 1053 4188 ab
1083 4133 1182 4188 illo
1206 4134 1459 4202 audisse;
1486 4136 1631 4206 quod
1656 4136 1764 4190 nisi
1787 4136 1863 4190 ita

160 4223 389 4289 dixerit,
439 4228 503 4278 ut
533 4240 652 4278 non
695 4239 907 4291 coram,
957 4223 1055 4277 sed
1086 4222 1196 4276 alio
1228 4223 1475 4294 quodam
1504 4224 1672 4278 modo
1704 4223 1757 4278 id
1792 4225 1862 4278 ab

163 4311 254 4366 illo
295 4310 565 4367 didicisse
595 4310 972 4382 intelligatur,
1001 4327 1114 4365 non
1144 4312 1411 4366 convenit
1443 4312 1501 4365 in
1538 4329 1672 4366 eum
1715 4314 1863 4367 Con-

164 4401 434 4465 sentium,
458 4401 620 4470 cujus
642 4401 810 4454 modo
831 4399 1174 4471 quaestiones
1191 4399 1462 4470 expendit
1480 4401 1856 4471 Augustinus.

166 4491 323 4543 Hunc
355 4489 513 4544 enim
556 4489 617 4543 in
664 4505 863 4543 eorum
894 4505 1134 4544 numero
1165 4488 1345 4559 ponit,
1382 4505 1523 4560 quos
1552 4506 1682 4543 cum
1715 4507 1862 4544 nun-

166 4595 337 4648 quam
368 4577 616 4643 vidisset,
650 4578 878 4631 amabat
905 4580 1197 4641 tamen;et
1218 4593 1466 4648 quorum
1497 4583 1862 4649 conspectum

168 4683 228 4720 eo
259 4666 457 4720 animo
485 4665 844 4736 peroptabat,
866 4669 931 4719 ut
947 4681 1113 4718 suum
1131 4664 1191 4718 in
1215 4681 1312 4718 eos
1333 4681 1590 4720 amorem
1613 4667 1866 4738 expleret

168 4758 361 4826 (Epist.
399 4759 517 4821 120,
547 4771 601 4808 n.
645 4754 707 4824 l).

233 4848 284 4898 6.
317 4843 592 4898 Eamdem
624 4842 1184 4898 Priscillianistarum
1205 4842 1470 4898 haeresim
1511 4844 1864 4916 Augustinus

169 4949 262 4986 sua
312 4932 384 4986 ad
432 4931 718 4986 Ceretium
767 4931 1104 5002 episcopum
1171 4931 1412 5002 epistola
1471 4934 1668 5001 (Epist.
1718 4933 1863 4999 237),

168 5021 325 5092 cujus
347 5036 454 5074 nos
472 5023 701 5074 aetatem
721 5021 1076 5091 ignoramus,
1101 5019 1452 5090 aggreditur.
1469 5020 1721 5073 Ceretius
1745 5020 1860 5083 ille,

167 5107 232 5162 de
261 5108 520 5180 quodam
550 5107 776 5178 Argirio
802 5107 887 5162 illi
916 5107 1352 5178 signiﬁcaverat,
1379 5111 1435 5161 et
1463 5107 1535 5160 ad
1567 5123 1698 5161 eum
1718 5109 1866 5160 volu-

165 5197 323 5251 mina
363 5197 478 5250 duo
527 5197 778 5262 miserat,
827 5212 1028 5267 eaque,
1082 5195 1167 5248 uti
1211 5195 1455 5261 videtur,
1501 5196 1866 5266 apocrypha;

165 5286 353 5340 addito
383 5287 600 5358 hymno
631 5301 772 5351 uno,
800 5284 900 5356 qui
924 5284 1210 5338 ferebatur
1240 5301 1358 5338 esse
1391 5284 1597 5339 Christi
1616 5285 1861 5350 Domini,

165 5379 219 5428 et
243 5391 418 5447 super
439 5392 553 5447 quo
583 5374 894 5446 praecipue,
927 5373 1062 5446 quid
1093 5373 1187 5427 ille
1220 5373 1585 5428 sentiendum
1613 5373 1862 5443 duceret,

165 5481 231 5518 ex
281 5465 543 5534 ejusdem
586 5464 792 5519 litteris
843 5479 1186 5533 cognoscere
1241 5461 1526 5532 cupiebat.
1571 5463 1772 5532 Magna
1811 5467 1867 5517 et

165 5552 436 5608 continua
465 5552 714 5624 negotia,
756 5551 964 5623 quibus
991 5551 1090 5605 Vir
1118 5554 1586 5621 sanctustantum
1615 5566 1732 5606 non
1763 5567 1866 5622 op-

3571 319 3673 371 518

1976 420 2351 490 primebatur,
2384 423 2437 477 ei
2483 422 2573 477 vix
2611 424 2746 478 satis
2797 426 2898 479 otii
2950 427 3328 499 reliquerunt,
3361 437 3424 486 ut
3464 434 3672 489 horum

1973 510 2330 564 voluminum
2361 512 2604 567 alterum
2639 513 2990 570 decurreret:
3027 518 3179 587 quod
3215 519 3369 573 enim
3416 522 3482 576 ad
3533 524 3672 576 alte-

1972 615 2124 666 rum,
2155 599 2214 654 id
2245 599 2436 671 aliquo
2468 601 2796 656 distractum
2824 608 2926 670 est,
2953 610 3016 658 ut
3035 605 3178 659 illud
3202 612 3400 677 postea
3419 610 3673 680 reperire

1972 703 2088 740 non
2115 687 2356 744 licuerit.
2393 691 2595 756 Exacto
2627 691 2802 761 igitur
2828 709 2945 746 non
2975 693 3054 747 ita
3081 694 3240 748 brevi
3261 695 3558 751 intervallo
3588 715 3674 752 re-

1973 775 2201 846 spondit
2233 777 2474 846 Ceretio,
2515 779 2682 849 eique
2712 797 2769 833 se
2801 779 3122 836 existimare
3155 784 3458 851 nuntiavit,
3506 787 3672 857 Argi-

1972 863 2124 918 rium
2154 870 2254 919 aut
2283 866 2839 922 Priscillianistarum
2871 875 3035 924 sectaa
3060 887 3272 926 nomen
3302 873 3541 941 dedisse,
3574 880 3673 929 aut

1974 954 2177 1007 saltem
2206 971 2404 1008 eorum
2438 972 2656 1009 errores
2689 957 2891 1012 sectari
2934 957 3396 1029 imprudentem;
3452 964 3671 1034 sibique

1973 1042 2308 1113 neutiquam
2327 1043 2510 1098 videri
2535 1045 2797 1116 dubium,
2835 1047 2972 1118 quin
3003 1049 3210 1118 scripta
3240 1049 3355 1117 illa,
3389 1068 3515 1121 qua:
3548 1054 3672 1122 ejus

1973 1130 2147 1184 missu
2188 1132 2262 1185 ad
2283 1149 2340 1185 se
2373 1133 2596 1202 perlata
2634 1135 2879 1201 fuerant,
2913 1152 3030 1189 non
3058 1137 3172 1190 alia
3203 1144 3389 1192 essent
3417 1141 3486 1194 ab
3515 1141 3668 1197 hisce

1971 1220 2330 1291 apocryphis,
2364 1221 2570 1292 quibus
2593 1224 2826 1293 perinde
2849 1230 3016 1295 atque
3038 1227 3241 1280 divinis
3267 1228 3665 1284 abutebantur.

1972 1309 2165 1362 Refert
2193 1309 2337 1363 bene
2360 1310 2542 1364 multa
2568 1311 2740 1365 verba
2769 1328 2836 1365 ex
2859 1329 2924 1365 eo
2955 1313 3189 1383 hymno,
3223 1333 3394 1386 quem
3411 1317 3520 1386 ipsi
3550 1320 3667 1373 hae-

1969 1394 2128 1448 retici
2157 1394 2347 1466 ipsum
2376 1397 2527 1451 hunc
2561 1415 2678 1452 esse
2718 1399 3077 1470 jactitabant,
3121 1403 3217 1472 qui
3256 1403 3420 1458 ﬁnita
3472 1407 3672 1460 ultima

1970 1498 2129 1536 coena
2154 1483 2341 1538 fuerat
2370 1501 2400 1538 a
2443 1484 2664 1539 Christo
2704 1487 2907 1554 dictus,
2950 1505 3180 1559 quoque
3215 1491 3497 1561 ejusmodi
3541 1511 3671 1565 my-

1971 1571 2140 1625 steria
2168 1568 2816 1645 comprehenderentur,
2848 1575 3056 1646 quibus
3096 1579 3383 1648 capiendis
3421 1582 3672 1652 vulgaris

1969 1664 2120 1714 nota;
2154 1660 2416 1715 homines
2448 1679 2614 1732 pares
2664 1679 2777 1716 non
2829 1668 3034 1718 essent.
3087 1667 3164 1719 Eo
3203 1667 3347 1722 nihil
3395 1670 3672 1724 contineri

1972 1749 2241 1811 ostendit,
2276 1750 2430 1820 quod
2460 1751 2750 1804 canonica:
2781 1752 3132 1807 auctoritatis
3177 1754 3307 1808 libri
3345 1773 3461 1810 non
3493 1758 3669 1812 habe-

1969 1842 2117 1904 rent,
2141 1837 2187 1890 si
2213 1839 2356 1892 ratio
2386 1854 2500 1909 qua
2538 1839 2701 1893 illum
2731 1840 2955 1909 publice
2981 1840 3522 1912 interpretabantur,
3552 1864 3675 1916 spc-_

1970 1930 2256 1980 ctaretur:
2291 1943 2423 1980 vero
2455 1932 2648 1982 tamen
2689 1927 3048 1982 simillimum
3094 1947 3236 2000 esse,
3276 1931 3403 1986 illos
3440 1933 3672 1988 haeresis

1970 2031 2086 2068 suae
2117 2014 2388 2086 dogmata
2418 2016 2583 2070 isthic
2613 2017 2914 2084 occultare,
2950 2033 3078 2088 quae
3125 2018 3240 2072 suis
3278 2023 3671 2076 tantummodo

1970 2103 2247 2174 prodant;
2283 2103 2420 2173 quia
2451 2120 2649 2158 revera
2697 2105 2914 2158 nefaria
2944 2110 3076 2159 sunt
3118 2111 3172 2160 et
3202 2107 3568 2163 detestanda:
3602 2109 3670 2164 iis

1968 2197 2320 2262 praeceptum
2341 2208 2592 2263 quoque,
2615 2197 2681 2246 ut
2701 2193 3168 2248 occultandorum
3183 2195 3518 2268 dogmatum
3549 2215 3675 2252 suo-

1970 2297 2098 2334 rum
2115 2297 2302 2346 causa,
2338 2280 2511 2334 etiam
2542 2297 2670 2334 cum
2691 2282 2832 2335 falsa
2854 2282 3142 2352 juratione
3161 2283 3533 2352 mentiantur,
3557 2291 3672 2341 tra-

1970 2368 2026 2422 di
2056 2369 2114 2421 in
2144 2369 2265 2422 haec
2289 2369 2464 2423 verba
2489 2385 2502 2422 :
2534 2374 2691 2436 Iura,
2720 2371 2973 2439 perjura,
3003 2377 3260 2426 secretum
3284 2374 3512 2442 prodere
3537 2374 3671 2430 noli.

1970 2457 2231 2510 Testatur
2276 2456 2501 2510 abunde
2560 2474 2620 2511 se
2673 2457 2732 2511 id
2763 2457 2986 2528 aliaque
3030 2457 3183 2511 illius
3241 2465 3405 2513 sectae
3464 2461 3676 2515 scelera

1971 2544 2180 2598 habere
2211 2545 2442 2615 cognita
2480 2561 2545 2599 ex
2579 2545 2649 2598 iis
2679 2545 2836 2609 viris,
2872 2546 2972 2616 qui
3002 2562 3134 2600 cum
3164 2547 3225 2600 in
3245 2547 3343 2602 illa
3371 2549 3532 2619 prius
3561 2551 3675 2603 hae-

1971 2633 2197 2700 sissent,
2227 2633 2358 2688 inde
2405 2638 2602 2704 postea
2634 2634 2826 2688 divino
2879 2635 3153 2689 beneﬁcio
3194 2637 3374 2706 erepti
3416 2638 3665 2693 fuerant.

2654 2723 2878 2776 CAPUT
2921 2724 2989 2776 II.

1980 2811 1995 2862 l
2022 2811 2272 2864 Julianus
2293 2810 2456 2864 libros
2482 2810 2741 2864 adversus
2761 2811 3102 2878 Augustinus
3125 2816 3380 2880 quatuor,
3403 2815 3674 2883 etaliquot

2038 2914 2138 2967 pro
2162 2900 2471 2966 Pelagianis
2487 2899 2741 2967 epistolas
2763 2899 2969 2952 scribit.
2992 2903 3025 2951 2
3041 2902 3378 2966 Augustinus
3391 2908 3672 2969 excerptas

2040 3002 2107 3039 ea:
2124 2987 2302 3054 primo
2333 2987 2593 3040 librorum
2622 2985 2836 3040 Juliani
2847 2986 3138 3040 sententias
3169 2989 3392 3055 refellit,
3425 2990 3568 3043 edito
3600 2991 3675 3044 ad

2042 3075 2331 3130 Valerium
2357 3075 2492 3127 libro
2513 3073 2759 3137 secundo;
2783 3090 2982 3128 necnon
3005 3081 3191 3130 contra
3211 3077 3349 3130 duas
3361 3078 3675 3146 Pelagiano-

2040 3178 2162 3215 rum
2187 3163 2654 3231 Epislolas,libris
2668 3164 2990 3232 quatuorad
3005 3167 3346 3231 Bonifacium
3375 3168 3615 3235 scriptis.
3643 3169 3672 3220 3

2043 3253 2148 3305 Hos
2177 3267 2354 3305 omnes
2380 3253 2682 3319 Augustini
2707 3252 2872 3306 libros
2899 3254 2955 3306 in
2982 3254 3201 3315 Italiam
3223 3254 3671 3323 defertAlgpius.

2042 3341 2074 3392 4
2103 3339 2256 3393 Alios
2289 3355 2383 3394 sea:
2405 3341 2568 3394 libros
2593 3343 2650 3393 in
2677 3341 2971 3394 Julianum
3000 3342 3342 3408 Augustinus
3368 3343 3500 3397 edit.
3585 3347 3677 3398 Ite.-

2042 3430 2306 3498 scriptum
2331 3429 2397 3481 ab
2420 3429 2730 3484 Constantio
2750 3431 3072 3498 imperatore
3087 3432 3470 3499 promulgatur
3490 3437 3677 3486 contra

2043 3517 2404 3584 Pelagianos;
2437 3521 2485 3570 et
2513 3518 2744 3573 Caelestis
2785 3517 2895 3570 dea:
2939 3518 3194 3586 templum
3247 3519 3356 3571 solo
3403 3525 3670 3586 aquatur.

2047 3607 2101 3659 l.
2142 3603 2398 3658 Vidimus
2428 3621 2577 3658 anno
2611 3604 2916 3674 superiori,
2951 3605 3439 3674 quemadmodum
3477 3609 3673 3673 Augu-

1974 3689 2154 3744 stinus
2185 3692 2253 3745 ad
2270 3691 2557 3745 Valerium
2582 3691 2845 3745 comitem
2878 3693 3086 3746 librum
3107 3693 3177 3746 de
3196 3693 3419 3763 Nuptiis
3450 3699 3506 3748 et
3533 3695 3676 3749 Con-

1972 3779 2320 3850 cupiscentia
2364 3780 2614 3851 primum
2661 3780 2947 3835 direxerit.
2981 3782 3032 3835 Is
3061 3781 3206 3835 liber
3243 3782 3302 3835 in
3355 3783 3540 3837 lucem
3584 3783 3676 3837 vix

1971 3867 2282 3938 prodierat,
2329 3885 2459 3922 cum
2487 3868 2746 3923 lulianus
2778 3885 2808 3923 e
2842 3869 3057 3940 Pelagii
3089 3869 3334 3924 factione
3373 3871 3674 3942 episcopus

1973 3956 2295 4011 Eclanensis
2333 3957 2509 4011 libros
2553 3957 2613 4011 in
2659 3958 2822 4012 illum
2870 3976 3051 4013 unum
3094 3963 3339 4030 quatuor
3369 3961 3672 4032 evulgavit.

1975 4045 2131 4099 Illius
2171 4050 2364 4100 tamen
2391 4046 2581 4116 reipsa
2609 4063 2680 4101 ne
2713 4047 2946 4118 quidem
2973 4053 3236 4119 quartam
3274 4054 3497 4118 partem
3545 4065 3674 4118 per-

1971 4133 2308 4205 stringebat,
2324 4139 2623 4190 contentus
2638 4151 2765 4207 quae
2796 4137 3075 4191 debiliora
3093 4143 3338 4206 putaret,
3367 4138 3672 4207 exagitare,

1971 4223 2136 4294 quasi
2163 4223 2390 4278 futurus
2430 4229 2579 4278 esset
2607 4241 2776 4278 nemo
2817 4226 2915 4296 qui
2963 4230 3147 4279 totum
3187 4230 3497 4296 utrumque
3530 4242 3674 4296 opus

1971 4313 2253 4366 evolveret
2271 4312 2442 4380 (Cont.
2466 4315 2698 4378 Julian,
2730 4315 2824 4367 lib.
2861 4318 2908 4374 l,
2931 4330 2986 4368 n.
3017 4315 3089 4384 2).
3118 4313 3363 4367 Veritate
3394 4314 3669 4379 desertus,

1973 4401 2042 4454 ad
2063 4399 2368 4454 maledicta
2382 4401 3015 4471 convertebatur(1bid.,
3046 4418 3101 4455 η.
3123 4402 3172 4468 3)
3201 4417 3212 4454 :
3239 4401 3553 4455 Catliolicos
3583 4401 3672 4454 in-

1967 4489 2182 4560 juriose
2197 4488 2643 4543 Manichaeorum
2656 4489 2884 4543 nomine
2899 4489 3387 4559 appellans,atque
3401 4489 3461 4542 in
3473 4490 3675 4560 primis

1971 4576 2378 4647 Augustinum,
2406 4593 2585 4648 quem
2617 4578 2788 4632 etiam
2819 4581 3178 4647 contemptus
3200 4593 3367 4631 causa
3393 4579 3677 4634 vocitabat

1973 4668 2213 4720 Poenum
2240 4665 2858 4738 disputatorem(1bid.,
2893 4665 2985 4718 lib.
3017 4667 3068 4730 3,
3100 4680 3151 4718 η.
3171 4666 3278 4734 32).
3315 4665 3678 4722 Obtrectabat

1974 4771 2203 4825 quoque
2231 4756 2547 4818 nonnullis,
2577 4755 2674 4825 qui
2697 4753 2999 4823 Pelagiana
3014 4753 3464 4823 ejuratahzeresi,
3501 4756 3572 4808 ad
3595 4772 3676 4809 or-

1976 4844 2283 4898 thodoxam
2305 4844 2478 4898 iidem
2501 4843 2804 4908 redierant,
2822 4858 3066 4912 quorum
3092 4842 3312 4914 aliquos
3323 4845 3675 4914 Augustinus

1974 4948 2224 4986 asserere
2251 4933 2476 4987 videtur
2496 4932 2603 4986 sibi
2633 4937 2797 4985 notos
2825 4947 2964 4998 esse,
2995 4947 3059 4985 ac
3087 4931 3262 4986 vitam
3290 4933 3478 4988 vivere
3503 4934 3676 5004 longe

1974 5021 2386 5086 castissimam;
2424 5021 2575 5091 quod
2614 5037 2747 5074 vero
2789 5021 2858 5075 ad
2909 5021 3069 5089 alios,
3112 5022 3346 5094 quinam
3396 5029 3582 5078 essent
3610 5023 3673 5093 ii,

1972 5111 2190 5165 nescire
2221 5127 2279 5164 se
2306 5110 2496 5180 (Ibid,
2531 5110 2626 5164 lib.
2661 5114 2712 5176 6,
2735 5127 2789 5163 n.
2811 5112 2930 5181 35):
2963 5113 3059 5165 sed
3093 5113 3374 5166 Valerium
3407 5113 3675 5165 comitem

1973 5200 2254 5253 tractabat
2282 5198 2937 5268 honorificentius(Oper.
2957 5199 3176 5270 imperf.
3209 5201 3301 5255 lib.
3342 5205 3388 5264 1,
3423 5216 3543 5269 cap.
3566 5200 3670 5271 10).

1976 5287 2140 5341 Irrito
2172 5291 2375 5340 conatu
2407 5287 2721 5341 desudabat
2761 5289 2956 5358 (Ibid,
2985 5306 3104 5359 cap.
3140 5290 3251 5358 67),
3281 5304 3392 5359 quo
3421 5287 3480 5340 in
3506 5304 3673 5342 suum

1975 5391 2203 5429 sensum
2235 5375 2600 5446 detorqueret
2635 5376 2879 5430 celebria
2904 5377 3001 5430 illa
3029 5377 3202 5430 verba
3231 5374 3514 5444 Apostoli,
3545 5376 3673 5440 Quis

1974 5480 2054 5518 me
2083 5464 2336 5517 liberabit
2365 5465 2428 5518 de
2466 5481 2684 5534 corpore
2716 5468 2908 5521 mortis
2955 5467 3118 5534 hujus
3146 5467 3171 5518 ?
3197 5465 3368 5532 (Rom.
3422 5481 3516 5530 vn,
3549 5465 3671 5534 24.)

1975 5552 2245 5617 Quaedam
2279 5552 2469 5607 Basilii
2508 5557 2564 5607 et
2590 5551 2973 5624 Chrysostomi
3002 5550 3170 5619 dicta,
3209 5567 3337 5622 quae
3366 5553 3671 5607 contende-
