4028 6174
414 261 516 312 519

412 383 513 438 bat
560 380 765 435 haresi
817 397 935 436 sua
981 381 1187 447 favere,
1239 380 1595 451 proponebat
1620 380 1845 447 (Contra
1879 379 2108 446 Julian,

415 472 509 526 lib.
546 475 598 538 6,
626 487 691 526 τι.
726 470 839 541 69).
877 470 1130 540 Denique
1160 486 1218 523 se
1243 468 1597 540 argumentis
1635 467 1903 522 omnibus
1941 484 1975 520 a
2017 467 2112 520 Ca-

415 558 640 613 tholicis
669 559 739 613 ad
769 559 1121 630 probandam
1154 557 1490 628 originalem
1521 557 1750 627 culpam
1777 553 1965 609 allatis
2002 571 2116 608 res-

402 663 737 717 ponsurum
775 647 1150 717 pollicebatur
1193 645 1405 714 (Operis
1453 647 1670 713 imperf.
1708 645 1802 698 lib.
1850 647 1899 709 1,
1937 659 1994 696 n.
2042 642 2108 712 l).

418 737 530 791 Hos
560 740 809 805 quatuor
836 735 1007 788 libros
1032 733 1340 788 Turbantio
1374 732 1742 802 nuncupavit,
1777 747 1894 785 sua
1930 730 2121 785 factio-

416 823 505 879 nis
535 824 833 894 episcopo:
868 837 1040 892 quem
1080 821 1267 874 virum
1314 836 1524 891 magno
1566 819 1842 874 virtutum
1894 820 2115 890 fulgore

414 911 785 982 conspicuum
813 909 1078 980 pradicat
1130 908 1190 962 in
1243 908 1368 962 aliis
1429 908 1498 962 ad
1551 910 1781 963 Florum
1824 906 2003 961 libris.
2045 909 2117 960 At

413 998 671 1069 proxime
717 1001 843 1068 post
905 996 1086 1050 editos
1124 996 1291 1050 hosce
1345 995 1693 1066 posteriores
1724 995 1919 1061 libros,
1953 998 2114 1064 post-

414 1101 526 1157 que
556 1086 658 1139 has
687 1103 718 1139 a
745 1084 974 1140 Juliano
1006 1084 1221 1145 laudes,
1252 1084 1519 1138 eumdem
1543 1083 1917 1139 Turbantium
1945 1084 2114 1151 Deus,

414 1172 674 1228 Ecclesia
728 1189 833 1245 pro
890 1172 988 1227 illo
1041 1171 1305 1243 precibus
1354 1177 1642 1239 exoratus,
1692 1173 1761 1226 ab
1810 1171 2115 1241 Pelagiano

414 1277 608 1316 errore
634 1261 963 1327 liberatum,
992 1261 1064 1314 ad
1095 1260 1270 1313 tidem
1300 1260 1639 1314 catholicam
1668 1277 1769 1313 sua
1823 1260 2116 1329 operatio-

412 1366 485 1404 ne
518 1354 575 1404 et
609 1348 976 1403 miseratione
1015 1348 1312 1414 convertit,
1358 1348 1456 1401 illo
1501 1348 1624 1418 ipso
1662 1348 1899 1402 forsitan
1948 1348 2019 1402 ad
2054 1348 2116 1402 id

413 1455 550 1492 usus
581 1454 776 1508 opere,
809 1454 923 1507 quo
973 1452 1106 1490 eum
1150 1435 1411 1490 Julianus
1458 1437 1516 1490 in
1556 1437 1760 1491 haresi
1811 1437 2115 1491 obﬁrmare

413 1526 709 1580 studuerat
750 1524 951 1597 (lbid.,
974 1526 1073 1580 lib.
1103 1527 1157 1591 2,
1182 1541 1307 1594 cap.
1330 1528 1416 1595 11,
1444 1531 1494 1579 et
1511 1524 1606 1579 lib.
1635 1529 1688 1594 5,
1708 1542 1763 1579 η.
1788 1526 1860 1595 4).
1883 1526 2114 1581 Sanctus

414 1616 557 1680 forte
591 1614 942 1679 Turbantius,
975 1612 1055 1666 ait
1079 1613 1451 1683 Augustinus,
1485 1616 1602 1682 ipso
1641 1630 1797 1683 opere
1827 1619 1915 1667 tuo
1962 1614 2111 1679 lecto,

415 1701 561 1768 quod
588 1701 661 1755 ad
690 1717 807 1754 eum
838 1706 885 1754 te
913 1702 1192 1769 scripsisse
1219 1716 1613 1765 commemoras,
1638 1703 1800 1755 etiam
1831 1705 2116 1771 propterea

414 1790 471 1841 in
500 1788 818 1842 catholicam
846 1782 1007 1856 ﬁdem
1035 1790 1355 1857 respiravit,
1388 1791 1643 1857 quoniam
1656 1794 1704 1843 te
1732 1791 1791 1843 in
1822 1791 1922 1843 tati
1950 1804 2115 1844 causa

411 1876 670 1944 defecisse
696 1878 941 1943 cognovit
966 1876 1163 1945 (Ibid,
1198 1877 1289 1930 lib.
1324 1878 1379 1943 4,
1410 1892 1467 1930 n.
1496 1878 1612 1946 30).
1648 1877 1977 1948 Conscripto
2008 1878 2115 1930 hoc

409 1980 580 2035 opere
609 1963 886 2029 Julianus,
906 1968 1160 2018 actutum
1190 1963 1490 2034 epistolam
1520 1965 1582 2018 in
1614 1964 1817 2019 Urbem
1832 1964 1985 2019 misit
2015 1980 2116 2036 per

411 2068 583 2123 quam
616 2068 760 2123 quos
792 2055 1002 2121 posset,
1036 2056 1102 2106 nt
1141 2051 1278 2106 dicit
1314 2058 1541 2107 sanctus
1585 2054 1809 2120 Doctor,
1841 2070 1971 2107 suos
2018 2056 2116 2108 aut

406 2139 710 2207 inveniret,
742 2144 841 2193 aut
868 2140 1076 2194 faceret
1098 2140 1271 2209 (Cont.
1306 2143 1450 2211 Duas
1481 2143 1658 2211 Epist.
1685 2143 1891 2208 Pelag.,
1925 2141 2021 2196 tib.
2062 2144 2111 2207 l,

407 2231 557 2296 n.3).
585 2227 1154 2290 lbidemaudientia,
1180 2228 1288 2282 hoc
1318 2232 1402 2282 est
1417 2229 1634 2298 synodi,
1660 2245 1833 2299 quam
1864 2228 2114 2299 Pelagia-

413 2332 487 2368 na
517 2314 685 2369 factio
717 2315 1029 2385 ﬂagitabat,
1062 2314 1325 2369 meminit
1363 2316 1556 2384 (lbid.,
1588 2332 1642 2371 π.
1678 2317 1782 2386 12).
1816 2317 1972 2371 Hanc
1998 2316 2114 2386 epi—

414 2403 617 2456 stolam
644 2402 1000 2473 Augustinus
1029 2402 1217 2473 primo
1248 2419 1350 2456 suo
1369 2403 1514 2457 libro
1543 2403 1616 2457 ad
1648 2403 1999 2457 Bonifacium
2031 2420 2113 2457 re-

362 2501 372 2511 '
410 2490 575 2545 fellit.
634 2491 971 2561 Quanquam
1019 2490 1241 2545 videtur
1276 2490 1533 2545 Julianus
1570 2507 1708 2544 vana
1745 2492 1995 2562 quadam
2043 2492 2112 2546 de

412 2590 578 2632 causa
605 2577 848 2632 voluisse
867 2579 1024 2633 illam
1054 2578 1352 2645 abdicare;
1387 2595 1491 2632 nec
1522 2578 1817 2650 prohibuit
1845 2579 2111 2651 Augusti-

411 2685 557 2723 nus:
590 2670 652 2725 Si
706 2684 841 2733 eam,
888 2668 1098 2749 inquit,
1130 2684 1237 2723 non
1279 2671 1541 2737 agnoscis,
1587 2685 1699 2724 ecce
1724 2686 1830 2724 non
1885 2672 1959 2725 sit
2018 2675 2112 2723 tua

407 2757 848 2828 (Operisimperf.
880 2758 973 2813 lib.
998 2761 1047 2823 1,
1081 2774 1141 2812 n.
1184 2758 1286 2825 18).
1323 2758 1388 2811 In
1428 2757 1628 2811 eadem
1671 2756 1911 2828 epistola
1959 2757 2109 2812 istud

409 2847 594 2918 ipsum
626 2847 817 2918 legere
850 2851 990 2913 erat,
1025 2846 1177 2917 quod
1200 2846 1639 2917 Pelagianorum
1654 2847 1965 2901 octodecim
1989 2848 2110 2917 epi-

410 2951 710 3005 scoporum
725 2935 957 2989 nomine
977 2934 1047 2988 ad
1070 2933 1627 2989 Thessalonicensem
1642 2933 1958 2989 antistitem
1981 2935 2111 2989 mis-

406 3043 467 3079 sa
498 3026 737 3096 epistola
767 3025 1113 3091 continebat,
1148 3024 1362 3079 scilicet
1388 3025 1692 3095 Augustini
1722 3025 1869 3079 dicta
1896 3026 1967 3080 ab
1995 3025 2111 3079 suis

405 3113 663 3181 ipsorum
676 3110 925 3165 inimicis
941 3112 998 3165 in
1022 3111 1216 3166 odium
1230 3111 1483 3166 veritatis
1504 3129 1626 3167 esse
1655 3118 1918 3183 suscepta
1931 3114 2102 3184 (Cant.

408 3202 553 3253 Duas
582 3201 758 3267 Epist.
782 3200 964 3265 Pelag.
989 3200 1084 3252 lib.
1114 3202 1162 3264 1,
1193 3216 1250 3253 n.
1281 3204 1312 3255 9
1337 3216 1350 3264 ',
1372 3200 1466 3253 lib.
1490 3201 1545 3268 4,
1571 3216 1625 3255 η.
1658 3202 1744 3269 20)
1772 3217 1915 3272 :quo
1937 3202 2108 3254 eloco

408 3290 680 3350 utrasque
708 3286 811 3340 sub
842 3286 951 3339 hoc
969 3286 1123 3340 idem
1147 3292 1375 3357 tempus
1400 3287 1636 3356 scriptas
1651 3287 1823 3342 fuisse
1844 3287 2111 3359 conjicias

405 3374 534 3429 licet
557 3391 569 3427 :
605 3373 765 3446 atqui
782 3375 890 3429 hoc
905 3374 1107 3428 saltem
1138 3374 1375 3429 minime
1394 3375 1732 3445 ambiguum
1755 3380 1858 3443 est,
1883 3376 2111 3431 easdem

404 3462 850 3534 haudquaquam
881 3462 1098 3517 tardius
1127 3462 1187 3517 in
1215 3463 1403 3517 lucem
1432 3462 1728 3533 prodiisse.

478 3555 533 3607 2.
568 3553 712 3607 Cum
744 3557 984 3624 utraque
1030 3551 1153 3605 haec
1199 3552 1443 3623 epistola
1491 3552 1550 3606 in
1600 3569 1802 3606 manus
1835 3552 2110 3609 Bonifacii

406 3656 589 3712 papa,
620 3657 734 3695 non
756 3657 890 3695 sane
930 3639 1041 3694 nisi
1078 3639 1517 3712 vigilantissima
1546 3640 1966 3696 Catholicorum
1998 3642 2108 3697 Ro.

403 3744 708 3782 manorum
740 3727 1037 3799 diligentia
1069 3768 1083 3795 ,
1112 3728 1361 3783 venisset
1386 3729 1566 3798 (Ibid.,
1600 3730 1693 3786 lib.
1734 3733 1782 3796 1,
1812 3745 1869 3784 n.
1904 3730 1986 3798 3);
2017 3730 2110 3785 hic

405 3814 532 3868 illas
563 3814 883 3885 Augustino
908 3815 1123 3869 curavit
1152 3816 1488 3870 deferendas
1528 3833 1632 3886 per
1661 3823 1919 3871 sanctum
1968 3819 2107 3889 Aly-

403 3901 589 3972 pium,
623 3902 723 3972 qui
744 3903 1186 3956 transmarinam
1199 3903 1612 3973 profectionem
1640 3904 1742 3958 hac
1770 3901 2108 3975 tempestate

401 4006 501 4044 cur
530 3989 864 4060 susceperit,
897 3989 1062 4045 nobis
1092 3990 1353 4061 ignotum
1401 3995 1502 4045 est.
1550 3993 1707 4046 Tunc
1748 4008 1922 4063 porro
1971 3993 2102 4064 ipsi,

400 4094 532 4132 cum
563 4078 849 4132 Ravenna
866 4082 1032 4145 esset,
1064 4077 1281 4133 litteras
1302 4078 1373 4133 ad
1402 4078 1788 4150 Augustinum
1805 4080 1964 4135 dedit
2000 4082 2105 4134 Va-

400 4166 575 4222 lerius
604 4183 815 4235 comes,
862 4166 1070 4239 quibus
1119 4172 1176 4222 et
1217 4167 1428 4239 gratias
1467 4168 1537 4223 de
1574 4168 1749 4222 misso
1798 4168 1906 4223 sibi
1959 4169 2106 4223 libro

399 4256 602 4328 agebat
621 4260 814 4310 sancto
842 4255 1086 4323 Ductori,
1114 4260 1170 4310 et
1189 4272 1320 4310 eum
1347 4256 1519 4311 simul
1546 4256 1611 4311 ad
1622 4257 1907 4324 monebat,
1928 4263 2109 4328 utpar

399 4344 1054 4417 memoratumAlypium
1072 4345 1454 4417 audiret,quid
1466 4345 1721 4400 haretici
1733 4350 1930 4401 contra
1942 4362 2107 4418 quos-

401 4433 535 4488 dam
565 4433 737 4503 hujus
763 4433 895 4488 libri
942 4434 1099 4488 locos
1121 4434 1408 4505 jactarent
1445 4434 1537 4505 (De
1563 4436 1736 4504 Nupt.
1767 4440 1816 4489 et
1844 4436 2102 4505 Concup.,

400 4521 494 4574 lib.
519 4523 573 4587 2,
604 4537 660 4575 η.
716 4522 788 4591 1).
817 4522 1013 4575 Eidem
1045 4522 1249 4593 Alypio
1297 4523 1565 4576 Ravenna
1608 4522 1841 4593 posthac
1864 4523 2119 4577 Romam.

401 4608 656 4677 profecto
686 4610 944 4665 Valerius
966 4610 1281 4665 chartulam
1309 4609 1466 4663 misit
1490 4609 1561 4664 ad
1595 4609 1981 4681 Augustinum
2011 4610 2106 4664 de-

396 4695 712 4764 ferendam,
733 4714 846 4768 qua
858 4700 1298 4754 continebantur
1316 4698 1614 4753 sententia
1645 4698 1715 4752 de
1744 4698 1892 4753 libro
1914 4699 2102 4770 primo

395 4784 746 4856 Jaliani,per
761 4786 1092 4857 quempiam
1119 4786 1430 4843 adlibitum
1462 4786 1754 4841 nonnullis
1768 4787 1943 4841 etiam
1973 4804 2100 4842 mu-

397 4871 532 4925 tatis
561 4871 862 4944 decerpta,
889 4878 1059 4946 atque
1094 4877 1163 4931 ad
1195 4876 1463 4931 eumdem
1495 4874 1796 4946 Comitem,
1828 4880 1890 4930 ut
1913 4879 2117 4947 Augu-‘

394 4959 527 5014 stini
544 4959 687 5015 libro
713 4977 1056 5031 responsum
1078 4964 1305 5019 brevius
1326 4969 1497 5036 atque
1511 4964 1831 5036 expeditius
1842 4964 2094 5030 haberet,

393 5049 743 5105 transmissa
776 5050 984 5121 (Operis
998 5054 1217 5121 imper)“.
1248 5055 1469 5124 Praef.)
1502 5054 1612 5108 Has
1630 5069 1766 5125 ergo
1789 5038 2100 5108 sententias

397 5138 765 5209 perferendas
782 5138 849 5192 ad
869 5139 1252 5208 Augustinum
1284 5140 1522 5208 curavit,
1548 5146 1747 5213 petens
1765 5146 1828 5196 ut
1847 5141 2097 5209 easdem,

394 5244 568 5299 quam
581 5227 833 5282 maxima
843 5231 1038 5296 posset
1052 5227 1363 5295 celeritate,
1403 5229 1700 5285 refutaret.
1735 5229 1975 5301 Alypius
1995 5232 2100 5285 Ro-

395 5330 502 5369 ma
533 5332 567 5369 a
598 5313 885 5369 Bonifacio
915 5330 1066 5385 papa
1095 5314 1507 5385 benignissime
1558 5322 1819 5389 acceptus
1867 5322 1971 5383 est,
2001 5317 2100 5372 ubi

397 5418 528 5456 cum
557 5418 622 5458 eo
653 5402 971 5467 convivens,
998 5418 1172 5474 parvo
1204 5403 1339 5456 licet
1367 5408 1642 5475 tempore,
1677 5422 1883 5477 magno
1906 5405 1957 5458 ei
1970 5405 2101 5475 jun-

393 5494 514 5543 ctus
545 5491 769 5561 alfectu,
799 5493 1070 5549 eumdem
1090 5489 1199 5565 ipsi
1233 5505 1460 5564 quoque
1490 5493 1809 5564 Augustino
1830 5493 2101 5548 amicitia

1665 256 1820 309 VlTA
1858 255 1912 309 S.
1953 253 2327 309 AUGUSTINI
2369 254 2704 310 EPISCOPI.
3764 272 3837 324 δερ

2224 378 2578 433 strictissimo
2606 394 2757 433 nexu
2788 377 3061 448 obligavit
3090 378 3262 446 (Cant.
3296 383 3439 435 Duas
3483 386 3644 453 Epist.
3681 390 3839 457 Pelug.,

2225 469 2319 523 lib.
2350 474 2398 536 l,
2420 486 2475 524 n.
2508 470 2575 536 l.)
2621 470 2980 538 Quapropter
3021 468 3340 523 Bonifacius
3385 472 3570 542 Alypio
3596 474 3720 530 duas
3752 477 3845 534 illas

2225 557 2511 628 epistolas,
2545 562 2665 611 uta
2693 556 2857 611 nobis
2881 557 3004 626 jam
3036 556 3417 624 observatum,
3462 562 3674 618 alteram
3715 583 3846 636 quam

2222 646 2480 700 Julianus
2502 647 2765 712 Romam,
2789 646 3031 721 alteram
3058 662 3230 716 quam
3256 647 3555 703 octodecim
3567 652 3784 724 episcopi
3798 657 3847 710 ad

2226 734 2438 789 Rufum
2488 734 3049 789 Thessalonicensem
3079 735 3438 806 scripserant,
3470 738 3536 791 ob
3571 740 3667 795 hoc
3693 745 3851 812 prazci-

2225 839 2336 892 pue
2364 822 2621 890 tradidit,
2646 822 2803 894 quod
2832 822 2892 876 in
2923 827 3167 895 utraque
3196 829 3454 879 sanctum
3496 827 3761 884 Doctorem
3781 850 3850 886 ca-

2224 911 2506 965 lumniose
2536 910 2797 965 habitum
2827 916 3086 966 cerneret
3114 912 3298 981 (lbid.,
3325 913 3417 969 lib.
3442 917 3491 982 2,
3524 931 3577 970 η.
3601 918 3663 985 3).
3707 919 3852 976 Rediit

2224 998 2417 1071 itaque
2446 1000 2682 1071 Alypius
2718 1000 2777 1053 in
2806 999 3054 1054 Africam
3086 1001 3314 1055 duobus
3343 1002 3492 1056 hisce
3521 1003 3663 1058 libris
3684 1021 3738 1058 ac
3763 1024 3850 1061 me-

2227 1093 2441 1142 morata
2482 1088 2895 1142 sententiarum
2926 1088 3187 1142 chartula
3231 1094 3484 1144 onustus.
3522 1092 3620 1145 Has
3643 1095 3852 1164 Augusti-

2224 1192 2333 1230 nus
2353 1175 2663 1231 sententias
2686 1192 2749 1230 ex
2772 1175 2931 1230 libris
2947 1175 3160 1230 Juliani
3175 1178 3439 1231 collectas
3455 1195 3568 1232 esse
3585 1181 3694 1251 conj
3704 1181 3850 1251 iciens,

2224 1264 2430 1317 melius
2461 1264 2581 1317 fore
2605 1263 2919 1333 judicabat,
2971 1263 3018 1316 si
3051 1264 3315 1318 universo
3345 1264 3453 1335 ipsi
3482 1268 3626 1337 operi
3649 1269 3755 1338 ejus
3782 1286 3850 1325 re-

2224 1351 2473 1406 fellendo
2523 1352 2682 1406 daret
2727 1367 2959 1422 operam
3005 1359 3449 1407 :verumlamen
3494 1354 3764 1411 arbitratus
3792 1365 3853 1412 est

2226 1438 2333 1494 sibi
2362 1439 2771 1507 festinandum,
2823 1443 2884 1493 ut
2926 1440 3147 1494 Valerio
3197 1442 3396 1496 comiti
3443 1443 3754 1500 satisfaceret
3782 1447 3851 1515 (De

2224 1529 2395 1596 Nupt.
2438 1532 2489 1581 et
2541 1528 2806 1595 Concup.,
2860 1527 2954 1581 lib.
3000 1531 3055 1593 2',
3087 1543 3143 1581 n.
3178 1529 3252 1596 3).
3281 1528 3650 1593 Quamobrem
3683 1531 3734 1586 in
3762 1533 3851 1588 illas

2226 1615 2538 1669 sententias
2559 1615 2802 1668 alterum
2820 1614 3005 1669 eidem
3027 1616 3249 1669 Valerio
3272 1616 3503 1685 librum,
3516 1619 3693 1672 eodem
3705 1620 3850 1688 titulo,

2226 1706 2299 1758 De
2326 1705 2547 1772 Nuptiis
2585 1708 2636 1757 et
2693 1704 3154 1773 Concupiscentia,
3185 1704 3540 1776 inscriptum,
3579 1708 3850 1778 quantocius

2226 1791 2422 1857 edidit,
2456 1808 2607 1845 anno
2654 1790 2774 1862 jam
2814 1809 2849 1845 a
2878 1792 3052 1862 primi
3096 1792 3230 1847 libri
3261 1793 3509 1847 editione
3536 1811 3643 1849 uno
3683 1795 3851 1850 circiter

2226 1884 2421 1935 exacto
2446 1896 2461 1934 :
2484 1885 2655 1951 atque
2677 1879 2755 1934 ibi
2774 1881 3078 1935 confutatis
3096 1880 3311 1934 Juliani
3338 1881 3627 1935 calumniis
3642 1883 3847 1946 ostendit,

2224 1969 2562 2023 catholicum
2595 1969 2804 2040 dogma
2830 1968 2899 2022 de
2926 1968 3194 2040 originali
3219 1969 3370 2024 malo
3397 1969 3466 2024 ab
3488 1970 3850 2024 Manichaorum

2224 2057 2429 2112 haresi
2459 2056 2791 2127 longissime
2821 2056 3052 2111 distare.
3088 2056 3289 2113 Libros
3321 2057 3494 2112 etiam
3522 2062 3740 2129 quatuor
3753 2058 3851 2113 dua~

2222 2143 2328 2197 bus
2348 2145 2681 2199 memoratis
2710 2144 2965 2214 epistolis
2995 2146 3327 2201 refellendis
3348 2146 3703 2211 elucubravit;
3728 2146 3789 2200 ita
3807 2151 3850 2199 ut

2222 2232 2409 2302 primo
2430 2232 2576 2287 libro
2596 2231 2896 2303 epistolam
2921 2249 3049 2303 qua
3068 2233 3268 2303 ipsius,
3292 2233 3653 2301 utferebatur,
3670 2233 3847 2299 Juliani,

2221 2320 2401 2375 tribus
2431 2321 2801 2392 sequentibus
2825 2320 3018 2387 aliam,
3038 2339 3167 2393 qua
3187 2322 3499 2378 octodecim
3522 2322 3848 2394 episcoporum

2224 2414 2365 2474 erat,
2395 2410 2784 2481 redargueret.
2823 2409 3124 2465 Enimvero
3155 2427 3287 2466 cum
3338 2411 3533 2483 gratia
3565 2411 3846 2465 adversarios

2222 2515 2256 2551 a
2274 2497 2645 2552 sollicitandis
2669 2515 2770 2570 per
2796 2498 2980 2553 varias
3005 2499 3515 2554 commentationes
3535 2498 3848 2554 inﬁrmiorem

2222 2586 2430 2640 animis
2459 2586 2679 2641 videret
2706 2603 2821 2642 non
2857 2586 3332 2658 interquiescere,
3364 2587 3534 2642 oflicii
3563 2586 3641 2640 sui
3665 2602 3765 2639 esse
3781 2586 3848 2655 ju-

2220 2674 2446 2742 dicavit,
2480 2674 2683 2729 iisdem
2712 2675 2911 2730 eadem
2946 2674 3165 2729 ratione
3196 2692 3497 2731 occurrere
3521 2692 3535 2741 ;
3556 2679 3665 2729 tum
3682 2689 3765 2728 nec
3780 2674 3850 2726 Ca-

2219 2761 2558 2817 tholicorum
2597 2779 2948 2834 quemquam
2978 2762 3162 2833 decipi
3204 2764 3280 2818 ab
3328 2764 3399 2818 iis
3437 2767 3721 2835 pateretur,
3760 2765 3848 2815 tum

2219 2864 2291 2903 ne
2322 2847 2433 2919 ipsi
2462 2866 2520 2903 se
2557 2850 2642 2903 vel
2691 2866 2822 2903 suos
2848 2848 2923 2920 ,in
2975 2848 3074 2902 illo
3103 2845 3325 2904 nefario
3365 2865 3549 2904 errore
3596 2849 3845 2903 firmarent

2221 2937 2365 2991 lllud
2389 2936 2577 3007 operis
2609 2936 2717 3007 ipsi
2736 2935 3103 3007 potissimum
3135 2937 3427 2992 Bonifacio
3460 2938 3669 2991 mittere
3694 2933 3848 2990 consli-

2218 3025 2350 3091 tuit,
2384 3031 2446 3080 ut
2474 3026 2634 3092 illud,
2657 3043 2775 3080 non
2794 3031 2912 3080 tam
2932 3025 3184 3081 discendi
3222 3028 3411 3099 gratia
3432 3027 3704 3090 evolveret,
3722 3038 3848 3095 quam

2222 3114 2589 3168 examinandi
2610 3113 3086 3184 emendandique,
3111 3114 3341 3185 quoties
3362 3116 3421 3169 in
3443 3116 3619 3169 locum
3637 3113 3847 3183 aliquem,

2221 3201 2322 3272 qui
2351 3201 2459 3255 sibi
2482 3202 2671 3257 minus
2693 3203 3048 3274 probaretur,
3083 3203 3386 3257 incideret.
3412 3205 3552 3258 Dum
3581 3203 3652 3256 ibi
3670 3199 3850 3270 injurio-

2220 3306 2341 3344 sam
2381 3290 2561 3360 illam,
2606 3306 2721 3361 qua
2763 3307 2956 3345 secum
2998 3290 3245 3360 agebant
3274 3290 3583 3361 Pelagiani,
3633 3288 3848 3343 rationem

2220 3383 2631 3434 commemorat
2663 3395 2675 3433 :
2706 3380 2894 3449 Spero,
2949 3378 3157 3451 inquit,
3210 3380 3275 3434 de
3319 3383 3537 3435 Domino
3580 3383 3673 3434 Deo
3696 3380 3846 3435 nostro,

2220 3465 2366 3534 quod
2385 3482 2491 3520 non
2515 3469 2632 3521 sine
2655 3468 2908 3535 mercede,
2934 3483 3052 3537 qua
3081 3470 3139 3521 in
3157 3467 3313 3521 catis
3331 3473 3426 3536 est,
3460 3468 3543 3520 illi
3568 3481 3641 3519 me
3665 3463 3848 3517 lacerant

2222 3554 2377 3609 dente
2414 3554 2695 3617 maledico,
2733 3556 2929 3624 quibus
2958 3572 3040 3609 me
3056 3571 3157 3625 pro
3180 3558 3459 3626 parvulis,
3488 3570 3551 3609 ne
3574 3552 3743 3621 fallaci
3762 3551 3848 3602 lou-

2221 3642 2405 3697 datori
2426 3645 2644 3710 Pelagio
2662 3643 2875 3713 perditi
2892 3645 3295 3713 relinquantur,
3320 3645 3416 3700 sed
3438 3644 3609 3698 veraci
3633 3634 3850 3697 Saluatori

2220 3732 2433 3787 Christo
2464 3732 2735 3786 liberandi
2755 3732 3078 3801 offerantur,
3108 3748 3319 3803 oppono
3361 3734 3528 3805 (Cant.
3561 3734 3689 3784 Duas
3715 3726 3845 3794 Epist.

2219 3820 2428 3888 Pctag.,
2456 3820 2551 3874 lib.
2582 3824 2631 3886 l,
2657 3836 2752 3875 nn.
2784 3825 2836 3888 2,
2862 3823 2935 3890 3).

2292 3911 2343 3963 3.
2376 3908 2607 3978 Alypius
2636 3909 2696 3963 in
2727 3910 2948 3963 Italiam
2971 3909 3181 3963 iterum
3202 3907 3310 3962 sub
3335 3909 3585 3980 ejusdem
3610 3902 3728 3959 anni
3751 3914 3849 3971 qua-

2218 3995 2931 4068 dringentesimivigesimi
2952 3998 3125 4052 tinem
3145 4001 3242 4051 aut
3270 3998 3379 4053 sub
3404 3996 3647 4068 proxime
3661 4001 3849 4060 sequen-

2218 4083 2290 4137 tis
2320 4083 2553 4139 initium
2583 4084 2893 4157 trajiciens,
2926 4102 3101 4140 novas
3138 4085 3265 4140 illas
3296 4083 3597 4163 Augustini
3636 4079 3847 4163 adversus

2219 4171 2550 4242 Pelagianos
2580 4173 3024 4239 lucubrationes,
3061 4164 3310 4245 quatuor
3345 4161 3552 4228 scilicet
3585 4169 3649 4224 ad
3676 4161 3847 4221 Bonifa-

2217 4258 2370 4313 cium
2400 4259 2571 4314 libros
2614 4260 2822 4331 (Operis
2865 4264 3083 4331 imperf.
3131 4262 3227 4316 lib.
3284 4266 3331 4328 l,
3362 4279 3415 4316 η.
3473 4259 3557 4331 85)
3598 4261 3649 4311 et
3690 4265 3843 4308 secun-

2218 4347 2357 4401 dum
2386 4347 2457 4403 ad
2506 4348 2812 4415 Valerium,
2860 4349 3065 4404 detulit
3114 4349 3295 4419 (1bid.,
3328 4367 3386 4404 τι.
3416 4349 3489 4415 7).
3547 4347 3729 4401 Contra
3761 4350 3849 4390 mo-

2216 4435 2554 4490 lestissimas
2582 4436 2848 4491 inimicos
2899 4437 3101 4507 gratia
3141 4436 3241 4491 Dei
3278 4436 3474 4490 venire
3511 4440 3637 4488 tunc
3670 4436 3849 4483 necesse

2217 4528 2358 4591 erat,
2393 4524 2621 4595 quando
2653 4524 2710 4578 in
2742 4524 2854 4578 illis
2885 4525 3133 4580 maxime
3168 4525 3426 4596 partibus
3457 4519 3701 4578 haresim
3726 4525 3848 4568 suam

2215 4611 2285 4665 ab
2313 4611 2551 4666 interitu
2593 4612 2877 4667 vindicare
2919 4613 3077 4667 omni
3118 4612 3307 4667 studio
3340 4612 3692 4667 conabantur.
3732 4602 3848 4655 Hanc

2215 4715 2349 4753 sane
2377 4699 2580 4771 Alypio
2602 4701 2689 4754 vel
2717 4700 2897 4755 solam
2928 4702 3016 4756 vel
3045 4700 3397 4772 pracipuam
3430 4695 3684 4754 iteranda
3723 4684 3847 4744 navi-

2214 4787 2461 4858 gationis
2490 4805 2719 4843 causam
2737 4789 2907 4843 fuisse
2922 4789 3182 4844 arbitrati
3210 4788 3317 4858 illi,
3348 4789 3478 4844 hinc
3497 4787 3559 4841 ad
3581 4781 3846 4840 obtrectan-

2214 4875 2353 4930 dum
2384 4877 2713 4932 orthodoxis
2743 4870 2941 4932 ansam
2971 4877 3361 4948 arripuerunt,
3384 4873 3588 4932 Juliani
3615 4869 3728 4926 stilo
3750 4875 3846 4917 eam

2213 4963 2273 5017 in
2305 4980 2429 5019 rem
2461 4964 2799 5019 insolentius
2829 4965 3147 5019 abutentes.
3178 4962 3595 5020 Criminabatur
3621 4958 3721 5021 ille,
3753 4949 3850 5018 Al)"

2212 5052 2377 5123 pium
2402 5053 2508 5107 hac
2545 5052 2899 5124 profectione
2921 5051 3213 5124 octoginta
3243 5057 3299 5106 et
3320 5051 3559 5123 amplius
3584 5058 3738 5117 equos
3761 5040 3848 5128 tota

2213 5141 2403 5195 Africa
2432 5123 2719 5212 saginatos
2746 5140 2992 5196 tribunis
3018 5123 3313 5195 adduxisse
3343 5139 3529 5209 (lbid.,
3555 5153 3609 5191 η.
3635 5132 3716 5199 42)

2212 5246 2345 5284 vero
2377 5229 2578 5284 exinde
2604 5230 3005 5285 blandiebatur
3042 5229 3100 5284 in
3125 5230 3277 5284 hunc
3297 5228 3525 5283 modum
3558 5241 3570 5279 :
3606 5217 3847 5289 Amplissi-

2214 5334 2358 5373 mam
2386 5333 2497 5373 esse
2524 5320 2699 5373 nostri
2730 5320 2935 5385 negotii
2971 5318 3312 5387 dignitatem,
3339 5323 3399 5371 ut
3424 5320 3543 5385 ipsa
3566 5323 3726 5366 rerum
3748 5314 3845 5356 οοπ·

2213 5406 2473 5460 sideratio
2485 5411 2536 5461 et
2555 5409 2812 5477 appensio
2826 5405 3056 5473 indicat,
3076 5420 3212 5476 quas
3230 5411 3456 5470 tuemur,
3474 5407 3549 5457 ita
3561 5402 3705 5455 etiam
3715 5393 3847 5446 vesta“

2207 5508 2421 5563 pavor;
2460 5499 2556 5563 qui
2599 5498 2786 5551 contra
2836 5500 3143 5551 nostrorum
3187 5497 3519 5564 sanguinem,
3553 5483 3850 5559 pecuniarum
