4028 6174
117 298 214 348 5'21

114 413 403 481 e/fusimze,
418 413 799 467 hereditatum
819 415 1094 481 largitate,
1121 430 1378 483 equorum
1399 420 1830 489 transmissione,

110 502 442 572 populorum
487 501 774 570 seditione,
803 509 1130 571 potestatum
1146 508 1485 574 corruptione
1499 515 1830 576 pugnantes,

116 597 171 645 et
195 591 365 658 ﬁdem
391 595 651 660 vestram,
696 608 814 661 quae
841 609 875 646 a
903 593 1056 648 nobis
1105 596 1480 664 impugnatur,
1521 598 1832 652 erubescitis

111 683 365 751 proﬁteri
383 676 569 750 (Oper.
600 683 738 750 Imp.
765 683 802 736 l.
830 685 880 751 l,
911 699 964 736 n.
993 683 1197 751 74).Ac
1222 688 1348 753 post
1368 686 1549 740 multa
1580 688 1649 741 ad
1682 704 1854 742 eam-'

117 768 256 822 dem
269 769 900 824 calumniandicausam
916 787 1173 825 reversus
1198 787 1212 825 :
1243 774 1515 840 Cui-ergo,
1540 775 1638 840 ait,
1664 779 1831 830 tantis

111 862 288 911 totam
302 859 524 913 Italiam
544 859 876 926 factionibus
892 864 1249 915 commovislis
1270 862 1297 914 ‘l
1316 878 1413 915 cur
1426 864 1712 920 seditiones
1732 868 1835 920 Ro-.

109 961 214 1000 mae
241 947 523 1001 conductis
544 950 758 1017 populis
785 950 1064 1003 ercitastis
1091 950 1234 1003 ?cur
1260 950 1325 1004 de
1351 953 1654 1020 sumptibus
1689 969 1829 1022 pau-

105 1049 309 1102 perum
347 1039 646 1103 saginastis
673 1052 772 1106 per
801 1041 966 1092 totam
984 1053 1116 1106 pene
1148 1039 1399 1105 Africam
1426 1056 1685 1108 equorum
1716 1060 1826 1111 gre-

109 1139 227 1189 ges,
263 1139 400 1191 quos
453 1130 808 1194 prcsequente
849 1126 1053 1194 Alypio
1083 1127 1319 1180 tribunis
1349 1132 1398 1182 et
1427 1131 1831 1186 centurionibus

104 1213 436 1268 destinastis
470 1217 498 1267 Σ)
524 1229 622 1267 cur
667 1218 1040 1268 matronarum
1065 1215 1260 1269 oblatis
1289 1216 1698 1271 hereditatibus
1726 1235 1830 1286 po-

105 1306 335 1355 testates
377 1304 560 1356 saeculi
607 1305 948 1372 corrupistis,
1000 1307 1060 1357 ut
1113 1307 1170 1356 in
1221 1320 1316 1358 nos
1363 1307 1568 1373 stipula
1619 1310 1828 1372 furoris

101 1391 327 1460 publici
354 1391 624 1446 arderet?
667 1407 763 1446 cur
794 1392 1108 1460 dissipastis
1135 1393 1496 1447 Ecclesiarum
1547 1399 1775 1463 quietem
1802 1398 1828 1450 ἰ)

103 1495 210 1532 cur
238 1481 495 1548 religiosi
523 1482 798 1550 Principis
834 1486 1075 1549 tempora
1098 1484 1529 1550 persecutionum
1556 1486 1830 1552 impietate

105 1569 437 1623 maculastis
465 1573 494 1623 ?
534 1570 726 1638 (lbid.,
756 1570 850 1623 lib.
906 1573 956 1636 3,
1000 1586 1056 1624 n.
1109 1571 1216 1638 355.)
1266 1571 1372 1625 Sed
1429 1571 1828 1642 impotentiam

105 1658 373 1712 hominis
406 1663 576 1730 atque
597 1657 882 1729 insignem
908 1658 1326 1728 impudentiam
1349 1661 1701 1728 Augustinus
1722 1663 1826 1717 hac

105 1747 492 1817 responsione
523 1748 777 1802 retundit
800 1764 812 1801 :
838 1749 953 1802 Aut
981 1750 1354 1816 calumniaris,
1379 1756 1474 1804 ant
1497 1753 1669 1805 nescis
1692 1752 1828 1820 quid

107 1837 395 1903 loquaris:
421 1840 472 1889 et
497 1836 618 1890 ideo
647 1837 1012 1904 autmendam,
1037 1842 1132 1891 aut
1164 1841 1480 1894 temerarius
1512 1843 1620 1894 ista
1650 1841 1828 1908 loque-

109 1928 212 1978 ris.
245 1925 394 1991 Quid
434 1930 482 1978 te
511 1931 688 1979 autem
718 1929 967 1995 nequius,
1001 1929 1054 1980 si
1093 1928 1200 1981 hac
1232 1930 1345 1996 ipse
1387 1928 1643 1998 ﬁnrcisti?
1692 1929 1827 1997 quid

108 2014 395 2079 stolidius,
428 2017 478 2068 si
503 2014 826 2083 ﬁngentibus
856 2015 1179 2070 credidisti?
1197 2018 1318 2070 Jam
1340 2033 1460 2071 vero
1486 2017 1629 2086 quod
1657 2020 1824 2071 etiam

107 2105 348 2158 scribere
376 2118 542 2157 ausus
567 2119 641 2169 es,
666 2119 836 2173 neque
862 2107 1065 2158 veritus
1095 2120 1161 2159 ne
1198 2106 1272 2158 ad
1302 2121 1364 2159 ea
1396 2107 1508 2160 loca
1538 2107 1669 2160 libri
1690 2123 1823 2174 per-

103 2193 359 2246 venirent
390 2194 491 2253 tui,
523 2208 642 2260 quae
674 2198 821 2246 terra
849 2196 1094 2262 marique
1139 2198 1502 2249 transeuntem
1561 2210 1651 2248 seu
1681 2199 1825 2248 veni-

105 2287 283 2334 entem
328 2282 584 2347 collegam
614 2297 787 2336 meum
843 2283 1108 2351 Alypium
1163 2288 1531 2352 susceperunt,
1588 2285 1682 2336 ubi
1722 2285 1828 2352 legi

107 2372 455 2439 apertissime
486 2375 580 2424 tua
604 2371 946 2439 falsiloquia,
978 2373 1092 2426 sine
1118 2376 1212 2425 tua
1243 2374 1515 2436 irrisione,
1545 2373 1628 2426 vel
1644 2374 1824 2442 potius

108 2461 486 2525 detestatione,
536 2475 641 2513 non
691 2465 954 2528 possunt;
1009 2463 1098 2514 cui
1144 2476 1249 2514 non
1306 2461 1424 2515 dico
1453 2461 1821 2530 impudentiae,

108 2548 205 2600 sed
233 2547 519 2601 dementiae
548 2552 944 2616 comparatur?
976 2548 1165 2618 (lbid.,
1205 2550 1300 2603 lib.
1346 2554 1394 2616 1,
1427 2565 1544 2618 cap.
1579 2549 1688 2619 42.)
1714 2551 1824 2602 De-

113 2636 294 2707 nique
308 2636 635 2706 improbam
654 2637 867 2691 Juliani
881 2637 1239 2692 dicacitatem
1262 2654 1489 2694 rursum
1521 2639 1822 2709 castigans,

111 2725 223 2779 ait:
251 2727 406 2779 Sicut
425 2727 574 2791 falsa
604 2731 730 2779 sunt
759 2729 992 2779 crimina
1019 2743 1137 2796 qua:
1162 2727 1514 2795 objicisnobis
1537 2747 1552 2793 ;
1578 2730 1657 2782 ita
1676 2730 1825 2794 falsa

111 2820 240 2869 sunt
266 2815 527 2881 dogmata
555 2831 675 2884 quae
701 2818 911 2885 ﬁngitis
938 2816 1088 2871 vobis
1129 2816 1316 2886 (lbid.,
1353 2817 1446 2870 lib.
1506 2821 1557 2882 3,
1608 2832 1664 2870 n.
1713 2819 1821 2886 35).

186 2907 240 2957 ll.
275 2903 537 2967 Quatuor
562 2902 773 2958 Juliani
804 2904 978 2958 libros
1005 2904 1265 2958 nondum
1306 2904 1530 2958 viderat
1553 2904 1822 2974 Augusti-

115 3008 246 3061 nus,
281 3008 416 3046 cum
439 3008 639 3046 eorum
668 2997 928 3063 excerpta
951 2993 1242 3047 refutavit:
1267 2993 1364 3047 sed
1391 3008 1506 3046 non
1538 2993 1617 3046 ita
1643 2993 1823 3047 multo

115 3085 244 3153 post
277 3081 338 3135 in
363 3081 486 3152 ejus
510 3097 715 3136 manus
746 3082 872 3135 illos
897 3081 1114 3136 venisse
1139 3082 1270 3136 hinc
1288 3082 1648 3152 intelligitur,
1669 3081 1824 3152 quod

115 3187 323 3224 eorum
354 3170 808 3224 confutationem
835 3171 1093 3242 proxime
1136 3175 1263 3242 post
1296 3171 1473 3226 libros
1503 3171 1574 3226 ad
1606 3171 1824 3226 Bonifa-

116 3260 268 3314 cium
286 3264 468 3330 ponat
492 3260 1090 3326 (Retractationumlib.
1130 3264 1186 3328 2,
1216 3276 1335 3330 cap.
1371 3263 1481 3328 62),
1515 3260 1824 3331 Episcopus

117 3348 356 3420 quidam
386 3348 641 3418 (Claudio
661 3365 872 3403 nomen
897 3354 1017 3403 erat
1047 3349 1246 3421 [Epist
1268 3347 1448 3419 207]).
1474 3349 1577 3403 hos
1597 3349 1665 3403 ad
1691 3366 1824 3404 eum

116 3439 458 3509 priusquam
497 3442 734 3509 peteret,
760 3438 932 3492 misit.
965 3441 1240 3508 Acceptos
1269 3438 1446 3508 igitur
1467 3443 1693 3493 sanctus
1726 3441 1825 3493 Do-

116 3532 236 3581 ctor
266 3527 465 3582 sedulo
517 3527 780 3594 excussit,
823 3544 886 3581 ac
914 3529 1056 3582 tales
1090 3527 1334 3598 legendo
1365 3527 1598 3598 reperit,
1629 3527 1824 3597 quales

116 3633 237 3672 esse
271 3622 582 3686 antequam
606 3633 704 3670 eos
728 3616 984 3683 haberet,
1017 3616 1454 3678 existimaverat,
1486 3615 1700 3669 scilicet
1722 3615 1823 3669 fal-

117 3704 272 3759 laciis
296 3720 362 3758 ac
387 3703 700 3758 mendaciis
730 3703 1002 3758 refertos:
1037 3708 1093 3757 et
1122 3720 1256 3758 sane
1287 3719 1402 3757 non
1432 3707 1697 3773 poterant
1716 3702 1825 3756 nisi

117 3792 404 3862 ejusmodi
459 3792 582 3846 telis
603 3792 920 3860 veritatem,
949 3809 1122 3863 quam
1143 3791 1580 3862 impugnabant,
1612 3789 1826 3845 adoriri

118 3884 327 3951 (Operis
397 3883 602 3950 imperf
643 3881 733 3935 lib.
797 3885 842 3950 l,
894 3898 948 3936 n.
1007 3883 1111 3949 l7).
1168 3881 1371 3935 Eadem
1429 3879 1525 3934 illa
1581 3879 1825 3934 lectione

117 3969 520 4041 deprehendit,
544 3975 809 4040 excerpta
852 3986 982 4040 qum
1021 3969 1129 4022 sibi
1188 3969 1422 4022 miserat
1457 3969 1732 4036 Valerius,
1765 3968 1826 4022 in

120 4059 414 4113 nonnullis
452 4059 521 4112 ab
548 4059 758 4113 Juliani
799 4074 972 4128 opere
1019 4057 1361 4128 discrepare.
1417 4057 1573 4111 Unde
1615 4057 1826 4111 veritus

121 4151 221 4214 est,
254 4164 329 4201 ne
360 4147 547 4218 ipsum
579 4147 859 4214 Julianus,
904 4147 991 4201 vel
1022 4146 1167 4201 alius
1197 4145 1505 4217 quispiam,
1538 4147 1825 4216 vulgatam

124 4236 189 4289 ad
219 4252 287 4290 ea
312 4235 747 4306 responsionem
777 4234 1149 4305 conspiciens,
1195 4233 1410 4288 fraudis
1439 4249 1602 4288 reum
1634 4239 1828 4304 ageret

125 4323 603 4382 (,Retractalionum
643 4326 733 4380 lib.
777 4330 832 4392 2,
865 4340 984 4393 cap.
1036 4322 1147 4394 62).
1187 4324 1310 4377 Non
1349 4322 1702 4376 omisitcertc
1731 4325 1826 4377 Ju-

125 4414 305 4468 lianus
336 4413 397 4467 id
428 4412 479 4466 ei
509 4412 765 4466 criminis
794 4410 1232 4482 injuriosissime
1249 4410 1591 4481 impingere,
1625 4426 1828 4481 quam-

127 4504 205 4557 vis
234 4503 390 4558 illius
421 4501 848 4556 criminationes
878 4517 980 4572 per
1009 4518 1067 4556 se
1115 4500 1419 4555 confractie
1449 4505 1782 4554 corruerent
1807 4519 1824 4554 :

124 4593 234 4648 imo
294 4608 431 4646 vero
489 4595 749 4645 sanctum
797 4593 1096 4645 Doctorem
1126 4606 1240 4644 non
1289 4589 1497 4644 obcure
1537 4593 1827 4660 excerpta-

123 4699 270 4750 rum,
300 4681 514 4752 quibus
545 4681 937 4751 responderat,
980 4684 1275 4733 auctorem
1315 4667 1649 4749 designabat
1675 4679 1828 4746 (Ope-

123 4774 196 4824 ris
224 4758 538 4839 imperfecti
575 4768 670 4823 lib.
732 4773 777 4834 l,
815 4784 870 4822 n.
920 4767 1032 4836 19).
1071 4767 1155 4820 Ad
1194 4765 1615 4820 confutandam
1653 4764 1831 4836 igitur

120 4858 330 4913 Juliani
371 4873 538 4927 opus,
571 4861 782 4928 praeter
810 4856 942 4922 alia,
991 4855 1167 4925 hujus
1206 4854 1378 4909 etiam
1427 4854 1830 4908 acccusationis

122 4951 305 5001 metus
334 4961 470 4999 eum
504 4943 767 5015 impulit:
819 4942 880 4997 id
923 4945 1117 4996 autem
1158 4958 1255 4995 sex
1303 4941 1466 4995 libris
1518 4943 1832 4997 luculenter

121 5033 405 5105 przestitit.
460 5035 539 5086 Ac
591 5032 848 5103 primum
898 5031 1131 5102 quidem
1163 5029 1300 5102 quia
1331 5030 1591 5085 Julianus
1631 5031 1692 5085 in
1735 5048 1831 5086 eos

122 5141 338 5191 omnes,
370 5123 472 5195 qui
503 5137 566 5175 ex
615 5122 797 5176 Adam
829 5121 980 5175 trahi
1020 5125 1317 5190 peccatum
1355 5119 1634 5191 originale
1672 5120 1828 5174 dice-

123 5217 265 5279 rent,
297 5211 628 5266 conferebat
655 5209 897 5282 impium
932 5209 1370 5265 Manichaeorum
1409 5209 1635 5280 dogma,
1685 5208 1831 5263 hanc

124 5301 183 5355 in
232 5300 580 5355 clarissimos
631 5315 890 5370 quosque
932 5297 1190 5352 Ecclesiae
1229 5299 1424 5352 Patres
1451 5296 1701 5351 recidere
1731 5313 1830 5351 ca—

123 5389 406 5443 lumniam
435 5388 706 5455 ostendit,
733 5386 918 5442 allatis
950 5387 1011 5441 in
1041 5403 1169 5442 eam
1197 5403 1323 5441 rem
1354 5390 1472 5440 tam
1502 5387 1829 5441 Graecorum

122 5494 300 5549 quam
319 5477 656 5534 Latinorum
679 5475 1055 5531 testimoniis:
1079 5476 1220 5547 quin
1237 5475 1407 5530 etiam
1435 5473 1617 5546 ipsius
1637 5474 1830 5545 potius

119 5567 332 5624 Juliani
369 5565 695 5622 temerariis
751 5563 1096 5636 quibusdam
1145 5563 1440 5620 sententiis
1489 5563 1828 5620 Manichaeos

435 5663 713 5727 ΡΑΊἮΟΙ..
763 5662 1010 5730 XXXII.

1584 298 1789 354 LIBER
1829 299 2155 355 OCTAVUS.

3547 321 3650 374 522

1943 422 2202 490 adjuvari
2229 423 2605 482 demonstrat.
2629 429 2920 485 Secundus
2950 432 3122 488 etiam
3151 435 3296 490 liber
3323 453 3392 492 ex
3421 441 3650 497 Patrum

1944 511 2262 578 sententiis,
2297 530 2426 584 quae
2453 516 2665 572 Iuliani
2694 519 2932 589 argutiis
2965 537 3030 576 ac
3059 524 3426 594 sophismatis
3448 529 3528 583 ibi
3558 547 3652 601 op-

1943 603 2258 666 ponuntur,
2286 608 2527 659 constat.
2564 606 2704 660 Cum
2736 613 2928 663 autem
2957 613 3312 683 Augustinus
3344 621 3651 688 vereretur,

1947 690 2009 739 ut
2037 691 2121 742 tot
2151 693 2269 743 tam
2286 697 2618 749 sanctorum
2639 700 2871 768 tamque
2898 701 3254 758 eruditorum
3287 706 3520 760 Patrum
3552 724 3653 762 au-

1942 776 2193 867 ctoritati
2223 780 2448 836 cederet
2476 784 2765 853 Julianus;
2800 787 2915 842 imo
2960 807 3144 861 neque
3174 793 3479 858 dubitaret,
3511 797 3652 867 quin

1941 866 2113 921 etiam
2149 869 2306 939 ipsos
2337 873 2442 926 hac
2463 873 2522 927 in
2548 892 2608 928 re
2635 891 2848 931 errasse
2863 877 3115 934 dicturus
3136 886 3282 936 esset
3305 900 3317 949 ;
3349 866 3652 955 propterea

1939 970 2012 1008 ne
2042 957 2358 1028 quidquam
2390 977 2455 1015 ex
2487 968 2604 1018 toto
2636 965 2789 1018 illius
2830 983 3004 1037 opere
3046 985 3158 1024 non
3208 973 3501 1041 explosum
3549 974 3648 1027 de-

1938 1047 2330 1118 structumque
2358 1057 2695 1119 remaneret,
2742 1054 3000 1126 singulos
3045 1063 3292 1128 quatuor
3318 1060 3528 1115 Juliani
3579 1061 3647 1115 li-

1939 1132 2068 1186 bros
2100 1135 2343 1206 singulis
2375 1140 2611 1194 totidem
2667 1141 2785 1195 suis
2822 1144 3052 1212 refellit,
3098 1147 3396 1218 exquisitis
3439 1151 3647 1205 contir-

1940 1236 2100 1275 mans
2132 1227 2484 1294 argumentis
2507 1234 2563 1282 et
2594 1245 2784 1283 veram
2817 1247 2935 1284 esse
2949 1233 3267 1289 doctrinam
3289 1238 3646 1306 catholicam,

1937 1313 1992 1362 et
2018 1311 2336 1383 Pelagianis
2354 1315 2578 1384 placitis
2612 1318 3063 1374 Manichaeorum
3096 1323 3360 1378 haeresim
3395 1327 3639 1382 stabiliri

1941 1397 2162 1466 (Contra
2190 1403 2488 1466 lulianum,
2529 1405 2618 1458 lib.
2657 1409 2708 1472 3,
2742 1423 2796 1462 η.
2834 1410 2904 1477 1).
2940 1409 3224 1480 Principio
3253 1414 3429 1468 totius
3459 1417 3648 1485 operis

1937 1491 2131 1556 aperte
2160 1490 2485 1558 profitetur,
2520 1509 2577 1546 se
2606 1494 2821 1548 Juliani
2854 1499 3228 1553 contumelias
3266 1517 3380 1555 non
3411 1519 3648 1572 prorsus

1936 1580 2318 1633 contemnere.
2345 1581 2551 1635 Verum
2575 1582 2757 1653 (quod
2776 1585 3096 1640 Catholicos
3116 1587 3515 1658 disputatores,
3542 1593 3640 1662 qui

1937 1680 1968 1716 a
1995 1665 2191 1733 gratiae
2225 1667 2322 1721 Dei
2352 1668 2600 1724 inimicis
2628 1673 2778 1726 male
2833 1673 3136 1736 habentur,
3187 1678 3640 1735 animadvertere

1928 1752 2111 1821 juvat)
2144 1771 2261 1822 non
2293 1757 2365 1810 ob
2396 1757 2553 1813 aliud
2589 1776 2710 1814 sese
2734 1761 2803 1815 iis
2834 1769 3187 1819 commotum
3227 1767 3490 1834 declarat,
3535 1770 3644 1824 nisi

1936 1842 2085 1911 quod
2133 1843 2266 1897 inde
2302 1845 2410 1899 sibi
2450 1849 2688 1903 materia
2725 1851 3101 1920 praeberetur,
3143 1858 3269 1909 tum
3314 1857 3528 1912 laetitia:
3586 1864 3644 1914 et

1936 1931 2331 1987 exsultationis
2355 1940 2594 2005 propter
2619 1940 2939 1994 mercedem
2965 1958 3134 2012 quam
3156 1943 3403 2000 habebat
3423 1947 3644 2001 uberio-

1932 2035 2056 2072 rem
2085 2019 2148 2073 in
2200 2022 2372 2089 caelis,
2407 2028 2528 2079 tum
2566 2028 2827 2082 mmroris
2849 2033 2906 2083 et
2934 2030 3178 2086 tristitiae
3225 2038 3460 2103 propter
3487 2035 3641 2106 peri-
3723 2043 3741 2059 ‘

1935 2108 2126 2161 culum
2148 2109 2382 2177 Iuliani,
2410 2113 2572 2183 cujus
2595 2114 2776 2170 vicem
2806 2133 2925 2188 prie
2956 2135 3059 2174 sua
3088 2119 3150 2173 in
3181 2137 3312 2175 eum
3343 2123 3639 2190 charitate,

1937 2211 2159 2251 necnon
2172 2214 2374 2254 eorum
2400 2202 2500 2271 qui
2521 2203 2589 2256 ab
2612 2203 2709 2258 illo
2722 2205 3176 2278 decipiebantur,
3196 2209 3426 2264 dolebat
3451 2210 3614 2281 (Ibid.
3626 2253 3641 2279 ,

1934 2284 2029 2338 lib.
2069 2288 2118 2351 1,
2150 2303 2202 2340 n.
2251 2288 2315 2356 l).
2348 2288 2509 2352 Quod
2563 2292 2634 2345 ad
2667 2295 3127 2352 monomachiam
3170 2297 3279 2351 sibi
3325 2297 3578 2353 oblatam
3607 2317 3641 2354 a

1931 2374 2156 2429 Juliano
2183 2377 2405 2444 attinet,
2439 2395 2567 2434 eam
2597 2380 2718 2450 ipse
2758 2397 3128 2455 nequaquam
3164 2390 3329 2456 putat
3359 2388 3638 2460 accipien-

1934 2462 2087 2518 dam.
2130 2465 2309 2532 Absit,
2343 2466 2549 2539 inquit,
2586 2475 2645 2524 ut
2681 2473 2821 2526 mihi
2861 2473 3012 2543 apud
3042 2475 3350 2531 Catholicos
3370 2493 3638 2546 arrogem,

1934 2553 2078 2621 quod
2108 2557 2156 2608 te
2195 2555 2296 2608 tibi
2321 2557 2470 2624 apud
2495 2558 2812 2624 Pelagianos
2848 2577 3106 2629 arrogare
3133 2578 3239 2616 non
3266 2565 3458 2632 pudet.
3497 2569 3640 2622 Unus

1932 2656 2050 2695 sum
2077 2657 2104 2694 e
2129 2645 2335 2709 multis,
2364 2648 2460 2711 qui
2489 2649 2760 2714 profanas
2805 2653 3012 2703 vestras
3041 2653 3327 2719 novitates,
3352 2659 3414 2707 ut
3439 2671 3639 2724 possu-

1931 2745 2070 2794 mus,
2104 2731 2426 2798 refutamus,
2467 2735 2608 2788 sicut
2636 2738 2927 2806 unicuique
2954 2743 3197 2793 nostrum
3232 2743 3370 2795 Deus
3397 2747 3644 2810 partitus

1935 2823 2012 2872 est
2043 2833 2349 2873 mensuram
2366 2820 2498 2888 fidei
2517 2823 2704 2889 (lbid.,
2729 2825 2828 2878 lib.
2861 2828 2913 2892 6,
2943 2842 2999 2879 n.
3019 2828 3132 2896 22).
3164 2827 3328 2882 Absit
3356 2834 3417 2882 ut
3436 2831 3510 2883 ad
3533 2849 3644 2887 mo-

1933 2908 2273 2960 nomachiam
2311 2923 2403 2961 vos
2453 2925 2751 2977 provocem,
2782 2928 2932 2980 quos,
2965 2914 3285 2982 ubicumque
3314 2923 3637 2986 apparueri-

1933 2995 2022 3059 tis,
2046 2993 2245 3063 ubique
2275 2995 2510 3064 diffusus
2543 2998 3287 3070 Christidebellateecercitus
3311 3021 3324 3069 ;
3349 3008 3448 3073 qui
3463 3007 3638 3063 debel-

1935 3078 2070 3131 lavit
2089 3079 2242 3148 apud
2272 3081 2658 3147 Carthaginem
2686 3084 3004 3153 Calestium,
3030 3088 3246 3154 quando
3275 3090 3387 3144 illic
3407 3093 3516 3160 ipsi
3532 3108 3640 3148 non

1934 3182 2079 3221 eram
2105 3183 2117 3235 ;
2141 3172 2191 3221 et
2219 3184 2412 3224 rursus
2431 3169 2924 3242 Constantinopoli,
2958 3179 3068 3230 tam
3090 3177 3242 3246 longe
3270 3194 3304 3232 a
3329 3183 3642 3247 regionibus

1932 3258 2255 3323 Africanis:
2313 3262 2410 3328 qui
2452 3260 2739 3316 debellavit
2782 3266 2842 3317 in
2886 3266 3176 3320 Palaestina
3216 3269 3514 3340 Pelagium,
3545 3272 3643 3327 ubi

1934 3361 2155 3400 causam
2174 3352 2408 3403 vestram
2423 3365 2533 3404 suae
2549 3351 2918 3408 damnationis
2937 3355 3124 3408 timore
3143 3358 3427 3413 damnavit
3451 3358 3637 3429 (lbid.,

1934 3435 2028 3489 lib.
2059 3439 2113 3504 3,
2145 3453 2203 3491 η.
2244 3437 2320 3506 4).
2382 3439 2446 3490 In
2503 3438 2693 3508 primo
2737 3440 2884 3495 libro
2927 3442 3257 3514 Hieronymi
3301 3450 3638 3504 commemi-

1932 3523 2018 3577 nit
2089 3527 2363 3595 tanquam
2427 3527 2773 3582 mortalitate
2830 3530 2952 3599 jam
3018 3531 3270 3586 defuncti
3335 3535 3521 3606 (Ibid.,
3577 3554 3633 3593 η.

1935 3609 2047 3681 34).
2105 3612 2277 3683 Atqui
2334 3619 2560 3667 sanctus
2613 3615 2707 3668 ille
2757 3617 3054 3687 presbyter
3096 3619 3249 3673 diem
3297 3621 3442 3676 obiit
3487 3641 3639 3680 anno

1933 3703 2158 3754 tantum
2215 3701 2776 3772 quadringentesimo
2832 3705 3105 3776 vigesimo
3153 3708 3339 3778 pridie
3365 3710 3641 3768 kalendas

1936 3787 2222 3843 octobris:
2258 3805 2372 3860 quo
2404 3790 2488 3856 ﬁt,
2519 3794 2585 3844 ut
2611 3791 2778 3846 hosce
2808 3792 2984 3848 libros
3012 3797 3073 3848 in
3103 3811 3319 3851 annum
3365 3801 3642 3870 quadrin-

1936 3875 2322 3947 gentesimum
2350 3876 2692 3949 vigesimum
2731 3880 2984 3953 primum
3040 3883 3252 3941 referre
3302 3903 3418 3942 non
3475 3888 3644 3946 dubi-

1935 3970 2144 4020 temus.

2008 4060 2058 4109 ii.
2091 4056 2468 4112 Consentiuut
2494 4057 2647 4113 inter
2683 4076 2742 4113 se
2773 4059 3217 4134 chronographi,
3251 4065 3641 4125 Constantium

1937 4145 2341 4215 imperatorem
2375 4147 2609 4201 Honorii
2638 4148 2880 4202 levirum
2907 4167 2937 4203 e
2970 4150 3086 4205 vita
3136 4152 3244 4206 hoc
3300 4171 3452 4209 anno
3505 4173 3644 4227 qua-

1936 4233 2392 4304 dringentesimo
2407 4235 2682 4305 vigesimo
2707 4237 2892 4306 primo
2924 4238 3222 4309 migrasse,
3249 4255 3376 4294 cum
3409 4242 3642 4297 omnino

1938 4337 2036 4374 sex
2066 4337 2292 4376 menses
2322 4322 2679 4393 imperasset,
2723 4326 2966 4395 septimo
2997 4327 3310 4381 secundum
3341 4329 3640 4402 Olympio-

1938 4410 2143 4464 dorum
2173 4410 2336 4466 inito.
2359 4411 2699 4482 Hujusinter
2729 4413 2861 4483 alia,
2884 4431 3014 4485 quae
3052 4416 3141 4469 sui
3172 4431 3307 4485 erga
3335 4418 3642 4475 Ecclesiam

1939 4499 2161 4553 ardoris
2190 4499 2422 4570 reliquit
2467 4507 2818 4571 monmenta,
2848 4508 3029 4556 exstat
3056 4504 3394 4574 rescriptum
3425 4507 3498 4562 ad
3531 4509 3638 4562 Vo-

1937 4587 2225 4642 lusianum
2274 4589 2604 4659 praefectum
2658 4591 2814 4659 Urbi,
2863 4595 2926 4644 ut
2956 4589 3136 4646 Roma
3170 4593 3419 4661 pellatur
3464 4596 3642 4652 Coele-

1938 4676 2096 4731 stius.
2143 4677 2248 4733 Cui
2302 4678 2580 4750 rescripto
2636 4678 2973 4733 Volusianus
3027 4679 3427 4752 obtemperans
3475 4685 3644 4756 jubet

1937 4765 2284 4836 Coelestium,
2317 4783 2487 4838 quem
2518 4766 2724 4821 divinae
2754 4766 2888 4820 ﬁdei
2916 4771 2972 4822 et
2993 4768 3200 4838 quietis
3228 4771 3473 4840 publica:
3503 4791 3637 4846 per-

1937 4855 2294 4910 turbatorem
2318 4857 2584 4927 appellat,
2619 4857 2801 4909 Roma
2818 4859 2987 4926 atque
3010 4858 3168 4913 omni
3183 4859 3371 4916 vicina
3399 4864 3638 4934 regione

1937 4944 2247 5013 exturbari,
2277 4942 2708 5014 proscriptionis
2747 4959 2916 5014 poena
2947 4945 3083 5017 illis,
3120 4948 3220 5020 qui
3249 4952 3518 5008 eumdem
3549 4970 3641 5009 oc-

1938 5033 2300 5102 cultaverint,
2329 5033 2625 5086 intentata.
2652 5032 2768 5087 Sub
2781 5033 3037 5104 ejusdem
3065 5036 3341 5108 principis
3369 5039 3639 5111 imperio,

1937 5121 2204 5175 tribunus
2246 5120 2477 5175 nomine
2545 5121 2715 5174 Ursus
2771 5122 2967 5177 omnia
3019 5124 3258 5179 aedilicia
3286 5127 3642 5182 celeberrimi

1936 5209 2141 5280 templi
2170 5209 2423 5264 Caelestis
2453 5209 2574 5264 deae
2606 5209 3140 5282 Carthaginensium
3170 5214 3243 5269 ad
3269 5214 3644 5271 fundamenta

1936 5313 2120 5369 usque
2150 5297 2345 5363 diruit,
2379 5313 2442 5350 ac
2488 5296 2674 5351 solum
2703 5298 2858 5354 illius
2887 5301 3229 5373 sepeliendis
3268 5304 3512 5358 mortuis
3550 5306 3644 5361 de-

1937 5386 2168 5442 stinavit
2211 5387 2482 5456 (Prosper,
2535 5387 3034 5458 Praedestinatione,
3092 5392 3187 5445 lib.
3244 5393 3295 5457 3,
3353 5407 3472 5462 cap.
3531 5397 3639 5466 38).

1942 5477 2066 5530 Hinc
2097 5474 2245 5528 aedes
2277 5475 2400 5545 jam
2444 5474 2629 5531 fuerat
2664 5477 2995 5534 Christianis
3022 5478 3255 5543 tradita,
3308 5495 3536 5537 necnon
3577 5484 3640 5540 in

1943 5563 2235 5620 ecclesiam
2265 5564 2336 5620 ab
2387 5566 2622 5624 Aurelio
2652 5573 3016 5625 consecrata:
3069 5567 3166 5622 sed
3224 5567 3406 5625 nihilo
3439 5570 3644 5629 'secius

2977 5662 3376 5753 (Div-Sept.)
