4028 6174
452 276 554 327 5'23

454 393 714 448 infideles
743 407 812 446 ex
841 390 970 445 vani
997 391 1291 460 cujusdam
1346 388 1593 443 vaticinii
1651 385 1982 440 auctoritate
2031 385 2152 438 fore

454 482 778 552 sperabant,
834 484 898 534 ut
925 479 1140 549 priscas
1178 495 1306 533 suas
1363 475 1795 547 superstitiones
1840 472 2152 543 aliquando

455 570 515 623 in
557 569 663 623 hoc
702 569 946 640 superbo
986 567 1221 622 aediﬁcio
1267 566 1544 620 redivivas
1597 568 1928 628 cernerent;
1985 566 2154 631 atque

454 657 596 711 adeo
619 673 911 712 necessum
941 660 1080 722 erat,
1116 660 1176 709 ut
1208 656 1354 709 Deus
1383 655 1528 708 hanc
1558 651 1670 706 illis
1698 651 1963 705 fiduciam
1994 665 2155 720 pror-

455 763 550 802 sus
576 747 876 801 adimeret.

1127 833 1350 886 CAPUT
1378 833 1475 886 IIl.

455 929 471 977 1
517 925 776 980 Nonnulli
829 922 1247 977 Manichaeorum
1291 921 1485 974 detecti
1528 919 1876 986 Carthagine.
1908 921 1939 972 2
1979 920 2153 973 Victo-

515 1015 695 1065 rinum
733 1011 1092 1066 Manichaeum
1122 1009 1272 1075 ejicit
1312 1009 1675 1075 Augustinus.
1716 1012 1745 1061 3
1795 1006 2152 1062 Enchiridion

517 1103 575 1154 in
602 1102 840 1166 gratiam
866 1100 1151 1152 Laurentii
1185 1101 1450 1167 componit
1502 1100 1533 1150 4
1563 1097 1791 1151 Paulino
1817 1112 1934 1150 eum
1960 1111 2153 1149 consu—

515 1191 648 1242 [miti
665 1189 854 1242 scribit
875 1189 1072 1241 librum
1092 1187 1157 1241 de
1187 1188 1329 1242 Cura
1337 1202 1437 1256 pro
1469 1187 1692 1239 mortuis
1713 1184 1966 1253 gerenda.
2004 1189 2032 1238 5
2061 1184 2152 1238 Ad

511 1283 623 1332 octo
645 1280 959 1346 quastioncs
997 1278 1219 1330 Dulcitii
1246 1276 1550 1344 respondet.

521 1373 568 1421 l.
603 1369 676 1420 Ex
726 1367 983 1437 proxime
1029 1365 1198 1419 allato
1246 1363 1510 1434 Prosperi
1557 1364 1697 1428 loco,
1747 1363 1900 1416 unde
1944 1362 2144 1415 Ursum

443 1455 740 1510 tribunum
766 1455 823 1508 id
854 1454 1130 1525 temporis
1161 1454 1223 1506 in
1248 1453 1435 1506 Africa
1473 1450 1693 1521 degisse
1737 1449 2028 1515 discimus,
2061 1447 2149 1501 in-

445 1560 621 1615 super
655 1545 1056 1609 admonemur,
1087 1546 1150 1596 ut
1187 1558 1315 1612 qua:
1346 1539 1559 1594 ibidem
1605 1539 1754 1592 circa
1808 1536 2150 1592 Manichaeos

443 1633 614 1702 hujus
666 1632 846 1702 ipsius
888 1632 1012 1685 Ursi
1065 1647 1240 1700 opera
1277 1635 1434 1700 gesta
1471 1631 1622 1693 sunt,
1673 1627 1764 1681 hic
1813 1627 2146 1681 referamus.

447 1722 588 1776 Cum
614 1721 731 1787 ille,
763 1709 935 1792 quem
966 1736 1084 1774 non
1106 1719 1272 1773 modo
1288 1719 1610 1785 tribunum,
1637 1732 1833 1770 verum
1856 1714 2028 1769 etiam
2060 1730 2148 1768 re-

446 1810 556 1880 giae
587 1809 787 1864 domus
807 1813 1234 1879 procuratorem
1251 1810 1608 1876 nuncupant,
1623 1805 1795 1858 fidem
1809 1802 2144 1858 catholicam

444 1897 832 1968 profiteretur,
879 1896 1223 1966 interceptos
1280 1894 1498 1964 aliquot
1554 1910 1584 1946 e
1629 1908 1869 1947 numero
1927 1907 2145 1958 eorum,

356 1998 369 2010 '
445 2001 588 2056 quos
645 1986 862 2039 Electos
912 1989 1083 2054 atque
1132 1984 1342 2037 Electas
1384 1981 1666 2035 vocabant
1715 1979 2028 2046 Manichazi,
2089 1979 2149 2034 in

445 2074 654 2144 quibus
667 2077 788 2128 erat
811 2073 999 2143 puella
1022 2073 1284 2142 quaedam
1307 2069 1539 2124 nomine
1564 2068 1864 2137 Margarita
1890 2067 2148 2122 nondum

446 2166 578 2215 nata
597 2177 777 2214 annos
798 2159 1121 2225 duodecim,
1147 2164 1202 2212 et
1230 2157 1470 2212 Eusebia
1495 2156 1762 2228 quaedam
1815 2155 1982 2225 quasi
2021 2172 2148 2210 san-

446 2249 810 2316 ctimonialis,
844 2247 1080 2312 adduxit
1107 2247 1167 2300 in
1206 2247 1498 2301 ecclesiam
1530 2245 1683 2316 apud
1711 2244 2147 2314 Carthaginem,

448 2336 546 2390 ubi
570 2341 626 2390 et
655 2337 726 2390 ab
757 2335 1039 2406 episcopis
1068 2335 1406 2406 interrogati
1443 2335 1621 2395 fuere,
1657 2339 1827 2404 atque
1856 2333 1916 2386 in
1945 2333 2148 2404 primis

444 2425 516 2480 ab
543 2424 900 2494 Augustino;
957 2423 1056 2494 qui
1110 2440 1238 2477 cum
1296 2439 1416 2494 prae
1473 2421 1688 2476 cmteris
1744 2422 2146 2476 exsecrabilem

444 2514 592 2567 hanc
622 2518 829 2568 sectam
880 2513 1166 2582 cognitam
1211 2511 1466 2574 haberet,
1517 2527 1736 2565 necnon
1789 2526 1990 2564 eorum
2020 2511 2146 2564 bla—

443 2602 730 2672 sphemias
755 2618 818 2655 ex
848 2601 1096 2671 prOpriis
1124 2601 1379 2671 ipsorum
1411 2599 1570 2654 libris
1597 2599 2031 2666 demonstraret,
2050 2616 2147 2653 eos

447 2691 516 2744 ad
543 2690 670 2744 illas
697 2689 1046 2744 confitendas
1065 2688 1279 2759 adegit,
1303 2706 1366 2742 ac
1386 2687 1801 2759 ilagitiosarum
1818 2686 2142 2753 libidinum,

443 2793 584 2849 quas
615 2777 766 2832 inter
795 2795 852 2832 se
897 2777 1254 2844 exercebant,
1303 2782 1360 2831 et
1413 2792 1654 2846 quarum
1695 2775 1980 2830 levissima
2026 2779 2147 2828 erat

443 2867 733 2937 virginum
782 2866 1190 2936 constupratio,
1232 2865 1642 2919 confessionem
1677 2881 1744 2918 ex
1793 2881 1890 2919 ore
1931 2865 2142 2918 Electa-

439 2972 569 3010 rum
596 2955 895 3028 expressit.
921 2955 1224 3026 Margarita
1244 2953 1628 3025 turpitudines
1651 2953 1774 3007 illas
1799 2953 1988 3023 prima
2016 2969 2145 3006 con-

443 3046 590 3099 fessa
619 3049 721 3111 est,
745 3061 775 3098 a
806 3061 920 3115 qua
944 3045 1311 3115 postmodum
1333 3043 1593 3109 Eusebia,
1627 3059 1755 3113 qum
1774 3059 1834 3096 se
1862 3041 2142 3112 virginem

441 3149 562 3186 esse
578 3132 999 3203 praedicaverat,
1041 3132 1286 3186 dedecus
1306 3147 1369 3186 ac
1385 3131 1733 3202 propudium
1765 3147 1932 3184 suum
1977 3131 2141 3184 fateri

441 3226 650 3287 coacta,
712 3221 823 3274 alia
866 3220 1040 3274 etiam
1079 3224 1243 3274 secta:
1297 3237 1414 3274 suae
1462 3219 1848 3273 abominanda
1889 3219 2144 3272 facinora

441 3308 685 3378 aperuit.
720 3310 826 3362 Per
844 3323 1074 3362 omnem
1099 3307 1258 3361 illam
1289 3307 1720 3378 inquisitionem
1750 3308 2143 3375 cunctaleccle-

441 3397 680 3452 siasticis
711 3397 886 3468 gestis
919 3397 1374 3464 mandabantur;
1407 3402 1463 3451 et
1486 3397 1631 3451 forte
1663 3397 1796 3451 hinc
1843 3401 1946 3464 cst,
1991 3397 2144 3468 quod

443 3485 725 3540 Possidius
752 3485 827 3539 ad
857 3487 1070 3540 tabulas
1117 3486 1340 3540 auditos
1393 3503 1512 3540 esse
1561 3485 1898 3541 Manicheeos
1947 3485 2144 3541 tradit.

440 3575 596 3630 ldem
626 3576 800 3631 etiam
821 3576 1137 3647 subjungit,
1168 3593 1303 3630 cura
1327 3593 1392 3630 ac
1430 3575 1747 3646 diligentia,
1792 3591 1964 3647 quam
2019 3575 2141 3646 epi-

439 3665 595 3735 scopi
651 3666 961 3720 adhibuere
994 3664 1055 3718 in
1105 3665 1213 3719 hoc
1259 3665 1513 3737 negotio,
1569 3665 1871 3719 Ecclesiam
1913 3664 2142 3718 Domini

437 3769 586 3807 nova
613 3755 930 3807 accessione
971 3755 1396 3823 locupletatam,
1455 3770 1676 3807 necnon
1723 3754 1896 3808 armis
1958 3753 2140 3820 novis,

439 3841 647 3911 quibus
665 3841 934 3894 adversus
953 3841 1106 3894 fures
1132 3845 1304 3911 atque
1334 3842 1582 3894 latrones
1602 3841 2027 3911 defenderetur,
2059 3841 2142 3894 in-

439 3931 730 3982 structam.
764 3927 918 3981 ldem
959 3929 1144 3982 adhuc
1171 3932 1367 3998 postea
1412 3927 1639 3983 illorum
1671 3945 1784 3982 non
1821 3946 2140 3984 sacramen-

437 4022 580 4085 tum,
617 4015 735 4083 sed,
764 4024 829 4070 ut
856 4032 987 4070 cum
1017 4016 1336 4086 Augustino
1377 4017 1707 4086 loquamur,
1739 4033 2137 4072 exsecramcu-

434 4111 558 4160 tum
572 4104 825 4176 episcopi
853 4103 1114 4158 detexere
1140 4103 1492 4159 confessione
1505 4105 1802 4174 cujusdam
1829 4104 1979 4158 inter
1999 4106 2140 4160 alios

436 4193 732 4250 Manichtei
762 4193 996 4248 nomine
1029 4193 1299 4259 Viatoris;
1342 4194 1503 4264 cujus
1535 4193 1618 4247 rei
1646 4199 1768 4248 acta
1798 4197 1988 4247 sancto
2018 4197 2136 4249 Au-

435 4283 665 4352 gustino
699 4281 1126 4346 Quodvultdeus
1157 4281 1618 4352 Carthaginensis
1672 4282 1941 4335 diaconus
1985 4282 2140 4337 misit

437 4372 751 4440 (Possidius,
780 4379 839 4424 in
876 4373 1002 4426 Vita
1041 4371 1359 4437 Augustini,
1406 4387 1451 4424 c.
1507 4374 1608 4436 16;
1660 4372 2024 4438 Augustinus,
2067 4374 2138 4425 De

433 4460 755 4524 llwresibus,
787 4461 916 4514 haer.
963 4461 1072 4527 46).
1109 4460 1222 4512 hoc
1270 4457 1459 4528 ipsum
1505 4458 1810 4513 verisimile
1862 4463 1945 4512 est
1991 4459 2137 4513 desi-

433 4549 595 4615 gnari
624 4549 693 4601 ab
729 4547 1062 4620 Augustino,
1095 4562 1227 4601 cum
1256 4562 1406 4600 anno
1437 4546 1660 4600 circiter
1689 4547 2134 4618 quadringente-

434 4635 578 4689 simo
610 4635 884 4706 vigesimo
914 4637 1160 4707 septimo
1209 4635 1476 4690 eumdem
1517 4635 1821 4690 diaconum
1863 4641 2046 4706 rogat,
2078 4653 2135 4691 se

431 4723 500 4776 de
558 4723 893 4791 Theodosio,
953 4726 1050 4796 qui
1105 4724 1443 4780 Manicbazos
1500 4724 1718 4795 aliquot
1777 4725 2131 4796 prodiderat,

430 4810 733 4866 certiorem
761 4813 986 4875 faceret,
1024 4830 1162 4868 num
1205 4818 1259 4868 et
1290 4813 1410 4885 ipse
1443 4819 1501 4868 et
1539 4813 1640 4884 qui
1670 4813 1874 4868 detecti
1905 4815 1974 4868 ab
2007 4815 2131 4886 ipso

431 4901 674 4962 fuerant,
707 4917 851 4970 quos
880 4901 1101 4956 dicebat
1129 4918 1348 4957 errores
1374 4903 1727 4972 emendasse,
1757 4903 1818 4956 in
1856 4904 2134 4959 catholica

425 4990 537 5044 fide
566 4999 992 5060 perseverarent
1023 4991 1222 5059 (Epist.
1255 4995 1380 5057 2'22,
1410 5010 1465 5045 η.
1495 4996 1578 5058 2).
1629 4993 1819 5046 Exstat
1837 4992 2133 5063 fragmen—

429 5084 550 5133 tum
579 5083 838 5133 actorum
861 5079 1242 5148 quorumdam
1273 5080 1575 5149 ejusmodi,
1606 5079 1667 5133 in
1696 5080 1906 5150 quibus
1920 5081 1988 5134 de
2018 5082 2131 5135 Ma-

428 5167 665 5224 nichaeis
693 5165 1033 5236 indagendis
1054 5167 1530 5240 explorandisque
1569 5169 1847 5240 agebatur
1873 5168 2128 5240 (Admon.

426 5260 483 5310 in
512 5257 608 5313 lib.
636 5257 702 5312 de
729 5257 884 5312 Actis
925 5271 1043 5310 cum
1086 5257 1274 5322 Felice,
1323 5262 1448 5312 tom.
1491 5258 1580 5328 8);
1622 5257 1906 5328 siquidem
1953 5259 2128 5327 Felix,

425 5351 634 5403 sectam
661 5346 819 5402 illam
849 5346 1189 5417 ejuraverat,
1241 5361 1361 5399 sese
1391 5347 1764 5417 jurejurando
1798 5347 2013 5419 obligat
2059 5348 2128 5402 ad

425 5448 520 5487 eos
544 5451 761 5503 omnes,
795 5452 938 5507 quos
968 5434 1154 5490 eidem
1193 5435 1583 5502 superstitioni
1625 5437 1882 5491 addictos
1912 5441 2124 5503 nosset,

424 5519 792 5584 deferendos:
826 5540 1001 5594 quam
1045 5523 1104 5579 in
1135 5537 1257 5578 rem
1286 5521 1550 5579 homines
1589 5523 1733 5580 duos
1776 5541 1839 5580 ac
1877 5522 2121 5580 feminas

1635 263 1800 320 VITA
1857 264 1909 316 S.
1972 258 2356 318 AUGUSTlNl
2417 257 2754 313 EPISCOPI.
3795 265 3862 316 5.2;

2266 384 2500 454 aliquot,
2533 382 2632 452 qui
2659 380 2869 450 partim
2900 380 2961 434 in
2982 383 3161 433 tractu
3187 381 3539 445 Ciesareensi,
3569 383 3751 450 partim
3769 386 3864 455 llip-

2265 488 2410 541 pone
2435 471 2612 540 Regio
2633 468 2990 535 habitabant,
3008 467 3286 521 nominat.
3301 467 3453 520 illius
3463 467 3869 528 denuntiationem

2265 559 2528 630 sequitur
2554 557 3072 613 Commonitorium
3092 554 3398 625 Augustini
3416 571 3608 610 nomen
3632 573 3734 627 pra:
3758 575 3803 612 se
3822 563 3871 614 le-

2262 665 2413 717 rens,
2446 665 2550 702 nec
2581 648 2704 718 ipso
2753 637 2982 699 auctore
3014 644 3340 714 indignum,
3373 643 3431 698 in
3472 661 3575 715 quo
3609 646 3731 716 quid
3769 648 3871 702 circa

2263 738 2565 792 redeuntes
2603 736 2673 791 ad
2733 734 3036 790 Ecclesiam
3067 733 3398 788 Manichaeos
3427 733 3791 790 observandum
3818 753 3874 790 es-

2262 833 2365 893 set,
2393 824 2726 898 prmcipitur
2757 827 2834 893 (ln
2879 823 3194 892 Appendice
3239 828 3365 879 tom.
3398 823 3466 890 8).
3523 823 3628 876 illic
3668 840 3749 877 eos
3779 833 3872 880 ante

2261 915 2457 969 omnia
2511 913 2769 968 libellum
2826 911 3050 965 tradere
3094 910 3280 980 jubet,
3324 926 3535 964 errores
3575 927 3690 965 suos
3732 913 3872 983 pristi-

2261 1019 2366 1057 nos
2394 1003 2890 1072 complectentem,
2922 1015 3167 1070 quorum
3219 998 3543 1070 suppliciter
3591 1000 3782 1053 veniam
3803 1019 3873 1072 pe-

2260 1096 2402 1158 tent,
2437 1097 2494 1144 ct
2524 1089 2898 1144 Manichaeum
2927 1104 3058 1141 cum
3087 1087 3385 1158 ﬂagitiosis
3414 1086 3584 1158 ipsius
3609 1087 3876 1144 delirameno

2261 1179 2332 1234 tis
2363 1195 2428 1234 ea
2460 1179 2763 1233 verborum
2795 1177 2979 1231 forma
3005 1176 3456 1242 detestabuutur,
3489 1193 3607 1247 quae
3635 1179 3876 1248 praescribi-

2263 1274 2354 1323 tur
2382 1269 2443 1322 in
2488 1267 2967 1323 Commonitorio.
2999 1266 3056 1320 Si
3097 1265 3353 1320 libellum
3381 1281 3573 1319 eorum
3602 1266 3773 1337 probet
3793 1269 3874 1337 epi-

2261 1373 2485 1427 scopus,
2518 1355 2588 1409 iis
2616 1356 2718 1425 qui
2745 1355 2928 1409 solum
2959 1353 3263 1408 Auditores
3292 1354 3439 1407 inter
3467 1353 3585 1406 illos
3601 1353 3798 1417 fuerint,
3815 1355 3876 1406 lit-

2261 1449 2408 1499 teras
2423 1433 2580 1499 dabit
2597 1444 2689 1498 die
2706 1447 2762 1498 et
2779 1443 3076 1497 consulatu
3094 1441 3364 1512 praesenti
3380 1441 3704 1505 subnotatas,
3724 1441 3876 1511 quibus

2261 1529 2490 1588 eosdem
2519 1533 2590 1587 ad
2618 1531 2875 1587 Ecclesia:
2907 1531 3357 1586 misericordiam
3381 1529 3679 1600 confugisse
3704 1529 3875 1583 testabi-

2259 1627 2383 1676 tur:
2418 1639 2489 1676 ne
2518 1621 2782 1676 videlicet
2811 1625 2911 1675 aut
2924 1620 2997 1674 ad
3023 1619 3401 1674 ecclesiastica
3413 1617 3715 1682 tribunalia,
3740 1622 3816 1670 aut
3829 1618 3876 1671 ad

2261 1711 2431 1766 laicos
2459 1711 2826 1780 magistratus
2856 1709 3018 1763 citari
3072 1712 3335 1779 possent;
3368 1706 3514 1778 quod
3546 1707 3666 1761 huic
3712 1706 3873 1769 haeresi,

2259 1817 2433 1872 quam
2464 1799 2819 1854 severissime
2851 1798 3043 1853 civiles
3072 1799 3225 1868 leges
3246 1797 3318 1852 ab
3334 1797 3456 1866 ipso
3477 1795 3638 1850 etiam
3650 1795 3874 1848 Diocletia-

2259 1906 2332 1942 no
2356 1890 2485 1942 latte
2513 1887 2849 1958 puniebant,
2883 1887 2952 1940 ad
2970 1887 3026 1940 id
3051 1886 3330 1956 temporis
3358 1884 3717 1939 adhmsissent.
3743 1883 3822 1947 Qui
3843 1884 3872 1936 si

2258 1978 2447 2032 denuo
2478 1977 2732 2031 redirent
2776 1977 2846 2030 ad
2877 1975 3187 2041 vomitum;
3231 1975 3355 2045 jam
3388 1975 3448 2028 in
3496 1990 3601 2038 eos,
3632 1989 3728 2042 qua
3761 1971 3874 2040 digni

2258 2072 2408 2129 sunt,
2423 2065 2569 2137 juris
2587 2064 2886 2120 severitate
2913 2063 3291 2124 animadverti
3339 2061 3803 2117 Commonitorium
3815 2061 3871 2128 ju-

2259 2157 2374 2222 bet,
2408 2157 2514 2210 hoc
2539 2161 2643 2210 est.
2674 2154 2870 2209 fideles
2901 2153 2970 2208 ab
3001 2169 3203 2208 eorum
3234 2151 3539 2216 consortio,
3568 2151 3644 2204 vel
3671 2148 3872 2213 amicitia,

2256 2247 2344 2300 vel
2369 2260 2730 2316 quacumque
2763 2242 3025 2296 societate
3055 2241 3368 2296 christiana
3383 2257 3440 2295 se
3461 2239 3734 2294 abstinere.
3760 2237 3873 2302 Quod

2256 2351 2387 2388 vero
2417 2334 2487 2388 ad
2519 2333 2659 2386 alios
2685 2335 2920 2402 spectat,
2947 2331 3188 2402 acceptis
3202 2330 3457 2401 episcopi
3475 2326 3871 2383 testimonialibus

2256 2421 2480 2488 litteris,
2513 2422 2782 2476 statuitur
2811 2438 2909 2475 eos
2936 2420 3047 2491 piis
3077 2419 3371 2490 aliquibus
3400 2418 3547 2484 viris,
3569 2417 3670 2470 sive
3695 2414 3872 2477 clericis,

2255 2511 2370 2564 sive
2403 2511 2579 2577 laicis,
2612 2509 2999 2565 commendari
3029 2514 3318 2579 oportere,
3362 2507 3459 2579 qui
3507 2523 3612 2560 una
3654 2505 3724 2557 vel
3757 2504 3872 2572 juxta

2255 2599 2594 2662 habitantes,
2625 2601 2775 2669 ipsos
2805 2599 2879 2653 ad
2906 2599 3142 2652 verbum
3179 2596 3441 2652 divinum
3469 2593 3782 2666 frequentius
3803 2606 3871 2642 au-

2254 2688 2528 2743 diendum
2587 2688 2967 2758 impellerent,
3027 2686 3538 2755 testimoniumque
3601 2681 3768 2736 reddet
3813 2695 3872 2730 eo

2254 2794 2381 2831 rum
2399 2778 2545 2844 vitae,
2565 2781 2629 2831 ut
2647 2777 3062 2846 intelligeretur
3077 2775 3450 2846 quandonam
3477 2773 3542 2827 ad
3574 2769 3870 2840 Baptismum,

2254 2866 2299 2918 si
2323 2866 2560 2920 necdum
2585 2883 2650 2920 eo
2686 2870 2872 2919 essent
2894 2864 3103 2918 initiati
3135 2865 3295 2934 (nam
3317 2863 3602 2917 videbatur
3628 2855 3870 2915 Manichaee

2253 2955 2680 3009 Sacramentum
2723 2955 2829 3008 hoc
2853 2953 3382 3024 supervacaneum),
3415 2950 3621 3006 admitti
3649 2948 3871 3006 deberent,

2255 3049 2354 3097 aut
2392 3044 2460 3098 ad
2500 3043 3041 3108 reconciliationem,
3076 3041 3122 3096 si
3151 3041 3371 3096 redacti
3399 3040 3458 3095 in
3487 3038 3721 3094 ordinem
3745 3033 3871 3105 pinni-

2253 3132 2498 3187 tentium
2527 3132 2798 3186 fuissent:
2855 3135 2912 3185 at
2965 3130 3316 3201 generaliter
3365 3134 3623 3184 neutrum
3657 3125 3724 3178 eis
3758 3121 3870 3176 facile

2250 3221 2692 3286 concedendum,
2729 3219 2838 3274 nisi
2866 3220 2913 3273 si
2943 3220 3145 3273 mortis
3174 3219 3499 3289 periculum
3527 3215 3669 3270 aliud
3701 3224 3871 3284 persua-

2253 3311 2397 3365 deat.
2428 3311 2508 3364 Ad
2543 3311 2758 3364 Eiectos
2789 3325 2956 3380 porro
2987 3307 3139 3380 quod
3171 3313 3412 3378 spectat,
3446 3309 3648 3369 monet,
3675 3298 3870 3355 testimo—

2252 3399 2416 3453 nium
2455 3398 2860 3468 resipiscentite
2891 3396 3121 3452 nonnisi
3158 3396 3470 3451 difﬁculter
3495 3394 3570 3448 eis
3597 3389 3805 3445 dandum
3825 3384 3871 3436 ab

2253 3486 2540 3557 episcopo,
2571 3491 2634 3540 ut
2663 3503 2733 3540 ne
2763 3486 2889 3540 loca
2920 3485 3017 3540 ubi
3072 3484 3437 3556 probationis
3480 3498 3636 3538 causa
3682 3472 3872 3532 collocati

2251 3575 2484 3642 fuerint,
2518 3591 2724 3646 nempe
2756 3575 3103 3629 monasteria
3131 3575 3220 3628 vel
3248 3571 3614 3638 xenodochia,
3641 3570 3694 3622 in
3724 3563 3872 3637 quiblﬁ

2252 3669 2369 3719 tam
2399 3663 2494 3717 diu
2528 3679 2759 3718 manere
2781 3663 3007 3729 debent,
3042 3662 3231 3733 quoad
3265 3662 3608 3734 Baptismum
3629 3661 3714 3712 aut
3733 3666 3872 3708 recon-

2251 3751 2599 3806 ciliationem
2631 3751 2743 3806 illis
2756 3751 2878 3822 jam
2905 3752 3228 3821 negandam
3250 3767 3371 3806 non
3392 3766 3509 3805 esse
3528 3749 3738 3808 constet,
3755 3738 3869 3794 facile

2251 3840 2531 3895 deserant.

2319 3933 2368 3982 2.
2425 3929 2554 3983 Erat
2574 3928 2892 3983 Victorinus
2937 3927 3124 3982 nescio
3181 3927 3312 3999 quis
3356 3945 3386 3982 e
3430 3930 3573 3982 secta
3601 3917 3864 3978 Manichaeo-

2249 4033 2402 4084 rum,
2438 4016 2538 4086 qui
2567 4016 2828 4070 simulata
2854 4015 2965 4069 fide
2998 4015 3273 4070 catholica
3301 4015 3706 4087 hypodiaconus
3731 4003 3866 4060 Eccle-

2249 4104 2347 4159 siae
2378 4104 2756 4159 Mallianensis
2781 4105 2841 4159 in
2872 4103 3205 4159 Mauritania
3236 4102 3579 4160 Caesareensi
3599 4101 3757 4155 fuerat
3778 4106 3869 4145 con-

2248 4193 2477 4248 stitutus
2511 4193 2714 4264 (Epist.
2754 4195 2878 4254 236,
2910 4209 2964 4246 η.
3005 4194 3071 4261 l).
3103 4193 3200 4246 Hic
3233 4193 3553 4264 Hipponem
3573 4187 3784 4246 venerat,
3801 4177 3868 4232 ubi

2247 4299 2468 4337 errores
2501 4298 2632 4336 suos
2657 4282 2930 4336 docuerat
2957 4281 3112 4336 haud
3159 4298 3372 4352 paucos
3414 4279 3681 4341 homines,
3714 4269 3868 4342 quibus

2245 4377 2498 4426 mentem
2529 4387 2688 4425 suam
2719 4371 2846 4426 ideo
2888 4371 3198 4440 aperiebat,
3247 4372 3402 4442 quod
3460 4369 3529 4424 ad
3581 4383 3634 4420 se
3673 4353 3866 4418 discendi

2245 4460 2429 4530 gratia
2476 4476 2573 4514 eos
2602 4460 2879 4514 ventitare
2919 4458 3310 4514 arbitraretur.
3363 4459 3698 4528 Quapropter
3722 4465 3771 4503 re
3802 4460 3867 4496 00-

2244 4549 2404 4618 gnita
2445 4548 2796 4619 Augustinus
2824 4547 2886 4601 in
2925 4565 2992 4602 eo
3039 4547 3428 4602 convincendo
3478 4561 3587 4601 non
3633 4531 3866 4624 laboravit,

2245 4638 2386 4692 Cum
2418 4637 2572 4691 enim
2589 4637 2657 4692 de
2671 4636 2934 4692 doctrina
2958 4636 3254 4691 hominem
3285 4635 3690 4706 interrogasset,
3710 4627 3785 4680 ille
3799 4635 3868 4691 qui

2244 4740 2441 4779 sensus
2471 4741 2601 4778 suos
2632 4723 2803 4778 nimis
2856 4725 3050 4779 multis
3080 4725 3440 4796 patefecerat,
3473 4737 3634 4794 quam
3662 4720 3714 4770 ut
3736 4723 3866 4796 nega-

2243 4812 2461 4868 tionem
2493 4819 2759 4884 speraret
2790 4813 2898 4867 sibi
2934 4794 3318 4883 profuturam,
3371 4817 3568 4885 sponte
3607 4821 3697 4861 sua
3735 4794 3867 4885 Malti-

2243 4902 2465 4956 chaaum
2496 4917 2554 4956 se
2595 4917 2716 4956 esse
2747 4901 3037 4956 confessus
3080 4905 3199 4956 est:
3247 4884 3514 4957 caeterum
3555 4911 3663 4952 non
3697 4884 3866 4946 Electis,

2242 4991 2339 5044 sed
2361 4995 2584 5045 tantum
2614 4990 2984 5044 Auditoribus
3014 4990 3364 5062 adscriptum
3386 5007 3443 5045 se
3460 4981 3737 5044 contendit.
3755 4971 3864 5039 Qum

2242 5078 2414 5134 etiam
2443 5080 2624 5134 oravit
2656 5083 2913 5134 sanctum
2941 5079 3291 5144 Antistitem,
3331 5083 3390 5134 ut
3419 5095 3476 5132 se
3505 5077 3561 5130 in
3588 5065 3798 5128 veritatis
3820 5074 3864 5112 ac

2241 5167 2510 5223 doctrinm
2531 5168 2824 5224 catholica:
2841 5171 2988 5222 viam
3006 5168 3320 5224 reduceret.
3343 5172 3416 5224 At
3445 5181 3570 5221 vero
3596 5160 3679 5217 hic
3696 5156 3748 5210 in
3765 5161 3864 5206 sene

2240 5255 2656 5312 dissimulatam
2703 5258 2806 5312 sub
2843 5274 3004 5312 sacro
3059 5259 3276 5312 honore
3324 5256 3610 5312 clericatus
3653 5237 3861 5333 ὶιωτθξίφ

2237 5345 2565 5402 exhorruit:
2597 5347 2762 5402 illum
2784 5346 3032 5402 coerceri
3069 5347 3262 5418 jussit,
3294 5351 3462 5418 atque
3496 5359 3557 5398 ex
3588 5338 3709 5393 urbe
3745 5327 3856 5400 ejici-

2237 5435 2300 5489 Et
2327 5451 2396 5489 ne
2432 5436 2786 5506 provinciam
2817 5435 3166 5492 Mauritania:
3198 5436 3473 5498 inliceret,
3506 5424 3745 5486 Deuterio
3770 5419 3861 5469 CIP-

2233 5523 2482 5580 sareensi
2511 5524 2776 5596 episcopo
2804 5525 3246 5596 metropolitano
3278 5541 3396 5582 rem
3425 5511 3748 5592 significavit,
3775 5517 3861 5574 qu0
