4028 6174
108 282 207 331 5‘25

107 398 368 453 videlicet
420 397 801 467 prannonitus
858 398 1009 450 malo
1060 402 1422 464 occurreret;
1476 403 1700 451 caveret
1739 414 1809 451 ne

106 486 438 560 poenitentia
468 486 573 549 illi,
600 486 711 540 nisi
742 486 900 556 prius
931 486 1167 540 detectis
1195 486 1484 553 omnibus,
1513 504 1657 558 quos
1688 503 1815 541 nos-

108 583 211 644 set,
234 576 512 630 Mallianee
547 580 720 647 atque
753 575 895 629 adeo
926 574 1101 629 totius
1130 575 1439 647 provinciae
1471 576 1811 659 Maniclneis,

109 666 512 721 concederetur
537 666 739 735 ;l,illum
773 665 1024 737 denique
1052 666 1239 732 vitari,
1261 683 1325 720 ac
1353 666 1631 737 dignitate
1656 666 1813 721 abdi-

105 758 245 823 cari,
278 772 373 810 seu
404 756 733 809 denuntiari
774 755 1032 826 Hippone
1074 755 1418 822 abdicatum,
1459 757 1690 826 juberet
1718 757 1814 827 (De

104 848 281 901 Gestis
311 861 429 899 cum
454 847 710 911 Emerita,
732 860 787 897 η.
824 845 896 914 1).
921 843 1101 898 Simul
1135 844 1322 899 eidem
1354 845 1614 899 Deuterio
1647 861 1813 914 expo-

104 934 208 999 nit,
241 948 387 1003 quas
416 931 805 1002 blasphemias
835 932 1151 1002 crederent,
1183 949 1423 1004 quamve
1456 931 1812 1004 disciplinam

104 1022 481 1075 observarent
507 1020 946 1075 Manichaeorum
977 1021 1295 1075 Auditores.

171 1113 228 1164 3.
282 1109 654 1164 Enchiridion
694 1125 861 1163 suum
909 1124 1009 1164 seu
1045 1111 1300 1164 Manuale
1339 1126 1453 1164 non
1492 1114 1622 1163 ante
1661 1111 1812 1163 liunc

100 1214 327 1252 annum
364 1198 574 1252 Christi
620 1198 1259 1269 quadringentesimum
1297 1198 1641 1269 vigesimum
1692 1196 1810 1268 pri-

103 1303 264 1340 mum
315 1287 676 1357 composuit:
723 1287 1191 1359 quandoquidem
1230 1287 1289 1341 in
1334 1304 1400 1341 eo
1438 1287 1813 1357 Hieronymus

100 1392 237 1429 cum
252 1380 465 1429 sanctas
481 1376 771 1430 memorim
784 1376 1047 1430 laudatur
1063 1377 1246 1447 elogio
1268 1376 1604 1447 (Enchirid.,
1631 1375 1811 1444 11.23).

104 1464 451 1518 Inscribitur
480 1464 587 1518 hoc
618 1480 760 1535 opus
800 1465 870 1519 ad
914 1465 1283 1519 Laurentium
1316 1464 1543 1519 Dulcitii
1581 1465 1816 1519 fratrem

102 1558 193 1621 {De
236 1560 354 1609 octo
386 1556 616 1608 Dulcitii
656 1555 1073 1622 Quaestionibus,
1116 1559 1302 1623 quiest.
1356 1559 1405 1623 1,
1449 1571 1484 1609 n
1560 1555 1664 1624 10),
1715 1553 1815 1625 qui

103 1642 499 1713 Augustinum
533 1658 637 1713 per
666 1643 883 1696 litteras
912 1642 1173 1714 petierat,
1212 1648 1273 1696 ut
1304 1642 1411 1696 sibi
1443 1642 1652 1695 librum
1680 1658 1815 1695 con-

104 1732 384 1786 scriberet
418 1731 721 1786 encliiridii
760 1731 963 1797 forma,
1019 1748 1191 1801 quem
1222 1747 1447 1801 semper
1483 1730 1719 1785 haberet
1758 1731 1816 1783 iu

104 1821 380 1875 manibus
413 1838 426 1874 :
460 1821 518 1874 in
552 1836 665 1891 quo
698 1819 937 1874 disceret
967 1819 1105 1891 quid
1137 1820 1384 1873 maxime
1420 1836 1521 1873 nos
1552 1818 1818 1889 amplecti

105 1913 394 1979 oporteat,
430 1909 635 1978 quidve
660 1909 732 1962 ob
752 1908 937 1962 varias
958 1908 1202 1964 haereses
1218 1925 1335 1980 pra:
1357 1907 1577 1963 caeteris
1596 1908 1815 1977 fugere;

105 1999 323 2069 quibus
354 1997 411 2052 in
444 1998 611 2052 rebus
634 1997 805 2051 fidem
840 1997 982 2052 ratio
1012 2004 1285 2068 sequatur
1316 2015 1377 2051 ac
1404 1996 1670 2063 stabiliat,
1695 1996 1818 2067 qui-

107 2088 215 2140 bus
244 2092 446 2141 contra
480 2087 565 2140 illi
614 2086 951 2157 refragetur,
997 2090 1054 2141 et
1097 2087 1298 2153 solam,
1347 2090 1543 2157 utpote
1584 2085 1656 2139 ad
1695 2085 1817 2155 ejus

104 2176 429 2245 premenda
450 2174 687 2245 vestigia
716 2174 924 2246 impar,
945 2175 1167 2230 deserat
1192 2196 1206 2242 ;
1227 2175 1437 2246 quibus
1466 2175 1677 2229 ﬁnibus
1692 2191 1819 2245 spes

104 2270 303 2318 nostra
367 2264 770 2331 contineatur;
832 2281 959 2335 qua:
1027 2265 1099 2318 sit
1149 2264 1475 2319 christiante
1543 2263 1817 2319 doctrinae

106 2370 362 2421 summa,
404 2355 629 2425 quodve
666 2357 885 2408 certum
919 2370 983 2407 ac
1022 2353 1317 2424 proprium
1349 2352 1484 2408 fidei
1528 2352 1819 2408 catholica:

106 2442 570 2496 fundamentum.
591 2442 765 2512 Atqui
783 2442 901 2496 haec
914 2446 1073 2495 tanta
1100 2445 1333 2512 tamque
1354 2444 1531 2496 ardua
1551 2440 1657 2496 sibi
1680 2457 1819 2511 pau-

108 2530 185 2584 cis
218 2530 417 2585 omnia
435 2529 661 2585 definiri
686 2530 1021 2601 peroptabat
1048 2529 1375 2600 (Enchirid.,
1400 2547 1456 2585 n.
1488 2532 1555 2599 1).
1580 2530 1822 2584 Sanctus

108 2620 488 2691 Augustinus,
532 2619 631 2690 qui
659 2636 789 2673 cum
820 2620 947 2690 ejus
973 2618 1296 2674 eruditione
1328 2619 1644 2689 plurimum
1674 2619 1822 2673 dele-

110 2710 401 2773 ctabatur,
434 2713 557 2762 tum
589 2709 771 2763 multo
803 2708 1197 2763 vehementius
1241 2724 1372 2762 eum
1410 2708 1647 2779 adiungi
1677 2708 1823 2762 veris

112 2797 475 2869 sapientibus
524 2797 807 2868 cupiebat,
856 2798 1202 2868 postulatam
1244 2797 1665 2852 institutionem
1716 2795 1822 2867 ipsi

112 2903 331 2958 negare
374 2886 576 2941 noluit.
624 2887 885 2957 Cumque
933 2902 1129 2940 omnes
1178 2885 1329 2940 illius
1378 2885 1725 2957 quaestiones
1755 2902 1822 2939 eo

106 2977 488 3048 pertinerent,
521 2980 583 3030 ut
613 2975 751 3046 quid
781 2976 1129 3030 credendum
1154 2975 1246 3040 sit,
1281 2975 1421 3047 quid
1447 2975 1815 3047 sperandum,

115 3066 261 3137 quid
297 3066 605 3119 amandum
637 3064 882 3136 denique
916 3068 1311 3135 cognosceret;
1338 3069 1565 3119 sanctus
1586 3065 1823 3133 Praisul,

116 3158 190 3207 De
228 3154 387 3219 Fide,
408 3154 511 3222 Spe
542 3158 591 3207 et
617 3154 895 3209 Charitate
921 3153 979 3206 in
1001 3153 1486 3207 commentatione
1514 3170 1617 3207 sua
1644 3153 1825 3208 disse—

114 3243 277 3307 ruit;
322 3241 417 3296 cui
446 3242 615 3296 etiam
648 3242 800 3296 hunc
843 3242 1033 3312 ipsum
1064 3242 1297 3296 titulum
1334 3241 1542 3295 indidit
1566 3242 1628 3295 in
1658 3242 1827 3296 variis

119 3332 256 3386 locis
280 3348 293 3386 :
322 3330 550 3385 tametsi
572 3331 860 3386 Laurentii
881 3332 1200 3402 prudentiae
1228 3331 1544 3402 permittat,
1578 3334 1638 3384 ut
1666 3331 1825 3398 illud,

119 3422 163 3474 si
176 3421 472 3488 maluerit,
496 3421 851 3475 Enchiwidion
864 3421 1110 3491 appellet
1124 3420 1378 3488 (Retract.
1404 3420 1477 3473 lib
1491 3461 1504 3475 .
1524 3422 1577 3474 2.
1601 3435 1720 3489 cap.
1738 3422 1825 3486 63;

119 3510 302 3577 Epist.
364 3510 507 3572 23f;
570 3510 637 3561 De
702 3512 814 3561 octo
870 3510 1097 3562 Dulcitii
1143 3507 1457 3573 Quaastion.,
1514 3511 1700 3574 quaest.
1758 3510 1820 3567 t).

120 3598 388 3650 Testatur
422 3600 614 3650 autem
652 3596 746 3650 hic
792 3612 849 3650 se
895 3596 1200 3667 diligenter
1234 3597 1305 3651 de
1344 3595 1562 3650 ratione
1602 3595 1824 3649 colendi

128 3686 248 3751 Dei,
292 3701 426 3756 quae
466 3701 598 3738 vera
646 3684 898 3739 hominis
936 3670 1219 3755 sapientia
1256 3688 1359 3751 est,
1393 3684 1731 3755 disputasse.
1764 3686 1833 3738 In

121 3773 451 3846 quaestione
483 3789 654 3843 super
697 3773 786 3827 his
820 3789 947 3843 quas
975 3789 1077 3843 pro
1106 3773 1351 3827 mortuis
1380 3772 1705 3843 frequentat
1735 3774 1831 3826 Ec-

123 3863 319 3929 clesia,
352 3878 493 3917 num
522 3863 734 3917 scilicet
766 3878 832 3916 ea
862 3878 975 3916 non
1005 3866 1195 3916 essent
1232 3860 1558 3932 apostolicae
1601 3862 1836 3915 adversa

122 3949 426 4004 sententiae
456 3950 629 4021 (quod
657 3954 792 4004 tunc
812 3949 1085 4019 temporis
1115 3948 1184 4002 ab
1216 3964 1283 4002 eo
1315 3948 1585 4002 Paulinus
1615 3965 1836 4019 quaere-

124 4038 264 4107 bat),
289 4038 541 4092 affirmat
569 4041 792 4092 sanctus
815 4039 1039 4099 Doctor,
1063 4037 1160 4091 illa
1186 4037 1394 4108 quibus
1422 4040 1676 4108 prosunt,
1704 4036 1837 4107 quia

124 4144 257 4181 cum
287 4126 564 4191 viverent,
617 4131 680 4179 ut
721 4125 828 4179 sibi
877 4128 1109 4202 possent
1154 4125 1427 4196 prodesse
1478 4130 1836 4191 meruerunt,

126 4221 226 4271 aut
255 4216 327 4270 ad
362 4216 469 4269 lioc
499 4216 768 4285 prodesse
789 4220 855 4269 ut
874 4214 946 4268 sit
974 4216 1145 4285 plena
1174 4213 1454 4282 remissio,
1489 4218 1587 4268 aut
1612 4218 1760 4269 certe
1781 4219 1841 4267 ut

126 4304 490 4359 tolerabilior
520 4306 617 4357 ﬁat
645 4304 766 4375 ipsa
790 4303 1103 4358 damnatio.

198 4398 247 4448 4.
279 4392 611 4447 Enchiridio
644 4393 999 4463 Augustinus
1030 4392 1241 4446 librum
1273 4391 1437 4445 illum
1464 4390 1709 4461 subjicit,
1741 4407 1839 4445 cu-

120 4483 218 4549 jus
249 4479 553 4552 inscriptio
600 4484 720 4534 est:
766 4483 842 4534 De
881 4481 1025 4536 Cura
1058 4495 1161 4549 pro
1202 4481 1428 4533 mortuis
1458 4478 1694 4547 gerenda
1719 4478 1845 4550 (Re-

130 4572 526 4625 traclationum
558 4569 654 4623 lib.
693 4571 749 4635 2,
780 4585 904 4637 cap.
948 4567 1059 4637 64).
1101 4568 1230 4637 Ejus
1276 4572 1679 4638 argumentum
1712 4584 1844 4637 sug-

129 4660 305 4730 gessit
329 4658 626 4725 Paulinus,
659 4657 758 4728 qui
780 4657 954 4712 dubio
977 4657 1176 4728 procul
1206 4656 1512 4711 amicitiam
1543 4656 1848 4726 Augustini

139 4764 445 4819 nunquam
474 4763 590 4801 non
616 4747 867 4801 coluerat
890 4763 903 4813 ;
931 4761 1263 4817 quanquam
1293 4762 1324 4799 a
1352 4744 1545 4799 multis
1570 4750 1724 4800 retro
1752 4761 1849 4799 an-

134 4841 226 4892 nis
257 4840 492 4894 nullum
521 4840 645 4909 ejus
674 4838 757 4892 rei
788 4838 1076 4922 spepimen
1106 4836 1477 4891 advertimus.
1520 4836 1851 4907 Contigerat

130 4932 331 4981 autem
352 4933 421 4981 ut
444 4932 704 4982 matrona
728 4926 996 4999 qutedam
1020 4927 1183 4980 Flora
1202 4925 1458 4993 nomine,
1476 4924 1663 4992 vidua,
1679 4930 1851 4996 atque

134 5015 197 5067 in
224 5016 418 5069 Africa
469 5016 704 5086 degens,
761 5016 1017 5070 humano
1059 5014 1199 5084 ﬁlio,
1241 5031 1413 5085 quem
1452 5019 1537 5069 sat
1580 5014 1852 5069 credibile

129 5108 221 5157 est
245 5104 406 5157 haud
446 5103 649 5173 procul
704 5104 843 5157 Nola
897 5102 1050 5157 diem
1082 5102 1311 5169 obiisse,
1351 5103 1542 5156 locum
1581 5103 1640 5156 in
1672 5102 1854 5156 sancti

128 5192 463 5263 cujuspiam
492 5191 613 5246 aede
645 5208 675 5245 a
698 5192 937 5246 Paulino
970 5194 1206 5262 peteret.
1244 5192 1396 5244 Hanc
1420 5190 1516 5245 ille
1548 5189 1716 5244 missa
1739 5189 1855 5261 epi-

128 5282 279 5334 stola
307 5282 526 5335 solatus
558 5284 662 5348 est,
695 5280 755 5335 id
781 5280 950 5334 simul
980 5281 1275 5346 nuntians,
1308 5279 1377 5333 de
1408 5279 1680 5333 cadavere
1710 5278 1853 5333 fide-

1588 275 1788 329 LIBER
1831 274 2161 329 OCTAVUS.

3514 287 3615 337 5‘26

1928 397 2121 451 Felicis
2160 397 2412 464 basilica,
2467 414 2641 468 quam
2688 400 2960 454 Paulinus
3002 406 3413 468 construxerat,
3456 411 3618 459 erant

1924 503 2098 540 sacra:
2128 486 2304 551 cellze,
2358 487 2473 541 sive
2504 488 2706 542 sacella
2745 488 2992 543 orationi
3033 494 3087 544 et
3129 496 3485 547 mortuorum
3534 510 3617 547 se-

1923 576 2171 645 pulturas
2203 575 2503 631 destinata.
2535 577 2674 631 Cum
2704 594 2871 649 porro
2906 580 3083 633 Flora:
3115 580 3384 635 Paulinus
3418 583 3617 637 rescri-

1925 665 2102 733 beret,
2146 666 2343 721 eadem
2388 684 2522 721 usus
2567 673 2650 722 est
2697 669 3145 740 opportunitate,
3190 676 3254 726 ut
3292 672 3509 727 litteras
3549 675 3616 728 ad

1922 755 2309 826 Augustinum
2357 755 2535 809 daret.
2587 757 2650 808 In
2694 756 2783 810 his
2825 757 2894 811 ab
2938 774 3003 811 eo
3036 759 3447 829 sciscitabatur,
3479 778 3619 817 num

1923 843 2113 897 credat
2162 844 2424 914 prodesse
2472 844 2677 915 cuique
2723 850 2853 915 post
2903 852 3169 917 mortem,
3214 850 3367 919 quod
3414 867 3620 922 corpus

1882 941 1899 950 ’
1923 930 2045 1000 ejus
2066 931 2217 1002 apud
2238 932 2417 986 sancti
2446 933 2685 1004 alicujus
2713 935 3051 990 memoriam
3078 938 3350 1008 sepelitur
3375 956 3387 993 :
3411 956 3473 993 ac
3511 940 3620 994 sibi

1923 1018 2157 1091 quidem
2190 1020 2368 1074 videri
2394 1021 2634 1086 dicebat,
2660 1038 2778 1076 non
2809 1041 2929 1077 esse
2952 1024 3149 1079 inanes
3180 1032 3369 1081 motus
3395 1028 3616 1083 animo-

1924 1124 2049 1161 rum
2084 1108 2483 1180 religiosorum
2515 1114 2686 1181 atque
2712 1112 2969 1166 fidelium
3000 1130 3102 1184 pro
3133 1114 3249 1168 suis
3279 1116 3387 1170 ista
3411 1133 3620 1172 curan-

1923 1196 2068 1250 tium
2093 1214 2105 1250 :
2130 1202 2185 1251 et
2214 1198 2557 1268 adjungebat
2585 1215 2779 1253 vacare
2810 1216 2927 1255 non
2954 1218 3140 1270 posse,
3178 1204 3327 1274 quod
3358 1205 3623 1259 universa

1924 1302 2028 1356 pro
2060 1286 2341 1340 defunctis
2389 1287 2631 1341 Ecclesia
2675 1289 2990 1359 supplicare
3030 1292 3355 1358 consuevit;
3396 1298 3462 1347 ut
3489 1293 3622 1347 hinc

1926 1379 1981 1428 et
2010 1374 2150 1428 illud
2179 1374 2382 1452 conjici
2412 1374 2610 1444 possit,
2651 1376 2873 1429 homini
2902 1378 3172 1447 prodesse
3202 1384 3327 1449 post
3354 1386 3623 1448 mortem,

1926 1462 1973 1516 si
2002 1462 2113 1516 ﬁde
2144 1479 2377 1517 suorum
2407 1463 2733 1533 sepeliendo
2766 1465 2886 1535 ejus
2915 1467 3137 1536 corpori
3168 1468 3294 1521 talis
3321 1469 3625 1543 providea—

1927 1554 2021 1605 tur
2046 1552 2224 1622 locus,
2258 1552 2317 1606 in
2347 1569 2461 1623 quo
2489 1557 2762 1624 appareat
2786 1554 3087 1625 opitulatio
3116 1555 3289 1610 etiam
3320 1556 3425 1611 isto
3457 1557 3625 1611 modo

1923 1642 2162 1711 quaesita
2182 1646 2505 1695 sanctorum
2531 1644 2621 1711 (De
2646 1644 2789 1697 Cura
2815 1659 2916 1712 pro
2936 1647 3161 1698 mortuis
3187 1646 3511 1714 gerenda,u.
3540 1646 3618 1715 1).

1927 1730 2171 1784 Aliunde
2221 1744 2352 1785 vero
2407 1730 2512 1785 sibi
2561 1731 2975 1786 dubitationem
3025 1733 3085 1787 id
3139 1733 3374 1804 injicere
3417 1734 3624 1803 aiebat,

1928 1819 2082 1890 quod
2114 1836 2226 1873 non
2266 1818 2397 1873 satis
2426 1818 2660 1885 videret,
2710 1836 2961 1890 quonam
3002 1825 3167 1891 pacto
3199 1821 3296 1876 illa
3335 1823 3627 1877 conciliari

1930 1913 2103 1979 queat
2140 1907 2335 1979 opinio
2382 1924 2513 1961 cum
2554 1908 2660 1961 hoc
2694 1909 2955 1978 Apostoli
2999 1909 3413 1979 pronuntiato:
3452 1912 3624 1966 Unus-

1929 1999 2157 2065 quisque
2184 1998 2407 2065 recipiet
2436 2001 2600 2065 prout
2628 1999 2793 2063 gessit
2829 2000 2888 2051 in
2926 2014 3144 2067 corpore
3176 1999 3243 2067 (II
3274 2000 3393 2055 Cor.
3426 2016 3479 2067 v,
3514 2001 3622 2069 10).

1931 2085 2176 2139 Modesta
2204 2086 2300 2139 illa
2330 2085 2625 2157 inquisitio
2676 2090 2793 2140 tam
2821 2087 3057 2141 illustris
3086 2087 3359 2158 episcopi,
3393 2093 3627 2161 tamque

1929 2174 1989 2228 in
2019 2174 2191 2228 sacris
2224 2173 2448 2228 Litteris
2478 2174 2709 2243 eruditi,
2759 2175 2969 2230 mirum
3014 2180 3295 2246 quantum
3342 2177 3513 2231 distat
3558 2178 3627 2232 ab

1931 2279 2128 2317 eorum
2155 2263 2520 2329 confidentia,
2554 2262 2652 2334 qui
2682 2263 2754 2318 ob
2787 2265 3045 2319 eamdem
3077 2264 3473 2320 difﬁcultatem
3501 2282 3630 2321 ora-

1930 2351 2117 2406 tiones
2145 2369 2248 2424 pro
2279 2351 2574 2423 spiritibus
2596 2352 3006 2407 dormientium
3029 2353 3155 2407 ﬁeri
3175 2354 3368 2408 solitas
3386 2355 3628 2425 proscri-

1930 2457 2116 2512 psere.
2152 2441 2273 2495 Vim
2306 2440 2655 2495 difficultatis
2680 2442 2775 2496 ille
2806 2458 2970 2512 teque
2992 2441 3149 2510 vidit,
3176 2446 3345 2514 atque
3374 2442 3468 2497 isti
3492 2460 3506 2511 ;
3531 2444 3629 2499 sed

1932 2548 2049 2603 prae
2080 2530 2198 2587 istis
2228 2529 2441 2600 abjecte
2488 2530 2557 2584 de
2607 2547 2664 2584 se
2696 2531 2975 2585 sentiebat
3015 2531 3111 2585 Vir
3148 2537 3374 2586 sanctus
3406 2549 3418 2587 :
3453 2533 3628 2604 siqui-

1933 2622 2064 2676 dem
2115 2636 2299 2691 neque
2348 2620 2610 2686 Paulum,
2657 2635 2845 2689 neque
2895 2619 3199 2673 Ecclesiam
3248 2620 3630 2676 condemnare

1933 2725 2127 2778 ausus,
2152 2708 2344 2762 animo
2368 2707 2699 2778 tranquillo,
2723 2707 2912 2777 quoad
2934 2707 3043 2762 sibi
3068 2725 3197 2763 cum
3220 2708 3330 2762 fide
3353 2710 3635 2780 querenti

1934 2814 2058 2853 rem
2090 2799 2238 2851 Deus
2266 2796 2565 2863 revelaret,
2608 2794 2988 2864 exspectavit;
3030 2811 3094 2848 ac
3131 2797 3365 2850 tandem
3409 2797 3480 2850 ad
3520 2798 3636 2851 voti

1934 2887 2112 2943 ﬁnem
2141 2884 2443 2955 Augustini
2490 2882 2766 2937 beneﬁcio
2814 2883 3092 2953 pervenit.
3135 2883 3235 2937 llic
3276 2884 3514 2939 Paulino
3546 2901 3637 2939 re-

1936 2976 2220 3048 spondere
2244 2972 2342 3027 diu
2373 2971 2589 3026 distulit
2617 2992 2631 3039 ;
2654 2975 2710 3025 et
2738 2971 2883 3026 forte
2911 2971 3083 3026 etiam
3114 2972 3284 3043 hujus
3313 2971 3486 3026 ofﬁcii
3516 2990 3636 3028 om-

1937 3064 2074 3121 nino
2104 3062 2301 3117 fuisset
2330 3060 2558 3127 oblitus,
2599 3060 2741 3115 adeo
2791 3060 3153 3131 negotiorum
3198 3062 3444 3116 aliorum
3486 3064 3639 3117 mole

1936 3152 2323 3226 premebatur,
2373 3149 2479 3203 nisi
2509 3149 2697 3219 ipsum
2728 3150 2797 3204 ad
2839 3149 2897 3203 id
2936 3149 3317 3206 Candidianus
3346 3150 3641 3222 presbyter

1939 3241 2110 3297 nullis
2148 3240 2293 3295 datis
2330 3238 2574 3293 induciis
2593 3237 2961 3309 compulisset
2992 3241 3084 3309 (De
3112 3241 3255 3296 Cura
3279 3255 3380 3310 pro
3414 3243 3643 3297 mortuis

1939 3329 2195 3400 gerenda,
2240 3344 2334 3383 nn.
2387 3330 2436 3395 l,
2482 3326 2593 3397 23).
2648 3327 2768 3380 Illic
2811 3327 3167 3398 propositum
3212 3328 3321 3383 sibi
3368 3345 3433 3383 ex
3484 3328 3643 3383 Pauli

1939 3418 2222 3475 sententia
2263 3416 2507 3471 dubium
2550 3415 2696 3469 circa
2738 3415 3025 3469 orationes
3070 3432 3174 3486 pro
3212 3417 3453 3471 mortuis
3481 3417 3645 3471 solvit

1943 3507 2126 3577 (Ibid,
2151 3521 2205 3560 η.
2238 3506 2313 3573 2).
2337 3503 2500 3569 Quod
2522 3519 2653 3557 vero
2676 3504 2746 3558 ad
2772 3504 3124 3573 sepulturam
3155 3505 3308 3575 apud
3339 3505 3644 3559 memorias

1941 3600 2260 3666 martyrum
2290 3593 2507 3656 attinet,
2534 3608 2659 3646 eam
2682 3596 2943 3646 autumat
2963 3608 3077 3646 non
3094 3592 3163 3646 ad
3196 3592 3348 3647 aliud
3377 3594 3645 3664 prodesse

1945 3684 2233 3749 defuncto,
2266 3681 2379 3735 nisi
2409 3684 2472 3735 ut
2501 3680 2732 3735 affectus
2761 3697 2867 3752 pro
2906 3681 3004 3734 illo
3034 3680 3481 3752 supplicationis,
3514 3698 3647 3736 eum

1946 3773 2117 3827 etiam
2166 3774 2484 3841 martyrum
2533 3769 2850 3840 patrocinio
2895 3770 3325 3837 commendans,
3371 3774 3651 3841 augeatur

1945 3862 2138 3934 (Ibid,
2183 3877 2245 3916 η.
2302 3860 2415 3921 22).
2463 3862 2594 3915 Cum
2642 3875 2755 3927 ego,
2792 3859 2893 3929 ait,
2922 3860 3098 3929 ﬁdelis
3128 3864 3301 3914 mater
3345 3860 3520 3929 ﬁdelis
3546 3860 3654 3929 ﬁlii

1947 3951 2193 4018 defuncti
2219 3964 2412 4019 corpus
2442 3949 2773 4003 desideravit
2792 3950 2851 4003 in
2878 3949 3103 4003 basilica
3122 3952 3386 4018 martyris
3400 3951 3554 4018 poni,
3582 3950 3655 4003 si~

1950 4040 2166 4111 quidem
2196 4038 2431 4093 credidit
2452 4040 2565 4107 ejus
2589 4040 2826 4092 animam
2842 4041 3052 4093 meritis
3080 4041 3343 4110 martyris
3369 4038 3652 4107 adjuvari;

1951 4130 2046 4183 hoc
2077 4127 2222 4196 quod
2250 4130 2331 4181 ita
2361 4128 2618 4194 credidit,
2650 4129 2982 4197 supplicatio
3007 4128 3255 4196 quaedam
3282 4129 3433 4193 fuit;
3466 4130 3517 4179 et
3546 4127 3654 4181 hac

1945 4219 2183 4288 profuit,
2215 4218 2263 4270 si
2294 4216 2431 4283 quid
2452 4218 2681 4284 profuit.
2713 4219 2781 4270 Et
2813 4216 2958 4284 quod
2986 4216 3061 4269 ad
3079 4216 3219 4269 idem
3238 4216 3541 4284 sepulcrum
3569 4230 3654 4268 re-

1951 4308 2123 4361 currit
2149 4307 2350 4369 animo,
2374 4309 2423 4357 et
2439 4303 2618 4373 filium
2634 4305 2886 4373 precibus
2905 4307 3081 4371 magis
3110 4305 3390 4371 magisque
3402 4319 3659 4357 commen-

1955 4396 2072 4461 dat,
2106 4393 2341 4462 adjuvat
2370 4393 2618 4459 defuncti
2644 4394 2922 4463 spiritum,
2954 4410 3057 4447 non
3086 4393 3287 4447 mortui
3322 4394 3561 4461 corporis
3578 4393 3657 4457 lo:

1955 4498 2067 4550 cus,
2090 4482 2185 4536 sed
2196 4498 2262 4535 ea:
2276 4482 2377 4535 loci
2398 4484 2655 4536 memoria
2666 4485 2824 4537 vivus
2846 4484 3038 4536 matris
3057 4481 3279 4549 affectus
3304 4480 3487 4551 (lbid.,
3504 4496 3561 4535 η.
3583 4481 3657 4547 7).

1960 4572 2162 4626 Narrat
2191 4569 2379 4623 oblata
2408 4569 2546 4623 vivis
2586 4570 2897 4624 multorum
2924 4568 3325 4624 defunctorum
3359 4572 3415 4622 et
3440 4573 3660 4624 sancto-
3706 4574 3721 4587 ‘

1957 4676 2088 4715 rum
2127 4659 2244 4713 visa
2278 4675 2291 4713 :
2327 4663 2383 4713 et
2410 4659 2646 4713 tandem
2670 4674 2799 4730 quae
2829 4674 2930 4712 sua
2959 4661 3105 4711 esset
3124 4656 3304 4711 animi
3331 4657 3661 4713 constitutio

1960 4749 2021 4803 in
2062 4748 2129 4803 iis
2171 4748 2623 4815 difficultatibus,
2664 4762 2910 4818 quarum
2958 4746 3363 4801 enodationem
3409 4748 3663 4802 nondum

1961 4840 2274 4907 acceperat,
2292 4837 2502 4891 mirum
2524 4837 2583 4889 in
2604 4835 2843 4890 modum
2862 4834 2942 4889 ibi
2963 4835 3247 4906 expromit
3267 4835 3452 4906 (lbid.,
3477 4852 3531 4891 η.
3551 4836 3662 4906 21).

2033 4931 2087 4983 5.
2121 4925 2396 4981 Dulcitius
2426 4925 2487 4979 in
2513 4924 2701 4979 Africa
2730 4924 2953 4979 circiter
2979 4941 3195 4979 annum
3226 4925 3668 4997 quadringente-

1963 5014 2175 5069 simum
2213 5014 2574 5084 vigesimum,
2620 5017 2683 5067 ut
2730 5029 2902 5084 supra
2946 5013 3215 5083 vidimus,
3256 5013 3460 5085 agebat
3512 5029 3668 5067 exse-

1962 5103 2208 5176 quendis
2256 5102 2525 5157 adversus
2579 5101 2896 5157 Donatistas
2940 5103 3160 5174 legibus
3204 5103 3275 5157 ab
3318 5103 3665 5174 Imperatore

1963 5193 2285 5264 praefectus.
2320 5190 2477 5245 Idem
2506 5190 2722 5246 ibidem
2745 5192 2931 5247 adhuc
2952 5192 3300 5258 morabatur,
3329 5207 3459 5245 cum
3482 5192 3671 5260 Augu-

1966 5281 2183 5335 stinum
2213 5280 2281 5335 de
2311 5279 2482 5334 variis
2504 5280 2920 5352 quaestionibus
2947 5298 3052 5353 per
3085 5281 3302 5336 litteras
3332 5278 3675 5351 Carthagine

128 5369 207 5423 lis
230 5369 466 5439 juvenis
496 5369 755 5441 Cynegii,
782 5369 938 5440 quod
970 5372 1229 5423 materno
1259 5372 1314 5422 et
1342 5368 1437 5440 pio
1469 5368 1675 5422 affectu
1703 5367 1859 5423 desi-
1967 5371 2127 5425 datos
2140 5369 2591 5441 consuluit,quze
2614 5368 2697 5424 illi
2708 5386 2814 5442 per
2827 5369 3269 5425 Paschaliafcsta
3286 5372 3418 5422 sunt
3438 5365 3676 5422 redditae

128 5458 381 5528 deravit,
446 5475 569 5513 esse
613 5459 987 5530 completum,
1046 5462 1110 5513 ut
1164 5457 1377 5515 scilicet
1430 5457 1493 5513 in
1544 5456 1856 5513 beatissimi

136 5548 343 5603 Felicis
382 5548 727 5604 confessoris
777 5548 1011 5604 basilica
1050 5550 1379 5620 poneretur.
1438 5548 1502 5603 In
1542 5546 1647 5603 hac
1679 5548 1853 5602 sancti

1967 5459 2067 5531 (De
2090 5462 2203 5514 octo
2228 5459 2456 5514 Dulcitii
2493 5462 2811 5531 Question,
2844 5462 3113 5527 Prae/at).
3145 5459 3301 5512 Tunc
3327 5456 3561 5528 quidem
3579 5472 3676 5514 re—

1979 5563 2252 5617 sponsum
2275 5548 2357 5602 eis
2386 5549 2631 5605 scribere
2662 5554 2857 5605 sancto
2885 5548 3107 5603 Doctori
3133 5546 3471 5617 neutiquam
3498 5547 3680 5615 licuit;
