4026 6180
472 332 571 383 5‘27

469 468 537 506 eo
559 449 715 521 quod
743 452 874 520 post
896 462 1083 500 sacros
1112 445 1239 499 illos
1267 443 1388 498 dies
1411 440 1599 496 statim
1632 456 1751 493 sese
1770 436 2014 492 contulit
2030 436 2160 490 Car-

468 537 783 608 thaginem,
817 535 967 590 unde
1015 533 1245 589 nonnisi
1282 532 1466 586 tribus
1513 527 1804 583 mensibus
1844 525 2054 580 exactis
2097 523 2167 578 ad

468 644 601 681 suos
630 625 835 680 reverti
866 624 1177 696 permissus
1207 625 1306 675 est.
1331 619 1481 684 Quin
1503 623 1692 673 autem
1725 632 1791 670 eo
1819 613 2168 686 gravissimis

468 715 716 787 negotiis
745 719 1063 787 pertractus
1083 712 1174 778 sit,
1198 708 1342 763 nulli
1370 706 1818 778 ambigendum;
1842 701 2065 758 tametsi
2098 702 2165 755 de

468 806 558 861 his
586 803 733 858 nihil
762 806 1119 873 compertum
1148 798 1445 860 habeatur,
1489 794 1599 849 nisi
1629 794 1784 865 quod
1816 792 1937 864 ipse
1963 790 2166 846 litteris

467 892 734 965 prodidit,
766 890 845 945 ibi
868 906 925 944 se
963 887 1420 957 occupationum,
1454 899 1583 954 qua
1621 882 1728 936 sibi
1775 882 1835 935 in
1873 881 1979 935 hac
2023 879 2165 933 urbe

465 996 764 1051 nunquam
786 979 1039 1043 deerant,
1069 973 1440 1029 multitudine
1468 971 1790 1026 districtum
1810 969 1950 1024 adeo
1969 966 2162 1033 fuisse,

470 1073 534 1123 ut
555 1068 623 1123 ad
647 1067 976 1122 dictandum
1000 1063 1296 1136 quidpiam
1324 1060 1506 1116 otium
1534 1058 1769 1114 omnino
1792 1058 2016 1112 nullum
2038 1073 2167 1127 sup-

468 1158 702 1225 peteret.
724 1155 1037 1207 Reversum
1057 1150 1214 1217 inde,
1234 1147 1479 1218 negotiis
1504 1162 1634 1217 quae
1657 1144 1838 1215 magis
1858 1143 2162 1214 urgebant,

464 1241 739 1296 nimirum
784 1240 1032 1312 propriae
1077 1238 1405 1302 dioeceseos,
1457 1240 1710 1288 mentem
1764 1231 2009 1302 adjicere
2062 1246 2167 1300 per

467 1328 587 1385 dies
618 1328 946 1401 quindecim
975 1326 1229 1399 oportuit
1254 1342 1266 1378 :
1300 1324 1507 1396 quibus
1538 1321 1750 1393 peracti
1777 1319 2036 1374 nonnihil
2064 1318 2165 1372 otii

462 1423 681 1485 nactus,
713 1418 834 1471 sine
857 1433 1019 1471 mora
1037 1416 1109 1470 ad
1140 1412 1596 1468 satisfaciendum
1623 1409 1863 1464 Dulcitio
1884 1406 2159 1462 incubuit.

472 1508 721 1575 Rogatus
751 1506 820 1559 ab
851 1520 917 1558 eo
946 1505 1129 1558 fuerat
1150 1517 1319 1572 super
1331 1504 1454 1553 octo
1476 1496 1889 1570 quaestionibus
1911 1494 2163 1565 Scriptu-

466 1608 545 1646 τω
576 1607 677 1646 seu
708 1591 1099 1645 ecclesiastica
1132 1590 1444 1654 doctrinm;
1479 1603 1619 1658 quas
1648 1601 1866 1651 omnes,
1910 1584 1957 1637 si
1996 1582 2165 1654 quin-

463 1685 580 1735 tam
611 1679 923 1750 exceperis,
947 1679 1008 1734 in
1028 1678 1198 1733 variis
1230 1692 1470 1748 operum
1492 1690 1725 1728 suorum
1756 1672 1894 1727 locis
1923 1670 2165 1742 explica-

462 1773 569 1823 rat.
591 1768 950 1839 QuaprOpter
977 1783 1107 1837 quas
1130 1765 1252 1836 jam
1277 1765 1346 1819 de
1370 1767 1588 1834 septem
1611 1761 1737 1815 aliis
1757 1760 2163 1830 disputaverat,

465 1856 601 1910 satis
629 1856 830 1911 habuit
857 1869 1182 1925 excerpere,
1212 1869 1325 1924 quo
1356 1852 1527 1905 simul
1558 1854 1615 1905 et
1644 1848 1873 1903 Dulcitii
1902 1852 2018 1902 tam
2049 1848 2167 1901 lau-

468 1945 654 2002 dabile
687 1944 1036 2000 desiderium
1066 1944 1339 2014 expleret,
1382 1946 1437 1996 et
1473 1957 1531 1995 se
1568 1940 1764 1995 labore
1803 1938 2070 1992 liberaret
2097 1937 2165 1991 de

463 2035 687 2106 integro
717 2034 916 2089 eadem
944 2031 1293 2099 recudendi;
1325 2047 1453 2102 quae
1484 2045 1619 2083 sane
1638 2045 1747 2093 res,
1779 2042 1911 2081 cum
1938 2040 2166 2096 permo-

464 2126 605 2178 lesta
629 2123 760 2192 sibi,
783 2128 908 2178 tum
932 2122 1154 2177 inutilis
1180 2121 1423 2176 Dulcitio
1440 2123 1563 2173 erat
1592 2118 1802 2173 futura.
1828 2117 1943 2170 Hoc
1972 2117 2166 2168 autem

463 2213 523 2267 in
581 2211 789 2283 scripto
846 2211 1144 2266 historiam
1199 2209 1509 2264 admodum
1563 2206 1914 2276 singularem
1969 2202 2163 2270 refert,

461 2315 636 2373 quam
653 2299 951 2371 ipsiusmet
970 2299 1157 2353 verbis
1175 2297 1566 2369 subjiciemus.
1582 2298 1771 2350 Dicam
1788 2292 1932 2363 quod
1948 2294 2164 2359 factum

460 2394 558 2452 est,
588 2388 796 2460 inquit,
842 2391 901 2442 in
944 2389 1287 2445 Mauritania
1323 2386 1591 2451 Siti/ensi.
1640 2385 1823 2452 Neque
1851 2384 1993 2436 enim
2026 2383 2166 2436 Deus

461 2481 771 2532 sanctorum
800 2479 1050 2545 Patrum,
1080 2466 1186 2530 non
1216 2478 1332 2545 ipse
1351 2478 1429 2529 est
1466 2476 1629 2527 etiam
1658 2475 1796 2526 Deus
1823 2474 2022 2526 noster.
2062 2472 2166 2525 Vi-

463 2566 627 2621 duam
661 2569 722 2620 in
752 2568 1030 2635 proposito
1077 2565 1416 2620 continentia
1455 2563 1801 2618 constitutam
1848 2560 2165 2616 Celticchius

462 2654 685 2722 quidam
709 2653 1113 2708 catechumenus
1122 2652 1341 2721 juvenis
1356 2653 1565 2720 rapuit,
1598 2653 1659 2703 ut
1686 2649 1903 2703 haberet
1918 2662 2161 2701 uxorem.

464 2744 771 2813 Antequam
808 2742 1231 2807 concumberent,
1265 2755 1485 2810 pressus
1529 2754 1710 2794 somno
1742 2742 1792 2792 ct
1823 2739 2045 2791 territus
2083 2750 2167 2789 so-

461 2834 625 2901 mnio,
653 2833 908 2899 Sitifensi
932 2834 1177 2902 episcopo
1216 2831 1456 2884 eamdem
1491 2828 1949 2883 vehementissime
1984 2826 2165 2893 requi-

459 2923 620 2987 renti,
637 2922 904 2976 revocavit
919 2922 1198 2975 intactam.
1227 2920 1431 2974 Vivunt
1447 2918 1624 2972 adhuc
1647 2917 1712 2971 de
1732 2916 1928 2985 quibus
1954 2916 2158 2982 loquor.

460 3011 556 3064 Ille
582 3010 911 3080 baptizatus,
943 3014 993 3064 et
1018 3013 1136 3079 ipso
1165 3011 1223 3063 in
1242 3025 1297 3063 se
1316 3012 1465 3076 facto
1488 3008 1750 3062 miraculo
1780 3018 2062 3061 conversus
2089 3003 2164 3056 ad

464 3099 765 3159 Dominum,
789 3097 863 3148 ad
882 3099 1247 3165 episcopatum
1275 3095 1573 3150 venerabili
1596 3095 1870 3163 probitate
1896 3092 2159 3161 pervenit,

462 3183 562 3234 illa
589 3184 648 3234 in
679 3189 869 3235 sancta
896 3183 1165 3236 viduitate
1176 3185 1425 3251 persistit
1441 3182 1535 3251 (De
1550 3185 1662 3235 octo
1688 3181 1912 3234 Dulcitii
1934 3178 2155 3244 Quast.,

466 3274 655 3339 quast.
687 3274 739 3334 7,
773 3284 829 3324 n.
864 3272 940 3337 3).
980 3271 1044 3323 In
1074 3269 1535 3340 Carthaginensis
1564 3268 1787 3322 concilii
1819 3266 2054 3338 epistola
2091 3267 2161 3321 ad

466 3356 837 3412 leestinum
854 3357 1188 3413 undecimus
1207 3357 1358 3411 inter
1386 3356 1676 3427 episcopos
1698 3354 2035 3409 Celticchius
2056 3371 2160 3410 no-

465 3443 738 3500 minatur.
772 3443 950 3515 Hujus
974 3443 1108 3498 libri
1135 3447 1431 3498 contextus
1460 3443 1641 3511 docet,
1675 3442 2023 3497 dominicum
2053 3445 2161 3499 Pa-

462 3531 670 3586 schatis
698 3531 852 3587 diem
881 3531 991 3586 hoc
1022 3545 1172 3584 anno
1221 3529 1485 3584 incidisse
1524 3527 1584 3583 in
1626 3528 1861 3583 tertium
1890 3528 2160 3585 kalendas

461 3621 670 3692 apriles
697 3638 710 3676 :
745 3621 894 3693 quod
926 3636 1030 3692 per
1071 3619 1434 3691 epicopatum
1462 3615 1766 3689 Augustini
1796 3617 1960 3671 annis
1989 3634 2161 3689 supra

461 3707 1093 3778 quadringentesimum
1125 3708 1346 3762 decimo
1382 3723 1535 3762 nono
1566 3707 1752 3761 solum
1783 3710 1838 3761 et
1866 3707 2159 3778 trigesimo

459 3796 718 3866 contigit.
741 3796 908 3866 Atqui
943 3797 1013 3850 de
1035 3796 1239 3850 ultimo
1258 3796 1366 3850 hoc
1392 3796 1449 3849 id
1470 3796 1661 3850 nullus
1695 3795 1997 3867 intelligat,
2028 3813 2159 3851 cum

460 3883 740 3937 secundus
762 3884 1244 3938 Retractationum
1264 3885 1424 3947 liber,
1442 3884 1629 3955 inquo
1652 3885 1851 3939 eadem
1867 3886 1988 3939 hac
2007 3902 2160 3940 com-

460 3971 735 4026 mentatio
758 3977 1105 4039 recensetur,
1127 3989 1195 4027 eo
1217 3989 1399 4039 usque
1419 3988 1536 4026 non
1558 3973 1867 4037 perveniat.
1890 3975 2160 4045 Superest

458 4059 639 4129 igitur
665 4064 728 4114 ut
744 4059 888 4116 illud
908 4076 1061 4115 anno
1088 4059 1655 4132 quadringentesimo
1668 4061 1887 4115 decimo
1900 4077 2050 4116 nono
2062 4064 2158 4117 tri-

456 4149 719 4217 buamus,
742 4165 856 4221 quo
874 4165 1023 4204 anno
1039 4150 1395 4204 mensemaio
1410 4153 1663 4204 vertente
1684 4149 2023 4220 Carthagine
2035 4156 2157 4204 erat

454 4243 684 4294 sanctus
708 4239 942 4294 Praesul.
976 4239 1184 4293 Verum
1216 4238 1525 4309 quominus
1554 4238 1889 4310 opinionem
1904 4239 2070 4305 hanc,
2092 4239 2156 4293 li-

455 4332 546 4382 cet
582 4327 804 4382 ratione
832 4333 949 4383 tam
980 4327 1271 4397 plausibili
1320 4327 1543 4394 fultam,
1588 4326 1978 4394 admittamus,
2020 4328 2156 4382 facit

454 4415 821 4471 Enchiridion
859 4416 920 4471 in
957 4416 1065 4471 hoc
1102 4416 1305 4470 eodem
1334 4420 1570 4471 tractatu
1611 4416 1921 4487 allegatum
1964 4416 2150 4486 (Ibid.,

453 4509 643 4573 quast.
679 4509 728 4567 1.
760 4522 816 4560 n.
854 4506 938 4574 lO,
966 4512 1017 4560 et
1047 4511 1235 4575 quast.
1270 4509 1324 4572 2,
1355 4522 1411 4559 η.
1451 4508 1524 4574 li),
1557 4505 1712 4576 quod
1761 4511 1890 4559 ante
1935 4521 2151 4560 annum

453 4593 1086 4664 quadringentesimum
1118 4594 1458 4665 vigesimum
1488 4594 1764 4664 primum,
1795 4598 2009 4664 quanto
2034 4593 2152 4649 illic

454 4680 829 4751 Hieronymus
890 4690 1099 4738 sanctae
1146 4683 1442 4738 memoria
1475 4682 1773 4748 vocitatur,
1826 4682 1995 4737 scribi
2034 4698 2150 4738 non

451 4768 657 4839 potuit.
710 4771 986 4827 Eumdem
1033 4773 1189 4826 enim
1233 4772 1641 4842 Hieronymum
1690 4770 1864 4825 tradit
1908 4772 2151 4842 Prosper

449 4873 600 4911 anno
628 4862 846 4913 tantum
888 4860 1453 4931 quadringentesimo
1498 4859 1773 4931 vigesimo
1814 4859 1999 4931 pridie
2039 4861 2149 4915 ka-

448 4946 647 5002 lendas
685 4947 933 5002 octobris
979 4948 1207 5015 obiisse,
1262 4965 1435 5021 quem
1481 4953 1537 5003 et
1574 4948 1927 5019 Augustinus
1963 4949 2147 5004 adhuc

448 5051 642 5091 mense
672 5036 979 5106 septembri
1000 5036 1137 5091 anni
1157 5038 1706 5109 quadringentesimi
1736 5037 1942 5091 decimi
1963 5038 2146 5092 octavi

445 5124 506 5179 in
530 5124 668 5179 vivis
691 5140 859 5195 agere
887 5126 1157 5194 ponebat,
1182 5131 1237 5179 et
1264 5143 1365 5180 nos
1391 5127 1564 5181 etiam
1585 5143 1735 5181 anno
1758 5124 2143 5198 quadringen-

441 5212 647 5268 tesimo
691 5212 911 5268 decimo
936 5214 1418 5284 nonofepistolam
1464 5215 1534 5270 ad
1565 5215 1834 5270 eumdem
1872 5214 2141 5287 Augusti-

443 5318 583 5356 num
620 5300 842 5356 misisse
882 5301 1257 5356 ostendimus.
1299 5304 1611 5364 Fatendum
1641 5308 1835 5358 tamen
1864 5309 1951 5358 est
1978 5320 2140 5359 men-

441 5390 581 5445 dum
613 5390 673 5445 in
702 5390 1008 5462 Augustini
1044 5394 1371 5445 contextum
1403 5392 1715 5463 irrepsisse,
1747 5409 1812 5447 ac
1838 5408 1944 5464 pro
1972 5394 2139 5448 tertio

440 5477 711 5533 kalendas
739 5479 936 5551 aprilis
969 5478 1363 5551 reponendum
1390 5495 1510 5533 esse
1540 5480 1627 5534 vel
1661 5478 1906 5551 septimo
1936 5480 2136 5535 kalen-

438 5567 537 5621 das
559 5568 773 5639 aprilis,
809 5585 924 5641 quo
953 5568 1045 5624 die
1074 5567 1288 5624 Pascha
1324 5568 1435 5624 hoc
1458 5583 1612 5625 anno
1639 5568 2136 5640 quadringentesi-

1690 316 1963 373 Vl'l‘A'S.
2012 279 2396 370 AUGUSTINI
2438 306 2773 364 EPlSCOPl.
3304 370 3307 373 η
3796 313 3866 365 δρε

2284 447 2378 485 mo
2409 427 2682 499 vigesimo
2713 423 2958 480 secundo
2988 426 3287 489 evenerat;
3319 422 3401 476 vel
3438 422 3634 478 decimo
3660 425 3867 482 kalendas

2279 518 2498 589 aprilis,
2521 533 2633 588 quo
2666 514 2758 570 die
2782 513 3092 569 Bucherius
3112 511 3312 566 asserit
3340 510 3497 565 fuisse
3516 529 3646 565 anno
3672 515 3871 585 quadrin-

2277 605 2595 677 gentesimo
2637 602 2916 675 vigesimo
2957 600 3159 672 quinto
3198 598 3528 653 celebratum
3553 615 3582 652 a
3608 600 3875 671 quibusdam

2279 694 2635 759 Latinorum,
2700 690 2863 764 queis
2916 690 3342 761 Hipponensem
3387 687 3656 743 Ecclesiam
3698 690 3873 763 adjungi

2276 787 2537 855 oportere
2568 780 2876 836 verisimile
2907 784 3011 834 est.

2952 867 3179 923 CAPUT
3210 866 3298 920 IV.

2279 965 2298 1015 l
2348 963 2515 1018 Curat
2556 960 2923 1028 Augustinus,
2972 961 3031 1011 ut
3075 957 3352 1025 episcopus
3397 954 3615 1008 Fussala
3665 954 3878 1010 ordinetur

2348 1052 2638 1106 Antonius.
2670 1052 2704 1103 2
2734 1047 2994 1116 Ejusdem
3019 1045 3267 1100 Ecclesia:
3297 1043 3771 1097 administrationem
3793 1044 3876 1097 adi—

2344 1154 2485 1193 mere
2512 1139 2599 1191 illi
2622 1138 2849 1203 cogitur.
2886 1138 2916 1189 3
2939 1135 3212 1188 Antonius
3244 1132 3506 1188 Numidia
3530 1133 3732 1201 primati
3755 1136 3793 1185 et
3814 1134 3877 1186 Bo-

2345 1228 2547 1293 nifacio
2572 1241 2733 1295 papa
2757 1227 2946 1291 fucum
2973 1225 3133 1290 facit,
3158 1226 3220 1276 ut
3247 1222 3303 1274 in
3329 1223 3582 1288 integrum
3609 1224 3873 1275 restituatur.

2344 1317 2377 1369 4
2408 1317 2751 1372 Caelestinum
2791 1314 3034 1368 obsecrat
3070 1313 3432 1379 Augustinus,
3472 1316 3528 1364 ut
3561 1311 3877 1365 sententiamin

2346 1404 2501 1457 illum
2547 1405 2715 1457 latam
2753 1405 2936 1469 vigere
2972 1403 3139 1463 sinat,
3191 1415 3256 1453 ac
3290 1414 3460 1453 secum
3498 1414 3592 1468 pro
3628 1400 3879 1452 Fussalaui:

2346 1493 2593 1548 Ecclesia
2612 1507 2744 1561 pace
2759 1490 3064 1545 collaboret.
3097 1492 3128 1543 5
3161 1487 3429 1557 Alioquin
3446 1491 3645 1541 sanctus
3669 1487 3765 1552 Vir,
3782 1487 3879 1555 quod

2343 1582 2492 1635 illius
2524 1580 2860 1635 ordinationi
2898 1595 2997 1648 per
3026 1577 3449 1646 imprudentiam
3487 1575 3779 1644 suffragatus
3815 1577 3877 1639 sit,

2340 1672 2627 1740 propriam
2657 1669 2981 1736 dignitatem
3007 1682 3201 1720 enuere
3230 1668 3447 1733 cegitat.

2352 1762 2400 1813 l.
2434 1757 2712 1812 Baronius
2736 1772 2887 1810 anno
2919 1754 3485 1826 quadringentesimo
3505 1752 3744 1823 vigesimo
3762 1752 3877 1806 tertio

2281 1852 2524 1902 mortem
2579 1845 2851 1901 Bonifacii
2879 1861 3044 1916 papas
3075 1850 3274 1898 octavo
3322 1842 3587 1898 kalendas
3614 1840 3876 1904 novembris,

2279 1935 2566 1991 Coelestini
2596 1952 2729 1990 vero
2776 1935 2898 2005 ejus
2944 1932 3286 1988 successoris
3320 1932 3635 1987 electionem
3659 1929 3793 1984 tertio
3814 1946 3879 1983 no-

2278 2041 2378 2079 nas
2402 2024 2728 2078 novembris
2757 2023 2938 2094 ponit.
2972 2023 3080 2077 Sed
3111 2023 3285 2092 hujus
3319 2021 3401 2075 rei
3431 2019 3700 2075 veritatem
3732 2034 3877 2088 cogno-

2276 2128 2431 2167 scere
2459 2112 2616 2168 haud
2644 2113 2705 2166 in
2725 2116 2991 2183 promptu
3026 2115 3145 2165 est:
3181 2127 3285 2165 nec
3313 2109 3501 2164 minus
3530 2109 3705 2163 saltem
3725 2106 3880 2161 videtur

2274 2202 2594 2274 probabile,
2626 2202 2730 2256 sub
2762 2202 2936 2255 tinem
2967 2200 3103 2254 anni
3133 2197 3663 2271 quadringentesimi
3694 2194 3879 2267 vigesimi

2277 2291 2511 2347 secundi
2540 2291 2774 2346 desiisse
2804 2290 2992 2344 vivere
3024 2288 3403 2357 Bonifacium,
3436 2287 3761 2344 Caelestinum
3791 2301 3877 2338 vero

2273 2381 2334 2435 in
2363 2381 2485 2452 ejus
2515 2380 2704 2434 locum
2733 2395 2885 2433 anno
2908 2378 3474 2449 quadringentesimo
3500 2376 3744 2448 vigesimo
3763 2373 3878 2428 tertio

2274 2469 2573 2524 suffectum
2613 2484 2757 2524 esse.
2795 2468 2859 2522 Et
2902 2468 3025 2521 hac
3065 2466 3305 2539 quidem
3328 2483 3508 2522 "causa
3545 2471 3640 2532 est,
3675 2480 3757 2518 cur
3778 2477 3877 2516 anno

2275 2575 2447 2631 supra
2476 2557 3105 2629 quadringentesimum
3135 2555 3417 2627 vigesimo
3455 2555 3678 2609 secundo
3702 2550 3878 2606 historia:

2273 2647 2508 2702 Antonii
2540 2646 2903 2713 Fussalensis,
2945 2661 3060 2716 qua
3100 2661 3217 2699 non
3264 2645 3428 2699 facile
3462 2642 3621 2697 aliam
3647 2639 3877 2694 memoratu

2274 2737 2597 2807 digniorem
2641 2736 2703 2790 in
2736 2733 3041 2805 Augustini
3076 2733 3193 2787 vita
3240 2732 3510 2804 reperias,
3546 2728 3741 2785 exordia
3763 2724 3878 2779 collo-

2276 2841 2486 2879 cemus.
2520 2825 2747 2879 Fussala
2776 2823 3072 2878 castellum
3096 2826 3195 2876 s‘eu
3236 2822 3516 2893 oppidum
3557 2823 3667 2874 erat
3695 2816 3743 2870 in
3764 2811 3877 2867 conli-

2274 2916 2370 2970 nio
2402 2915 2782 2986 Hipponensis
2811 2912 3087 2969 territorii
3114 2913 3377 2983 positum
3407 2912 3606 2983 (Epist.
3635 2910 3737 2973 209,
3764 2922 3807 2959 η.
3833 2905 3878 2967 '1'},

2276 3009 2444 3076 atque
2474 3004 2544 3058 ab
2570 3004 2696 3074 ipsa
2727 3003 2987 3074 Hippone
3026 3001 3414 3073 quadraginta
3441 2999 3692 3063 millibus,
3725 2995 3802 3048 hoc
3820 2994 3879 3043 est

2273 3093 2451 3148 leucis
2499 3091 2806 3160 sexdecim,
2855 3090 3106 3158 distans;
3154 3091 3312 3162 quod
3354 3094 3541 3146 tamen
3595 3077 3877 3158 Hipponensis

2266 3183 2573 3237 dioeceseos
2601 3181 2814 3236 ﬁnibus
2846 3181 3464 3251 comprehendebatur,
3496 3193 3617 3233 cum
3642 3175 3700 3229 ad
3744 3174 3877 3238 Augu-

2269 3270 2404 3324 stini
2433 3275 2692 3341 tempora
2716 3269 3017 3341 proprium
3046 3269 3383 3339 episcopum
3425 3280 3683 3338 nunquan
3723 3255 3880 3316 habuis-

2269 3361 2371 3412 set.
2404 3340 2626 3411 Litteris
2655 3356 3007 3428 consignavit
3037 3356 3259 3427 aliquot
3290 3355 3562 3410 miracula
3610 3364 3721 3421 qua
3745 3347 3823 3400 hoc
3844 3340 3881 3428 ill

2271 3446 2414 3510 loco,
2443 3446 2582 3500 dum
2611 3446 2775 3500 illum
2813 3425 2964 3500 idem
2994 3425 3367 3516 gubernaret,
3413 3446 3469 3498 et
3516 3445 3641 3512 post
3676 3425 3882 3493 Maximini

2270 3534 2567 3589 Sinitensis
2597 3533 3048 3603 conversionem,
3077 3532 3134 3587 id
3163 3537 3272 3595 est,
3300 3533 3657 3604 postianuum
3691 3519 3881 3595 quadrin-

2270 3623 2652 3694 gentesimum
2674 3621 2964 3694 quintum,
2981 3636 3218 3676 evenere
3248 3624 3348 3690 (De
3374 3621 3595 3676 Civitate
3615 3616 3714 3679 Dei,
3739 3610 3807 3666 lib.
3824 3606 3878 3668 ἓξ,

2268 3727 2388 3781 cap.
2414 3714 2466 3779 8,
2498 3728 2553 3766 η.
2578 3714 2648 3780 6).
2676 3712 2805 3765 Erat
2828 3711 3069 3765 Fussala
3099 3709 3359 3781 locisque
3390 3704 3639 3763 ﬁnitimis
3662 3707 3881 3757 numerosa

2267 3800 2460 3870 plebs;
2484 3800 2583 3855 sed
2614 3816 2679 3853 ea
2710 3799 2898 3854 omnis
2930 3798 3257 3854 miserrimo
3290 3814 3426 3853 casu
3463 3797 3523 3852 in
3548 3792 3758 3849 schisma
3786 3798 3879 3856 pm

2268 3904 2397 3959 ceps
2426 3888 2569 3943 ierat
2596 3890 2796 3958 (Epist.
2838 3890 2965 3958 209,
2995 3905 3050 3943 n.
3091 3887 3164 3959 2).
3207 3887 3522 3942 Restabant
3550 3883 3715 3938 solum
3738 3877 3784 3931 in
3804 3872 3881 3942 eius

2267 3994 2405 4049 agro
2432 3976 2598 4048 pauci
2629 3976 2903 4032 Catholici
2939 3992 2953 4043 ;
2985 3981 3043 4031 at
3084 3976 3141 4030 in
3179 3976 3399 4047 oppido
3443 3990 3511 4029 ne
3540 3986 3674 4026 unus
3692 3964 3874 4049 quidue.

2266 4044 2451 4120 Primi
2471 4065 2954 4137 presbyterorum,
2984 4081 3127 4136 quos
3156 4044 3378 4121 ibidem
3399 4059 3722 4135 Augustinus
3742 4044 3879 4107 consti-

2266 4154 2393 4221 tuit,
2427 4154 2674 4226 spoliati,
2727 4154 2877 4222 cassi,
2922 4153 3229 4221 debilitati,
3278 4152 3561 4217 excacati,
3602 4153 3747 4217 atque
3766 4139 3878 4193 etiam

2264 4242 2531 4298 trucidati
2568 4234 2701 4296 sunt
2734 4258 2746 4296 :
2780 4258 2981 4296 verum
3010 4241 3246 4297 inutiles
3277 4259 3344 4297 ac
3374 4241 3589 4297 steriles
3619 4247 3781 4291 eorum
3797 4241 3880 4281 cru-

2263 4330 2441 4385 ciatus
2471 4347 2585 4384 non
2605 4331 2762 4385 fuere
2792 4347 2806 4398 ;
2834 4335 2890 4385 et
2923 4337 3057 4401 post
3081 4329 3341 4386 inﬁnitos
3372 4330 3590 4385 labores
3617 4342 3673 4379 ac
3695 4312 3881 4393 periculi

2261 4417 2494 4471 tandem
2540 4417 2847 4488 aliquando
2876 4417 3067 4472 divina
3094 4419 3391 4489 aspirante
3433 4412 3713 4473 clementia
3752 4401 3881 4489 nulla!

2261 4503 2414 4559 illius
2443 4505 2695 4576 regionis
2712 4507 2871 4561 locus
2893 4523 3023 4561 cum
3051 4488 3299 4562 Ecclesia
3328 4507 3389 4562 in
3416 4520 3609 4579 pacem
3627 4514 3726 4557 non
3749 4488 3879 4549 redi“,

2266 4610 2329 4648 ac
2355 4594 2539 4665 pauci,
2572 4594 2673 4666 qui
2695 4601 3096 4650 remanserunt
3124 4596 3463 4664 Donatista,
3496 4608 3607 4649 non
3628 4591 3730 4662 jam
3753 4582 3804 4637 de
3817 4590 3878 4630 ῖε·

2259 4682 2458 4737 xaudis
2504 4683 2652 4750 aliis,
2694 4684 2790 4738 sed
2830 4684 2900 4740 de
2943 4685 3295 4739 occultandis
3346 4702 3407 4740 se
3456 4682 3588 4755 ipsis
3614 4669 3879 4755 cogitabat“-

2258 4769 2497 4825 Sanctus
2528 4770 2907 4841 Hipponensis
2936 4770 3203 4838 Antistes,
3246 4772 3351 4844 qui
3385 4753 3670 4827 tim—oribus
3694 4777 3747 4817 ac
3770 4753 3878 4812 6010'

2257 4858 2417 4913 ribus
2447 4859 2563 4913 suis
2591 4860 2735 4914 alios
2780 4860 3149 4931 parturierat,
3192 4862 3298 4919 hos
3328 4876 3560 4932 quoque
3590 4852 3777 4911 Christo
3803 4847 3875 4899 00·

2255 4948 2413 5003 mino
2438 4949 2646 5004 lucrari
2670 4950 2937 5021 cupiebat
2984 4949 3178 5021 (1bid.,
3224 4966 3289 5007 η.
3332 4951 3411 5021 4).
3444 4950 3621 5014 Quare
3648 4955 3755 4998 cum
3788 4946 3875 5006 P’O‘

2255 5042 2383 5110 pter
2412 5038 2515 5094 loci
2567 5038 3049 5111 longinquitatem
3093 5055 3151 5093 se
3195 5043 3428 5094 tantum
3455 5054 3619 5102 cura,
3663 5030 3873 5103 quantum

2253 5128 2571 5198 oportebat,
2602 5128 2738 5183 huic
2765 5127 2848 5182 rei
2877 5127 3211 5199 impendere
3240 5144 3364 5183 non
3394 5143 3560 5200 posse
3593 5111 3874 5184 intelligeret.

2252 5213 2412 5268 nulla
2440 5229 2559 5269 sua:
2588 5214 2900 5285 dignitatis,
2931 5232 3104 5287 quam
3124 5220 3291 5287 parte
3323 5216 3429 5271 illa
3448 5200 3807 5287 jurisdictionis
3825 5209 3877 5249 re

2252 5306 2437 5357 secata
2464 5302 2582 5357 ibat
2600 5302 2996 5372 imminutum,
3018 5304 3242 5359 ratione
3264 5304 3486 5370 habita,
3508 5297 3690 5356 statuit
3708 5296 3874 5362 operam

2250 5392 2403 5460 dare,
2449 5396 2514 5448 ut
2564 5392 2645 5448 ibi
2691 5392 3135 5449 constitueretur
3180 5394 3487 5466 episcopus
3534 5386 3699 5461 (Ibid.
3739 5395 3781 5466 ﬂ;
3823 5372 3872 5460 2):

2247 5480 2520 5545 Quaesivit
2544 5498 2682 5553 ergo
2712 5482 2963 5555 aliquem
3011 5499 3130 5537 non
3162 5463 3450 5553 imparem
3488 5478 3541 5533 ei
3582 5463 3790 5530 muneri.
3812 5470 3872 5511 θυι

2248 5568 2422 5626 etiam
2439 5570 2703 5628 obeundo
2728 5571 3044 5628 necessaria
3065 5571 3180 5629 sive
3202 5566 3580 5626 conducibilis
3597 5556 3870 5621 eratlingua’
