4028 6174
134 270 243 321 529

130 391 359 463 punica
382 390 633 462 cognitio
662 391 859 463 (Epist.
892 394 1015 456 209,
1052 408 1106 447 η.
1159 392 1232 464 3).
1262 394 1347 448 Ad
1392 394 1446 450 id
1480 409 1510 449 e
1553 396 1704 451 clero
1739 412 1841 452 suo

129 479 551 551 presbyterum,
568 479 669 551 qui
686 480 738 534 ei
750 484 982 552 paratus
1003 480 1323 547 videbatur,
1341 481 1676 553 designavit.
1698 486 1837 540 Tum

128 568 442 641 provincia
462 568 743 625 Numidia
762 568 994 640 primati
1011 568 1078 639 (is
1100 586 1233 624 vero
1255 574 1412 640 tunc,
1433 571 1546 626 nisi
1568 572 1838 641 fallimur,

131 658 392 714 Silvanus
434 658 789 713 Summensis
832 659 995 730 erat),
1039 659 1201 730 cujus
1244 660 1404 714 sedes
1449 662 1519 715 ab
1561 663 1838 735 Hippone-

130 748 315 819 Regio
345 748 507 818 longe
548 753 673 802 erat
709 747 923 814 dissita,
967 746 1211 819 scripsit,
1243 753 1442 819 petens
1478 753 1543 803 ut
1581 750 1648 805 ad
1688 751 1838 805 ordi-

124 835 427 889 nationem
457 834 606 889 banc
636 834 947 889 accederet.
980 835 1237 906 Cumque
1268 835 1363 890 ille
1395 835 1644 891 venisset
1671 854 1838 908 para-

119 924 194 977 tis
226 924 353 994 jam
391 923 563 978 rebus
601 922 885 997 omnibus,
918 924 1235 996 presbyter,
1263 939 1437 995 quem
1480 924 1575 978 Vir
1612 930 1840 981 sanctus

116 1012 258 1066 huic
304 1011 660 1084 episcOpatui
710 1011 1043 1077 destinabat,
1089 1012 1325 1067 omnino
1374 1013 1536 1067 illum
1585 1014 1839 1086 accipere

116 1100 332 1156 noluit.
369 1102 571 1156 Docuit
608 1104 841 1155 eventus
871 1105 1089 1171 postea,
1122 1100 1298 1156 satius
1336 1101 1594 1157 futurum
1643 1102 1836 1171 fuisse,

118 1206 245 1244 rem
268 1190 417 1245 tanti
442 1189 719 1244 momenti
740 1189 959 1244 differri
982 1188 1041 1243 in
1060 1188 1215 1244 aliud
1235 1193 1483 1260 tempus,
1502 1206 1673 1260 quam
1695 1208 1839 1261 pra—

115 1278 356 1351 cipitari
386 1296 401 1336 :
428 1280 525 1334 sed
553 1284 691 1334 tunc
713 1278 1065 1349 Augustinus
1094 1278 1199 1332 sibi
1222 1294 1337 1333 non
1361 1279 1836 1335 committendum

116 1369 373 1440 putavit,
403 1374 469 1425 ut
496 1386 629 1425 cum
665 1368 1064 1441 gravissimum
1108 1372 1165 1423 et
1192 1368 1611 1424 sanctissimum
1640 1386 1837 1425 senem

113 1459 461 1515 accercisset
484 1476 514 1514 e
530 1464 646 1514 tam
668 1458 1002 1530 longinquo,
1026 1474 1158 1512 eum
1183 1474 1245 1512 re
1274 1456 1481 1512 infecta
1498 1458 1833 1514 dimitteret.

111 1551 488 1620 Quapropter
514 1548 931 1603 adolescentem
964 1546 1392 1601 Fussalensibus
1430 1563 1543 1601 non
1584 1548 1832 1617 petenti-

112 1639 228 1692 bus
253 1637 464 1693 obtulit
491 1636 726 1692 nomine
761 1636 1097 1703 Antonium,
1132 1653 1305 1708 quem
1343 1653 1534 1691 secum
1564 1642 1702 1692 tunc
1730 1638 1832 1693 ha-

113 1725 296 1780 bebat
328 1726 453 1795 (hoc
478 1724 632 1780 enim
662 1725 856 1781 forsan
880 1725 1127 1780 Fussala
1147 1729 1367 1796 gestum
1396 1726 1522 1795 est),
1544 1742 1832 1800 quemque

107 1816 233 1882 jam
267 1814 407 1870 inde
436 1831 469 1869 a
497 1830 680 1885 puero
720 1815 1083 1880 educaverat;
1116 1829 1313 1869 verum
1354 1815 1517 1886 cujus
1553 1832 1659 1870 nec
1696 1822 1832 1872 atas

112 1901 257 1955 satis
305 1902 493 1957 adhuc
540 1907 766 1957 matura
804 1908 946 1969 erat,
993 1918 1098 1957 nec
1139 1902 1360 1957 indoles
1408 1904 1543 1957 satis
1590 1904 1831 1974 probata

113 1989 306 2057 (Ibid,
334 2008 389 2045 η.
420 1992 506 2061 9);
532 2008 663 2045 cum
690 2008 822 2045 eum
844 1992 902 2045 in
934 1992 1094 2046 nullo
1124 1991 1310 2047 officio
1336 1992 1655 2061 clericatus,
1687 2010 1831 2064 pra-

112 2082 388 2149 terquam
419 2078 667 2146 lectoris,
701 2079 1051 2151 explorasset
1094 2080 1275 2150 (Ibid.,
1315 2097 1371 2135 η.
1429 2084 1497 2143 3).
1534 2082 1695 2135 Hunc
1736 2087 1827 2136 ta-

111 2183 250 2221 men
269 2167 344 2221 ab
372 2167 639 2223 Antistite
670 2184 772 2223 suo
803 2168 911 2223 sibi
937 2169 1295 2239 propositum
1327 2170 1616 2224 Fussalani
1647 2170 1829 2226 obviis

111 2255 387 2310 manibus
428 2259 788 2327 exceperunt,
830 2272 993 2328 aque
1038 2255 1318 2320 videlicet,
1360 2262 1533 2328 atque
1576 2257 1689 2323 ille,
1726 2276 1828 2313 ne-

111 2343 217 2397 scii
239 2359 443 2398 eorum
463 2361 590 2414 qua
619 2348 817 2415 postea
844 2343 1118 2399 accidere.
1152 2346 1229 2399 Ac
1259 2361 1327 2400 eo
1356 2350 1521 2416 pacto
1546 2346 1827 2402 Antonius

111 2430 416 2485 ordinatus
452 2431 580 2498 fuit,
614 2431 790 2504 inque
821 2432 1128 2504 episcopali
1166 2434 1299 2489 sede
1337 2434 1662 2490 collocatus.
1705 2437 1826 2501 Quo

112 2525 382 2590 tempore
411 2520 558 2574 facta
587 2520 759 2575 fuerit
783 2521 908 2575 hac
928 2522 1238 2591 ordinatio,
1259 2522 1621 2594 ignoramus;
1650 2541 1826 2596 quan-

112 2625 293 2681 quam
325 2613 518 2664 tamen
550 2626 584 2664 a
604 2610 821 2665 ratione
847 2627 964 2665 non
991 2610 1214 2666 videtur
1235 2612 1509 2677 alienum,
1540 2629 1665 2668 eam
1699 2614 1826 2668 Car-

110 2698 443 2770 thaginensi
456 2698 780 2765 collatione,
795 2699 854 2753 in
867 2716 982 2771 qua
993 2699 1227 2754 Antonii
1239 2717 1449 2755 nomen
1464 2718 1579 2756 non
1592 2702 1824 2773 legitur,

112 2786 497 2858 posteriorem
526 2786 733 2842 dicere.
761 2789 919 2843 Hunc
940 2788 1128 2860 ipsum
1149 2788 1209 2842 in
1240 2789 1563 2845 Milevitana
1581 2791 1821 2861 synodo,

112 2892 267 2930 anno
299 2875 868 2947 quadringentesimo
893 2876 1116 2931 decimo
1138 2882 1296 2932 sexto
1319 2878 1618 2945 celebrata,
1643 2878 1825 2933 nomi-

110 2963 240 3018 nari
268 2962 426 3019 inter
450 2962 706 3030 ultimos,
736 2964 932 3034 opinio
963 2968 1075 3032 est;
1108 2969 1283 3036 atque
1311 2964 1388 3019 ita
1414 2981 1618 3020 manus
1645 2966 1696 3020 ei
1723 2967 1825 3022 Sil-

110 3067 330 3108 vanum
358 3052 759 3108 Summensem
787 3052 1153 3124 imposuisse,
1183 3069 1481 3108 necessum
1512 3054 1639 3110 erit.

181 3144 237 3196 2.
273 3140 337 3195 Id
368 3156 544 3212 porro
594 3142 853 3196 dolorem
897 3140 1199 3211 Augustini
1238 3140 1430 3195 animo
1475 3141 1711 3196 incussit
1753 3157 1820 3197 eo

110 3229 420 3297 acriorem,
453 3229 609 3301 quod
637 3229 729 3293 iis,
766 3246 911 3301 quos
944 3230 1197 3284 ﬁliorum
1230 3230 1354 3284 loco
1383 3229 1649 3296 habebat,
1682 3247 1819 3285 con-

112 3319 301 3374 sulere
328 3318 470 3373 dum
497 3319 778 3387 voluerat,
802 3335 831 3373 e
856 3317 1139 3374 contrario
1165 3317 1413 3373 maxime
1442 3318 1655 3373 damna
1681 3319 1822 3373 invi-

109 3411 200 3462 tus
228 3407 535 3462 attulisset.
570 3408 751 3479 Negat
785 3423 845 3461 se
877 3406 1132 3475 Antonii,
1164 3423 1336 3478 quem
1378 3408 1617 3476 aluerat,
1646 3408 1820 3463 vitam

111 3496 411 3551 traducere
435 3496 609 3564 velle;
642 3499 703 3551 at
728 3496 940 3551 fatetur
969 3500 1162 3551 tamen
1187 3496 1490 3566 rationem,
1521 3512 1690 3568 quam
1726 3498 1822 3552 ille

110 3588 397 3650 tenuerat,
431 3588 549 3639 tam
577 3601 776 3656 graves
802 3584 1091 3657 peperisse
1121 3583 1483 3655 offensiones,
1512 3591 1578 3640 ut
1599 3586 1668 3641 de
1698 3586 1821 3657 ipsa

104 3672 391 3739 judicium
422 3672 740 3727 necessario
778 3672 1197 3728 instituendum
1234 3672 1408 3728 fuerit
1439 3674 1625 3743 (Ibid.,
1653 3691 1712 3728 τι.
1748 3676 1817 3742 4).

114 3761 175 3816 In
204 3778 276 3816 eo
307 3777 505 3816 rerum
533 3761 865 3832 capitalium
897 3766 1065 3833 atque
1095 3761 1514 3817 adulteriorum
1542 3761 1612 3816 ab
1638 3762 1823 3816 homi-

112 3850 282 3905 nibus
308 3866 430 3904 non
459 3866 576 3904 sua
617 3849 877 3906 diacesis
923 3853 1215 3905 accusatus
1262 3854 1375 3917 est;
1423 3868 1456 3905 a
1502 3850 1821 3905 Fussalanis

111 3954 244 3993 vero
292 3938 672 3994 intolerabilis
716 3938 1145 4007 dominationis,
1203 3938 1554 4010 rapinarum,
1607 3939 1816 3993 multo-

112 4042 361 4099 rumque
389 4043 495 4099 per
532 4026 648 4082 vim
694 4027 1072 4082 admissurum
1108 4027 1525 4098 postulabatur,
1558 4028 1819 4098 neganti-

114 4116 237 4184 bus,
287 4122 358 4172 ut
400 4117 525 4188 ejus
562 4116 959 4172 auctoritatem
1000 4116 1216 4172 diutius
1255 4117 1487 4180 ferrent,
1521 4117 1715 4172 induci
1761 4134 1820 4171 se

113 4221 315 4276 posse;
348 4208 409 4260 et
427 4220 564 4260 sane
592 4205 893 4261 dubitabat
910 4221 1104 4275 nemo,
1125 4204 1264 4276 quin
1280 4205 1438 4275 justo
1463 4205 1656 4260 dolore
1678 4222 1821 4276 pun-

112 4300 391 4365 gerentur
421 4293 581 4365 (Ibid.
622 4310 675 4359 n,
712 4295 785 4363 5).
826 4295 1228 4348 Verumtamen
1259 4283 1389 4348 cum
1426 4293 1536 4348 alia
1562 4297 1822 4364 graviora

110 4382 380 4452 crimina,
412 4398 658 4453 quorum
696 4378 1159 4451 insimulabatur,
1189 4381 1422 4452 probari
1451 4382 1819 4453 nongpotuis-

113 4476 259 4539 sent,
305 4488 378 4526 ea
406 4486 498 4526 res
536 4475 764 4526 tantum
808 4471 894 4526 illi
938 4471 1259 4526 conciliavit
1299 4469 1726 4538 misericordia,
1760 4475 1823 4526 ut

115 4565 323 4616 catera
362 4576 494 4632 qua
523 4560 880 4633 deprehensa
906 4560 1324 4630 manifestaque
1354 4563 1537 4627 erant,
1562 4559 1685 4629 jam
1710 4560 1819 4614 mi-

113 4664 217 4703 nus
237 4648 470 4703 animos
490 4646 898 4719 percellerent;
923 4664 1027 4703 nec
1048 4649 1242 4715 omnia
1271 4648 1437 4703 simul
1465 4647 1822 4703 abdicatione

115 4737 286 4810 digna
308 4736 661 4793 viderentur.
689 4739 1000 4805 Damnatus
1019 4736 1197 4808 igitur
1220 4737 1619 4791 tantummodo
1640 4738 1706 4792 ad
1732 4754 1823 4793 eo.

112 4842 240 4882 rum
271 4825 561 4896 omnium,
593 4842 722 4899 qua
762 4825 1190 4882 Fussalensibus
1228 4826 1560 4890 abstulerat,
1594 4826 1821 4881 restitu-

116 4914 360 4981 tionem,
393 4919 453 4969 et
482 4913 908 4981 communione,
938 4914 1130 4986 quoad
1159 4913 1269 4968 illis
1301 4912 1680 4984 satisfecisset,
1712 4914 1824 4985 pri-

117 5008 277 5057 vatus
335 5007 425 5057 est
477 5004 661 5073 (Ibid.,
722 5019 778 5058 η.
826 5005 903 5075 4).
954 5003 1346 5058 Consentienti
1388 5002 1641 5058 Antonio
1690 5002 1825 5058 huic

115 5090 418 5146 sententia
436 5091 624 5147 honor
649 5091 1007 5164 episcopatus
1027 5092 1252 5163 integer
1280 5091 1509 5147 relictus
1532 5096 1616 5146 est
1636 5093 1823 5161 (lbid.,

116 5197 167 5234 η.
223 5181 316 5249 6);
378 5179 538 5251 quod
598 5185 923 5252 speraretur
987 5180 1201 5235 scilicet
1252 5181 1393 5247 fore,
1447 5185 1509 5235 ut
1582 5180 1681 5252 qui
1731 5181 1824 5252 ju-

116 5272 417 5321 ventutem
448 5267 694 5322 necdum
741 5273 891 5323 esset
931 5284 1212 5339 egressus,
1253 5272 1323 5324 ad
1362 5270 1572 5325 bonam
1601 5270 1827 5340 frugem

117 5370 419 5428 emergere
458 5357 674 5410 valeret
702 5357 887 5427 (Ibid.,
920 5373 978 5412 n.
1022 5358 1092 5429 5).
1144 5358 1294 5424 Quin
1336 5359 1508 5414 etiam
1553 5358 1696 5413 illud
1743 5363 1829 5412 est

117 5443 602 5514 animadvertere,
636 5446 706 5501 de
744 5446 1129 5518 permittenda
1156 5448 1265 5518 ipsi
1294 5448 1551 5504 Ecclesiae
1581 5464 1698 5502 sua
1728 5448 1828 5502 ad-

117 5533 545 5589 ministratione
572 5538 761 5591 actum
800 5534 858 5589 in
900 5536 1136 5605 judicio,
1185 5553 1423 5607 eamque
1466 5553 1585 5592 rem
1633 5535 1830 5606 legatis

1607 272 1816 328 LIBER
1860 274 2198 332 OCTAVUS.

3550 285 3653 337 530

1954 398 2380 453 Fussalensibus
2412 413 2532 451 esse
2570 398 2950 469 propositam;
2986 399 3045 453 lii
3073 414 3206 455 vero
3235 402 3442 457 obnixe
3474 403 3649 458 recla-

1952 489 2202 553 marunt,
2236 485 2478 558 professi
2521 485 2707 553 citius,
2750 503 2924 558 quam
2970 486 3028 541 id
3072 485 3252 557 ﬁeret,
3287 490 3360 544 ad
3405 495 3653 546 extrema

1950 574 2145 628 omnia
2175 591 2231 629 se
2264 574 2670 630 descensuros:
2694 575 2969 630 nimirum
2995 577 3083 631 vel
3104 577 3388 634 redituros
3408 579 3481 634 ad
3510 580 3652 635 schi-

1951 678 2072 716 sma
2113 662 2442 734 pristinum,
2472 665 2559 718 vel
2589 664 2733 719 forte
2782 665 2954 719 etiam
2972 650 3297 722 .Antonium
3336 666 3525 739 ipsum
3563 669 3652 723 in-

1950 753 2350 822 terempturos.
2400 754 2560 807 Celer
2604 752 2691 806 vir
2730 754 3072 824 spectabilis,
3099 771 3273 826 quem
3311 756 3421 811 sibi
3458 757 3648 812 infen-

1950 856 2073 893 sum
2108 856 2227 895 esse
2259 846 2431 914 atque
2457 843 2598 897 alios
2627 842 2687 896 in
2726 860 2783 897 se
2814 844 3069 914 potentia
3097 862 3201 900 sua
3228 847 3536 902 concitasse
3562 848 3648 918 ja-

1948 929 2137 984 ctabat
2180 930 2484 997 Antonius,
2533 935 2667 986 tunc
2714 932 2990 1002 temporis
3034 939 3377 1005 potestatem
3428 937 3647 992 nullam

1948 1018 2184 1088 gerebat
2217 1035 2229 1073 :
2265 1020 2413 1074 unde
2444 1036 2562 1074 non
2594 1026 2717 1075 erat
2746 1021 3070 1090 obscurum,
3107 1024 3521 1079 Fussalensium
3551 1026 3650 1080 ab-

1948 1105 2353 1161 alienationem
2404 1108 2472 1162 ab
2512 1109 2759 1162 Antonio
2806 1126 2870 1163 ex
2919 1110 3072 1164 illius
3118 1110 3484 1183 instigatione
3533 1131 3647 1167 non

1945 1194 2249 1265 proﬁcisci.
2292 1197 2528 1251 Necesse
2557 1195 2751 1267 itaque
2788 1198 2898 1252 fuit
2927 1198 2979 1252 ei
3021 1198 3273 1253 dioecesis
3304 1217 3421 1255 sua
3460 1201 3646 1256 admi-

1949 1282 2348 1338 nistrationem
2395 1284 2671 1349 adimere,
2713 1301 2977 1340 concessa
3018 1287 3183 1341 venia
3224 1288 3438 1343 ibidem
3486 1289 3648 1344 habi-

1946 1370 2132 1437 tandi;
2168 1388 2241 1426 ne
2287 1371 2335 1425 si
2363 1371 2499 1427 inde
2531 1373 2642 1427 alio
2688 1371 3034 1440 mitteretur,
3064 1374 3123 1427 in
3169 1375 3413 1429 alienam
3458 1377 3647 1432 cathe-

1945 1459 2108 1514 dram
2138 1463 2335 1515 contra
2365 1464 2578 1514 statuta
2607 1459 2979 1514 conciliorum
3010 1462 3317 1515 translatus
3347 1462 3542 1517 illicite
3564 1465 3654 1519 di-

1943 1553 2170 1603 ceretur
2196 1549 2381 1620 (Ibid,
2412 1565 2470 1603 η.
2502 1547 2584 1619 ’7).
2622 1547 2911 1619 Quidquid
2937 1548 2996 1602 in
3029 1549 3327 1619 eojudicio
3358 1551 3646 1607 decretum

1943 1641 2046 1703 est,
2080 1637 2249 1692 simul
2290 1637 2354 1691 in
2381 1637 2605 1692 tabulas
2642 1637 3043 1694 referebatur:
3087 1638 3239 1708 quod
3282 1638 3341 1692 in
3385 1639 3652 1695 universa

1940 1724 2129 1781 Africa
2156 1725 2212 1781 id
2237 1725 2515 1797 temporis
2537 1742 2643 1780 usu
2673 1729 2965 1796 receptum
2991 1725 3187 1791 fuisse,
3213 1725 3435 1780 dubitet
3453 1742 3642 1781 nemo.

1944 1816 2171 1868 Fatetur
2197 1831 2370 1886 porro
2413 1813 2788 1884 Augustinus,
2820 1814 2926 1867 hoc
2955 1814 3234 1884 judicium
3280 1815 3350 1869 ad
3390 1819 3644 1869 exactam

1940 1902 2296 1957 severitatem
2338 1902 2527 1957 minus
2557 1901 2933 1974 compositum
2969 1901 3150 1956 videri
3189 1918 3381 1972 posse;
3425 1918 3642 1956 necnon

1942 1991 2106 2046 isthic
2137 2008 2303 2064 aquo
2333 1990 2626 2045 remissius
2664 1996 2853 2045 actum
2892 2007 3013 2045 esse
3042 1995 3316 2057 testatur;
3351 2008 3423 2045 an
3452 1998 3642 2046 autem

1938 2081 2084 2135 alius
2133 2080 2435 2152 episcopus
2488 2080 2731 2134 Fussala
2774 2079 3115 2134 constitutus
3164 2078 3395 2133 interim
3448 2080 3640 2146 fuerit,

1938 2184 2079 2223 anve
2123 2168 2357 2224 redierit
2402 2168 2471 2223 ad
2514 2184 2676 2223 suam
2715 2183 2929 2233 curam,
2973 2166 3200 2222 silentio
3228 2167 3635 2238 pratermittit.

1938 2257 2211 2312 Ultimum
2239 2262 2433 2312 tamen
2459 2274 2488 2311 a
2518 2256 2629 2311 ﬁde
2660 2256 2850 2311 minus
2879 2254 3133 2310 alienum
3163 2259 3264 2319 est,
3295 2256 3341 2310 si
3370 2272 3487 2310 non
3517 2272 3638 2310 om-

1934 2346 2074 2401 nino
2097 2351 2315 2401 certum
2344 2346 2659 2400 habeatur:
2694 2344 3162 2417 quandoquidem
3186 2344 3407 2399 honore
3427 2344 3641 2415 episco-

1934 2435 2050 2508 pali
2078 2434 2323 2490 Antonio
2355 2434 2414 2489 in
2445 2434 2678 2506 propria
2708 2434 2839 2489 sede
2870 2438 3223 2499 conservato,
3256 2433 3301 2487 si
3334 2433 3512 2487 alium
3541 2450 3639 2487 an-

1934 2524 2170 2580 tistitem
2197 2524 2331 2580 illuc
2360 2522 2736 2591 induxissent,
2768 2522 2961 2594 biceps
2992 2523 3182 2577 futura
3221 2527 3343 2577 erat
3379 2522 3502 2577 hac
3540 2524 3637 2577 Ec-

1934 2613 2118 2668 clesia.
2164 2615 2283 2668 lluc
2330 2617 2387 2668 et
2430 2613 2574 2667 illud
2627 2612 2784 2673 adde,
2834 2612 3026 2683 ipsum
3090 2611 3475 2682 Augustinum
3533 2611 3636 2666 sub

1938 2707 2220 2756 extremos
2264 2700 2394 2756 vita
2432 2716 2548 2755 sua
2588 2716 2767 2755 annos
2814 2698 3020 2753 litteris
3049 2699 3474 2753 commendasse
3504 2716 3636 2768 pre-

1933 2787 2223 2858 sbyterum
2263 2787 2571 2860 quemdam
2604 2788 2997 2842 Fussalensem
3029 2786 3090 2840 in
3119 2786 3241 2840 hac
3269 2786 3441 2840 verba
3474 2803 3486 2840 :
3520 2789 3635 2842 Non

1931 2879 2071 2931 enim
2096 2892 2379 2947 possumus
2404 2878 2742 2932 necessitates
2772 2870 3046 2930 hominum
3079 2873 3394 2944 hujusmodi
3421 2874 3600 2929 desero
3630 2908 3635 2914 -

1930 2982 2006 3033 re,
2031 2968 2128 3034 qui
2140 2968 2315 3020 nostri
2332 2980 2438 3019 non
2459 2966 2650 3033 coloni,
2663 2964 2776 3029 sed,
2792 2964 2937 3034 quod
2952 2964 3128 3034 majus
3149 2967 3247 3033 est,
3259 2965 3463 3029 fratres
3483 2968 3630 3029 sunt,

1929 3059 1978 3108 et
2001 3057 2057 3108 in
2079 3055 2346 3110 charitate
2365 3054 2571 3111 Christi
2586 3054 2660 3108 ad
2675 3069 2861 3109 curam
2874 3054 3152 3124 pertinent
3172 3057 3409 3107 nostram
3429 3053 3629 3123 (Epist.

1929 3144 2053 3209 2'24,
2087 3159 2179 3198 nn.
2223 3147 2267 3204 t,
2300 3144 2372 3213 3).
2427 3143 2564 3208 Qua
2609 3160 2699 3198 res
2747 3158 3113 3215 nequaquam
3156 3142 3442 3213 prohibet,
3485 3159 3631 3214 quo-

1930 3231 2120 3287 minus
2144 3232 2409 3287 defuncto
2431 3232 2681 3287 Antonio
2699 3232 2915 3287 ibidem
2942 3232 3281 3287 constitutus
3302 3232 3471 3287 fuerit
3486 3233 3631 3287 alius

1930 3321 2251 3392 episcopus.
2284 3321 2505 3393 Quippe
2552 3338 2617 3376 ex
2667 3320 2871 3375 notitia
2916 3321 3118 3375 Africa
3163 3337 3507 3392 cognoscere
3545 3325 3630 3375 est

1930 3410 2141 3465 sedisse
2173 3411 2419 3466 Fussala
2452 3409 2786 3481 episcopum
2815 3409 3049 3463 nomine
3082 3409 3395 3463 Meliorem.

2001 3503 2052 3554 3.
2096 3499 2282 3554 Finito
2296 3499 2538 3569 judicio,
2563 3502 2843 3569 quantum
2864 3496 3288 3551 Fussalensibus
3314 3496 3628 3566 rependere

1929 3586 2209 3642 Antonius
2240 3587 2495 3652 deberet,
2526 3586 2874 3640 astimatum
2898 3588 3012 3650 est;
3045 3585 3206 3654 isque
3234 3583 3533 3654 pecuniam
3568 3584 3630 3637 il-

1929 3677 2064 3740 lam,
2086 3680 2149 3729 ut
2177 3675 2643 3729 communionem
2675 3673 2979 3738 obtineret,
3002 3672 3281 3742 deposuit.
3308 3673 3466 3736 Quod
3497 3689 3628 3726 vero

1929 3764 1999 3818 ad
2028 3765 2263 3818 alteram
2293 3779 2479 3833 poena
2510 3762 2619 3817 sibi
2656 3761 2937 3832 imposita
2977 3765 3221 3833 partem,
3250 3760 3375 3832 ipsa
3411 3760 3509 3815 illa
3538 3760 3626 3815 in-

1929 3851 2238 3922 dulgentia,
2270 3867 2399 3923 qua
2420 3849 2677 3905 adhibita
2701 3850 2967 3904 adversus
2990 3865 3121 3903 eum
3145 3849 3347 3911 fuerat,
3379 3847 3625 3902 colorem

1928 3939 1977 3994 ei
2010 3940 2405 4011 suppeditavit,
2430 3944 2496 3994 ut
2514 3940 2697 4011 ipsam
2720 3956 2753 3994 a
2773 3939 2918 3994 Sede
2937 3937 3250 4010 apostolica
3272 3936 3518 3993 rescindi
3539 3954 3629 3991 cu-

1930 4033 2100 4096 raret,
2133 4029 2446 4084 obtendens
2484 4028 2750 4084 videlicet
2788 4044 2909 4083 sese
2950 4028 3301 4099 episcopatu,
3346 4026 3627 4099 siquidem

1930 4134 2059 4172 reus
2087 4117 2284 4173 fuisset
2326 4117 2731 4189 deprehensus,
2775 4116 3095 4188 oportuisse
3143 4115 3422 4183 abdicari;
3475 4114 3627 4185 quod

1928 4210 2117 4260 autem
2159 4205 2217 4260 id
2267 4205 2480 4260 factum
2519 4222 2636 4260 non
2674 4208 2841 4272 esset,
2875 4208 3217 4276 argumento
3253 4217 3398 4268 esse,
3430 4217 3535 4255 nec
3570 4218 3628 4254 se

1927 4294 2141 4364 privari
2179 4294 2309 4348 sede
2354 4310 2456 4347 sua
2484 4294 2692 4348 merito
2736 4293 2992 4365 potuisse
3043 4293 3239 4363 (Epist.
3286 4293 3413 4355 209,
3450 4306 3504 4343 η.
3552 4290 3623 4355 7).

1930 4384 2203 4440 Convenit
2230 4382 2423 4455 itaque
2441 4383 2770 4454 primatem,
2800 4380 3158 4437 Valentinum
3185 4380 3328 4434 forte
3352 4375 3627 4432 Baianen-

1928 4489 2071 4542 sem,
2101 4471 2203 4544 qui
2230 4471 2455 4527 Silvano
2485 4470 2813 4527 Summensi
2834 4471 2893 4525 in
2924 4486 2991 4524 ea
3021 4467 3296 4540 dignitate
3328 4466 3625 4532 successit;

1930 4566 1987 4616 et
2015 4577 2343 4633 quanquam
2375 4565 2602 4615 sanctus
2640 4560 2736 4615 ille
2768 4575 2831 4614 ac
2865 4555 3204 4612 venerabilis
3240 4570 3411 4609 senex
3440 4554 3624 4637 gravi.-

1928 4653 2042 4705 tate
2086 4654 2206 4705 erat
2234 4649 2533 4722 praditus,
2573 4648 2683 4720 ipsi
2728 4651 2924 4701 tamen
2972 4642 3182 4697 astutia
3224 4659 3345 4709 sua,
3375 4659 3439 4696 ac
3482 4642 3629 4698 forte

1931 4738 2102 4793 etiam
2140 4738 2512 4793 mendacibus
2552 4742 2722 4807 atque
2752 4732 3110 4804 interpolatis
3148 4730 3288 4785 actis
3325 4731 3627 4802 imposuit;

1930 4826 2007 4880 ita
2037 4830 2100 4880 ut
2142 4825 2236 4880 hic
2269 4840 2491 4890 eorum,
2524 4840 2653 4894 qua
2698 4821 2767 4876 ab
2807 4821 2905 4874 illo
2952 4819 3309 4884 dicebantur,
3340 4818 3483 4874 nihil
3512 4836 3630 4874 non

1930 4913 2185 4979 credens,
2218 4913 2381 4967 illum
2413 4910 2699 4966 Bonifacio
2730 4925 2896 4980 papa
2926 4911 3199 4979 tanquam
3232 4907 3301 4961 ab
3331 4906 3491 4961 omni
3510 4907 3629 4961 cul-

1931 5018 2005 5073 pa
2041 5000 2292 5055 alienum
2341 4997 2822 5054 commendaverit
2871 4995 3056 5066 (lbid.,
3087 5012 3142 5050 η.
3187 4999 3257 5066 6).
3308 4995 3628 5051 Secundum

1930 5088 2245 5144 Antonium
2270 5085 2543 5158 judicavit
2575 5083 2915 5151 Bonifacius,
2949 5084 3133 5156 deque
3158 5082 3255 5138 illo
3285 5082 3343 5137 in
3369 5084 3501 5153 jura
3530 5097 3631 5135 sua

1933 5176 2307 5240 restituendo,
2333 5174 2381 5228 si
2400 5179 2592 5228 tamen
2624 5172 2730 5228 sibi
2753 5189 2947 5228 rerum
2976 5177 3187 5227 statum
3218 5171 3277 5225 in
3307 5187 3409 5224 suo
3440 5169 3631 5224 libello

1935 5266 2151 5320 sincere
2196 5264 2532 5335 aperuisset,
2564 5262 2792 5335 scripsit
2839 5263 2901 5317 in
2938 5261 3185 5316 Africam
3236 5259 3422 5331 (Ibid.,
3465 5273 3523 5312 η.
3557 5258 3627 5324 9).

1938 5354 2392 5425 Fussalanis'jam
2414 5353 2556 5409 nihil
2574 5354 2730 5409 aliud
2754 5351 3161 5416 intentabatur,
3185 5364 3355 5420 quam
3373 5345 3630 5417 judicum

1936 5462 1999 5500 ac
2044 5442 2483 5517 magistratuum
2532 5442 2917 5515 imperialium
2954 5443 3232 5512 potestas;
3276 5440 3445 5507 atque
3491 5434 3633 5489 adeo

1939 5534 2199 5589 militaris
2242 5549 2443 5587 manus
2475 5532 2815 5595 adhibenda,
2850 5548 2977 5601 qua
3000 5528 3082 5611 ‘ad
3124 5525 3441 5597 parendum
3473 5523 3632 5578 Sedis
