4028 6174
453 269 548 321 531
1654 264 1824 320 VITA
1878 264 1933 320 s.
1973 262 2362 322 AUGUSTle
2420 263 2760 320 EPlSCOPl.
3786 279 3852 329 3,,

452 387 781 459 apostolicae
813 386 1025 460 judicio
1052 386 1293 442 miseros
1324 386 1578 460 adigeret
1610 402 1622 442 :
1650 385 1731 441 ita
1750 389 1814 441 ut
1839 385 2033 441 infelix
2058 386 2157 442 ille

453 476 721 550 populus,
753 476 906 531 intra
936 475 1241 531 Ecclesium
1270 475 1629 544 catholicam,
1662 475 1733 530 ab
1763 474 2031 547 episcopo
2061 492 2158 530 ca-

458 565 669 622 tholico
702 564 932 621 timeret
969 564 1259 621 acerbiora
1305 565 1395 632 iis,
1421 581 1550 637 quae
1579 564 1638 619 in
1678 563 1981 620 schismate
2007 581 2042 619 a
2073 566 2159 620 le-

463 671 603 728 gum
628 653 998 727 Imperatoris
1026 652 1290 708 catholici
1317 652 1649 708 auctoritate
1669 652 1957 708 timuerat.

529 746 582 800 4.
624 744 855 799 Sublato
886 742 1117 797 interim
1149 757 1179 796 e
1201 742 1369 797 rebus
1397 741 1667 797 humanis
1692 740 2004 811 Bonifacio,
2037 743 2159 798 Coe—

458 832 648 888 lestini
677 832 738 888 in
760 832 882 903 ejus
902 833 1090 886 locum
1118 830 1337 885 suffecti
1364 846 1535 901 opem
1565 831 1922 886 Fussalenses
1952 831 2160 903 implo-

459 937 675 987 ravere,
706 920 873 975 illum
912 936 1017 990 per
1054 918 1265 974 Christi
1304 918 1753 975 misericordiam
1792 920 2163 992 obtestantes,

458 1013 519 1064 ut
550 1025 609 1063 se
639 1024 703 1064 ex
732 1009 813 1064 eis
828 1008 996 1063 malis
1012 1008 1281 1079 eriperet,
1311 1024 1441 1080 quas
1464 1007 1571 1063 sibi
1597 1007 1898 1077 inferebat,
1921 1014 2023 1065 aut
2042 1009 2164 1065 illa-

457 1102 650 1154 turum
682 1096 1053 1153 minitabatur
1081 1096 1364 1153 Antonius
1392 1099 1591 1168 (Epist.
1628 1100 1770 1159 209).
1812 1097 1961 1162 Quin
1990 1096 2164 1153 etiam

456 1188 526 1243 de
550 1186 888 1259 Augustino,
922 1203 954 1240 a
984 1202 1099 1259 quo
1131 1185 1411 1257 ejusmodi
1442 1186 1777 1257 episcopum
1806 1191 2164 1257 acceperant,

458 1276 850 1349 querebantur
878 1291 891 1329 :
917 1274 1069 1345 quod
1096 1276 1227 1347 jure
1255 1274 1325 1329 ab
1352 1274 1433 1329 eis
1462 1275 1672 1329 factum
1705 1291 1846 1343 esse,
1869 1275 2166 1330 humiliter

459 1382 524 1419 ac
554 1364 811 1419 modeste
843 1364 1098 1435 agnoscit
1136 1367 1362 1418 sanctus
1400 1363 1668 1419 Antistes.
1702 1365 1898 1435 Itaque
1929 1380 2049 1419 non
2078 1380 2166 1419 so-

461 1455 583 1508 lum
614 1452 695 1508 eis
734 1452 868 1507 inde
905 1468 1020 1506 non
1058 1452 1236 1507 factus
1275 1451 1565 1520 offensior,
1597 1452 1693 1507 sed
1732 1455 1929 1507 contra
1966 1469 2165 1508 eorum

464 1541 763 1613 postulatis
794 1541 1076 1596 fautorem
1114 1558 1172 1596 se
1202 1542 1352 1612 apud
1384 1540 1752 1597 Caelestinum
1778 1557 1988 1613 papam
2018 1558 2166 1613 prae-

464 1631 610 1697 buit,
668 1629 739 1684 ad
785 1646 955 1701 quem
1005 1634 1062 1685 et
1104 1630 1439 1701 praeclaram
1497 1646 1563 1684 ea
1620 1630 1689 1685 de
1735 1646 1797 1685 re
1843 1630 2166 1701 epistolam,

466 1734 641 1790 quam
684 1717 1001 1773 etiamnum
1040 1718 1319 1774 habemus
1363 1718 1571 1790 (Ibid),
1602 1734 1846 1791 quasque
1884 1719 1991 1774 hoc
2019 1735 2169 1775 anno

470 1805 1043 1878 quadringentesimo
1070 1806 1347 1879 vigesimo
1374 1807 1567 1870 tertio,
1590 1824 1695 1880 pro
1716 1807 1981 1863 instituto
2008 1825 2041 1863 a
2070 1826 2170 1864 no-

406 1894 417 1901 ”
465 1893 555 1949 bis
583 1892 802 1960 ordine,
831 1894 1100 1965 ponenda
1130 1897 1234 1958 est,
1266 1892 1438 1949 misit.
1461 1894 1607 1960 Quin
1631 1894 1805 1949 etiam
1832 1894 2058 1950 videtur
2088 1896 2171 1967 ip-

467 1988 648 2039 semet
674 1983 889 2056 primas
920 1984 1202 2049 fraudem,
1235 2000 1345 2056 qua
1375 1984 1645 2055 deceptus
1672 1983 1742 2039 ab
1771 1984 2017 2038 Antonio
2046 1983 2168 2039 fue-

467 2076 575 2140 rat,
607 2071 984 2127 intellexisse:
1016 2072 1232 2143 quippe
1270 2071 1372 2143 qui
1401 2076 1525 2127 acta
1554 2075 1611 2127 et
1638 2076 2019 2127 monumenta
2045 2089 2167 2127 om-

469 2160 653 2227 nium,
686 2176 815 2231 qua:
839 2160 912 2214 ad
951 2175 1182 2214 causam
1210 2160 1358 2215 hanc
1395 2159 1780 2232 pertinebant,
1811 2159 1882 2215 ad
1913 2160 2169 2216 Caelesti-

469 2262 612 2301 num
662 2245 1005 2318 perferenda
1054 2247 1356 2303 curaverit.
1410 2247 1762 2320 Augustinus
1814 2250 1875 2304 in
1930 2249 2047 2304 suis
2103 2250 2168 2305 ad

469 2335 734 2390 eumdem
762 2335 926 2391 illum
966 2335 1296 2407 pontificem
1334 2336 1536 2392 litteris
1573 2337 1856 2409 principio
1894 2338 1947 2394 ei
1974 2343 2170 2411 gratu-

468 2424 640 2491 latur,
671 2423 825 2495 quod
856 2423 975 2478 sine
1000 2423 1183 2479 turbis
1211 2428 1309 2479 aut
1329 2426 1447 2480 ullo
1477 2425 1713 2481 discidio
1744 2427 1815 2482 ad
1843 2427 2169 2498 apostolicae

470 2510 763 2584 dignitatis
795 2510 1013 2582 apicem
1040 2512 1214 2567 fuerit
1233 2518 1460 2568 evectus
1484 2529 1497 2568 :
1525 2513 1733 2569 deinde
1760 2519 1975 2586 quanto
1997 2532 2056 2571 se
2077 2516 2174 2571 do-

472 2602 593 2657 lore
622 2599 855 2681 Antonii
894 2617 1063 2655 causa
1098 2600 1330 2668 afficiat,
1362 2602 1613 2674 exponit.
1657 2605 1779 2659 Mox
1818 2608 2049 2660 narrata
2086 2605 2171 2659 rei

473 2688 647 2744 totius
674 2688 930 2755 historia,
964 2690 1178 2762 Papam
1207 2690 1539 2759 obtestatur,
1571 2695 1636 2746 ut
1664 2692 1923 2763 ejusdem
1961 2709 2164 2748 monu-

475 2783 669 2833 menta
698 2778 770 2833 ad
796 2794 929 2844 eum
958 2794 991 2833 a
1026 2779 1272 2850 primate
1311 2779 1645 2835 transmissa
1672 2781 1828 2853 legat
1856 2782 2171 2853 expendat-

473 2883 603 2939 que.
636 2868 818 2939 Rogat
848 2871 1057 2939 postea,
1089 2868 1421 2941 sagritudini
1449 2886 1566 2924 suae
1594 2870 2004 2942 compatiatur;
2038 2873 2173 2927 Fus-

473 2956 751 3011 salensem
784 2955 1084 3011 Ecclesium
1118 2957 1188 3012 ab
1219 2973 1307 3019 eo,
1342 2974 1371 3012 a
1398 2974 1514 3030 quo
1546 2958 1820 3015 miserum
1845 2959 1907 3015 in
1935 2961 2173 3017 modum

478 3041 864 3109 divexabatur,
890 3042 1122 3114 liberet;
1155 3060 1220 3100 ac
1247 3045 1393 3100 bene
1422 3046 1492 3101 de
1513 3047 1622 3101 hoc
1642 3047 1858 3119 populo
1887 3052 1943 3103 et
1971 3048 2040 3104 de
2066 3052 2175 3104 An-

478 3128 637 3185 tonio
667 3129 792 3201 ipso
822 3131 1023 3187 eadem
1044 3147 1215 3204 opera
1234 3139 1543 3202 mereatur,
1565 3152 1637 3190 ne
1657 3135 1750 3190 hic
1777 3136 2034 3208 ingentia
2053 3152 2176 3191 ma-

479 3216 534 3270 la
561 3216 791 3287 inferat,
822 3234 962 3274 neve
992 3218 1075 3274 illi
1113 3221 1312 3275 eadem
1341 3222 1654 3293 patiantur,
1688 3223 2064 3295 prohibendo,
2098 3224 2174 3278 si-

477 3305 713 3377 mulque
743 3307 1091 3362 occurrendo
1114 3307 1229 3363 illis
1258 3308 1612 3378 criminibus,
1646 3327 1777 3383 quae
1800 3312 1980 3384 ipsius
2006 3312 2172 3368 resti-

476 3392 757 3449 tutionem
796 3398 960 3451 erant
992 3401 1275 3452 secutura.
1303 3397 1408 3453 Sed
1452 3414 1554 3469 per
1591 3398 1798 3455 Christi
1836 3400 2175 3473 sanguinem

476 3485 533 3539 et
558 3482 900 3540 memoriam
932 3485 1177 3556 apostoli
1210 3486 1385 3554 Petri,
1417 3487 1516 3560 qui
1546 3487 1996 3544 Christianorum
2024 3506 2174 3562 prae-

472 3572 687 3643 positos
717 3573 1061 3645 populorum
1090 3576 1345 3644 .monuit,
1377 3592 1451 3632 ne
1488 3577 1771 3633 violenter
1808 3578 2177 3635 dominentur

474 3660 533 3716 in
559 3661 759 3717 fratres
785 3664 830 3730 (Ι
860 3666 1004 3720 Petr.
1039 3682 1094 3736 v,
1126 3668 1198 3734 3),
1229 3665 1594 3722 Caelestinum
1622 3667 1899 3736 obsecrat,
1933 3684 2005 3724 ne
2037 3670 2173 3724 Fus-

475 3750 722 3804 salenses
763 3751 831 3805 ad
874 3752 1261 3808 obediendum
1312 3754 1559 3810 Antonio
1602 3771 1706 3827 per
1746 3756 1864 3811 vim
1906 3759 2175 3830 compelli

475 3837 623 3892 sinat
651 3840 850 3908 (Epist.
879 3842 1005 3909 209,
1037 3857 1093 3896 n.
1127 3841 1202 3911 9).
1234 3843 1377 3897 Nam
1414 3849 1654 3914 apparet
1681 3844 1793 3899 illis
1822 3846 2175 3918 temporibus

475 3925 761 3992 accidisse,
796 3931 858 3981 ut
896 3927 1263 3984 mitterentur
1289 3931 1360 3985 ab
1392 3932 1699 4001 apostolica
1736 3932 1901 3999 Sede,
1932 3940 2033 3990 aut
2056 3937 2171 3991 sal-

475 4019 589 4070 tem
637 4018 991 4087 peterentur,
1041 4032 1235 4072 eorum
1285 4034 1528 4091 quorum
1570 4020 1843 4076 intererat
1886 4024 2169 4094 precibus,

474 4102 737 4159 mittendi
767 4103 827 4158 in
851 4104 1096 4160 Africam
1127 4105 1315 4162 clerici
1344 4107 1610 4178 Romani,
1632 4108 1732 4181 qui
1762 4111 2172 4168 sententiarum

473 4191 626 4249 illius
655 4197 1013 4249 exsecutores
1043 4199 1230 4250 essent
1261 4194 1471 4267 (Codice
1499 4197 1773 4254 Canonum
1799 4199 2017 4268 Afric.,
2050 4217 2170 4255 can.

477 4281 592 4352 138)
625 4297 640 4337 :
690 4282 896 4355 quibus
936 4282 1088 4338 haud
1131 4282 1303 4340 dubie
1352 4284 1779 4358 injungebatur,
1814 4291 1879 4342 ut
1918 4286 2173 4344 civilium

472 4374 816 4441 potestatum
839 4387 1030 4444 opem,
1054 4372 1155 4429 ubi
1174 4388 1263 4429 res
1283 4378 1557 4446 posceret,
1583 4374 1979 4447 implorarent.
2013 4378 2169 4449 Ejus-

471 4458 601 4514 dem
630 4460 863 4515 Antonii
893 4476 1193 4534 nunquam
1222 4461 1334 4517 nisi
1364 4478 1591 4518 summa
1619 4479 1747 4519 cum
1781 4466 2172 4521 moderatione

472 4551 530 4601 et
557 4552 832 4620 tanquam
857 4549 963 4605 filii
992 4549 1080 4605 sui
1118 4549 1471 4606 mentionem
1503 4550 1636 4606 facit
1666 4554 2046 4622 Augustinus;
2078 4572 2171 4609 ve-

474 4650 599 4691 rum
620 4653 735 4708 quo
762 4638 927 4693 illum
952 4639 1229 4712 diligebat
1248 4638 1660 4707 vehementius,
1685 4642 1794 4696 hoc
1818 4641 1997 4714 magis
2023 4643 2174 4699 dam-

473 4723 676 4778 nandae
705 4724 859 4780 illius
878 4728 1175 4799 cupiditati
1201 4728 1531 4785 obsistebat.

540 4814 593 4865 5.
635 4813 815 4877 Quam
846 4813 1181 4887 imprudens
1215 4819 1445 4889 culpam
1485 4817 1826 4889 incurrerat,
1856 4821 2170 4876 Antonium

470 4897 530 4954 in
559 4899 940 4973 episcopalem
987 4906 1249 4963 ordinem
1289 4907 1628 4979 cooptando,
1662 4907 1875 4979 passim
1915 4908 2124 4965 fatetur
2155 4925 2169 4963 :

466 4993 527 5044 at
555 5005 671 5062 quo
699 4989 887 5060 potuit
913 4991 1065 5049 ultra
1100 4995 1371 5068 progredi
1411 4996 1590 5052 sancti
1630 4995 1747 5051 Viri
1784 4996 2079 5053 humilitas
2109 5015 2171 5053 ac

465 5079 803 5151 poenitudo?
833 5082 917 5136 Me
944 5096 1101 5153 sane,
1131 5083 1341 5156 inquit,
1374 5087 1517 5155 quod
1545 5086 1897 5157 conﬁtendum
1924 5091 2002 5142 est
2028 5089 2173 5141 Bea-

466 5169 700 5224 titudini
728 5173 853 5239 tua,
885 5170 945 5223 in
976 5172 1080 5226 isto
1115 5176 1465 5243 utrorumque
1497 5177 1757 5245 periculo,
1790 5179 1972 5230 tantus
2013 5177 2173 5229 timor

466 5262 518 5313 et
540 5274 731 5314 maror
761 5260 1057 5327 excruciat,
1079 5264 1140 5315 ut
1165 5260 1233 5314 ab
1262 5264 1439 5331 ofﬁcio
1467 5266 1689 5332 cogitem
1716 5264 1941 5332 gerendi
1967 5266 2169 5334 episco-

461 5353 626 5415 patus
662 5347 964 5416 abscedere,
995 5353 1046 5404 et
1076 5365 1155 5404 me
1182 5350 1430 5407 lamentis
1467 5356 1641 5408 errori
1671 5370 1782 5410 meo
1810 5356 2169 5410 convenienti-

466 5436 563 5489 bus
592 5437 803 5507 dedere,
828 5440 882 5494 si
902 5454 1004 5510 per
1030 5454 1149 5494 eum
1186 5439 1340 5508 cujus
1369 5442 1706 5513 episcopatui
1728 5460 1825 5514 per
1856 5442 2169 5513 impruden-

467 5524 600 5579 tiam
641 5528 980 5597 suffragatus
1022 5542 1163 5595 sum,
1194 5530 1408 5583 vastari
1443 5531 1736 5588 Ecclesium
1763 5533 1881 5597 Dei,
1911 5534 1982 5596 et,
2025 5530 2170 5599 quod

2269 389 2386 457 ipse
2410 388 2547 442 Deus
2576 388 2809 451 auertat,
2840 386 3004 439 etiam
3032 399 3148 439 curn
3173 389 3433 440 vastantis
3453 387 3779 461 perditionepe
3793 399 3865 455 τίη

2269 462 2611 547 conspexero.
2634 475 2881 531 Recolens
2910 477 3050 528 enim
3076 473 3220 544 quod
3245 476 3323 529 ait
3348 475 3634 545 Apostolus,
3664 497 3689 528 α
3716 481 3866 537 Sinus.

2269 567 2522 636 metipsos
2534 563 2931 635 judicaremus,
2946 580 2980 617 a
2996 565 3217 617 Domino
3228 579 3331 617 non
3345 564 3720 632 judicaremur»
3740 569 3773 638 (l
3789 571 3865 625 Cor.

2271 671 2347 721 XI,
2378 655 2463 718 3t)
2485 670 2498 721 ;
2523 652 2787 724 judicabo
2814 668 2897 707 me
2924 654 3124 723 ipsum,
3153 658 3214 708 ut
3239 657 3435 722 parcat
3460 654 3587 707 mihi
3612 657 3696 723 qui
3712 656 3870 722 judica-

2272 749 2427 800 turus
2455 747 2534 798 est
2562 742 2710 797 vivos
2738 745 2789 796 et
2819 746 3076 795 mortuos.
3109 742 3171 797 Si
3199 745 3378 795 autem
3400 745 3448 795 et
3474 744 3682 797 rnanbra
3707 746 3869 813 Christi,

2272 847 2391 902 quas
2414 833 2474 886 in
2502 832 2600 885 illa
2624 832 2843 899 regione
2871 833 3017 889 sunt.
3049 830 3115 884 ab
3145 830 3420 884 emitiabiti
3438 833 3609 885 timore
3626 847 3679 885 ac
3702 835 3872 889 tristitia

2272 922 2620 988 recreaveris,
2646 925 2697 975 et
2725 934 2898 974 meam
2926 922 3244 974 senectutem
3269 919 3368 973 hac
3395 921 3696 975 misericordi
3711 922 3875 990 justitia

2272 1011 2449 1078 fueris
2464 1008 2789 1075 consolatus,
2813 1007 3072 1062 retribuet
3090 1007 3191 1061 tibi
3205 1011 3256 1062 et
3274 1009 3331 1061 in
3350 1009 3607 1077 presenti,
3625 1011 3729 1063 etin
3742 1012 3877 1076 [κιαι-α

2272 1102 2409 1166 vita,
2440 1097 2578 1153 bona
2602 1113 2706 1168 pro
2730 1096 2905 1164 nobis,
2929 1099 3027 1166 qui
3052 1112 3149 1166 per
3176 1100 3225 1151 te
3244 1096 3395 1151 nobis
3420 1098 3476 1150 in
3493 1098 3591 1152 ista
3610 1097 3878 1153 tribulatione

2275 1185 2567 1256 succurrit,
2588 1191 2639 1242 et
2668 1188 2767 1255 qui
2787 1190 2835 1240 te
2854 1187 2912 1240 in
2938 1186 3037 1240 illa
3051 1185 3173 1241 sede
3191 1187 3465 1240 constituit
3487 1185 3598 1255 (Ep.
3617 1187 3726 1252 209,
3743 1202 3785 1239 η.
3804 1188 3875 1256 10).

2278 1274 2618 1333 Caelestinus
2648 1274 2823 1330 dubio
2860 1274 3059 1346 procul
3099 1273 3340 1345 epistola
3376 1273 3474 1328 illa
3503 1278 3612 1329 tam
3637 1274 3880 1331 vehementi

2274 1370 2571 1437 permotus
2605 1368 2709 1431 est,
2740 1363 3093 1435 omninoque
3122 1363 3311 1418 noluit
3346 1363 3541 1418 orbare
3567 1363 3818 1418 Ecclesium
3836 1380 3879 1418 eo

2279 1455 2547 1522 Prmsule,
2569 1454 2731 1525 cujus
2749 1452 3066 1508 doctrinam
3089 1468 3153 1507 ac
3171 1452 3384 1507 famam
3407 1451 3661 1519 defendit,
3674 1456 3877 1523 patronus

2278 1543 2538 1599 omnium
2568 1543 2734 1614 longe
2763 1540 3201 1596 illustrissimus.
3236 1541 3442 1607 Quare,
3472 1556 3590 1595 cum
3614 1541 3880 1611 Augustinus

2278 1634 2349 1689 ad
2398 1637 2716 1689 extremum
2763 1647 2945 1703 usque
3002 1629 3272 1703 spiritum
3328 1629 3658 1701 Hipponensi
3696 1630 3879 1684 Ecclesia

2279 1722 2593 1795 praefuerit,
2624 1725 2681 1776 et
2711 1720 3101 1775 Fussalensem
3130 1735 3363 1790 quoque
3391 1718 3594 1772 rexerit
3619 1734 3745 1772 anno
3762 1734 3880 1788 supra

2280 1810 2911 1884 quadringentesimum
2959 1807 3238 1880 vigesimo
3288 1807 3524 1878 septimo
3562 1806 3641 1860 vel
3680 1805 3879 1877 vigesimo

2282 1905 2505 1966 octavo;
2535 1898 2671 1954 hinc
2684 1897 2977 1969 judicatur
3004 1896 3397 1963 Caelestinum,
3428 1901 3492 1950 ut
3505 1894 3752 1950 Antonius
3765 1895 3881 1964 hujus

2279 1988 2429 2044 sedis
2459 1986 2950 2043 administratione
2982 1986 3259 2057 spoliatus
3299 1989 3567 2051 maneret,
3596 1982 3880 2037 consensisse.

2282 2076 2444 2143 Quod
2474 2076 2649 2132 etiam
2686 2076 2988 2130 confirmat
3016 2074 3273 2145 ejusdem
3307 2072 3581 2145 pontificis
3607 2072 3658 2127 in
3682 2071 3880 2142 Augusti-

2280 2182 2417 2222 num
2444 2166 2564 2236 jam
2594 2164 2709 2219 vita
2737 2164 2993 2218 functum
3025 2179 3188 2217 amor
3212 2179 3278 2216 ac
3308 2161 3605 2216 veneratio.
3635 2160 3777 2232 Atqui
3798 2158 3885 2213 licet

2281 2274 2315 2311 a
2344 2257 2494 2327 Papa
2516 2254 2578 2309 in
2602 2255 2707 2309 hac
2736 2252 3063 2326 aequissima
3100 2252 3380 2325 petitione
3428 2251 3691 2323 repulsam
3714 2249 3882 2313 tulisset,

2283 2344 2336 2399 ei
2365 2349 2558 2399 tamen
2587 2342 2840 2398 licuisset
2867 2343 2937 2396 ab
2966 2342 3064 2396 illa
3087 2341 3377 2412 injustitia
3404 2340 3669 2395 vindicare
3695 2354 3743 2392 se
3763 2337 3883 2391 bene.

2283 2432 2411 2488 ficio
2435 2431 2801 2504 professionis
2833 2432 2973 2502 ejus,
3001 2447 3113 2502 qua
3155 2432 3354 2485 Patres
3390 2427 3625 2484 Africani
3652 2426 3884 2482 declarare-

2282 2526 2419 2577 runt
2446 2521 2596 2576 nolle
2638 2536 2695 2575 se
2734 2521 2979 2574 tolerare
3010 2518 3248 2587 diutius,
3282 2523 3347 2574 ut
3381 2519 3466 2573 vel
3503 2517 3606 2589 ipsi
3631 2514 3826 2587 episcopi
3846 2512 3882 2565 in

2284 2613 2576 2681 posterum
2614 2608 2686 2664 ad
2726 2608 2944 2663 curiam
2995 2609 3318 2663 Romanam
3363 2608 3708 2679 provocarent
3733 2601 3885 2673 (Codice

2284 2698 2561 2755 Canonum
2585 2698 2793 2765 Afric.,
2821 2712 2941 2752 can.
2980 2697 3125 2765 l38).

2966 2819 3192 2875 CAPUT
3232 2820 3296 2873 ν.

2289 2949 2307 3001 l
2353 2943 2622 3014 Stephani
2649 2946 2912 3014 martyris
2948 2943 3194 3013 reliquie
3231 2942 3332 2998 sub
3373 2957 3568 2997 annum
3602 2937 3779 2993 Christi
3798 2949 3888 3003 qua-

2356 3033 2835 3102 dringentesimum
2872 3034 3192 3100 vigesimum
3238 3036 3496 3102 quartum
3542 3028 3769 3085 habentur
3796 3024 3888 3090 lli?“

2352 3136 2508 3192 pone.
2561 3124 2595 3175 2
2630 3120 2943 3176 Januarius
3000 3122 3365 3190 Hipponensis
3402 3119 3682 3190 presbyter,
3716 3111 3889 3184 pecuniis
3920 3182 3924 3187 ἡ

2357 3224 2493 3278 quas
2540 3212 2726 3264 contra
2772 3210 3063 3263 communis
3119 3210 3248 3264 vita
3287 3209 3615 3279 propositum
3655 3202 3889 3263 retentam!»

2355 3298 2601 3353 Ecclesiae
2628 3298 2840 3364 legatis,
2872 3298 3123 3352 moritur.
3159 3299 3189 3351 3
3233 3298 3536 3353 Sermonem
3572 3295 3631 3349 de
3664 3294 3747 3346 hac
3777 3303 3820 3342 re
3844 3284 3892 3339 ad

2354 3386 2612 3456 populum
2659 3385 2818 3440 habet
2866 3386 3242 3454 Augustinus;
3300 3384 3652 3440 hereditatem
3694 3374 3889 3434 Januarii

2354 3475 2580 3544 respuit,
2604 3478 2655 3528 et
2677 3473 2813 3545 ﬁliis
2840 3475 3015 3543 ipsius
3034 3473 3321 3542 relinquit,
3344 3488 3407 3527 ac
3436 3465 3893 3526 declaratum:

2356 3564 2454 3633 qui
2470 3563 2758 3633 proprium
2777 3561 2995 3630 aliquid
3019 3560 3211 3616 habere
3239 3562 3434 3627 velint,
3456 3558 3712 3625 indulgere
3728 3552 3895 3606 nterim

2356 3651 2572 3705 domum
2613 3650 2968 3721 episcopalem
3010 3648 3324 3705 habitantes
3368 3647 3567 3717 gradus
3601 3661 3680 3699 sui
3720 3643 3892 3694 [tenorem

2354 3744 2586 3796 servent.
2618 3741 2652 3794 4
2689 3740 2877 3795 Altero
2917 3743 3104 3809 postea
3140 3752 3387 3793 sermone
3415 3739 3630 3792 testatur
3652 3743 3755 3787 suos
3775 3735 3894 3781 om

2355 3830 2570 3883 clericos
2598 3826 2658 3883 in
2694 3830 2819 3883 vita
2852 3829 3147 3883 communis
3181 3828 3468 3897 proposito
3492 3833 3769 3895 permanere
3790 3811 3893 3875 uelli,

2355 3922 2518 3989 atque
2544 3934 2580 3972 α
2615 3918 2840 3987 proprio
2873 3918 3182 3982 abhorrere,
3218 3931 3415 3986 eosque
3449 3915 3513 3969 de
3547 3913 3812 3968 clericatum
3840 3905 3895 3954 ta-

2355 4006 2482 4062 bula
2510 4006 2779 4072 delendas,
2813 4008 2910 4075 qui
2933 4005 3150 4075 aliquid
3180 4005 3293 4060 sibi
3321 4006 3630 4068 retinerent;
3658 4003 3753 4053 tum
3786 3992 3897 4047 etiam

2353 4109 2459 4164 eos,
2491 4096 2589 4163 qui
2614 4094 2810 4149 divites
2832 4092 3215 4164 pecuniosique
3237 4092 3556 4158 audiebant,
3579 4076 3895 4158 apudeumdm

2348 4184 2610 4253 populum
2642 4185 2870 4253 purgat.
2919 4185 2949 4237 5
2995 4184 3183 4237 Decem
3227 4181 3538 4247 liberorum,
3578 4174 3749 4247 quibus
3777 4168 3897 4223 male?

2354 4272 2650 4342 imprecata
2676 4272 2880 4338 fuerat,
2919 4270 3195 4325 horribilis
3230 4285 3413 4340 pcena.
3456 4272 3486 4323 6
3527 4270 3609 4322 Es:
3651 4263 3746 4318 illis

2358 4340 2555 4415 Paulus
2595 4359 2863 4414 divinitus
2908 4364 3139 4413 sanatur
3186 4359 3343 4428 apud
3387 4360 3690 4427 Hipponem.
3736 4352 3762 4402 7
3806 4340 3897 4397 Ali“

2346 4452 2471 4518 post
2498 4448 2586 4503 die
2623 4452 2853 4503 sanatur
2888 4447 3091 4502 ibidem
3130 4447 3407 4502 Palladia.
3448 4449 3480 4502 8
3511 4443 3705 4502 Gallam
3736 4438 3778 4490 et
3799 4432 3896 4487 Sim.

2347 4537 2624 4606 pliciolam
2653 4537 2992 4603 Quintiliano
3021 4536 3361 4593 commendat
3391 4534 3726 4604 Augustinus.

2356 4646 2403 4698 l.
2447 4642 2712 4697 Nondum
2761 4645 3021 4698 exactum
3068 4645 3189 4697 erat
3230 4640 3549 4706 biennium,
3587 4652 3650 4692 ex
3692 4644 3787 4704 quo
3820 4626 3897 4679 ΑΠ’

2281 4730 2543 4803 gustinus
2565 4730 2828 4802 Hippone
2845 4730 3118 4802 Stephani
3139 4730 3409 4801 martyris
3427 4724 3682 4798 reliquias
3697 4712 3897 4776 habebat

2279 4837 2409 4876 cum
2435 4819 2646 4875 librum
2687 4818 2953 4875 ultimum
2994 4819 3064 4875 de
3102 4817 3338 4875 Civitate
3375 4818 3493 4884 Dei,
3522 4828 3677 4888 quem
3708 4803 3898 4861 vertente

2280 4926 2431 4965 anno
2489 4908 3055 4981 quadringentesimo
3108 4906 3384 4979 vigesimo
3441 4909 3591 4960 sexto
3643 4894 3897 4981 absolutum

2278 4998 2453 5054 fuisse
2482 4978 2656 5069 supra
2693 4978 2938 5052 diximus
2968 4997 3153 5066 (Sup.,
3178 4978 3283 5051 lib.
3308 5000 3365 5061 '7,
3398 5010 3516 5065 cap.
3560 4993 3613 5059 4,
3648 4985 3787 5077 πμ),
3811 4978 3897 5077 ξω*

2280 5087 2555 5142 cubrabat
2581 5086 2684 5156 (De
2712 5087 2832 5143 Civ.
2865 5086 2979 5151 Dei,
3004 5085 3104 5139 lib.
3133 5087 3225 5154 22,
3256 5100 3375 5155 cap.
3399 5085 3451 5148 8,
3475 5098 3534 5137 η.
3566 5080 3670 5147 20).
3689 5074 3899 5163 Ουοοξτίῗ

2277 5191 2392 5231 non
2421 5174 2606 5248 potuit
2635 5174 2860 5229 easdem
2905 5189 3089 5227 sacras
3130 5172 3425 5245 reliquias,
3455 5168 3562 5226 nisi
3597 5164 3692 5221 sub
3726 5153 3835 5248 anni
3857 5152 3897 5201 σί

2278 5244 2586 5320 minimum
2635 5261 3188 5334 quadringentesimi
3243 5244 3501 5334 vigesimi
3552 5250 3723 5328 quarti
3768 5244 3895 5300 ﬁnem

2278 5351 2531 5424 adipisci.
2564 5353 2759 5423 Neque
2796 5352 3041 5406 multum
3080 5368 3112 5405 a
3149 5350 3259 5406 fide
3298 5350 3610 5410 abhorreat,
3640 5340 3895 5396 sermonem

2278 5443 2348 5496 de
2375 5445 2567 5497 sancto
2616 5439 2906 5512 Stephano
2956 5444 3224 5512 quartum
3271 5440 3461 5510 (Serm.
3509 5429 3714 5502 317lfin
3748 5429 3895 5479 earum

2281 5530 2637 5603 receptiona;
2682 5546 2747 5585 ac
2793 5530 2862 5585 de
2912 5532 3110 5586 eodem
3159 5534 3403 5601 martyre
3450 5523 3695 5599 quintum
3748 5514 3895 5583 (Serm-
