4028 6174
155 303 254 351 333
1605 297 1813 352 LIBER
1875 296 2219 351 OCTAVUS.

150 419 299 491 318),
344 421 650 488 antequam
696 418 799 471 sub
843 433 938 471 ara
983 418 1384 478 conderentur,
1432 434 1551 473 esse
1598 435 1851 490 pronun-

150 508 373 562 tiatum.
410 505 632 561 Etenim
659 506 1049 560 venerandum
1094 508 1203 560 hoc
1244 507 1453 580 pignus
1484 512 1708 564 sanctus
1738 511 1851 564 An-

151 597 308 651 tistes
350 597 408 650 in
456 596 705 667 quadam
737 594 987 648 ecclesim
1033 612 1149 649 suae
1192 597 1335 650 cella
1366 613 1542 663 sacra,
1576 598 1727 668 quod
1761 614 1849 651 sa-

149 687 355 741 cellum
408 701 696 742 vocamus,
752 684 1037 754 deposuit,
1101 685 1264 755 cujus
1315 685 1373 739 in
1432 686 1647 740 fornice
1683 687 1853 757 jussit

144 775 386 846 insculpi
420 779 669 845 quatuor
698 789 906 839 versus,
938 778 1003 826 ut
1032 773 1164 827 inde
1195 774 1384 828 cuncti
1424 775 1617 829 fideles
1658 776 1849 829 admo-

140 869 443 929 nerentur,
486 862 714 917 insolita
754 862 852 916 illa
888 862 1149 932 prodigia
1185 866 1320 916 tunc
1357 862 1632 934 temporis
1671 862 1849 917 sancti

137 953 423 1024 Stephani
473 952 735 1023 precibus
781 968 843 1005 ac
888 951 1149 1022 reliquiis
1193 955 1536 1022 perpetrata,
1583 951 1691 1023 ipsi
1736 952 1848 1005 Deo

134 1047 375 1115 accepta
407 1041 600 1096 referri
634 1045 897 1111 oportere
930 1042 1117 1107 (Serm.
1169 1043 1291 1109 319,
1336 1058 1389 1094 η.
1436 1041 1515 1111 7).
1564 1041 1645 1095 Ad
1693 1042 1847 1094 evul-

134 1132 333 1202 ganda
353 1132 551 1186 eadem
571 1130 847 1184 miracula
867 1128 1219 1200 Augustinus
1240 1129 1297 1182 in
1319 1128 1563 1183 Africam
1587 1129 1846 1183 omnium

131 1221 367 1293 primus
411 1219 883 1274 consuetudinem
930 1219 1075 1273 hanc
1112 1217 1357 1283 induxit,
1400 1223 1461 1272 ut
1500 1218 1558 1272 in
1599 1234 1846 1290 quorum

130 1305 384 1373 gratiam
416 1306 563 1360 facta
591 1311 798 1373 essent,
833 1306 975 1361 illud
1018 1307 1211 1362 libello
1251 1323 1443 1361 coram
1487 1309 1644 1361 omni
1682 1308 1845 1379 plebe

131 1392 438 1448 recitando
473 1399 861 1466 proponerent
890 1410 954 1448 ac
987 1395 1429 1449 testiticarentur
1458 1395 1548 1461 (De
1578 1398 1694 1452 Civ.
1726 1399 1843 1462 Dei,

130 1482 228 1536 lib.
270 1486 361 1548 22,
406 1499 525 1553 cap.
570 1486 621 1551 8,
663 1501 717 1538 η.
765 1485 877 1554 20).
928 1484 1269 1555 Hujusmodi
1301 1484 1476 1538 libelli
1505 1484 1655 1538 infra
1684 1484 1844 1539 bien-

128 1570 298 1625 nium
335 1572 593 1643 Hippone
622 1574 691 1626 ad
723 1572 1085 1642 septuaginta
1116 1573 1291 1627 ferme
1314 1572 1450 1639 dati,
1475 1577 1641 1643 atque
1664 1589 1843 1628 unum

129 1676 196 1713 ex
240 1660 465 1715 eisdem
508 1660 622 1731 legi
654 1661 920 1731 jusserat,
964 1676 1080 1731 quo
1126 1660 1217 1715 die
1259 1677 1581 1715 sermonem
1623 1662 1692 1716 de
1722 1662 1846 1716 Ste-

128 1750 333 1816 phano
377 1754 628 1821 martyre
666 1754 889 1804 sextum
930 1749 1318 1821 pronuntiavit
1347 1751 1533 1820 (Serm.
1568 1752 1717 1819 319).
1752 1753 1841 1805 ln-

126 1843 220 1890 ter
270 1838 468 1892 omnia
514 1838 612 1893 illa
659 1839 934 1893 miracula
983 1839 1242 1910 Hippone
1288 1855 1391 1909 per
1437 1840 1579 1893 duos
1624 1840 1843 1910 primos

130 1943 340 1993 annos,
390 1943 457 1980 ex
506 1944 620 1998 quo
671 1927 857 1982 isthuc
898 1928 1049 1983 beati
1097 1928 1537 1998 Protomartyris
1583 1929 1840 2001 reliquim

130 2016 312 2070 illatae
344 2020 531 2084 erant,
567 2016 731 2083 facta,
775 2017 1119 2087 Augustinus
1159 2020 1275 2069 tres
1318 2020 1542 2069 tantum
1585 2020 1841 2069 mortuos

126 2105 203 2158 ad
224 2105 405 2160 vitam
427 2110 710 2159 revocatos
726 2106 1063 2160 nominatim
1086 2105 1297 2160 indicat
1317 2104 1481 2175 (Ibid.
1496 2147 1509 2172 ,
1537 2120 1593 2157 η.
1630 2103 1837 2171 17-19),

128 2193 333 2247 addita
356 2194 518 2248 Pauli
537 2210 601 2248 ac
623 2194 889 2249 Palladia:
911 2194 1203 2248 curatione
1230 2194 1416 2264 (Ibid.,
1447 2210 1483 2247 η
1528 2196 1639 2261 22),
1666 2209 1837 2265 quam

128 2298 239 2335 nos
267 2284 534 2354 sequenti
572 2300 721 2338 anno
753 2283 1219 2337 memorabimus.
1254 2286 1430 2337 Porro
1470 2282 1515 2335 si
1557 2298 1838 2353 ponamus

124 2370 249 2439 jam
283 2372 460 2426 dictas
491 2372 763 2443 reliquias
793 2373 899 2426 hoc
931 2372 1051 2443 ipso
1090 2389 1239 2426 anno
1272 2370 1836 2443 quadringentesimo

130 2460 416 2530 vigesimo
455 2465 658 2531 quarto
706 2460 1025 2531 Hipponem
1071 2461 1267 2514 allatas
1314 2460 1506 2526 fuisse,
1553 2460 1698 2514 nihil
1742 2476 1836 2513 ve-

130 2549 313 2603 tuerit
350 2550 658 2621 quominus
697 2550 767 2604 de
805 2550 1064 2615 radicula,
1108 2550 1207 2603 ubi
1237 2549 1622 2615 servabantur,
1659 2549 1717 2603 id
1747 2548 1834 2602 in-

130 2637 487 2708 terpreteris,
532 2636 683 2708 quod
722 2641 949 2691 sanctus
995 2637 1207 2691 Praasul
1238 2637 1298 2691 in
1329 2653 1591 2691 sermone
1623 2637 1692 2691 de
1722 2637 1835 2690 vita

127 2730 187 2781 et
236 2726 497 2781 moribus
542 2726 879 2781 clericorum
930 2742 1165 2780 suorum
1216 2726 1486 2785 secundo,
1534 2726 1678 2779 circa
1723 2726 1834 2780 ini-

128 2816 278 2870 tium
323 2816 458 2870 anni
504 2814 1054 2887 quadringentesimi
1098 2814 1356 2885 vigesimi
1394 2812 1581 2885 quinti
1614 2828 1725 2866 non
1756 2812 1835 2866 ita

129 2905 317 2956 multo
347 2908 477 2973 post
508 2904 883 2975 Epiphaniam
908 2903 1104 2958 habito
1137 2903 1327 2973 (Serm.
1364 2906 1485 2967 355,
1519 2919 1574 2956 η.
1598 2903 1653 2971 ’7)
1675 2900 1830 2969 dicit,

131 2992 378 3045 Heraclii
410 2992 632 3047 diaconi
671 3008 841 3063 opere
887 3009 948 3046 ac
991 2992 1234 3064 pecunia
1274 2991 1609 3046 memoriam
1656 2990 1833 3044 sancti

126 3080 408 3150 Stephani
453 3084 831 3135 constructam
874 3082 1065 3149 (Serm.
1120 3084 1244 3148 356,
1283 3097 1340 3135 η.
1386 3083 1456 3147 7).
1502 3079 1601 3134 Sin
1640 3083 1831 3132 autem

130 3185 285 3223 anno
344 3170 620 3223 duntaxat
673 3169 1240 3241 quadringentesimo
1300 3168 1574 3239 vigesimo
1631 3166 1831 3239 quinto

130 3257 309 3311 sancti
342 3258 614 3329 Stephani
644 3257 902 3330 reliquias
944 3259 1261 3329 Hipponem
1296 3256 1677 3328 pervenerint,
1708 3258 1828 3326 jam

129 3345 421 3400 difficilius
478 3347 735 3415 aedicula,
797 3363 970 3419 quam
1028 3347 1288 3402 excitavit
1340 3346 1646 3410 Heraclius,
1706 3346 1831 3400 Ste-

129 3435 323 3503 phano
352 3451 514 3489 sacra
541 3436 842 3491 diceretur.
878 3438 1033 3491 Tunc
1070 3436 1221 3490 enim
1260 3452 1445 3489 sermo
1476 3436 1590 3501 ille,
1624 3434 1682 3489 in
1715 3452 1828 3506 quo

130 3524 196 3578 de
242 3524 580 3597 memoratis
624 3524 880 3596 reliquiis
920 3524 1129 3595 agitur,
1187 3524 1385 3578 haberi
1438 3524 1546 3578 nisi
1598 3524 1828 3579 ineunte

131 3629 280 3667 anno
328 3618 463 3684 post
508 3613 1131 3685 quadringentesimum
1181 3613 1458 3683 vigesimo
1506 3617 1660 3667 sexto
1712 3630 1830 3668 non

131 3700 412 3770 potuisset
444 3717 457 3754 :
489 3718 614 3755 cum
646 3707 839 3756 tamen
869 3702 1024 3755 idem
1055 3702 1360 3766 Heraclius,
1397 3701 1494 3771 qui
1524 3705 1657 3756 tunc
1682 3705 1828 3755 tem-

131 3789 283 3859 poris
318 3788 545 3844 diaconi
582 3794 807 3844 tantum
850 3789 1036 3844 oﬂicio
1068 3788 1372 3858 insignitus
1402 3793 1541 3854 erat,
1576 3793 1829 3859 postmo-

132 3880 264 3933 dum
290 3879 359 3932 ad
386 3879 722 3950 presbyterii
746 3880 986 3949 gradum
1011 3879 1182 3932 fuerit
1202 3884 1427 3932 evectus
1451 3880 1649 3947 (Epist.
1680 3878 1829 3945 213),

132 3984 193 4022 ac
233 3968 446 4021 deinde
487 3968 555 4022 ab
594 3968 913 4039 Augustino
958 3967 1049 4022 die
1086 3971 1241 4021 sexto
1272 3966 1542 4020 kalendas
1574 3966 1831 4019 octobres

131 4071 279 4110 anno
309 4056 881 4128 quadringentesimo
912 4056 1184 4126 vigesimo
1215 4059 1368 4109 sexto
1390 4054 1736 4124 designatus,
1773 4058 1831 4107 ut

133 4144 180 4197 ei
209 4145 561 4211 succederet,
603 4150 771 4217 atque
816 4146 1043 4199 interim
1091 4160 1181 4197 res
1224 4143 1600 4214 Hipponensis
1643 4143 1829 4197 Eccle-

134 4232 228 4286 sia:
256 4233 689 4288 administraret
714 4236 1183 4306 procuraretque.

198 4325 251 4375 2.
285 4321 580 4392 Quidquid
610 4323 700 4388 sit,
742 4324 910 4393 plane
960 4328 1182 4376 constat
1216 4324 1473 4375 sanctum
1505 4319 1827 4375 Antistitem

133 4414 296 4464 astate
327 4426 563 4481 gravem
598 4416 769 4482 atque
809 4411 1045 4465 omnino
1085 4426 1291 4465 canum
1322 4409 1493 4464 fuisse
1526 4413 1670 4475 tum,
1703 4426 1832 4463 cum

134 4500 200 4552 de
228 4500 343 4554 vita
377 4499 714 4555 clericorum
748 4516 982 4554 suorum
1014 4500 1216 4555 habuit
1244 4501 1386 4554 duos
1422 4498 1671 4553 celebres
1708 4498 1835 4553 illos

135 4590 200 4642 ad
233 4589 667 4659 Hipponensem
708 4589 935 4659 plebem
977 4604 1270 4643 sermones
1307 4589 1493 4653 (Serm.
1528 4590 1651 4656 355,
1682 4603 1738 4642 η.
1770 4592 1831 4654 7;

348 4680 476 4744 356,
515 4693 609 4730 nn.
660 4682 715 4743 7,
768 4681 869 4747 13).
924 4680 1138 4732 Horum
1196 4677 1391 4731 istha-c
1437 4678 1650 4731 occasio
1706 4677 1831 4731 fuit.

138 4766 391 4820 Vidimus
422 4766 529 4819 sub
573 4766 804 4821 exordia
848 4766 1207 4837 episcopatus
1235 4765 1562 4836 Augustini,
1596 4766 1838 4820 sanctis-

135 4853 340 4907 simum
387 4853 555 4908 illum
603 4853 788 4907 virum
832 4870 965 4908 suos
1009 4870 1208 4907 omnes
1246 4853 1479 4907 clericos
1510 4852 1569 4906 in
1602 4855 1835 4906 domum

135 4942 515 5013 episcopalem
552 4942 824 5013 coegisse,
868 4942 1206 5013 quibuscum
1252 4941 1509 4995 abdicata
1539 4940 1622 4994 rei
1649 4942 1835 5011 cujus-

138 5030 270 5085 libet
303 5030 660 5102 proprietate
694 5031 753 5084 in
783 5031 1030 5101 perfecta
1060 5030 1343 5084 bonorum
1375 5029 1633 5083 omnium
1664 5030 1839 5083 socie-

136 5123 248 5173 tate
284 5119 515 5173 vivebat
546 5120 739 5187 (Serm.
784 5122 908 5187 355,
935 5135 1029 5173 nn.
1078 5122 1125 5183 l,
1171 5120 1242 5187 2).
1279 5117 1503 5171 Nemini
1533 5132 1736 5169 manus
1770 5118 1837 5171 ad

135 5209 470 5263 clericatum
500 5208 852 5278 imponebat,
884 5208 997 5262 nisi
1027 5208 1131 5261 hac
1161 5209 1305 5275 lege,
1339 5210 1403 5260 ut
1432 5221 1623 5259 secum
1662 5205 1836 5259 vitam

134 5297 290 5351 illam
322 5313 693 5351 communem
725 5302 1057 5367 sequeretur
1087 5297 1271 5365 (Ibid.,
1302 5312 1356 5349 η.
1381 5298 1467 5362 6):
1493 5293 1646 5362 quod
1670 5293 1838 5346 etiam

140 5386 297 5441 illum
341 5391 582 5458 apparet
620 5403 808 5441 coram
850 5386 1112 5439 universo
1160 5386 1375 5456 populo
1408 5382 1630 5438 disertis
1658 5382 1843 5435 verbis

106 5476 475 5530 declarasse.
532 5478 604 5530 At
645 5476 777 5529 satis
828 5475 976 5530 idem
1030 5475 1291 5539 habebat,
1345 5473 1480 5526 illud
1529 5471 1842 5525 innotuissc

137 5566 403 5621 omnibus
453 5564 568 5619 suis
611 5564 851 5633 clericis,
896 5566 1039 5618 hanc
1082 5579 1202 5616 esse
1262 5561 1481 5616 vivendi
1542 5560 1837 5614 rationem.

3560 306 3663 360 534

1966 435 2139 489 quam
2174 417 2230 472 in
2268 433 2368 471 suo
2401 418 2775 473 contubernio
2812 421 3078 489 amplecti
3110 424 3441 477 tenerentur
3470 423 3659 493 (Ibid.,

1961 524 2016 561 η.
2051 510 2100 575 2)
2137 522 2150 563 :
2186 507 2339 579 quod
2370 523 2502 561 vero
2549 508 2615 561 ad
2658 507 2905 579 praxim,
2949 510 3313 564 conscientia:
3352 527 3549 567 eorum
3602 514 3664 567 il-

1962 596 2073 649 lam
2104 596 2436 666 permittere
2466 597 2734 663 malebat,
2768 613 2941 667 quam
2966 598 3187 653 nihilne
3216 616 3448 670 prorsus
3476 602 3663 671 possi-

1959 685 2177 751 derent,
2210 687 2597 758 scrupulosius
2628 687 2951 758 inquirere;
2987 694 3288 760 propterea
3332 692 3485 761 quod
3516 692 3663 761 ejus-

1961 775 2115 829 modi
2147 774 2441 846 inquisitio
2482 775 2755 846 quiddam
2803 777 3015 831 odiosm
3054 779 3395 849 suspicionis
3437 798 3558 853 prae
3602 797 3660 835 se

1958 863 2147 917 ferret.
2194 865 2599 919 Verumtamen
2640 864 2909 935 imposuit
2948 866 3057 936 ipsi
3096 869 3397 922 Ianuarius
3426 870 3658 940 quidam

1957 952 2270 1022 presbyter.
2306 953 2403 1007 Hic
2429 953 2582 1007 enim
2616 954 2685 1007 ad
2716 971 2847 1008 eum
2878 955 3053 1023 venit,
3085 957 3261 1010 vitam
3291 974 3656 1013 communem

1960 1040 2246 1110 promisit,
2278 1058 2393 1095 una
2433 1041 2729 1109 habitavit,
2758 1043 2826 1097 de
2857 1043 3219 1098 facultatibus
3250 1046 3507 1101 Ecclesiae
3536 1063 3655 1100 sus-

1957 1133 2205 1182 tentatus
2246 1134 2349 1183 est.
2389 1131 2559 1183 Erant
2598 1130 2649 1183 ei
2682 1130 2849 1184 liberi
2879 1132 3015 1201 duo,
3050 1132 3200 1185 filius
3242 1149 3303 1187 ac
3335 1133 3480 1201 tilia;
3515 1151 3656 1205 quos

1955 1215 2013 1269 in
2067 1217 2427 1271 monasteriis
2485 1217 2963 1287 Hipponensibus,
3015 1236 3261 1288 puerum
3314 1237 3444 1274 cum
3497 1222 3649 1288 viris,

1954 1306 2201 1375 puellam
2229 1322 2359 1359 cum
2387 1305 2636 1369 feminis,
2676 1307 2907 1361 alendos
2936 1308 3248 1362 collocavit.
3277 1310 3445 1364 Omni
3472 1311 3656 1365 omni-

1954 1411 2028 1448 no
2078 1394 2425 1463 possessioni
2476 1394 2856 1461 renuntiasse,
2908 1411 2971 1449 ac
3011 1396 3079 1450 de
3132 1397 3248 1451 suis
3292 1400 3533 1453 fortunis
3588 1417 3653 1455 eo

1955 1483 2126 1537 modo
2148 1482 2507 1537 constituisse
2533 1483 2857 1554 putabatur,
2885 1500 2997 1554 quo
3028 1485 3149 1554 ejus
3171 1487 3449 1556 propositi
3467 1488 3653 1542 virum

1952 1572 2206 1626 decebat.
2241 1572 2472 1626 Minime
2504 1576 2697 1627 tamen
2738 1572 2999 1642 ignotum
3048 1579 3189 1642 erat,
3234 1579 3445 1630 certam
3485 1593 3653 1647 pecu-

1954 1661 2065 1715 niae
2107 1678 2391 1715 summam
2422 1678 2554 1716 eum
2584 1677 2900 1716 reservasse
2948 1678 2960 1715 :
3011 1679 3211 1718 verum
3254 1664 3311 1718 id
3357 1664 3491 1719 filia:
3535 1682 3650 1721 sua‘

1952 1766 2071 1805 esse
2101 1749 2466 1821 praedicabat.
2503 1751 2642 1805 Cum
2676 1754 2869 1804 autem
2899 1750 3058 1821 virgo
3102 1752 3201 1805 illa
3250 1755 3577 1824 nequedum
3621 1772 3651 1809 e

1950 1839 2196 1911 pueritia
2237 1838 2584 1907 excessisset,
2633 1838 2892 1909 nihilque
2942 1840 3081 1893 certi
3126 1857 3189 1893 ex
3235 1842 3355 1911 ejus
3403 1859 3651 1913 propen-

1948 1928 2107 1982 sione
2154 1927 2213 1981 in
2257 1927 2518 1982 caelibem
2564 1927 2737 1981 vitam
2787 1928 3063 1998 (quamvis
3121 1930 3186 1982 ad
3244 1946 3367 1983 eam
3424 1931 3649 1986 vinculo

1941 2018 2063 2087 jam
2095 2017 2287 2087 aliquo
2318 2016 2606 2087 alligatam
2636 2016 2807 2069 fuisse
2838 2020 3125 2087 appareat)
3159 2017 3305 2071 circa
3334 2019 3516 2090 ipsam
3549 2020 3646 2073 de-

1948 2105 2103 2159 cerni
2133 2109 2351 2175 posset;
2382 2105 2601 2158 nemini
2630 2105 2837 2159 licebat
2862 2104 2920 2157 in
2951 2106 3276 2175 sequiorem
3307 2113 3528 2177 partem
3555 2125 3645 2161 ac-

1949 2194 2158 2265 cipere,
2194 2194 2239 2247 si
2264 2198 2428 2264 pater
2457 2194 2511 2247 id
2543 2194 2694 2265 quod
2724 2194 2843 2263 ejus
2874 2210 2993 2247 esse
3024 2194 3335 2263 dictitabat,
3368 2201 3643 2261 servaret;

1948 2283 2082 2337 dum
2140 2282 2372 2336 tandem
2425 2281 2617 2335 adulta
2674 2282 2886 2335 faceret
2934 2281 3091 2349 inde,
3153 2283 3307 2353 quod
3363 2283 3646 2354 virginem

1947 2369 2155 2425 Christi
2209 2370 2453 2434 deceret,
2501 2368 2731 2439 quando
2778 2369 2991 2439 optime
3034 2370 3154 2439 jam
3200 2370 3384 2425 facere
3436 2376 3642 2441 posset.

1945 2457 2178 2511 Interim
2211 2461 2399 2511 autem
2425 2461 2704 2527 aegrotare
2732 2457 3035 2512 Ianuarius
3063 2459 3235 2529 coepit
3267 2476 3279 2512 :
3311 2459 3379 2513 de
3413 2460 3517 2513 hac
3551 2476 3645 2531 pe-

1944 2547 2135 2615 cunia,
2172 2551 2445 2617 tanquam
2477 2546 2546 2600 de
2585 2546 2837 2616 proprio,
2881 2551 3224 2602 testamento
3266 2551 3454 2615 cavet;
3502 2548 3643 2603 libe-

1946 2652 2141 2690 rorum
2186 2651 2418 2690 suorum
2464 2635 2616 2688 hunc
2661 2634 2892 2705 quidem
2952 2652 3082 2689 cum
3131 2636 3437 2705 vituperio,
3485 2637 3642 2691 illam

1944 2742 2076 2779 vero
2122 2740 2251 2778 cum
2298 2724 2468 2778 laude
2512 2724 2853 2789 exhaaredat,
2904 2740 3127 2777 necnon
3157 2725 3489 2779 facultatum
3520 2743 3642 2780 sua-

1942 2830 2068 2868 rum
2125 2813 2453 2867 haereditate
2511 2811 2862 2882 Hipponensi
2919 2812 3176 2865 Ecclesiae.
3234 2814 3423 2883 legata
3474 2814 3642 2868 mori-

1941 2908 2036 2957 tur
2094 2903 2279 2973 (Ibid.,
2338 2916 2392 2955 η.
2456 2902 2525 2969 3).
2590 2900 2693 2953 Ubi
2753 2900 2900 2954 hanc
2957 2900 3016 2953 in
3074 2901 3401 2971 presbytero
3459 2902 3639 2956 socie-

1941 2991 2071 3044 tatis
2134 3006 2250 3043 sure
2316 2989 2576 3043 fraudem
2643 2988 3020 3059 deprehendit
3075 2990 3447 3061 Augustinus,
3508 2990 3640 3044 hinc

1942 3094 2211 3149 magnum
2258 3078 2510 3132 dolorem
2551 3077 2741 3132 animo
2787 3077 3061 3149 concepit,
3094 3078 3517 3151 detestatusque
3556 3083 3641 3134 est

1940 3168 2153 3222 factum
2193 3167 2356 3233 illud,
2398 3167 2549 3238 quod
2594 3171 2803 3237 praeter
2849 3167 3124 3222 damnum
3170 3168 3337 3221 saluti
3385 3168 3638 3222 Januarii

1940 3257 2195 3321 allatum,
2230 3254 2601 3309 offensionem
2634 3271 2863 3326 quoque
2893 3271 2958 3309 ac
2988 3256 3318 3310 scandalum
3351 3256 3640 3327 injiciebat

1940 3344 2218 3410 Ecclesiae,
2252 3360 2473 3398 necnon
2500 3344 2733 3398 omnino
2754 3344 2968 3398 bonum
2994 3344 3155 3399 illum
3183 3344 3438 3411 odorem,
3462 3362 3633 3417 quem

1939 3434 1997 3487 in
2055 3434 2283 3502 plebem
2336 3433 2681 3503 spargebant
2736 3433 2915 3503 ipsius
2972 3433 3181 3498 clerici,
3241 3434 3637 3505 exstinguebat

1939 3523 2127 3593 (Serm.
2163 3524 2285 3585 356,
2318 3537 2372 3574 η.
2406 3523 2476 3589 2).
2521 3522 2569 3573 Is
2612 3521 2807 3591 igitur,
2859 3521 2957 3591 qui
3002 3522 3214 3574 solebat
3256 3538 3348 3574 eas
3388 3522 3632 3575 haeredi-

1938 3616 2084 3665 tates
2114 3626 2403 3680 respuere,
2444 3626 2585 3679 quas
2624 3610 2899 3664 abdicatis
2940 3610 3134 3663 liberis
3164 3615 3428 3680 parentes
3457 3611 3634 3664 Eccle-

1939 3699 2037 3752 siae
2080 3700 2290 3767 legatas
2329 3698 2648 3763 voluerant,
2699 3697 2769 3751 ad
2816 3698 2963 3752 hanc
3005 3698 3393 3769 recipiendam
3439 3698 3633 3753 induci

1940 3801 2304 3859 nequaquam
2349 3784 2532 3855 potuit
2575 3784 2763 3855 (Serm.
2801 3789 2925 3855 355,
2956 3802 3013 3842 η.
3052 3786 3129 3856 4).
3174 3788 3431 3841 Filiorum
3462 3790 3634 3858 ipsius

1938 3879 2029 3943 sit,
2064 3874 2142 3930 ait
2165 3875 2280 3939 ille,
2310 3874 2453 3942 quod
2476 3875 2718 3943 reliquit,
2753 3877 2862 3945 ipsi
2890 3876 3016 3929 inde
3042 3878 3257 3941 faciant
3285 3876 3430 3945 quod
3456 3879 3635 3931 voluc-

1938 3968 2069 4019 rint.
2123 3964 2352 4019 Videtur
2388 3965 2529 4017 enim
2570 3966 2725 4030 mihi,
2772 3967 2903 4034 quia
2944 3967 2995 4019 si
3036 3980 3153 4019 cam
3202 3965 3636 4035 (hmreditatem)

1940 4069 2234 4123 suscepere,
2282 4054 2339 4105 in
2383 4055 2485 4106 isto
2527 4054 2696 4119 facto,
2741 4053 2885 4120 quod
2922 4055 3060 4107 mihi
3096 4055 3365 4123 displicet,
3406 4058 3454 4107 et
3496 4053 3640 4120 quod

1940 4143 2109 4209 (Iuleo,
2141 4142 2257 4211 ejus
2283 4144 2554 4210 particeps
2582 4157 2668 4195 ero
2698 4141 2880 4211 (Ibid.,
2908 4158 2963 4195 η.
2996 4142 3070 4207 3).

2014 4236 2064 4285 3.
2114 4233 2417 4299 Postquam
2456 4229 2525 4283 ad
2565 4245 2698 4283 eum
2738 4229 2971 4283 modum
3002 4227 3364 4282 conscientiae
3406 4242 3524 4279 suae
3552 4241 3638 4278 sa-

1942 4319 2163 4387 tisfecit,
2205 4322 2361 4370 ratus
2401 4321 2483 4371 est
2520 4317 2689 4371 officii
2724 4316 2811 4370 sui
2841 4317 3129 4388 propriam
3166 4313 3639 4369 existimationem

1942 4408 2093 4477 apud
2128 4405 2427 4476 populum,
2469 4406 2629 4476 cujus
2674 4406 2779 4459 sub
2808 4406 2999 4459 oculos
3028 4409 3084 4459 et
3112 4403 3202 4457 cui
3239 4402 3475 4467 vivebat,
3510 4417 3638 4454 exo-

1945 4511 2143 4550 nerare
2188 4494 2425 4562 invidia,
2470 4499 2526 4548 et
2568 4510 2760 4549 coram
2801 4510 2866 4548 eo
2907 4509 3067 4548 suam
3108 4491 3316 4562 agendi
3362 4489 3639 4544 rationem

1945 4600 2246 4655 exponere,
2279 4600 2349 4637 ne
2379 4583 2507 4654 quis
2534 4583 2668 4638 inde
2710 4584 2902 4653 lapsus
2943 4580 3219 4650 arriperet
3256 4577 3632 4633 occasionem.

1946 4672 2182 4743 Rogavit
2226 4673 2419 4742 itaque
2466 4672 2716 4742 plebem,
2776 4670 2835 4723 in
2888 4668 3193 4723 crastinum
3252 4666 3477 4721 adesset
3530 4667 3640 4720 frc-

1945 4762 2230 4833 quentior.
2276 4763 2531 4832 Cumque
2568 4761 2689 4831 jam
2734 4774 2933 4813 omnes
2974 4755 3392 4821 convenissent,
3438 4772 3645 4810 sermo-

1945 4864 2078 4901 nem
2120 4848 2193 4902 ad
2226 4865 2323 4902 eos
2356 4849 2525 4918 plane
2565 4847 2883 4917 simplicem
2928 4862 2991 4899 ac
3038 4845 3380 4900 familiarem
3420 4844 3641 4907 habuit,

1948 4937 2041 4989 sed
2076 4936 2477 5007 permovendis
2520 4935 2725 4989 animis
2771 4932 3019 4987 maxime
3056 4934 3507 4988 accommodum.
3548 4932 3647 4986 Hic

1871 5024 1881 5031 ’
1946 5025 2056 5078 illis
2074 5025 2264 5095 posuit
2281 5025 2353 5079 ob
2371 5025 2563 5078 oculos
2584 5023 2723 5077 illud
2743 5022 2969 5077 vivendi
2994 5022 3338 5089 institutum,
3362 5021 3510 5093 quod
3533 5036 3647 5073 una

1947 5129 2077 5167 cum
2118 5114 2267 5167 clero
2307 5129 2408 5166 suo
2455 5117 2651 5166 tenere
2703 5126 2929 5181 semper
2979 5111 3333 5183 decreverat;
3386 5110 3524 5163 item
3563 5108 3648 5160 Ja-

1947 5203 2137 5258 nuarii
2166 5204 2391 5273 culpam
2422 5218 2485 5255 ac
2516 5217 2676 5256 suam
2706 5200 2884 5272 ipsius
2908 5201 3286 5266 voluntatem,
3319 5214 3432 5268 qua
3459 5195 3649 5267 prohi-

1948 5294 2100 5358 bere,
2137 5308 2206 5345 ne
2240 5294 2553 5345 memorata
2592 5289 2893 5345 hmreditas
2931 5289 3313 5360 susciperetur
3351 5286 3421 5339 ab
3466 5284 3647 5338 Eccle-

1950 5383 2051 5449 sia,
2085 5384 2385 5439 statuerat;
2416 5384 2536 5434 tum
2568 5379 2816 5434 rationes
2842 5379 3079 5445 addidit,
3114 5378 3322 5449 quibus
3348 5389 3651 5445 persuasus

1951 5471 2101 5541 apud
2138 5487 2194 5523 se
2226 5472 2620 5541 proposuerat,
2663 5468 2801 5524 alias
2847 5484 3077 5540 quoque
3125 5466 3379 5535 rejicere,
3426 5460 3652 5516 tametsi

1954 5560 2124 5614 hocce
2152 5562 2267 5612 tam
2298 5559 2548 5628 prudens
2570 5563 2801 5631 tamque
2826 5571 3170 5628 generosum
3191 5551 3493 5607 consilium
3518 5567 3653 5605 non-
