4028 6174
203 255 304 307 537

195 366 633 431 renavcommodo
658 374 995 430 haereditatis
1024 373 1214 446 (Serm.
1240 376 1361 441 356,
1387 389 1445 429 n.
1465 373 1541 446 8).
1563 376 1639 430 Ex
1657 375 1910 431 diaconis

201 469 397 519 autem
435 464 483 518 si
532 464 634 536 qui
678 463 823 519 forte
867 467 1143 518 venerant
1184 462 1244 518 in
1290 462 1671 534 suspicionem
1705 465 1910 521 deserti

201 551 485 624 propositi
509 552 581 607 ad
611 552 940 607 habendum
972 551 1302 624 preprium;
1336 552 1442 607 hoc
1474 552 1545 608 ab
1575 552 1698 609 istis
1727 555 1909 610 nomi-

204 642 384 696 natim
413 641 867 713 singillatimque
902 640 1162 713 purgatis
1191 640 1407 695 crimen
1453 641 1737 697 emolitur.
1772 643 1908 698 Ora-

203 730 417 786 tionem
464 731 718 803 denique
766 731 895 787 finit
945 732 1005 786 in
1057 732 1180 786 haec
1226 732 1396 786 verba
1447 748 1460 786 :
1507 735 1671 790 Nemo
1718 735 1912 789 laceret

194 836 378 876 savos
413 823 553 876 Dei:
600 822 732 890 quia
776 836 882 875 non
923 821 1145 891 expedit
1184 821 1567 876 lacerantibus.
1602 824 1785 878 Servis
1814 825 1912 878 Dei

194 909 420 978 quidem
449 925 648 965 merces
672 911 834 977 falsis
881 910 1304 966 detractionibus
1335 913 1551 977 crescit;
1583 912 1679 966 sed
1723 914 1910 967 crescit

190 999 364 1053 etiam
410 1014 570 1069 pcena
616 999 1043 1055 detrahentibus.
1108 1001 1367 1055 Nolumus
1424 1015 1543 1054 cum
1595 1000 1909 1056 detrimento

189 1091 378 1142 vestro
403 1103 661 1157 magnam
708 1089 902 1143 habere
932 1088 1241 1143 mercedem.
1270 1090 1451 1143 Minus
1488 1088 1569 1142 ibi
1595 1090 1906 1157 habeamus,

188 1180 246 1229 et
278 1180 462 1231 tamen
488 1178 759 1234 vobiscum
788 1178 867 1232 ibi
894 1192 1172 1245 regrwmus
1201 1177 1385 1248 (Ibid.,
1419 1193 1477 1231 η.
1518 1177 1622 1247 lii).

270 1270 326 1320 5.
368 1266 599 1321 Curatio
629 1268 805 1322 Paulo
837 1273 893 1321 et
920 1266 1187 1321 Palladim
1218 1266 1326 1321 hoc
1356 1266 1555 1321 eodem
1588 1282 1738 1320 anno
1767 1266 1913 1322 divi-

193 1353 361 1409 nitus
387 1370 651 1410 concessa
681 1359 790 1423 est;
824 1355 974 1426 quod
1007 1355 1241 1426 quidem
1284 1353 1619 1409 miraculum
1655 1371 1771 1410 non
1801 1356 1911 1412 fuit

192 1443 448 1509 caeteris,
479 1460 608 1515 quae
638 1448 775 1499 tunc
804 1443 1082 1515 temporis
1112 1443 1259 1515 apud
1295 1443 1616 1515 Hipponem
1645 1461 1750 1515 per
1778 1446 1908 1502 Ste-

191 1531 381 1602 phani
403 1532 666 1603 martyris
686 1531 955 1604 reliquias
978 1532 1126 1587 facta
1143 1536 1276 1588 sunt
1299 1532 1398 1602 (De
1422 1534 1592 1588 Civit.
1616 1536 1731 1598 Dei,
1756 1535 1795 1590 ι.
1818 1536 1906 1601 22,

189 1633 242 1675 c.
262 1621 318 1684 8,
337 1634 394 1673 n.
423 1620 513 1684 20,
527 1621 583 1673 in
604 1624 714 1674 not.
741 1619 882 1674 Hinc
900 1620 1080 1690 vero),
1096 1619 1247 1690 quod
1268 1620 1338 1674 ad
1357 1635 1477 1674 rem
1500 1621 1796 1692 grandius,
1810 1620 1910 1676 sed

193 1711 320 1761 tam
359 1708 577 1763 clarum
610 1712 784 1779 atque
821 1707 1062 1774 illustre,
1096 1712 1161 1762 ut
1189 1706 1252 1761 in
1282 1724 1347 1763 ea
1378 1708 1517 1763 urbe
1563 1709 1911 1781 reperiretur

194 1796 418 1860 nullus,
451 1796 551 1868 qui
604 1796 715 1850 hoc
767 1812 883 1850 non
940 1795 1174 1851 vidisset
1227 1798 1316 1852 vel
1373 1796 1678 1867 didicisset,
1721 1800 1910 1854 nullus

194 1884 300 1955 qui
374 1883 629 1939 oblivisci
700 1886 816 1939 ulla
880 1885 1101 1940 ratione
1164 1889 1357 1957 posset
1423 1887 1605 1957 (lbid.,
1675 1904 1730 1941 η.
1791 1890 1905 1957 22).

195 1972 472 2027 Cmsareaa
526 1971 586 2026 in
644 1971 1001 2043 Cappadocia
1055 1972 1273 2027 familia
1327 1976 1446 2027 erat
1502 1988 1614 2027 non
1676 1972 1909 2043 ignobi-

197 2059 293 2129 lis,
336 2076 517 2131 eaque
560 2059 758 2114 liberis
805 2059 1020 2127 decem,
1058 2060 1336 2115 nimirum
1384 2065 1602 2132 septem
1646 2062 1908 2116 masculis

197 2165 263 2204 ac
333 2148 562 2204 feminis
622 2149 803 2204 tribus
886 2154 1173 2217 constans;
1246 2149 1397 2203 inter
1479 2166 1621 2221 quos
1702 2150 1908 2204 Paulus

195 2242 429 2295 sextum
484 2238 594 2294 sibi
648 2240 857 2304 locum,
908 2240 1157 2295 Palladia
1204 2239 1514 2311 septimum
1564 2239 1903 2295 vindicabat.

197 2328 458 2399 Contigit
501 2330 690 2383 autem
737 2332 803 2383 ut
845 2332 1008 2400 patre
1058 2328 1345 2391 defuncto,
1379 2345 1493 2383 non
1536 2329 1732 2384 multis
1776 2333 1908 2400 post

196 2416 355 2471 illius
394 2416 619 2472 obitum
648 2416 869 2484 diebus,
897 2434 1026 2472 cum
1056 2417 1259 2472 fratres
1283 2434 1483 2472 omnes
1512 2417 1669 2473 domi
1696 2422 1902 2484 essent,

195 2513 338 2560 natu
370 2505 650 2561 maximus
680 2511 924 2561 matrem
950 2507 1182 2561 viduam
1214 2506 1482 2578 gravibus
1507 2511 1676 2578 atque
1706 2506 1907 2562 intole-

198 2594 396 2651 randis
426 2595 677 2650 afﬁceret
703 2595 952 2666 injuriis,
982 2595 1042 2649 in
1067 2599 1290 2649 tantum
1320 2600 1384 2650 ut
1416 2595 1467 2650 ei
1498 2596 1671 2651 etiam
1701 2612 1905 2651 manus

200 2699 318 2738 non
361 2683 649 2739 dubitaret
676 2682 915 2752 inferre;
949 2684 1108 2739 nullo
1146 2683 1379 2739 interim
1419 2701 1449 2738 e
1479 2684 1773 2754 fratribus,
1807 2702 1905 2741 ne-

196 2789 311 2843 que
362 2772 718 2845 impietatem
756 2773 915 2828 illam
956 2777 1211 2840 curante,
1255 2790 1445 2844 neque
1490 2774 1661 2828 verbo
1706 2775 1907 2829 saltem

196 2862 392 2917 fratris
426 2861 710 2916 insaniam
752 2866 1070 2918 coercente.
1113 2863 1268 2916 Hanc
1305 2866 1423 2916 tam
1462 2867 1714 2916 atrocem
1752 2862 1906 2934 inju-

197 2951 346 3005 riam
378 2950 589 3005 mulier
622 2950 818 3005 infelix
861 2950 1224 3005 acerbissime
1261 2950 1415 3017 tulit,
1450 2949 1529 3005 ita
1562 2956 1624 3006 ut
1653 2950 1765 3005 illis
1794 2952 1906 3007 ira-

196 3036 429 3093 cundias
478 3038 752 3108 motibus,
793 3039 895 3112 qui
942 3038 1102 3094 sexui
1140 3038 1233 3094 isti
1278 3055 1558 3111 perquam
1598 3038 1908 3095 familiares

198 3129 358 3193 sunt,
390 3130 639 3182 mstuans
670 3127 927 3183 dolorem
956 3121 1121 3182 suum
1150 3126 1346 3182 ulcisci
1385 3126 1773 3199 primogenito
1802 3145 1906 3183 suo

196 3213 325 3269 dira
357 3214 726 3287 imprecando
757 3215 1136 3271 constituerit.
1161 3218 1303 3271 Cum
1322 3220 1498 3272 autem
1530 3215 1604 3270 ad
1632 3219 1779 3271 sacri
1806 3219 1909 3273 Ba-

194 3305 480 3373 ptismatis
510 3307 734 3373 fontem,
761 3304 952 3377 inquit
978 3304 1040 3359 in
1059 3304 1252 3360 libello
1279 3304 1591 3360 curationis
1621 3321 1738 3360 sua:
1767 3307 1909 3360 Pau-

200 3393 310 3459 lus,
330 3397 461 3463 post
485 3394 755 3461 gallorum
782 3398 970 3449 cantus
999 3399 1288 3449 memorato
1334 3396 1447 3463 ﬁlio
1488 3410 1584 3449 suo
1631 3396 1774 3449 iram
1813 3397 1910 3450 Dei

200 3483 571 3551 imprecatura
606 3487 957 3554 properaret;
992 3487 1118 3538 tunc
1154 3485 1206 3537 ei
1236 3485 1413 3538 nescio
1456 3486 1578 3553 quis
1624 3486 1681 3538 in
1717 3486 1910 3554 patrui

197 3572 377 3625 nostri
401 3571 788 3640 similitudine,
811 3576 872 3625 ut
895 3573 1242 3641 intelligitur,
1271 3572 1475 3627 daemon
1494 3574 1747 3639 occurrit,
1770 3576 1821 3627 et
1840 3573 1908 3626 ab

197 3674 260 3713 ea
285 3661 467 3729 prior,
509 3676 614 3729 quo
640 3664 909 3730 pergeret,
941 3662 1244 3728 requisivit.
1280 3663 1380 3716 Cui
1414 3662 1533 3727 illa,
1567 3660 1640 3715 ad
1674 3662 1908 3715 maledi-

197 3748 429 3804 cendum
472 3750 581 3817 ﬁlio
624 3765 720 3804 suo
762 3750 825 3804 ob
867 3750 1264 3806 intolerabilem
1307 3750 1682 3805 contumeliam
1733 3765 1788 3803 se
1830 3751 1909 3803 ire

196 3838 501 3907 respondit.
539 3841 685 3893 Tunc
714 3843 893 3893 autem
920 3839 1012 3892 ille
1044 3840 1316 3903 inimicus,
1350 3840 1607 3909 quoniam
1635 3840 1695 3893 in
1722 3840 1910 3893 mulie-

195 3928 276 3981 ris
324 3927 484 3982 corde
523 3928 828 3982 insaniente
870 3928 1040 3983 locum
1099 3928 1264 3995 facile
1309 3929 1551 4001 invenire
1596 3926 1799 3997 potuit,
1848 3932 1910 3981 ut

193 4016 447 4071 omnibus
482 4016 847 4082 malediceret,
875 4018 1165 4085 persuasit.
1199 4017 1302 4071 Illa
1347 4019 1526 4070 autem
1554 4017 1785 4084 vipereis
1814 4017 1905 4070 in-

193 4107 481 4172 ﬂammata
505 4106 765 4172 consiliis,
784 4119 1000 4159 sacrum
1025 4107 1227 4171 fontem
1246 4104 1534 4173 provoluta
1558 4106 1841 4173 corripuit,
1858 4108 1909 4159 et

191 4195 410 4262 sparsis
441 4193 683 4248 crinibus
713 4193 1044 4261 nudatisque
1071 4192 1324 4247 uberibus
1364 4193 1460 4246 hoc
1489 4207 1525 4246 a
1556 4195 1657 4246 Deo
1681 4194 1907 4261 potissi-

193 4298 344 4337 mum
367 4283 692 4353 postulavit,
718 4287 778 4336 ut
802 4286 1043 4336 extorres
1068 4283 1260 4352 patria
1287 4284 1338 4335 et
1366 4282 1750 4335 circumeuntes
1780 4283 1909 4336 alie-

192 4385 293 4425 nas
344 4374 540 4437 terras,
586 4386 739 4425 omne
778 4371 1081 4425 'hominum
1127 4384 1296 4438 genus
1322 4368 1527 4424 nostro
1592 4372 1907 4426 terreremus

193 4460 440 4529 exemplo
467 4460 658 4530 (Serm.
696 4460 841 4527 322).
876 4460 1130 4526 Precem,
1171 4473 1347 4530 quam
1391 4457 1446 4512 ei
1492 4457 1658 4513 dolor
1700 4474 1902 4530 sugge-

196 4548 381 4613 rebat,
402 4548 620 4604 audivit
639 4550 807 4616 Deus,
841 4552 898 4603 et
922 4547 1292 4620 quantumvis
1314 4546 1589 4602 scelerata
1615 4548 1712 4602 illa
1735 4548 1903 4614 foret,

194 4652 253 4691 se
283 4635 482 4691 tamen
508 4653 575 4691 ea
601 4654 801 4709 passus
831 4645 918 4691 est
947 4636 1173 4692 exorari
1202 4652 1216 4691 :
1250 4636 1466 4708 quippe
1493 4652 1625 4692 cum
1654 4636 1701 4691 is
1732 4636 1907 4692 unde-

192 4740 444 4796 cumque
481 4725 672 4796 justus
701 4725 788 4791 sit,
823 4724 1056 4780 nonnisi
1093 4725 1314 4796 justum
1356 4723 1539 4795 ipsius
1558 4724 1773 4795 judicio
1801 4724 1903 4779 ha-

191 4814 317 4870 beri
344 4817 535 4886 potest
562 4815 626 4869 in
668 4814 814 4869 tilios
840 4814 1114 4869 adversus
1154 4817 1397 4868 matrem
1434 4812 1747 4884 impietatis
1776 4829 1904 4868 reos

192 4902 672 4959 animadvertere.
720 4904 898 4974 Major
953 4908 1096 4958 natu
1138 4918 1168 4958 e
1214 4901 1453 4974 vestigio
1503 4902 1612 4957 fuit
1658 4906 1904 4957 tremore

194 4990 462 5047 horribili
488 4995 801 5064 correptus,
832 5007 947 5064 quo
983 4991 1093 5064 ipsi
1114 4991 1287 5047 etiam
1318 4992 1470 5047 inter
1499 4991 1903 5047 dormiendum

197 5081 454 5136 membra
485 5080 910 5153 quatiebantur.
938 5082 1084 5136 Tum
1113 5081 1254 5136 alios
1283 5081 1486 5135 fratres
1537 5096 1898 5152 sororesque,

194 5170 511 5225 secundum
538 5169 800 5225 ordinem
819 5186 935 5242 quo
957 5170 1077 5225 nati
1103 5174 1289 5233 erant,
1312 5170 1463 5225 intra
1483 5185 1664 5223 unum
1686 5185 1901 5223 annum

193 5258 290 5313 illa
336 5259 538 5315 eadem
579 5276 777 5314 omnes
806 5276 976 5332 paena
1012 5259 1290 5332 corripuit
1332 5260 1424 5330 (De
1469 5261 1617 5314 civit.
1654 5259 1773 5327 Dei,
1804 5259 1898 5314 lib.

192 5350 281 5415 22,
306 5364 429 5419 cap.
467 5350 520 5417 8,
559 5364 616 5404 η.
647 5349 762 5420 22.)
805 5349 1002 5404 Misera
1031 5366 1096 5404 ac
1133 5348 1435 5405 maledicta
1460 5363 1666 5419 parens
1693 5363 1761 5402 eo
1793 5364 1900 5420 pu-

194 5436 312 5490 nita
357 5437 634 5506 severius,
666 5454 781 5509 quo
830 5454 889 5493 se
927 5437 1247 5509 promptius
1288 5436 1629 5509 pleniusque
1675 5435 1901 5492 videbat

194 5526 542 5593 exauditam,
569 5542 701 5582 cum
733 5543 920 5598 neque
967 5526 1277 5599 impietatis
1318 5543 1435 5582 suae
1466 5524 1897 5595 conscientiam,

1653 254 1867 311 LIBER
1904 254 2249 312 OCTAVUS.

3610 264 3716 316 538

2025 393 2213 449 neque
2241 375 2616 448 opprobrium
2645 376 2948 432 hominum
2977 377 3127 433 ferre
3156 377 3372 435 diutius
3402 383 3608 450 posset,
3636 382 3718 436 1a-

2022 482 2169 537 queo
2204 470 2406 537 guttur
2433 465 2776 538 astringens,
2810 466 3126 521 luctuosam
3154 466 3329 521 vitam
3359 466 3606 522 termino
3627 469 3716 523 fu-

2022 553 2272 609 nestiore
2305 554 2582 611 conclusit
2611 557 2786 611 Serm.
2826 557 2975 625 322).
3010 556 3072 611 Et
3103 554 3181 610 sic
3209 572 3325 609 una
3352 555 3568 611 familia
3596 560 3719 610 tum

2020 642 2190 709 ﬁlios,
2225 659 2400 715 quem
2429 644 2707 698 honorem
2737 643 3240 716 obedientiamque
3269 644 3607 716 parentibus
3631 644 3724 711 de-

2016 730 2240 798 berent,
2279 726 2526 798 edocuit,
2568 736 2692 786 tum
2738 738 3025 802 parentes,
3066 749 3137 788 ne
3171 731 3260 787 sui
3300 732 3548 787 nominis
3577 731 3721 788 obli-

2017 819 2387 888 viscerentur,
2438 836 2580 875 neve
2626 819 2939 875 iracundiae
3003 820 3223 892 impetu
3284 837 3404 876 sese
3454 821 3724 877 adversus

2018 909 2165 964 lilios
2212 909 2397 981 abripi
2442 909 2715 976 sinerent,
2745 909 3064 966 admonuit.
3119 909 3303 964 Liberi
3347 913 3712 981 conspectum

2019 997 2225 1053 civium
2240 1015 2408 1053 suoru
2419 1014 2471 1052 m
2489 997 2547 1052 in
2565 997 2815 1069 lugendo
2837 997 2934 1052 illo
2955 1002 3104 1054 statu
3116 1014 3232 1052 non
3253 998 3519 1067 ferentes,
3536 998 3723 1068 patria

2019 1092 2399 1159 excesserunt,
2420 1094 2476 1144 et
2495 1088 2641 1142 alius
2661 1088 2794 1153 alio,
2819 1092 2991 1159 prout
3005 1089 3212 1160 cuique
3232 1088 3467 1160 placuit,
3484 1088 3720 1160 profecti

2018 1182 2180 1246 sunt;
2216 1182 2386 1249 atque
2428 1177 2497 1232 ad
2544 1192 2677 1231 eum
2726 1176 2964 1231 modum
3008 1181 3129 1231 toto
3177 1193 3325 1248 pene
3368 1178 3723 1249 vagabantur

2018 1267 2153 1341 orbe
2204 1267 2483 1332 Romano,
2526 1265 2819 1319 miseriam
2872 1280 3034 1320 suam
3083 1266 3341 1320 omnium
3392 1266 3722 1321 exhibentes

2017 1354 2197 1409 oculis
2224 1354 2317 1426 (De
2346 1355 2515 1409 Civit.
2566 1356 2681 1421 Dei,
2730 1354 2826 1408 lib.
2858 1356 2948 1416 22,
2997 1369 3117 1423 cap.
3151 1357 3204 1421 8,
3243 1370 3301 1408 η.
3334 1354 3450 1424 22),
3498 1370 3721 1409 necnon

2017 1444 2295 1514 superbos
2361 1444 2622 1516 exemplo
2683 1442 2950 1514 supplicii
2996 1442 3084 1496 sui
3137 1443 3485 1497 deterrentes
3530 1444 3720 1513 (Serm.

2018 1536 2139 1603 323,
2185 1549 2240 1588 n.
2299 1536 2369 1602 l).
2410 1533 2701 1588 Secundus
2738 1533 2980 1587 fratrum
3027 1533 3312 1587 Ravennae
3350 1531 3723 1603 reliquiarum

2018 1622 2198 1678 sancti
2220 1622 2529 1692 Laurentii,
2551 1638 2680 1695 quas
2706 1622 2820 1677 illic
2842 1637 3038 1676 recens
3058 1621 3345 1675 collocatas
3365 1620 3592 1675 fuerant
3616 1635 3723 1691 ope

2019 1711 2321 1766 sanitatem
2346 1712 2722 1783 recuperavit.
2748 1711 2956 1766 Paulus
2987 1726 3051 1765 ac
3082 1709 3332 1765 Palladia
3356 1711 3480 1765 loca
3505 1709 3722 1776 omnia,

2017 1797 2075 1852 in
2106 1798 2313 1870 quibus
2342 1800 2466 1855 fieri
2497 1800 2771 1855 miracula
2802 1800 3146 1867 dicerentur,
3174 1814 3387 1870 magno
3411 1798 3609 1854 salutis
3629 1814 3720 1853 re-

2018 1886 2296 1956 cipiendas
2326 1888 2606 1943 desiderio
2628 1886 2885 1958 petituri,
2910 1904 3031 1941 sese
3060 1889 3166 1941 viae
3191 1887 3574 1941 committunt.
3597 1888 3719 1951 Quo

2017 1974 2251 2044 factum,
2280 1979 2344 2029 ut
2386 1975 2555 2029 variis
2592 1975 2649 2030 in
2700 1974 3032 2046 regionibus
3072 1974 3303 2029 miseria
3340 1991 3442 2029 sua
3473 1974 3722 2029 celebres

2023 2063 2350 2119 evaderent.
2370 2064 2589 2119 Petiere
2616 2064 2766 2118 inter
2790 2063 2928 2118 alias
2945 2064 3116 2118 urbes
3145 2064 3436 2118 Anconem
3456 2062 3516 2118 in
3536 2061 3720 2128 Italia,

2018 2156 2189 2222 atque
2224 2152 2438 2207 Uzalim
2468 2152 2528 2206 in
2565 2152 2773 2219 Africa,
2807 2156 3111 2224 utramque
3149 2156 3383 2230 propter
3410 2152 3563 2207 beati
3594 2151 3719 2207 Ste-

2016 2241 2191 2314 phani
2221 2241 2496 2295 miracula
2524 2241 2829 2311 insignem.
2863 2241 3269 2295 Verumtamen
3305 2240 3368 2294 in
3396 2246 3599 2296 neutra
3631 2256 3724 2295 re-

2025 2330 2181 2386 stitui
2211 2330 2270 2384 in
2298 2329 2604 2402 pristinum
2645 2334 2855 2384 statum
2885 2334 3153 2407 potuere;
3186 2333 3285 2384 aut
3331 2330 3523 2400 potius
3553 2330 3720 2396 Deus,

2018 2419 2118 2492 qui
2147 2419 2306 2473 nullo
2332 2419 2561 2490 negotio
2587 2418 2644 2473 id
2667 2422 2888 2490 poterat
2906 2422 3200 2489 praestare,
3221 2417 3426 2485 noluit,
3453 2417 3727 2490 Hipponi-

2017 2509 2197 2581 Regio
2246 2508 2613 2580 spectandam
2662 2507 2960 2579 utriusque
3003 2507 3355 2562 curationem
3404 2523 3719 2563 reservans.

2017 2600 2202 2664 Quare
2231 2598 2373 2653 illud
2399 2597 2480 2652 eis
2509 2596 2850 2667 signiﬁcavit
2878 2596 3180 2651 manifesta
3210 2597 3457 2668 quadam
3483 2596 3606 2669 ipso
3628 2597 3725 2650 ka-

2018 2687 2318 2742 lendarum
2355 2685 2756 2757 januariarum
2803 2685 2893 2740 die
2933 2685 3169 2750 visione,
3203 2701 3332 2756 quae
3368 2685 3551 2740 tribus
3592 2689 3724 2739 ante

2018 2775 2328 2842 mensibus,
2375 2791 2550 2846 quam
2596 2774 2705 2829 hoc
2750 2774 2931 2839 fieret,
2981 2772 3200 2828 accidit.
3261 2774 3360 2829 Ait
3403 2775 3545 2828 enim
3587 2775 3729 2828 mihi

2019 2865 2265 2935 quidam,
2288 2868 2351 2918 ut
2368 2862 2754 2934 Augustinum
2788 2863 3085 2934 alloquens
3109 2862 3317 2916 Paulus
3342 2861 3437 2916 ille
3461 2866 3721 2927 testatur,

2018 2957 2235 3023 aspectu
2260 2953 2461 3017 clarus,
2493 2956 2543 3006 et
2581 2951 2815 3006 candido
2845 2952 2993 3005 crine
3022 2949 3368 3017 venerabilis,
3396 2949 3542 3018 quod
3571 2952 3724 3004 intra

2017 3046 2235 3097 tertium
2264 3056 2495 3096 mensem
2514 3039 2827 3097 desiderata
2850 3042 2984 3094 esset
3013 3039 3148 3092 mihi
3169 3039 3379 3093 sanitas
3406 3037 3482 3092 ad
3505 3039 3722 3104 futura.

2017 3132 2409 3189 Sororiautem
2435 3145 2561 3184 mea:
2591 3128 2653 3184 in
2680 3130 2885 3183 visione
2922 3127 3196 3183 Sanctitas
3229 3130 3324 3181 tua
3348 3128 3405 3181 in
3433 3142 3495 3181 ea
3520 3128 3720 3196 efﬁgie,

2018 3222 2077 3273 in
2103 3236 2213 3290 qua
2242 3224 2292 3274 te
2314 3223 2604 3289 praesentes
2640 3218 2907 3285 videmus,
2946 3218 3209 3287 apparuit
3239 3232 3252 3270 :
3272 3231 3370 3286 per
3400 3214 3545 3285 quod
3572 3214 3724 3270 nobis

2016 3311 2383 3378 signiﬁcatum
2429 3313 2507 3363 est
2557 3307 2631 3361 ad
2677 3309 2842 3361 istum
2890 3307 3060 3361 locum
3101 3320 3198 3360 nos
3238 3306 3420 3359 venire
3459 3304 3721 3358 debuisse.

2016 3400 2157 3454 Nam
2193 3402 2245 3453 et
2272 3412 2366 3465 ego
2404 3395 2805 3452 Beatitudinem
2842 3398 2991 3449 tuam
3027 3396 3226 3463 saepius
3254 3398 3441 3463 postea
3476 3392 3726 3447 videbam

2010 3503 2111 3557 per
2160 3489 2299 3543 alias
2341 3488 2584 3541 civitates
2627 3487 2688 3539 in
2730 3486 2940 3552 itinere,
2993 3498 3099 3552 quo
3154 3481 3516 3547 veniebamus,
3566 3480 3726 3535 talem

2012 3590 2259 3645 prorsus,
2291 3575 2505 3645 qualem
2533 3572 2688 3628 modo
2718 3572 3005 3641 conspicio.
3023 3570 3314 3625 Admoniti
3340 3583 3464 3636 ergo
3489 3568 3727 3623 evidenti

2017 3664 2340 3717 auctoritate
2372 3662 2563 3715 divina
2591 3660 2666 3714 ad
2700 3660 2839 3713 hanc
2865 3660 3104 3713 venimus
3136 3659 3409 3712 civitatem
3446 3660 3572 3711 ante
3608 3655 3724 3712 dies

2015 3754 2185 3819 ferme
2213 3749 2521 3819 quindecim
2551 3749 2744 3817 (Serm.
2781 3746 2927 3815 322),
2962 3745 3238 3801 nimirum
3267 3744 3492 3800 circiter
3523 3748 3721 3800 octavo

2020 3840 2149 3894 idus
2196 3838 2446 3893 martias.
2498 3837 2597 3891 Hic
2649 3836 2853 3892 diebus
2899 3834 3140 3907 singulis
3188 3833 3505 3899 ecclesiam,
3556 3838 3615 3889 et
3663 3834 3722 3889 in

2017 3944 2084 3982 ea
2134 3926 2470 3982 memoriam
2518 3925 2698 3980 sancti
2747 3924 3020 3997 Stephani
3067 3922 3529 3995 frequentabant,
3580 3923 3725 3978 fusis

2016 4017 2278 4091 lacrymis
2324 4017 2749 4085 comprecantes
2801 4015 3003 4080 Deum,
3053 4016 3120 4067 ut
3166 4017 3224 4066 et
3268 4010 3378 4066 sibi
3425 4015 3725 4083 peccatum

2014 4103 2360 4176 ignosceret,
2408 4108 2466 4159 et
2509 4107 2766 4175 optatam
2821 4100 3210 4157 valetudinem
3256 4099 3606 4157 restitueret.
3664 4101 3728 4154 Et

2016 4194 2154 4262 illic,
2184 4198 2240 4248 et
2266 4208 2629 4264 quacumque
2659 4190 2840 4257 ibant,
2871 4190 3275 4245 convertebant
3307 4187 3367 4242 in
3397 4204 3456 4242 se
3486 4187 3726 4242 civitatis

2015 4287 2327 4353 aspectum.
2377 4282 2440 4335 Et
2487 4278 2769 4347 nonnulli,
2804 4278 2904 4350 qui
2954 4295 3048 4332 eos
3095 4276 3229 4332 alibi
3268 4275 3547 4343 viderant,
3588 4291 3722 4330 cau-

2017 4387 2253 4444 samque
2281 4369 2546 4424 tremoris
2578 4384 2779 4425 eorum
2802 4371 3099 4432 noverant,
3123 4364 3271 4432 aliis,
3294 4368 3358 4418 ut
3386 4363 3593 4436 cuique
3622 4381 3724 4434 po-

2014 4463 2224 4525 terant,
2254 4458 2590 4514 indicabant
2615 4457 2707 4528 (De
2735 4459 2893 4515 Civit.
2918 4458 3034 4523 Dei,
3065 4453 3161 4510 lib.
3188 4456 3278 4522 22,
3300 4469 3422 4524 cap.
3445 4455 3500 4520 8,
3529 4469 3586 4509 n.
3609 4453 3722 4524 22).

2087 4552 2141 4604 6.
2176 4547 2344 4602 Venit
2370 4552 2426 4602 et
2457 4547 2689 4613 Pascha,
2722 4550 2894 4617 atque
2922 4545 3048 4616 ipso
3081 4542 3172 4599 die
3203 4540 3493 4597 dominico
3532 4558 3719 4611 mane,

2015 4654 2146 4693 cum
2169 4638 2291 4709 jam
2323 4638 2592 4709 frequens
2623 4636 2872 4708 populus
2898 4650 3152 4706 praesens
3178 4637 3345 4701 esset,
3376 4636 3433 4688 et
3460 4631 3574 4693 loci
3604 4650 3726 4693 san.

2013 4727 2087 4781 cti
2113 4727 2414 4790 cancellos,
2441 4726 2542 4781 ubi
2574 4723 2913 4794 martyrium
2943 4726 3086 4791 erat,
3119 4721 3274 4778 idem
3288 4721 3517 4794 juvenis
3545 4739 3716 4779 orans

2015 4819 2256 4883 teneret,
2274 4825 2507 4887 repente
2526 4817 2847 4885 prostratus
2863 4815 2967 4877 est,
2986 4815 3043 4866 et
3062 4811 3372 4867 dormienti
3392 4810 3722 4867 simillimus

2008 4905 2190 4975 jacuit
2221 4921 2233 4959 :
2266 4920 2386 4960 non
2414 4908 2609 4957 tamen
2645 4905 2917 4967 tremens,
2947 4899 3092 4955 sicut
3122 4900 3293 4956 etiam
3321 4917 3426 4973 per
3453 4916 3721 4956 somnum

2013 4993 2248 5049 solebat.
2281 4989 2647 5063 Stupentibus
2695 4988 2795 5061 qui
2841 4988 3099 5061 aderant,
3140 4994 3312 5063 atque
3354 4989 3479 5045 aliis
3513 5005 3720 5061 paven-

2012 5082 2187 5150 tibus,
2221 5082 2345 5137 aliis
2374 5078 2723 5149 dolentibus,
2753 5094 2885 5134 cum
2915 5094 3049 5134 eum
3092 5079 3329 5152 quidam
3356 5079 3564 5134 vellent
3602 5075 3715 5132 eri-

2013 5187 2167 5244 gere,
2198 5168 2462 5225 nonnulli
2496 5168 2939 5240 prohibuerunt,
2971 5172 3029 5223 et
3049 5168 3241 5241 potius
3279 5168 3493 5223 exitum
3519 5181 3725 5237 exspes

2014 5260 2285 5315 ctandum
2314 5274 2434 5313 esse
2463 5257 2729 5313 dixerunt
2762 5256 2968 5330 (Ibid).
3000 5259 3124 5330 Ipse
3154 5262 3346 5313 autem
3374 5254 3656 5309 alienatus
3683 5270 3719 5308 a

2012 5364 2204 5414 sensu,
2242 5346 2343 5402 ubi
2389 5351 2524 5403 tunc
2569 5346 2742 5403 fuerit
2787 5346 3045 5404 nescivit.
3085 5348 3314 5413 Verum,
3356 5359 3491 5399 cum
3539 5344 3710 5416 paulo

2012 5441 2143 5509 post
2189 5435 2540 5506 surrexisset,
2580 5436 2887 5494 liberatum
2930 5453 2989 5492 se
3035 5436 3104 5491 ab
3152 5433 3463 5507 agitatione
3512 5432 3614 5489 illa
3660 5438 3719 5490 et

2012 5526 2258 5595 perfecte
2301 5529 2561 5583 sanatum
2617 5544 2737 5584 esse
2785 5525 3047 5599 cognovit
3091 5524 3287 5593 (Serm.
3333 5521 3474 5594 322).
3519 5523 3717 5580 Stabat
