4028 6174
363 278 465 331 539

363 398 673 466 incolumis,
715 396 794 452 ait
821 396 1200 469 Augustinus,
1228 398 1440 451 intuens
1469 397 1751 452 intuentes.
1783 396 1918 462 Quis
1948 412 2071 465 ergo

366 502 420 542 se
449 488 623 542 tenuit
644 502 679 543 a
708 486 960 542 laudibus
992 485 1129 541 Dei?
1160 486 1531 541 Clamantium
1569 486 2074 555 gratulantiumque

364 575 581 631 vocibus
627 575 848 630 ecclesia
882 589 1269 644 usquequaque
1296 575 1555 644 completa
1585 578 1680 629 est.
1724 573 1855 629 Inde
1889 573 1965 628 ad
1991 589 2073 628 me

365 667 629 731 curritur,
651 664 748 718 ubi
767 663 1013 718 sedebam
1035 663 1155 733 jam
1172 678 1555 733 processurus;
1578 664 1744 717 irruit
1764 664 1903 717 alter
1918 664 2070 733 quis—

368 771 468 823 que
500 758 625 824 post
665 754 913 820 alterum,
955 755 1126 807 omnis
1165 754 1434 822 posterior
1476 754 1638 822 quasi
1679 768 1897 817 novum,
1928 751 2072 822 quod

364 845 507 897 alius
529 844 687 913 prior
701 842 941 910 dixerat,
968 843 1280 896 nuntiantes
1305 858 1318 895 :
1342 856 1525 911 meque
1541 840 1830 910 gaudente,
1847 845 1899 896 et
1918 841 2072 912 apud

368 947 450 986 me
472 915 684 999 gratias
716 933 819 985 Deo
850 933 1057 997 agente,
1091 928 1399 997 ingreditur
1423 932 1585 984 etiam
1610 932 1726 1000 ipse
1752 945 1870 985 cum
1899 931 2074 999 pluri-

368 1021 484 1086 bus,
504 1021 803 1074 inclinatur
824 1018 900 1072 ad
918 1033 1094 1085 genua
1109 1033 1244 1085 mea,
1269 1018 1499 1087 erigitur
1515 1018 1593 1075 ad
1617 1019 1854 1074 osculum
1873 1033 2066 1073 meum.

365 1108 705 1164 Procedimus
735 1107 809 1161 ad
830 1108 1123 1177 populum;
1148 1108 1308 1177 plena
1339 1112 1456 1162 erat
1483 1109 1722 1171 ecclesia,
1741 1108 2071 1179 personabat

366 1198 580 1253 vocibus
631 1198 978 1265 gaudiorum,
1026 1199 1128 1251 Deo
1173 1198 1423 1263 gratias!
1452 1200 1556 1252 Deo
1603 1197 1827 1252 laudes!
1863 1199 2072 1252 nemine

365 1290 590 1354 tacente,
623 1287 748 1341 hinc
778 1290 940 1355 atque
963 1284 1087 1339 inde
1110 1286 1478 1341 clamantium.
1512 1286 1764 1342 Salutavi
1786 1287 2067 1357 populum,

364 1380 415 1431 et
442 1390 633 1431 rursus
664 1374 848 1429 eadem
891 1375 1216 1441 ferventiore
1243 1390 1367 1429 voce
1402 1375 1729 1430 clamabant.
1760 1376 1922 1429 Facto
1955 1380 2073 1429 tan-

364 1464 484 1519 dem
512 1466 746 1527 silentio.
790 1464 1200 1534 Scripturarum
1249 1464 1562 1519 divinarum
1599 1468 1724 1520 sunt
1754 1465 1888 1519 lecta
1934 1465 2068 1519 sole-

364 1556 535 1609 mnia.
568 1554 670 1608 Ubi
691 1557 871 1608 autem
890 1557 1105 1608 ventum
1125 1552 1299 1608 estad
1319 1554 1425 1607 mei
1448 1555 1705 1608 sermonis
1727 1554 1916 1621 locum,
1946 1552 2072 1608 dimi

360 1660 539 1715 pauca
563 1658 667 1714 pro
697 1647 930 1713 tempore
953 1647 1003 1698 et
1028 1657 1131 1713 pro
1160 1642 1310 1696 illius
1332 1641 1679 1712 jucunditate
1707 1642 1923 1697 laetitiae.
1957 1643 2071 1697 Ma-

364 1736 447 1803 gis
477 1734 617 1787 enim
642 1746 725 1788 cos
755 1734 813 1786 in
842 1747 999 1803 opere
1027 1731 1217 1786 divino
1248 1731 1542 1801 quamdam
1563 1733 1660 1786 Dei
1683 1731 2066 1801 eloquentiam,

364 1838 471 1877 non
517 1822 731 1892 audire,
761 1821 855 1876 sed
900 1821 1241 1877 considerare
1263 1823 1495 1891 permisi
1529 1820 1627 1892 (De
1671 1823 1910 1877 Civitate
1949 1823 2065 1885 Dei,

365 1912 460 1967 lib.
494 1915 581 1979 22,
612 1927 732 1981 cap.
767 1914 820 1978 8,
847 1927 901 1965 n.
930 1911 1041 1982 22).
1072 1910 1358 1965 Habemus
1389 1910 1706 1965 etiamnum
1736 1910 2064 1966 oratiuncu-

363 2000 499 2068 lam,
530 2015 702 2072 quam
733 2015 905 2071 super
924 2000 1033 2054 hoc
1062 2003 1267 2054 eventu
1290 1998 1680 2071 pronuntiavit
1707 2001 1896 2065 (Serm.
1922 2000 2065 2067 320),

362 2093 465 2144 aut
510 2093 659 2144 certe
703 2088 961 2160 ejusdem
1007 2088 1283 2143 orationis
1338 2089 1748 2160 compendium
1793 2104 1805 2141 :
1852 2087 2067 2160 quippe

363 2176 579 2232 creditu
620 2176 849 2231 difficile
886 2180 990 2244 est,
1033 2177 1247 2246 ipsum,
1276 2177 1585 2249 quominus
1625 2177 1793 2248 plura
1833 2176 2063 2245 diceret,

363 2265 473 2320 sibi
510 2269 877 2335 temperasse.
911 2266 1176 2319 Attamen
1218 2265 1332 2320 illic
1373 2265 1651 2321 sermonis
1691 2265 1777 2320 sui
1817 2265 2064 2321 brevita-

364 2358 481 2409 tem
510 2352 778 2424 :excusat,
824 2353 1063 2424 ejusque
1113 2368 1342 2407 causam
1390 2353 1554 2407 affert
1598 2352 2064 2425 defatigationem

365 2458 548 2510 suam,
585 2458 648 2497 ac
677 2441 1136 2513 magnitudinem
1166 2440 1418 2513 pridiani
1447 2440 1679 2512 laboris,
1706 2440 1796 2497 cui
1829 2441 2062 2513 quidem

364 2531 600 2588 ferendo
626 2547 684 2585 se
705 2546 902 2602 parem
926 2530 1184 2585 futurum
1205 2530 1376 2585 fuisse
1400 2535 1591 2602 negat,
1611 2530 1834 2603 jejunio
1855 2529 2067 2587 scilicet

364 2623 734 2687 maceratum,
758 2619 869 2674 nisi
890 2619 1427 2691 orationumjsancti
1457 2619 1728 2692 Stephani
1750 2619 2065 2675 subsidium

365 2710 474 2766 sibi
518 2708 813 2765 adfuisset.
858 2708 1157 2763 Enimvero
1204 2709 1568 2764 observatum
1606 2726 1638 2764 a
1676 2708 1914 2764 Paulino
1958 2709 2067 2765 fuit

363 2799 447 2867 (In
484 2800 611 2854 Vita
641 2798 820 2853 sancti
842 2797 1139 2866 Ambrosii,
1174 2813 1230 2852 η.
1265 2797 1372 2867 38),
1401 2796 1492 2852 die
1523 2797 1765 2866 sabbati,
1791 2814 1905 2869 quo
1933 2813 2063 2853 san-

362 2892 485 2942 ctus
526 2885 863 2942 Ambrosius
901 2885 1168 2957 migravit
1208 2885 1279 2941 ad
1324 2901 1580 2957 superos,
1605 2886 1887 2941 obeundis
1926 2888 2065 2959 Bap-

360 2976 516 3031 tismi
528 2975 891 3042 ceremoniis,
907 2992 979 3047 qu
989 2991 1048 3030 as
1072 2975 1193 3047 ipse
1216 2991 1486 3047 peragere
1498 2975 1653 3030 solus
1669 2979 2057 3042 consueverat,

360 3065 449 3120 vix
481 3066 757 3137 quinque
787 3065 1081 3136 episcopos
1111 3064 1418 3119 suffecisse.
1455 3066 1694 3119 Paulum
1743 3065 2064 3138 Augustino

364 3153 644 3208 adstitisse
672 3152 1000 3224 proximum
1029 3168 1094 3207 ex
1125 3153 1233 3207 hoc
1277 3169 1543 3208 sermone
1572 3153 1704 3208 licet
1731 3154 2015 3225 intelligas
2047 3172 2059 3210 :

363 3240 826 3313 quandoquidem
892 3238 984 3293 hic
1044 3238 1207 3293 illum
1255 3240 1470 3311 populo
1518 3240 1786 3311 ostendit,
1828 3242 2064 3314 ejusque

361 3318 729 3400 conspectum
769 3329 892 3383 loco
935 3343 1055 3382 esse
1103 3326 1239 3382 dicit
1286 3344 1482 3383 eorum
1533 3329 1880 3399 libellorum,
1922 3347 2065 3403 quos

362 3419 459 3474 alii
488 3419 557 3474 ad
604 3418 994 3492 pervulganda
1031 3417 1185 3473 beati
1214 3418 1487 3492 Stephani
1529 3421 1794 3493 precibus
1832 3422 2065 3477 obtenta

358 3507 638 3565 beneﬁcia
666 3508 985 3563 tradebant.
1013 3508 1077 3562 Et
1109 3523 1242 3561 sane
1269 3512 1523 3580 apparet,
1554 3509 1936 3581 Augustinum
1967 3511 2065 3565 illa

360 3613 422 3652 re
452 3598 811 3663 contentum,
833 3594 1092 3650 libellum
1119 3611 1153 3649 a
1181 3595 1357 3650 Paulo
1381 3595 1714 3669 neutiquam
1744 3597 2061 3669 petiturum

360 3685 533 3741 fuisse
564 3684 759 3755 (Serm.
792 3683 953 3755 32f);
982 3687 1039 3738 at
1067 3698 1195 3738 cum
1223 3684 1490 3739 eumdem
1524 3686 1755 3740 domum
1789 3687 1857 3742 ad
1888 3703 2062 3758 pran-

362 3773 522 3828 dium
554 3772 896 3839 adduxisset,
929 3788 1150 3827 necnon
1193 3777 1450 3828 accurate
1492 3790 1721 3829 omnem
1752 3774 1913 3831 illam
1947 3793 2063 3831 suae

361 3878 425 3915 ac
452 3865 725 3915 maternae
747 3859 1130 3932 fraternaeque
1150 3860 1489 3916 calamitatis
1509 3861 1808 3918 historiam
1830 3881 2063 3921 narrare

356 3949 637 4021 jussisset,
665 3953 822 4003 ratus
872 3954 958 4003 est
997 3965 1124 4004 eam
1163 3950 1378 4021 populo
1422 3950 1631 4021 exponi
1670 3956 1957 4025 oportere,
2001 3959 2066 4011 ut

360 4037 497 4094 inde
532 4036 950 4110 providentiam
989 4038 1240 4093 divinam
1281 4038 1463 4111 magis
1492 4040 1862 4111 suspicerent,
1896 4047 2064 4116 atque

360 4127 419 4183 in
466 4131 788 4183 sanctorum
819 4143 1053 4182 suorum
1099 4128 1391 4186 memoriis
1420 4129 1819 4187 admirabilem
1847 4133 2062 4204 praedi-

360 4222 575 4274 carent.
609 4217 880 4283 Quocirca
909 4216 1187 4290 postridie
1213 4217 1337 4289 ejus
1368 4217 1505 4287 diei,
1537 4235 1668 4274 cum
1699 4220 1869 4276 verba
1898 4223 2064 4278 solito

361 4323 463 4362 suo
478 4323 640 4363 more
661 4306 908 4377 fecisset,
924 4306 1362 4376 oratiunculam,
1383 4324 1512 4381 qua:
1535 4308 1850 4365 etiamnum
1864 4315 2062 4380 exstat,

361 4396 587 4465 habuit;
620 4413 733 4468 qua
761 4395 1048 4469 pollicitus
1093 4399 1195 4464 est,
1229 4400 1557 4453 curaturum
1602 4416 1681 4467 se,
1714 4401 1778 4454 ut
1814 4400 2066 4456 narratio

360 4484 483 4539 haec
524 4485 726 4541 litteris
764 4489 1074 4554 texeretur,
1107 4502 1172 4540 ac
1214 4490 1445 4558 postera
1473 4485 1565 4542 die
1606 4487 1940 4544 recitaretur
1978 4492 2068 4560 (De

363 4575 606 4629 Civitate
634 4577 749 4641 Dei,
780 4576 873 4630 lib.
907 4577 998 4642 22,
1033 4590 1154 4646 cap.
1186 4578 1238 4644 8,
1271 4591 1323 4630 n.
1358 4575 1468 4645 22).

431 4665 485 4714 ’7.
522 4662 686 4716 Feria
718 4662 886 4718 tertia
914 4668 1043 4735 post
1072 4664 1283 4719 Pascha
1320 4679 1627 4718 conscensa
1656 4664 1881 4728 exedra,
1915 4666 2067 4722 unde

363 4749 593 4822 plebem
610 4765 770 4804 suam
792 4751 1207 4823 alloquebatur,
1226 4753 1466 4808 Paulum
1484 4768 1713 4825 quoque
1733 4769 1796 4808 ac
1812 4770 2063 4809 sororem

363 4839 488 4911 ejus
536 4838 870 4908 Palladiam,
917 4857 1046 4912 quae
1089 4842 1337 4897 necdum
1407 4841 1709 4899 sanitatem
1756 4847 2066 4917 receperat,

363 4928 622 5001 ejusdem
651 4929 899 4998 suggesti
932 4930 1160 5000 gradus,
1193 4931 1370 5004 petita
1414 4931 1576 5004 prius
1615 4932 1858 5005 quodam
1896 4934 2066 4989 modo

362 5016 565 5091 populi
608 5016 921 5083 voluntate,
949 5018 1120 5087 jussit
1148 5022 1554 5088 conscendere,
1582 5026 1648 5076 ut
1681 5021 1943 5077 omnium
1971 5023 2067 5078 ob-

360 5107 578 5163 tutibus
625 5104 1111 5177 permitterentur.
1157 5111 1496 5179 Intuebatur,
1545 5109 1621 5165 ait
1675 5110 1772 5165 Vir
1816 5116 2063 5179 sanctus,

360 5198 592 5268 populus
622 5198 905 5251 universus
952 5210 1113 5250 semus
1151 5200 1454 5270 utriusque,
1482 5215 1649 5254 unum
1690 5204 1920 5255 stantem
1951 5203 2068 5256 sine

362 5287 600 5353 deformi
626 5290 793 5353 motu,
821 5286 1051 5340 alteram
1079 5287 1327 5342 membris
1366 5289 1610 5344 omnibus
1640 5293 2061 5344 contrementem.

369 5377 430 5429 Et
460 5378 555 5444 qui
574 5378 755 5446 ipsum
775 5391 880 5431 non
903 5375 1176 5443 viderant,
1203 5378 1337 5445 quid
1366 5379 1424 5432 in
1454 5394 1511 5432 eo
1537 5378 1741 5434 divinae
1770 5379 2068 5434 misericor-

362 5463 465 5517 diae
509 5468 717 5531 factum
764 5468 917 5529 esset,
950 5467 1007 5520 in
1056 5466 1172 5534 ejus
1220 5481 1401 5521 sorore
1440 5469 1744 5523 cernebant.
1798 5468 2065 5522 Videbant

362 5553 504 5605 enim
520 5554 656 5621 quid
674 5556 731 5607 in
751 5570 808 5609 eo
826 5555 1234 5621 gratulandwn,
1256 5555 1395 5625 quid
1405 5571 1508 5626 pro
1528 5557 1625 5612 illa
1645 5559 1779 5613 esset
1799 5555 2067 5611 orandum

1578 272 1742 326 VITA
1779 272 1834 327 S.
1875 270 2252 328 AUGUSTINI
2294 269 2629 327 EPISCOPI.
3739 281 3818 336 5&0

2182 396 2386 468 (Ibid).
2422 394 2583 451 Pauli
2633 392 2840 452 deinde
2877 393 3144 451 recitatos
3180 399 3269 451 est
3302 393 3543 468 libellus,
3571 414 3726 471 quem
3751 403 3823 459 ille

2180 484 2416 541 ﬁniebat
2446 484 2684 556 orando,
2712 487 2776 540 ut
2802 500 2905 557 pro
2930 499 3123 539 sorore
3152 484 3360 540 divina:
3386 485 3703 560 benignitati
3728 507 3825 564 sup.

2179 575 2482 648 plicarent,
2511 590 2617 647 pro
2648 590 2705 629 se
2744 579 2937 630 autem
2973 574 3288 646 gratiarum
3332 575 3571 631 actiones
3596 580 3827 636 referrent

2182 663 2698 738 rependerentque.
2731 666 2844 720 Hac
2867 668 3100 736 peracta
3130 664 3373 719 lectione
3401 670 3616 722 sanctus
3649 669 3824 725 Prasul

2178 758 2491 826 utrumque
2522 752 2742 808 dimisit
2771 769 2801 808 e
2830 752 3123 825 gradibus.
3156 752 3414 808 Palladia
3441 755 3508 809 ad
3535 759 3827 814 memoriam

2180 843 2478 898 memorati
2533 842 2801 913 martyris
2860 846 3084 896 oratum
3138 858 3196 897 se
3239 842 3482 897 contulit
3521 860 3535 897 :
3575 844 3683 915 ipse
3723 862 3828 901 vero

2180 932 2482 1004 populum,
2524 948 2653 1004 quae
2692 931 2862 987 modo
2900 931 3061 986 lectis
3100 935 3157 986 et
3193 930 3403 986 auditis
3448 934 3826 1000 conveniebant,

2182 1021 2383 1076 docere
2414 1020 2614 1092 coepit;
2644 1019 2817 1092 idque
2848 1018 3100 1091 primum
3138 1018 3475 1075 testiﬁcatus
3516 1025 3617 1090 est,
3643 1039 3829 1093 sperare

2180 1127 2239 1165 se
2267 1110 2412 1180 fore,
2439 1114 2505 1165 ut
2542 1109 2778 1182 reliquis
2820 1106 3091 1164 fratribus
3120 1107 3353 1176 sanitas,
3385 1124 3498 1181 qua
3517 1110 3629 1182 jam
3663 1113 3828 1167 Paulus

2180 1198 2486 1270 gaudebat,
2514 1197 2912 1252 restitueretur
2943 1197 3133 1268 (Serm.
3181 1199 3309 1263 323,
3345 1212 3407 1251 η.
3450 1198 3515 1266 1).
3545 1199 3677 1253 Cum
3710 1199 3829 1254 afﬁr-

2178 1290 2392 1343 masset
2436 1286 2495 1342 in
2539 1286 2733 1341 libello
2783 1301 2885 1339 suo
2928 1284 3080 1341 idem
3129 1285 3364 1353 Paulus,
3408 1284 3717 1359 frequenter
3748 1288 3828 1343 sibi

2181 1376 2510 1449 apparuisse
2539 1376 2771 1430 beatum
2802 1373 3159 1441 Antistitem;
3192 1374 3289 1430 hic
3318 1375 3465 1429 serio
3501 1391 3572 1430 ne
3609 1391 3756 1430 suum
3786 1376 3829 1430 in

2177 1467 2454 1522 honorem
2501 1465 2643 1521 illud
2687 1466 3069 1532 convertatur,
3099 1467 3270 1519 vetat.
3304 1463 3456 1530 Quid
3489 1466 3629 1519 enim
3664 1479 3827 1531 simus,

2179 1555 2387 1629 inquit,
2415 1557 2548 1626 quia
2589 1570 2683 1623 ego
2723 1555 2965 1625 apparui
3003 1554 3126 1608 istis
3162 1552 3450 1609 nesciens?
3482 1554 3569 1608 Illi
3611 1555 3731 1608 enim
3767 1571 3828 1609 me

2176 1646 2452 1712 ridebant,
2504 1648 2555 1698 et
2594 1659 2687 1712 ego
2732 1643 3066 1698 nesciebam:
3117 1647 3169 1697 et
3219 1642 3660 1709 admonebantur,
3686 1646 3737 1697 ut
3772 1643 3828 1697 ad

2176 1738 2340 1790 istam
2369 1735 2639 1789 civitatem
2667 1734 2928 1788 venirent.
2954 1732 3086 1799 Quis
3113 1747 3233 1787 sum
3252 1731 3391 1801 ego?
3411 1733 3571 1787 Homo
3596 1747 3701 1786 sum
3719 1748 3825 1799 unus

2177 1826 2242 1881 de
2270 1826 2474 1892 multis,
2506 1840 2611 1879 non
2642 1824 2708 1879 de
2736 1824 2948 1891 magnis
2981 1822 3169 1892 (Ibid.,
3197 1837 3256 1877 η.
3285 1821 3362 1879 2).
3398 1823 3635 1876 Exorsus
3672 1826 3825 1892 postea

2178 1918 2299 1970 erat
2325 1913 2487 1985 loqui
2526 1913 2596 1968 de
2637 1911 2928 1967 miraculis
2956 1910 3045 1977 iis,
3074 1926 3205 1981 quae
3243 1912 3495 1965 Anconae
3523 1913 3679 1982 atque
3706 1910 3822 1965 Uzali

2177 2002 2551 2075 reliquiarum
2587 2001 2840 2073 ejusdem
2870 1998 3051 2054 sancti
3089 1998 3361 2071 martyris
3389 1996 3654 2053 beneficio
3678 2002 3825 2069 patra-

2177 2091 2406 2158 bautur,
2440 2106 2571 2145 cum
2619 2105 2746 2145 ecce
2777 2087 3077 2143 exauditus
3105 2084 3411 2142 estsubito
3440 2086 3508 2141 de
3535 2085 3697 2158 ipsius
3731 2102 3824 2140 me-

2176 2179 2362 2235 moria
2407 2180 2621 2235 clamor
2661 2176 3168 2250 ingeminantium,
3217 2176 3336 2231 Deo
3380 2175 3610 2246 gratiast
3646 2174 3821 2230 Christo

2176 2269 2396 2325 laudes!
2434 2269 2615 2338 (Ibid.,
2645 2284 2701 2323 n.
2734 2269 2806 2334 4).
2841 2268 3018 2322 Porro
3049 2264 3489 2320 acclamationes
3517 2263 3633 2320 illas
3658 2263 3822 2320 excita-

2174 2363 2332 2414 verat
2358 2358 2574 2414 curatio
2619 2355 2902 2422 Palladiaa,
2936 2371 3067 2428 quae
3095 2354 3189 2409 vix
3228 2355 3307 2410 ad
3338 2354 3629 2421 cancellos,
3663 2352 3821 2425 quibus

2174 2447 2451 2503 memoria
2480 2446 2868 2513 claudebatur,
2914 2447 3245 2513 accesserat,
3290 2458 3423 2498 cum
3467 2442 3643 2498 fratris
3681 2441 3821 2496 instar

2174 2537 2234 2592 in
2280 2539 2467 2593 solum
2496 2536 2743 2607 collapsa
2771 2538 2895 2590 erat
2938 2532 3104 2606 quasi
3133 2532 3454 2601 dormiens,
3485 2546 3707 2603 moxque
3728 2545 3817 2583 sur-

2173 2631 2397 2682 rexerat
2450 2625 2698 2699 perfecta
2744 2624 2924 2678 salute
2963 2624 3303 2694 recuperata
3345 2620 3439 2693 (De
3483 2620 3694 2677 Ciuitate
3729 2619 3817 2685 Dei,

2174 2717 2268 2771 lib.
2310 2719 2398 2784 22,
2432 2730 2553 2785 cap.
2595 2716 2649 2777 8,
2696 2728 2752 2769 n.
2794 2712 2903 2780 22).
2952 2710 3071 2781 His,
3118 2711 3217 2783 qui
3269 2710 3462 2766 videre
3512 2708 3817 2768 miraculum,

2171 2805 2325 2860 illico
2357 2819 2567 2876 magno
2613 2818 2744 2858 cum
2773 2802 2980 2873 plausu
3013 2801 3126 2855 Deo
3155 2798 3378 2869 gratias
3416 2796 3819 2863 acclamantibus,

2171 2894 2444 2967 populus,
2496 2891 2597 2964 qui
2650 2890 3038 2963 Augustinum
3086 2888 3378 2954 audiebat,
3428 2903 3495 2943 eo
3542 2884 3815 2941 concurrit:

2174 2984 2427 3054 dumque
2456 2980 2554 3035 Vir
2600 2983 2845 3044 sanctus,
2876 2977 3108 3050 quidam
3139 2976 3224 3031 rei
3266 2980 3435 3044 esset,
3467 2974 3817 3037 sciscitaretur;

2172 3066 2232 3121 in
2252 3067 2542 3123 basilicam
2562 3071 2731 3140 atque
2745 3067 2814 3121 ad
2834 3069 3189 3137 suggestum,
3207 3080 3276 3119 ex
3300 3080 3417 3138 quo
3431 3063 3591 3119 verba
3610 3060 3819 3123 faciebat,

2173 3157 2371 3212 eadem
2400 3156 2595 3228 puella
2627 3155 2867 3211 adducta
2897 3158 2981 3208 est
3011 3156 3204 3225 (Serm.
3238 3156 3372 3223 323,
3402 3169 3457 3208 n.
3490 3152 3559 3223 4).
3593 3154 3821 3206 Macro

2174 3249 2380 3312 tantus,
2407 3244 2595 3317 inquit
2625 3244 2741 3311 ille,
2769 3243 2838 3298 ab
2860 3247 3086 3314 utroque
3105 3258 3240 3298 sexu
3265 3242 3637 3297 admirationis
3662 3239 3819 3294 clamor

2172 3339 2389 3389 exortus
2418 3338 2514 3401 est,
2547 3337 2609 3389 ut
2638 3348 2742 3388 eoa:
2767 3334 3081 3387 continuata
3109 3347 3229 3386 cum
3258 3331 3517 3400 lacrymis
3544 3345 3643 3384 non
3663 3325 3820 3382 videm-

2174 3428 2265 3478 tur
2288 3438 2445 3494 posse
2470 3424 2639 3492 finiri.
2680 3422 2944 3477 Perducta
2985 3423 3064 3477 est
3090 3420 3165 3475 ad
3191 3436 3315 3475 eum
3360 3421 3548 3486 locum,
3579 3417 3664 3472 ubi
3693 3413 3819 3486 paulo

2173 3515 2297 3567 ante
2336 3515 2557 3566 steterat
2586 3516 2830 3567 tremens.
2865 3511 3233 3565 Exsultabant
3261 3524 3383 3564 eam
3411 3508 3629 3564 similem
3666 3502 3817 3572 fratri,

2172 3603 2262 3655 rui
2297 3601 2586 3656 doluerant
2614 3601 2937 3655 remansisse
2977 3598 3335 3654 dissimilem:
3369 3602 3420 3653 et
3453 3595 3674 3651 nondum
3699 3592 3819 3658 [tum

2171 3704 2352 3761 preces
2375 3704 2503 3744 suas
2520 3704 2622 3759 pro
2643 3690 2764 3756 illa,
2781 3688 2904 3758 jam
2929 3691 3106 3742 tamen
3129 3687 3400 3757 praevium
3423 3685 3721 3739 voluntatem
3736 3683 3819 3733 tam

2172 3781 2276 3834 cito
2304 3778 2621 3832 etrauditam
2662 3792 2772 3832 esse
2817 3777 3119 3832 cernebant.
3145 3774 3517 3831 Exsultabant
3542 3774 3596 3826 in
3620 3771 3702 3826 Dei
3726 3769 3820 3822 lau-

2173 3868 2293 3922 dem
2320 3882 2442 3923 voce
2464 3869 2580 3923 sine
2598 3866 2795 3934 verbis,
2824 3870 2975 3921 tanto
2995 3867 3195 3933 sonitu,
3218 3868 3486 3934 quantum
3510 3875 3655 3916 aures
3669 3859 3819 3912 nostra

2171 3958 2317 4023 ferre
2355 3958 2453 4011 via:
2491 3959 2727 4026 possent.
2762 3954 2906 4021 Quid
2933 3957 3051 4009 erat
3087 3956 3145 4007 in
3174 3953 3432 4008 cordibus
3469 3948 3817 4007 exsultantiwn.

2173 4047 2282 4101 nisi
2308 4046 2441 4116 fides
2469 4045 2695 4113 Christi,
2719 4058 2823 4114 pro
2850 4059 2958 4114 qua
2983 4042 3248 4112 Stephani
3275 4042 3500 4109 sanguis
3526 4038 3708 4108 effusus
3729 4029 3818 4088 est?

2174 4136 2266 4200 (De
2297 4135 2538 4189 Cioitate
2576 4132 2700 4199 Dei,
2738 4133 2830 4188 lib.
2871 4135 2961 4198 22,
3002 4146 3125 4201 cap.
3166 4132 3219 4193 8,
3259 4147 3318 4186 η.
3359 4129 3466 4200 22).
3510 4126 3605 4184 Ubi
3638 4123 3818 4178 sedatus

2174 4228 2259 4278 est
2292 4222 2389 4276 ille
2430 4220 2720 4291 strepitus,
2761 4219 2905 4275 nihil
2952 4219 3106 4274 aliud
3147 4222 3377 4273 sanctus
3418 4219 3615 4273 Doctor
3645 4205 3819 4267 addidit

2173 4314 2382 4382 printer
2422 4309 2671 4382 paucula
2704 4308 2899 4378 verba,
2935 4307 3143 4379 quibus
3180 4304 3623 4362 misericordiam
3660 4297 3759 4363 Dei,
3794 4310 3819 4345 ει

2175 4414 2288 4469 quo
2338 4397 2461 4470 ipsa
2508 4413 2711 4453 eorum
2756 4397 2843 4451 vel
2889 4396 3010 4451 sola
3056 4394 3328 4466 precandi
3372 4395 3622 4449 voluntas
3665 4382 3817 4441 audita

2175 4487 2380 4554 fuerat,
2424 4486 2872 4541 commendaret.
2917 4485 3015 4540 Die
3057 4483 3322 4557 sequenti
3367 4480 3626 4555 perrexit,
3659 4486 3817 4548 quem-

2176 4574 2487 4631 admodum
2516 4573 2706 4646 pridie
2734 4574 2963 4641 fecerat,
2996 4572 3308 4645 inquirere,
3340 4571 3481 4644 quid
3516 4582 3682 4625 causa?
3707 4560 3818 4618 esset

2175 4681 2276 4719 cur
2314 4664 2461 4719 Deus
2502 4663 2609 4718 hoc
2650 4661 2991 4717 miraculum
3032 4661 3296 4732 Hippone
3338 4658 3530 4732 potius
3563 4668 3716 4729 quam
3746 4648 3820 4702 aut

2175 4755 2421 4808 Anconae
2448 4756 2546 4807 aut
2564 4750 2719 4807 Uzali
2738 4752 2953 4807 factum
2969 4752 3224 4806 voluerat
3244 4751 3439 4821 (Serm.
3473 4746 3607 4817 324).
3626 4744 3816 4832 Verula-

2175 4848 2367 4898 tameu
2418 4842 2575 4913 quod
2624 4857 2691 4896 ex
2748 4841 2951 4897 eodem
3007 4856 3272 4896 sermone
3320 4839 3585 4910 superest,
3624 4828 3817 4895 insignis

2174 4930 2436 4988 miraculi
2457 4931 2623 4987 Uzale
2641 4930 2700 4986 in
2721 4930 3001 4985 infantulo
3022 4934 3153 4985 ante
3180 4932 3504 5000 susceptum
3525 4919 3817 5011 Baptistae?!

2175 5022 2452 5077 exstincto
2478 5021 2611 5076 facti
2640 5019 2822 5075 solam
2852 5019 3191 5074 relationem
3222 5016 3491 5072 continet.
3525 5009 3665 5069 Unde
3682 5002 3816 5072 conji-

2174 5111 2290 5166 cias
2320 5110 2587 5166 eumdem
2618 5125 2940 5165 sermonem
2967 5108 3037 5163 ad
3068 5111 3324 5163 nostram
3356 5100 3672 5160 memoriam
3696 5093 3816 5148 inte-

2176 5216 2342 5271 grum
2385 5215 2500 5254 non
2531 5197 2882 5270 pervenisse.

2245 5292 2296 5344 8.
2334 5290 2451 5344 Hoc
2480 5288 2604 5359 ipso
2634 5302 2783 5342 anno
2803 5284 3040 5342 forsitan
3068 5282 3437 5355 Augustinus,
3458 5292 3577 5333 cum
3600 5270 3813 5364 aliquan-

2173 5376 2274 5431 diu
2317 5356 2553 5445 Gallam,
2586 5392 2714 5448 quae
2752 5374 3084 5430 viduitatem
3127 5376 3248 5429 erat
3289 5369 3550 5444 professa,
3588 5366 3639 5418 et
3671 5356 3812 5413 ﬁliam

2175 5466 2297 5536 ejus
2331 5465 2742 5537 Simpliciolam
2770 5481 2901 5537 quae
2931 5463 3155 5520 Christo
3179 5458 3551 5532 virginitatem
3574 5462 3717 5542 silem.
3737 5456 3811 5495 '0'

2178 5559 2355 5619 verat,
2387 5536 2559 5609 divini
2599 5536 2810 5624 eloquii
2848 5552 2971 5608 cibo
3011 5551 3273 5624 pavisset,
3305 5564 3396 5603 eas
3435 5562 3464 5599 a
3510 5558 3564 5597 se
3598 5536 3812 5594 dimissas
