  <div class='ocr_page' id='page_1' title='image "/cluster/home/n/w/nwhite01/storage/ocr_20150623/32/hvd.32044096580550/290.png"; bbox 0 0 4028 6174; ppageno 0'>
   <div class='ocr_carea' id='block_1_1' title="bbox 223 285 2261 343">
    <p class='ocr_par' dir='ltr' id='par_1_1' title="bbox 223 285 2261 343">
     <span class='ocr_line' id='line_1_1' title="bbox 223 285 2261 343; baseline 0 -4"><span class='ocrx_word' id='word_1_1' title='bbox 223 287 316 341; x_wconf 71' lang='lat' dir='ltr'><strong>Eiil</strong></span> <span class='ocrx_word' id='word_1_2' title='bbox 1686 289 1889 343; x_wconf 79' lang='lat' dir='ltr'><strong>LIBER</strong></span> <span class='ocrx_word' id='word_1_3' title='bbox 1930 285 2261 343; x_wconf 84' lang='lat' dir='ltr'><strong>OCTAVUS.</strong></span> 
     </span>
    </p>
   </div>
   <div class='ocr_carea' id='block_1_2' title="bbox 215 404 1926 480">
    <p class='ocr_par' dir='ltr' id='par_1_2' title="bbox 215 404 1926 480">
     <span class='ocr_line' id='line_1_2' title="bbox 215 404 1926 480; baseline 0.002 -20"><span class='ocrx_word' id='word_1_4' title='bbox 215 404 277 460; x_wconf 89' lang='lat' dir='ltr'><strong>in</strong></span> <span class='ocrx_word' id='word_1_5' title='bbox 310 405 579 478; x_wconf 86' lang='lat' dir='ltr'><strong>patriam,</strong></span> <span class='ocrx_word' id='word_1_6' title='bbox 644 404 1016 474; x_wconf 83' lang='lat' dir='ltr'><strong>Quintiliano,</strong></span> <span class='ocrx_word' id='word_1_7' title='bbox 1076 407 1176 478; x_wconf 90' lang='lat' dir='ltr'><strong>qui</strong></span> <span class='ocrx_word' id='word_1_8' title='bbox 1230 407 1547 480; x_wconf 83' lang='lat' dir='ltr'><strong>episcopale</strong></span> <span class='ocrx_word' id='word_1_9' title='bbox 1597 425 1803 465; x_wconf 85' lang='lat' dir='ltr'><strong>munus</strong></span> <span class='ocrx_word' id='word_1_10' title='bbox 1847 411 1926 466; x_wconf 87' lang='lat' dir='ltr'><strong>ibi</strong></span> 
     </span>
    </p>
   </div>
   <div class='ocr_carea' id='block_1_3' title="bbox 227 497 1928 568">
    <p class='ocr_par' dir='ltr' id='par_1_3' title="bbox 227 497 1928 568">
     <span class='ocr_line' id='line_1_3' title="bbox 227 497 1928 568; baseline 0.004 -18"><span class='ocrx_word' id='word_1_11' title='bbox 227 497 481 568; x_wconf 87' lang='lat' dir='ltr'><strong>gerebat,</strong></span> <span class='ocrx_word' id='word_1_12' title='bbox 532 497 737 552; x_wconf 87' lang='lat' dir='ltr'><strong>litteris</strong></span> <span class='ocrx_word' id='word_1_13' title='bbox 788 497 1232 554; x_wconf 84' lang='lat' dir='ltr'><strong>commendavit.</strong></span> <span class='ocrx_word' id='word_1_14' title='bbox 1266 499 1546 554; x_wconf 87' lang='lat' dir='ltr'><strong>Ferebant</strong></span> <span class='ocrx_word' id='word_1_15' title='bbox 1591 499 1705 554; x_wconf 87' lang='lat' dir='ltr'><strong>illae</strong></span> <span class='ocrx_word' id='word_1_16' title='bbox 1737 517 1928 557; x_wconf 85' lang='lat' dir='ltr'><strong>secum</strong></span> 
     </span>
    </p>
   </div>
   <div class='ocr_carea' id='block_1_4' title="bbox 227 584 1926 658">
    <p class='ocr_par' dir='ltr' id='par_1_4' title="bbox 227 584 1926 658">
     <span class='ocr_line' id='line_1_4' title="bbox 227 584 1926 658; baseline 0.003 -18"><span class='ocrx_word' id='word_1_17' title='bbox 227 584 530 641; x_wconf 81' lang='lat' dir='ltr'><strong>memorati</strong></span> <span class='ocrx_word' id='word_1_18' title='bbox 560 586 827 657; x_wconf 76' lang='lat' dir='ltr'><strong>martyris</strong></span> <span class='ocrx_word' id='word_1_19' title='bbox 882 586 1152 658; x_wconf 84' lang='lat' dir='ltr'><strong>reliquias</strong></span> <span class='ocrx_word' id='word_1_20' title='bbox 1179 603 1192 641; x_wconf 91' lang='lat'><strong>:</strong></span> <span class='ocrx_word' id='word_1_21' title='bbox 1233 588 1383 654; x_wconf 85' lang='lat' dir='ltr'><strong>Quas</strong></span> <span class='ocrx_word' id='word_1_22' title='bbox 1412 604 1516 643; x_wconf 89' lang='lat' dir='ltr'><strong>non</strong></span> <span class='ocrx_word' id='word_1_23' title='bbox 1544 590 1759 658; x_wconf 76' lang='lat' dir='ltr'><strong>ignorat</strong></span> <span class='ocrx_word' id='word_1_24' title='bbox 1788 592 1926 647; x_wconf 88' lang='lat' dir='ltr'><strong>San-</strong></span> 
     </span>
    </p>
   </div>
   <div class='ocr_carea' id='block_1_5' title="bbox 221 674 1928 743">
    <p class='ocr_par' dir='ltr' id='par_1_5' title="bbox 221 674 1928 743">
     <span class='ocr_line' id='line_1_5' title="bbox 221 674 1928 743; baseline 0.002 -13"><span class='ocrx_word' id='word_1_25' title='bbox 221 677 383 731; x_wconf 85' lang='lat' dir='ltr'><strong>ctitas</strong></span> <span class='ocrx_word' id='word_1_26' title='bbox 411 680 615 742; x_wconf 78' lang='lat' dir='ltr'><strong>vestra,</strong></span> <span class='ocrx_word' id='word_1_27' title='bbox 636 680 703 730; x_wconf 91' lang='lat' dir='ltr'><strong>ut</strong></span> <span class='ocrx_word' id='word_1_28' title='bbox 723 674 918 730; x_wconf 78' lang='lat' dir='ltr'><strong>scribit</strong></span> <span class='ocrx_word' id='word_1_29' title='bbox 934 674 1029 729; x_wconf 90' lang='lat' dir='ltr'><strong>ille</strong></span> <span class='ocrx_word' id='word_1_30' title='bbox 1055 676 1126 730; x_wconf 89' lang='lat' dir='ltr'><strong>ad</strong></span> <span class='ocrx_word' id='word_1_31' title='bbox 1144 674 1584 743; x_wconf 83' lang='lat' dir='ltr'><strong>Quintilianum,</strong></span> <span class='ocrx_word' id='word_1_32' title='bbox 1608 680 1746 733; x_wconf 91' lang='lat' dir='ltr'><strong>sicut</strong></span> <span class='ocrx_word' id='word_1_33' title='bbox 1766 684 1816 733; x_wconf 87' lang='lat' dir='ltr'><strong>et</strong></span> <span class='ocrx_word' id='word_1_34' title='bbox 1834 696 1928 735; x_wconf 90' lang='lat' dir='ltr'><strong>nos</strong></span> 
     </span>
    </p>
   </div>
   <div class='ocr_carea' id='block_1_6' title="bbox 212 765 1923 839">
    <p class='ocr_par' dir='ltr' id='par_1_6' title="bbox 212 765 1923 839">
     <span class='ocr_line' id='line_1_6' title="bbox 212 765 1923 839; baseline 0.004 -23"><span class='ocrx_word' id='word_1_35' title='bbox 212 766 467 831; x_wconf 75' lang='lat' dir='ltr'><strong>fecimus,</strong></span> <span class='ocrx_word' id='word_1_36' title='bbox 523 781 689 833; x_wconf 86' lang='lat' dir='ltr'><strong>quam</strong></span> <span class='ocrx_word' id='word_1_37' title='bbox 736 767 1105 819; x_wconf 87' lang='lat' dir='ltr'><strong>convenienter</strong></span> <span class='ocrx_word' id='word_1_38' title='bbox 1135 765 1403 819; x_wconf 75' lang='lat' dir='ltr'><strong>hmiorare</strong></span> <span class='ocrx_word' id='word_1_39' title='bbox 1440 765 1677 821; x_wconf 77' lang='lat' dir='ltr'><strong>debeatis</strong></span> <span class='ocrx_word' id='word_1_40' title='bbox 1721 768 1923 839; x_wconf 81' lang='lat' dir='ltr'><strong>(Epist.</strong></span> 
     </span>
    </p>
   </div>
   <div class='ocr_carea' id='block_1_7' title="bbox 211 852 1942 924">
    <p class='ocr_par' dir='ltr' id='par_1_7' title="bbox 211 852 1942 924">
     <span class='ocr_line' id='line_1_7' title="bbox 211 852 1942 924; baseline 0.004 -19"><span class='ocrx_word' id='word_1_41' title='bbox 211 854 369 921; x_wconf 83' lang='lat' dir='ltr'><strong>2l2).</strong></span> <span class='ocrx_word' id='word_1_42' title='bbox 397 854 511 907; x_wconf 84' lang='lat' dir='ltr'><strong>Nec</strong></span> <span class='ocrx_word' id='word_1_43' title='bbox 539 854 709 922; x_wconf 87' lang='lat' dir='ltr'><strong>longe</strong></span> <span class='ocrx_word' id='word_1_44' title='bbox 741 852 911 908; x_wconf 89' lang='lat' dir='ltr'><strong>etiam</strong></span> <span class='ocrx_word' id='word_1_45' title='bbox 937 853 1005 907; x_wconf 90' lang='lat' dir='ltr'><strong>ab</strong></span> <span class='ocrx_word' id='word_1_46' title='bbox 1035 853 1141 907; x_wconf 87' lang='lat' dir='ltr'><strong>hoc</strong></span> <span class='ocrx_word' id='word_1_47' title='bbox 1169 860 1428 924; x_wconf 89' lang='lat' dir='ltr'><strong>tempore</strong></span> <span class='ocrx_word' id='word_1_48' title='bbox 1461 856 1673 910; x_wconf 88' lang='lat' dir='ltr'><strong>Uzalim</strong></span> <span class='ocrx_word' id='word_1_49' title='bbox 1704 873 1761 910; x_wconf 91' lang='lat' dir='ltr'><strong>se</strong></span> <span class='ocrx_word' id='word_1_50' title='bbox 1792 872 1942 912; x_wconf 79' lang='lat' dir='ltr'><strong>con-‘</strong></span> 
     </span>
    </p>
   </div>
   <div class='ocr_carea' id='block_1_8' title="bbox 210 939 1930 1002">
    <p class='ocr_par' dir='ltr' id='par_1_8' title="bbox 210 939 1930 1002">
     <span class='ocr_line' id='line_1_8' title="bbox 210 939 1930 1002; baseline 0.004 -9"><span class='ocrx_word' id='word_1_51' title='bbox 210 939 371 1002; x_wconf 81' lang='lat' dir='ltr'><strong>tulit,</strong></span> <span class='ocrx_word' id='word_1_52' title='bbox 400 939 502 994; x_wconf 89' lang='lat' dir='ltr'><strong>ubi</strong></span> <span class='ocrx_word' id='word_1_53' title='bbox 529 939 856 995; x_wconf 85' lang='lat' dir='ltr'><strong>Petroniam</strong></span> <span class='ocrx_word' id='word_1_54' title='bbox 889 940 1261 995; x_wconf 82' lang='lat' dir='ltr'><strong>clarissimam</strong></span> <span class='ocrx_word' id='word_1_55' title='bbox 1292 942 1563 998; x_wconf 86' lang='lat' dir='ltr'><strong>feminam</strong></span> <span class='ocrx_word' id='word_1_56' title='bbox 1591 944 1661 998; x_wconf 86' lang='lat' dir='ltr'><strong>ad</strong></span> <span class='ocrx_word' id='word_1_57' title='bbox 1694 944 1930 1000; x_wconf 90' lang='lat' dir='ltr'><strong>miracu-</strong></span> 
     </span>
    </p>
   </div>
   <div class='ocr_carea' id='block_1_9' title="bbox 212 1027 1927 1100">
    <p class='ocr_par' dir='ltr' id='par_1_9' title="bbox 212 1027 1927 1100">
     <span class='ocr_line' id='line_1_9' title="bbox 212 1027 1927 1100; baseline 0.004 -19"><span class='ocrx_word' id='word_1_58' title='bbox 212 1027 362 1093; x_wconf 86' lang='lat' dir='ltr'><strong>lum,</strong></span> <span class='ocrx_word' id='word_1_59' title='bbox 390 1028 549 1098; x_wconf 89' lang='lat' dir='ltr'><strong>quod</strong></span> <span class='ocrx_word' id='word_1_60' title='bbox 589 1045 692 1083; x_wconf 88' lang='lat' dir='ltr'><strong>sua</strong></span> <span class='ocrx_word' id='word_1_61' title='bbox 721 1044 891 1083; x_wconf 87' lang='lat' dir='ltr'><strong>causa</strong></span> <span class='ocrx_word' id='word_1_62' title='bbox 921 1027 1072 1083; x_wconf 90' lang='lat' dir='ltr'><strong>idem</strong></span> <span class='ocrx_word' id='word_1_63' title='bbox 1115 1029 1456 1100; x_wconf 84' lang='lat' dir='ltr'><strong>Stephamus</strong></span> <span class='ocrx_word' id='word_1_64' title='bbox 1478 1030 1756 1099; x_wconf 80' lang='lat' dir='ltr'><strong>ediderat,</strong></span> <span class='ocrx_word' id='word_1_65' title='bbox 1790 1033 1927 1088; x_wconf 90' lang='lat' dir='ltr'><strong>scri-</strong></span> 
     </span>
    </p>
   </div>
   <div class='ocr_carea' id='block_1_10' title="bbox 207 1115 1927 1190">
    <p class='ocr_par' dir='ltr' id='par_1_10' title="bbox 207 1115 1927 1190">
     <span class='ocr_line' id='line_1_10' title="bbox 207 1115 1927 1190; baseline 0.004 -21"><span class='ocrx_word' id='word_1_66' title='bbox 207 1120 313 1187; x_wconf 86' lang='lat' dir='ltr'><strong>pto</strong></span> <span class='ocrx_word' id='word_1_67' title='bbox 338 1115 529 1170; x_wconf 89' lang='lat' dir='ltr'><strong>libello</strong></span> <span class='ocrx_word' id='word_1_68' title='bbox 564 1117 969 1172; x_wconf 87' lang='lat' dir='ltr'><strong>declarandum</strong></span> <span class='ocrx_word' id='word_1_69' title='bbox 1002 1117 1273 1188; x_wconf 84' lang='lat' dir='ltr'><strong>impulit:</strong></span> <span class='ocrx_word' id='word_1_70' title='bbox 1305 1124 1620 1190; x_wconf 86' lang='lat' dir='ltr'><strong>auctorque</strong></span> <span class='ocrx_word' id='word_1_71' title='bbox 1646 1120 1756 1175; x_wconf 90' lang='lat' dir='ltr'><strong>fuit</strong></span> <span class='ocrx_word' id='word_1_72' title='bbox 1784 1123 1927 1176; x_wconf 84' lang='lat' dir='ltr'><strong>Evo-</strong></span> 
     </span>
    </p>
   </div>
   <div class='ocr_carea' id='block_1_11' title="bbox 208 1203 1926 1277">
    <p class='ocr_par' dir='ltr' id='par_1_11' title="bbox 208 1203 1926 1277">
     <span class='ocr_line' id='line_1_11' title="bbox 208 1203 1926 1277; baseline 0.003 -18"><span class='ocrx_word' id='word_1_73' title='bbox 208 1203 333 1271; x_wconf 85' lang='lat' dir='ltr'><strong>dio,</strong></span> <span class='ocrx_word' id='word_1_74' title='bbox 368 1209 434 1259; x_wconf 85' lang='lat' dir='ltr'><strong>ut</strong></span> <span class='ocrx_word' id='word_1_75' title='bbox 460 1204 604 1260; x_wconf 88' lang='lat' dir='ltr'><strong>illud</strong></span> <span class='ocrx_word' id='word_1_76' title='bbox 634 1221 863 1277; x_wconf 91' lang='lat' dir='ltr'><strong>quoque</strong></span> <span class='ocrx_word' id='word_1_77' title='bbox 885 1206 956 1260; x_wconf 91' lang='lat' dir='ltr'><strong>ab</strong></span> <span class='ocrx_word' id='word_1_78' title='bbox 988 1205 1081 1276; x_wconf 89' lang='lat' dir='ltr'><strong>iis,</strong></span> <span class='ocrx_word' id='word_1_79' title='bbox 1112 1206 1213 1277; x_wconf 87' lang='lat' dir='ltr'><strong>qui</strong></span> <span class='ocrx_word' id='word_1_80' title='bbox 1251 1206 1431 1261; x_wconf 85' lang='lat' dir='ltr'><strong>sanati</strong></span> <span class='ocrx_word' id='word_1_81' title='bbox 1460 1207 1661 1263; x_wconf 88' lang='lat' dir='ltr'><strong>eadem</strong></span> <span class='ocrx_word' id='word_1_82' title='bbox 1703 1209 1926 1266; x_wconf 87' lang='lat' dir='ltr'><strong>ratione</strong></span> 
     </span>
    </p>
   </div>
   <div class='ocr_carea' id='block_1_12' title="bbox 208 1295 1921 1371">
    <p class='ocr_par' dir='ltr' id='par_1_12' title="bbox 208 1295 1921 1371">
     <span class='ocr_line' id='line_1_12' title="bbox 208 1295 1921 1371; baseline 0.004 -22"><span class='ocrx_word' id='word_1_83' title='bbox 208 1299 425 1363; x_wconf 90' lang='lat' dir='ltr'><strong>essent,</strong></span> <span class='ocrx_word' id='word_1_84' title='bbox 458 1295 714 1367; x_wconf 80' lang='lat' dir='ltr'><strong>exigeret</strong></span> <span class='ocrx_word' id='word_1_85' title='bbox 730 1297 821 1366; x_wconf 90' lang='lat' dir='ltr'><strong>(De</strong></span> <span class='ocrx_word' id='word_1_86' title='bbox 842 1297 1082 1351; x_wconf 77' lang='lat' dir='ltr'><strong>Cieitate</strong></span> <span class='ocrx_word' id='word_1_87' title='bbox 1113 1298 1227 1362; x_wconf 89' lang='lat' dir='ltr'><strong>Dei,</strong></span> <span class='ocrx_word' id='word_1_88' title='bbox 1268 1297 1360 1352; x_wconf 90' lang='lat' dir='ltr'><strong>lib.</strong></span> <span class='ocrx_word' id='word_1_89' title='bbox 1383 1299 1472 1365; x_wconf 89' lang='lat'><strong>22,</strong></span> <span class='ocrx_word' id='word_1_90' title='bbox 1505 1314 1629 1368; x_wconf 85' lang='lat' dir='ltr'><strong>cap.</strong></span> <span class='ocrx_word' id='word_1_91' title='bbox 1662 1301 1693 1353; x_wconf 94' lang='lat'>8</span> <span class='ocrx_word' id='word_1_92' title='bbox 1735 1315 1789 1354; x_wconf 86' lang='grc' dir='ltr'><strong>η.</strong></span> <span class='ocrx_word' id='word_1_93' title='bbox 1811 1300 1921 1371; x_wconf 87' lang='lat' dir='ltr'><strong>2t).</strong></span> 
     </span>
    </p>
   </div>
   <div class='ocr_carea' id='block_1_13' title="bbox 901 1384 1251 1439">
    <p class='ocr_par' dir='ltr' id='par_1_13' title="bbox 901 1384 1251 1439">
     <span class='ocr_line' id='line_1_13' title="bbox 901 1384 1251 1439; baseline 0 -1"><span class='ocrx_word' id='word_1_94' title='bbox 901 1384 1123 1439; x_wconf 87' lang='lat' dir='ltr'><strong>CAPUT</strong></span> <span class='ocrx_word' id='word_1_95' title='bbox 1165 1386 1251 1438; x_wconf 86' lang='lat' dir='ltr'><strong>VI.</strong></span> 
     </span>
    </p>
   </div>
   <div class='ocr_carea' id='block_1_14' title="bbox 216 1473 1927 1548">
    <p class='ocr_par' dir='ltr' id='par_1_14' title="bbox 216 1473 1927 1548">
     <span class='ocr_line' id='line_1_14' title="bbox 216 1473 1927 1548; baseline 0.002 -20"><span class='ocrx_word' id='word_1_96' title='bbox 216 1477 234 1528; x_wconf 80' lang='lat' dir='ltr'><strong>l</strong></span> <span class='ocrx_word' id='word_1_97' title='bbox 275 1474 467 1530; x_wconf 85' lang='lat' dir='ltr'><strong>Severi</strong></span> <span class='ocrx_word' id='word_1_98' title='bbox 493 1473 799 1528; x_wconf 82' lang='lat' dir='ltr'><strong>Milevitani</strong></span> <span class='ocrx_word' id='word_1_99' title='bbox 828 1475 1066 1545; x_wconf 79' lang='lat' dir='ltr'><strong>episcopi</strong></span> <span class='ocrx_word' id='word_1_100' title='bbox 1089 1474 1285 1529; x_wconf 85' lang='lat' dir='ltr'><strong>obitus.</strong></span> <span class='ocrx_word' id='word_1_101' title='bbox 1335 1477 1368 1528; x_wconf 87' lang='lat'><strong>2</strong></span> <span class='ocrx_word' id='word_1_102' title='bbox 1412 1478 1488 1530; x_wconf 86' lang='lat' dir='ltr'><strong>De</strong></span> <span class='ocrx_word' id='word_1_103' title='bbox 1523 1477 1770 1531; x_wconf 84' lang='lat' dir='ltr'><strong>Heraclio</strong></span> <span class='ocrx_word' id='word_1_104' title='bbox 1802 1494 1927 1548; x_wconf 85' lang='lat' dir='ltr'><strong>pre-</strong></span> 
     </span>
    </p>
   </div>
   <div class='ocr_carea' id='block_1_15' title="bbox 282 1563 1923 1633">
    <p class='ocr_par' dir='ltr' id='par_1_15' title="bbox 282 1563 1923 1633">
     <span class='ocr_line' id='line_1_15' title="bbox 282 1563 1923 1633; baseline 0.003 -16"><span class='ocrx_word' id='word_1_105' title='bbox 282 1563 525 1633; x_wconf 80' lang='lat' dir='ltr'><strong>sbytero.</strong></span> <span class='ocrx_word' id='word_1_106' title='bbox 555 1565 585 1616; x_wconf 87' lang='lat'>3</span> <span class='ocrx_word' id='word_1_107' title='bbox 614 1563 678 1617; x_wconf 84' lang='lat' dir='ltr'><strong>In</strong></span> <span class='ocrx_word' id='word_1_108' title='bbox 724 1577 843 1616; x_wconf 89' lang='lat' dir='ltr'><strong>eum</strong></span> <span class='ocrx_word' id='word_1_109' title='bbox 875 1563 985 1617; x_wconf 90' lang='lat' dir='ltr'><strong>sibi</strong></span> <span class='ocrx_word' id='word_1_110' title='bbox 1018 1578 1369 1618; x_wconf 82' lang='lat' dir='ltr'><strong>successorem</strong></span> <span class='ocrx_word' id='word_1_111' title='bbox 1416 1564 1759 1633; x_wconf 83' lang='lat' dir='ltr'><strong>designatum</strong></span> <span class='ocrx_word' id='word_1_112' title='bbox 1805 1568 1923 1622; x_wconf 89' lang='lat' dir='ltr'><strong>Au-</strong></span> 
     </span>
    </p>
   </div>
   <div class='ocr_carea' id='block_1_16' title="bbox 282 1651 1922 1720">
    <p class='ocr_par' dir='ltr' id='par_1_16' title="bbox 282 1651 1922 1720">
     <span class='ocr_line' id='line_1_16' title="bbox 282 1651 1922 1720; baseline 0.003 -15"><span class='ocrx_word' id='word_1_113' title='bbox 282 1653 541 1718; x_wconf 86' lang='lat' dir='ltr'><strong>gustinus</strong></span> <span class='ocrx_word' id='word_1_114' title='bbox 562 1666 744 1706; x_wconf 88' lang='lat' dir='ltr'><strong>rerum</strong></span> <span class='ocrx_word' id='word_1_115' title='bbox 772 1651 1297 1707; x_wconf 79' lang='lat' dir='ltr'><strong>administrationem</strong></span> <span class='ocrx_word' id='word_1_116' title='bbox 1325 1655 1608 1720; x_wconf 81' lang='lat' dir='ltr'><strong>transfert.</strong></span> <span class='ocrx_word' id='word_1_117' title='bbox 1636 1656 1671 1710; x_wconf 86' lang='grc'><strong>4</strong></span> <span class='ocrx_word' id='word_1_118' title='bbox 1697 1657 1922 1711; x_wconf 86' lang='lat' dir='ltr'><strong>Conten-</strong></span> 
     </span>
    </p>
   </div>
   <div class='ocr_carea' id='block_1_17' title="bbox 282 1739 1924 1812">
    <p class='ocr_par' dir='ltr' id='par_1_17' title="bbox 282 1739 1924 1812">
     <span class='ocr_line' id='line_1_17' title="bbox 282 1739 1924 1812; baseline 0.002 -19"><span class='ocrx_word' id='word_1_119' title='bbox 282 1741 457 1794; x_wconf 82' lang='lat' dir='ltr'><strong>tiones</strong></span> <span class='ocrx_word' id='word_1_120' title='bbox 493 1742 636 1794; x_wconf 89' lang='lat' dir='ltr'><strong>inter</strong></span> <span class='ocrx_word' id='word_1_121' title='bbox 680 1739 1065 1795; x_wconf 80' lang='lat' dir='ltr'><strong>Adrumetinos</strong></span> <span class='ocrx_word' id='word_1_122' title='bbox 1110 1741 1397 1795; x_wconf 88' lang='lat' dir='ltr'><strong>monachos</strong></span> <span class='ocrx_word' id='word_1_123' title='bbox 1440 1756 1603 1812; x_wconf 87' lang='lat' dir='ltr'><strong>super</strong></span> <span class='ocrx_word' id='word_1_124' title='bbox 1633 1745 1924 1810; x_wconf 61' lang='lat' dir='ltr'><strong>quaestione</strong></span> 
     </span>
    </p>
   </div>
   <div class='ocr_carea' id='block_1_18' title="bbox 284 1828 1925 1897">
    <p class='ocr_par' dir='ltr' id='par_1_18' title="bbox 284 1828 1925 1897">
     <span class='ocr_line' id='line_1_18' title="bbox 284 1828 1925 1897; baseline 0.002 -14"><span class='ocrx_word' id='word_1_125' title='bbox 284 1828 356 1884; x_wconf 80' lang='lat' dir='ltr'><strong>de</strong></span> <span class='ocrx_word' id='word_1_126' title='bbox 375 1831 560 1897; x_wconf 86' lang='lat' dir='ltr'><strong>gratia</strong></span> <span class='ocrx_word' id='word_1_127' title='bbox 588 1834 639 1884; x_wconf 90' lang='lat' dir='ltr'><strong>et</strong></span> <span class='ocrx_word' id='word_1_128' title='bbox 665 1829 829 1884; x_wconf 84' lang='lat' dir='ltr'><strong>libero</strong></span> <span class='ocrx_word' id='word_1_129' title='bbox 859 1830 1108 1884; x_wconf 86' lang='lat' dir='ltr'><strong>arbitrio.</strong></span> <span class='ocrx_word' id='word_1_130' title='bbox 1157 1834 1187 1883; x_wconf 82' lang='lat'><strong>5</strong></span> <span class='ocrx_word' id='word_1_131' title='bbox 1236 1830 1419 1884; x_wconf 84' lang='lat' dir='ltr'><strong>Liberi</strong></span> <span class='ocrx_word' id='word_1_132' title='bbox 1464 1831 1688 1885; x_wconf 79' lang='lat' dir='ltr'><strong>arbitrii</strong></span> <span class='ocrx_word' id='word_1_133' title='bbox 1738 1836 1925 1887; x_wconf 89' lang='lat' dir='ltr'><strong>contra</strong></span> 
     </span>
    </p>
   </div>
   <div class='ocr_carea' id='block_1_19' title="bbox 284 1917 1922 1988">
    <p class='ocr_par' dir='ltr' id='par_1_19' title="bbox 284 1917 1922 1988">
     <span class='ocr_line' id='line_1_19' title="bbox 284 1917 1922 1988; baseline 0.002 -17"><span class='ocrx_word' id='word_1_134' title='bbox 284 1920 529 1984; x_wconf 80' lang='lat' dir='ltr'><strong>gratiam</strong></span> <span class='ocrx_word' id='word_1_135' title='bbox 562 1917 867 1984; x_wconf 83' lang='lat' dir='ltr'><strong>defensores</strong></span> <span class='ocrx_word' id='word_1_136' title='bbox 896 1918 1095 1972; x_wconf 85' lang='lat' dir='ltr'><strong>adeunt</strong></span> <span class='ocrx_word' id='word_1_137' title='bbox 1125 1918 1201 1972; x_wconf 88' lang='lat' dir='ltr'><strong>ad</strong></span> <span class='ocrx_word' id='word_1_138' title='bbox 1226 1919 1613 1987; x_wconf 86' lang='lat' dir='ltr'><strong>Augustinum,</strong></span> <span class='ocrx_word' id='word_1_139' title='bbox 1638 1935 1672 1972; x_wconf 88' lang='lat' dir='ltr'><strong>a</strong></span> <span class='ocrx_word' id='word_1_140' title='bbox 1701 1936 1804 1988; x_wconf 86' lang='lat' dir='ltr'><strong>quo</strong></span> <span class='ocrx_word' id='word_1_141' title='bbox 1827 1921 1922 1974; x_wconf 86' lang='lat' dir='ltr'><strong>do-</strong></span> 
     </span>
    </p>
   </div>
   <div class='ocr_carea' id='block_1_20' title="bbox 284 2006 1925 2075">
    <p class='ocr_par' dir='ltr' id='par_1_20' title="bbox 284 2006 1925 2075">
     <span class='ocr_line' id='line_1_20' title="bbox 284 2006 1925 2075; baseline 0.002 -15"><span class='ocrx_word' id='word_1_142' title='bbox 284 2010 497 2074; x_wconf 82' lang='lat' dir='ltr'><strong>centur,</strong></span> <span class='ocrx_word' id='word_1_143' title='bbox 554 2009 605 2059; x_wconf 89' lang='lat' dir='ltr'><strong>et</strong></span> <span class='ocrx_word' id='word_1_144' title='bbox 646 2007 921 2075; x_wconf 88' lang='lat' dir='ltr'><strong>accipiunt</strong></span> <span class='ocrx_word' id='word_1_145' title='bbox 974 2021 1091 2060; x_wconf 87' lang='lat' dir='ltr'><strong>cum</strong></span> <span class='ocrx_word' id='word_1_146' title='bbox 1142 2006 1281 2060; x_wconf 84' lang='lat' dir='ltr'><strong>binis</strong></span> <span class='ocrx_word' id='word_1_147' title='bbox 1337 2008 1579 2075; x_wconf 85' lang='lat' dir='ltr'><strong>epistolis</strong></span> <span class='ocrx_word' id='word_1_148' title='bbox 1619 2008 1817 2063; x_wconf 85' lang='lat' dir='ltr'><strong>librum</strong></span> <span class='ocrx_word' id='word_1_149' title='bbox 1860 2010 1925 2063; x_wconf 88' lang='lat' dir='ltr'><strong>de</strong></span> 
     </span>
    </p>
   </div>
   <div class='ocr_carea' id='block_1_21' title="bbox 287 2094 1923 2160">
    <p class='ocr_par' dir='ltr' id='par_1_21' title="bbox 287 2094 1923 2160">
     <span class='ocr_line' id='line_1_21' title="bbox 287 2094 1923 2160; baseline 0.001 -9"><span class='ocrx_word' id='word_1_150' title='bbox 287 2094 489 2151; x_wconf 79' lang='lat' dir='ltr'><strong>Gratia</strong></span> <span class='ocrx_word' id='word_1_151' title='bbox 513 2099 563 2149; x_wconf 84' lang='lat' dir='ltr'><strong>et</strong></span> <span class='ocrx_word' id='word_1_152' title='bbox 586 2094 779 2149; x_wconf 87' lang='lat' dir='ltr'><strong>Libero</strong></span> <span class='ocrx_word' id='word_1_153' title='bbox 812 2095 1080 2160; x_wconf 81' lang='lat' dir='ltr'><strong>Arbitrio,</strong></span> <span class='ocrx_word' id='word_1_154' title='bbox 1106 2095 1181 2148; x_wconf 90' lang='lat' dir='ltr'><strong>ad</strong></span> <span class='ocrx_word' id='word_1_155' title='bbox 1218 2096 1564 2150; x_wconf 87' lang='lat' dir='ltr'><strong>Valentinum</strong></span> <span class='ocrx_word' id='word_1_156' title='bbox 1594 2100 1645 2149; x_wconf 90' lang='lat' dir='ltr'><strong>et</strong></span> <span class='ocrx_word' id='word_1_157' title='bbox 1673 2112 1791 2150; x_wconf 85' lang='lat' dir='ltr'><strong>cum</strong></span> <span class='ocrx_word' id='word_1_158' title='bbox 1831 2099 1923 2152; x_wconf 88' lang='lat' dir='ltr'><strong>illo</strong></span> 
     </span>
    </p>
   </div>
   <div class='ocr_carea' id='block_1_22' title="bbox 285 2183 1924 2256">
    <p class='ocr_par' dir='ltr' id='par_1_22' title="bbox 285 2183 1924 2256">
     <span class='ocr_line' id='line_1_22' title="bbox 285 2183 1924 2256; baseline 0.002 -19"><span class='ocrx_word' id='word_1_159' title='bbox 285 2183 591 2237; x_wconf 83' lang='lat' dir='ltr'><strong>monachos.</strong></span> <span class='ocrx_word' id='word_1_160' title='bbox 625 2187 656 2236; x_wconf 85' lang='lat'><strong>6</strong></span> <span class='ocrx_word' id='word_1_161' title='bbox 683 2183 869 2237; x_wconf 85' lang='lat' dir='ltr'><strong>Alium</strong></span> <span class='ocrx_word' id='word_1_162' title='bbox 896 2183 970 2237; x_wconf 86' lang='lat' dir='ltr'><strong>ad</strong></span> <span class='ocrx_word' id='word_1_163' title='bbox 1017 2183 1224 2238; x_wconf 88' lang='lat' dir='ltr'><strong>eosdem</strong></span> <span class='ocrx_word' id='word_1_164' title='bbox 1251 2183 1449 2238; x_wconf 84' lang='lat' dir='ltr'><strong>librum</strong></span> <span class='ocrx_word' id='word_1_165' title='bbox 1477 2184 1542 2237; x_wconf 90' lang='lat' dir='ltr'><strong>dc</strong></span> <span class='ocrx_word' id='word_1_166' title='bbox 1582 2185 1924 2256; x_wconf 87' lang='lat' dir='ltr'><strong>Correptione</strong></span> 
     </span>
    </p>
   </div>
   <div class='ocr_carea' id='block_1_23' title="bbox 285 2271 1249 2327">
    <p class='ocr_par' dir='ltr' id='par_1_23' title="bbox 285 2271 1249 2327">
     <span class='ocr_line' id='line_1_23' title="bbox 285 2271 1249 2327; baseline 0.002 -3"><span class='ocrx_word' id='word_1_167' title='bbox 285 2275 337 2326; x_wconf 81' lang='lat' dir='ltr'><strong>et</strong></span> <span class='ocrx_word' id='word_1_168' title='bbox 368 2271 566 2327; x_wconf 85' lang='lat' dir='ltr'><strong>Gratia</strong></span> <span class='ocrx_word' id='word_1_169' title='bbox 592 2273 762 2325; x_wconf 87' lang='lat' dir='ltr'><strong>mittit</strong></span> <span class='ocrx_word' id='word_1_170' title='bbox 792 2276 1011 2326; x_wconf 90' lang='lat' dir='ltr'><strong>sanctus</strong></span> <span class='ocrx_word' id='word_1_171' title='bbox 1040 2274 1249 2327; x_wconf 79' lang='lat' dir='ltr'><strong>Doctor.</strong></span> 
     </span>
    </p>
   </div>
   <div class='ocr_carea' id='block_1_24' title="bbox 293 2359 1924 2434">
    <p class='ocr_par' dir='ltr' id='par_1_24' title="bbox 293 2359 1924 2434">
     <span class='ocr_line' id='line_1_24' title="bbox 293 2359 1924 2434; baseline 0.002 -20"><span class='ocrx_word' id='word_1_172' title='bbox 293 2363 340 2414; x_wconf 84' lang='lat' dir='ltr'><strong>l.</strong></span> <span class='ocrx_word' id='word_1_173' title='bbox 371 2360 612 2414; x_wconf 84' lang='lat' dir='ltr'><strong>Severus</strong></span> <span class='ocrx_word' id='word_1_174' title='bbox 644 2359 997 2413; x_wconf 84' lang='lat' dir='ltr'><strong>Milevitanus</strong></span> <span class='ocrx_word' id='word_1_175' title='bbox 1018 2359 1340 2432; x_wconf 88' lang='lat' dir='ltr'><strong>episcopus,</strong></span> <span class='ocrx_word' id='word_1_176' title='bbox 1372 2363 1675 2434; x_wconf 81' lang='lat' dir='ltr'><strong>Augustini</strong></span> <span class='ocrx_word' id='word_1_177' title='bbox 1710 2364 1924 2418; x_wconf 91' lang='lat' dir='ltr'><strong>amicus</strong></span> 
     </span>
    </p>
   </div>
   <div class='ocr_carea' id='block_1_25' title="bbox 214 2447 1925 2524">
    <p class='ocr_par' dir='ltr' id='par_1_25' title="bbox 214 2447 1925 2524">
     <span class='ocr_line' id='line_1_25' title="bbox 214 2447 1925 2524; baseline 0.003 -23"><span class='ocrx_word' id='word_1_178' title='bbox 214 2451 272 2502; x_wconf 86' lang='lat' dir='ltr'><strong>et</strong></span> <span class='ocrx_word' id='word_1_179' title='bbox 295 2447 776 2520; x_wconf 87' lang='lat' dir='ltr'><strong>pernecessarius,</strong></span> <span class='ocrx_word' id='word_1_180' title='bbox 799 2448 903 2502; x_wconf 89' lang='lat' dir='ltr'><strong>sub</strong></span> <span class='ocrx_word' id='word_1_181' title='bbox 937 2448 1073 2502; x_wconf 89' lang='lat' dir='ltr'><strong>anui</strong></span> <span class='ocrx_word' id='word_1_182' title='bbox 1090 2449 1238 2520; x_wconf 89' lang='lat' dir='ltr'><strong>quad</strong></span> <span class='ocrx_word' id='word_1_183' title='bbox 1249 2450 1641 2521; x_wconf 83' lang='lat' dir='ltr'><strong>ringentesimi</strong></span> <span class='ocrx_word' id='word_1_184' title='bbox 1662 2451 1925 2524; x_wconf 90' lang='lat' dir='ltr'><strong>vigesimi</strong></span> 
     </span>
    </p>
   </div>
   <div class='ocr_carea' id='block_1_26' title="bbox 216 2536 1920 2613">
    <p class='ocr_par' dir='ltr' id='par_1_26' title="bbox 216 2536 1920 2613">
     <span class='ocr_line' id='line_1_26' title="bbox 216 2536 1920 2613; baseline 0.003 -23"><span class='ocrx_word' id='word_1_185' title='bbox 216 2538 360 2592; x_wconf 80' lang='lat' dir='ltr'><strong>sexti</strong></span> <span class='ocrx_word' id='word_1_186' title='bbox 391 2537 620 2591; x_wconf 88' lang='lat' dir='ltr'><strong>initium</strong></span> <span class='ocrx_word' id='word_1_187' title='bbox 672 2552 737 2591; x_wconf 83' lang='lat' dir='ltr'><strong>ex</strong></span> <span class='ocrx_word' id='word_1_188' title='bbox 768 2536 873 2591; x_wconf 89' lang='lat' dir='ltr'><strong>hac</strong></span> <span class='ocrx_word' id='word_1_189' title='bbox 902 2537 1016 2591; x_wconf 91' lang='lat' dir='ltr'><strong>vita</strong></span> <span class='ocrx_word' id='word_1_190' title='bbox 1049 2538 1315 2608; x_wconf 82' lang='lat' dir='ltr'><strong>migravit</strong></span> <span class='ocrx_word' id='word_1_191' title='bbox 1347 2540 1546 2610; x_wconf 86' lang='lat' dir='ltr'><strong>(Epist.</strong></span> <span class='ocrx_word' id='word_1_192' title='bbox 1597 2544 1722 2607; x_wconf 87' lang='lat' dir='ltr'><strong>2l3,</strong></span> <span class='ocrx_word' id='word_1_193' title='bbox 1754 2558 1809 2594; x_wconf 79' lang='grc' dir='ltr'><strong>η.</strong></span> <span class='ocrx_word' id='word_1_194' title='bbox 1851 2541 1920 2613; x_wconf 85' lang='lat' dir='ltr'><strong>l).</strong></span> 
     </span>
    </p>
   </div>
   <div class='ocr_carea' id='block_1_27' title="bbox 218 2625 1922 2700">
    <p class='ocr_par' dir='ltr' id='par_1_27' title="bbox 218 2625 1922 2700">
     <span class='ocr_line' id='line_1_27' title="bbox 218 2625 1922 2700; baseline 0.002 -20"><span class='ocrx_word' id='word_1_195' title='bbox 218 2625 269 2680; x_wconf 88' lang='lat' dir='ltr'><strong>Is</strong></span> <span class='ocrx_word' id='word_1_196' title='bbox 297 2631 433 2680; x_wconf 85' lang='lat' dir='ltr'><strong>ante</strong></span> <span class='ocrx_word' id='word_1_197' title='bbox 466 2630 712 2680; x_wconf 90' lang='lat' dir='ltr'><strong>mortem</strong></span> <span class='ocrx_word' id='word_1_198' title='bbox 760 2641 914 2693; x_wconf 90' lang='lat' dir='ltr'><strong>eum,</strong></span> <span class='ocrx_word' id='word_1_199' title='bbox 948 2642 1119 2699; x_wconf 85' lang='lat' dir='ltr'><strong>quem</strong></span> <span class='ocrx_word' id='word_1_200' title='bbox 1167 2628 1394 2683; x_wconf 90' lang='lat' dir='ltr'><strong>volebat</strong></span> <span class='ocrx_word' id='word_1_201' title='bbox 1444 2629 1552 2684; x_wconf 88' lang='lat' dir='ltr'><strong>sibi</strong></span> <span class='ocrx_word' id='word_1_202' title='bbox 1602 2631 1922 2700; x_wconf 86' lang='lat' dir='ltr'><strong>succedere,</strong></span> 
     </span>
    </p>
   </div>
   <div class='ocr_carea' id='block_1_28' title="bbox 215 2714 1923 2791">
    <p class='ocr_par' dir='ltr' id='par_1_28' title="bbox 215 2714 1923 2791">
     <span class='ocr_line' id='line_1_28' title="bbox 215 2714 1923 2791; baseline 0.003 -22"><span class='ocrx_word' id='word_1_203' title='bbox 215 2715 584 2786; x_wconf 74' lang='lat' dir='ltr'><strong>designaret;</strong></span> <span class='ocrx_word' id='word_1_204' title='bbox 618 2714 712 2769; x_wconf 90' lang='lat' dir='ltr'><strong>sed</strong></span> <span class='ocrx_word' id='word_1_205' title='bbox 744 2731 865 2769; x_wconf 92' lang='lat' dir='ltr'><strong>rem</strong></span> <span class='ocrx_word' id='word_1_206' title='bbox 904 2716 1143 2787; x_wconf 89' lang='lat' dir='ltr'><strong>populo,</strong></span> <span class='ocrx_word' id='word_1_207' title='bbox 1169 2717 1253 2771; x_wconf 85' lang='lat' dir='ltr'><strong>uti</strong></span> <span class='ocrx_word' id='word_1_208' title='bbox 1282 2734 1386 2789; x_wconf 88' lang='lat' dir='ltr'><strong>par</strong></span> <span class='ocrx_word' id='word_1_209' title='bbox 1415 2723 1554 2783; x_wconf 88' lang='lat' dir='ltr'><strong>erat,</strong></span> <span class='ocrx_word' id='word_1_210' title='bbox 1602 2735 1923 2791; x_wconf 87' lang='lat' dir='ltr'><strong>proponere</strong></span> 
     </span>
    </p>
   </div>
   <div class='ocr_carea' id='block_1_29' title="bbox 214 2803 1923 2874">
    <p class='ocr_par' dir='ltr' id='par_1_29' title="bbox 214 2803 1923 2874">
     <span class='ocr_line' id='line_1_29' title="bbox 214 2803 1923 2874; baseline 0.002 -17"><span class='ocrx_word' id='word_1_211' title='bbox 214 2803 458 2874; x_wconf 87' lang='lat' dir='ltr'><strong>insuper</strong></span> <span class='ocrx_word' id='word_1_212' title='bbox 478 2803 714 2870; x_wconf 82' lang='lat' dir='ltr'><strong>habens,</strong></span> <span class='ocrx_word' id='word_1_213' title='bbox 740 2804 999 2858; x_wconf 85' lang='lat' dir='ltr'><strong>sufﬁcere</strong></span> <span class='ocrx_word' id='word_1_214' title='bbox 1023 2804 1388 2874; x_wconf 84' lang='lat' dir='ltr'><strong>existimavit,</strong></span> <span class='ocrx_word' id='word_1_215' title='bbox 1407 2807 1570 2862; x_wconf 91' lang='lat' dir='ltr'><strong>illum</strong></span> <span class='ocrx_word' id='word_1_216' title='bbox 1586 2824 1783 2862; x_wconf 89' lang='lat' dir='ltr'><strong>eorum</strong></span> <span class='ocrx_word' id='word_1_217' title='bbox 1807 2808 1923 2861; x_wconf 89' lang='lat' dir='ltr'><strong>suis</strong></span> 
     </span>
    </p>
   </div>
   <div class='ocr_carea' id='block_1_30' title="bbox 213 2891 1918 2959">
    <p class='ocr_par' dir='ltr' id='par_1_30' title="bbox 213 2891 1918 2959">
     <span class='ocr_line' id='line_1_30' title="bbox 213 2891 1918 2959; baseline 0.003 -14"><span class='ocrx_word' id='word_1_218' title='bbox 213 2891 436 2946; x_wconf 85' lang='lat' dir='ltr'><strong>clericis</strong></span> <span class='ocrx_word' id='word_1_219' title='bbox 475 2891 808 2946; x_wconf 89' lang='lat' dir='ltr'><strong>instituisse.</strong></span> <span class='ocrx_word' id='word_1_220' title='bbox 866 2892 965 2947; x_wconf 85' lang='lat' dir='ltr'><strong>Hic</strong></span> <span class='ocrx_word' id='word_1_221' title='bbox 1016 2897 1207 2948; x_wconf 87' lang='lat' dir='ltr'><strong>autem</strong></span> <span class='ocrx_word' id='word_1_222' title='bbox 1268 2895 1519 2949; x_wconf 88' lang='lat' dir='ltr'><strong>defectus</strong></span> <span class='ocrx_word' id='word_1_223' title='bbox 1575 2913 1743 2950; x_wconf 89' lang='lat' dir='ltr'><strong>causa</strong></span> <span class='ocrx_word' id='word_1_224' title='bbox 1793 2896 1918 2959; x_wconf 85' lang='lat' dir='ltr'><strong>fuit,</strong></span> 
     </span>
    </p>
   </div>
   <div class='ocr_carea' id='block_1_31' title="bbox 211 2980 1920 3054">
    <p class='ocr_par' dir='ltr' id='par_1_31' title="bbox 211 2980 1920 3054">
     <span class='ocr_line' id='line_1_31' title="bbox 211 2980 1920 3054; baseline 0.004 -21"><span class='ocrx_word' id='word_1_225' title='bbox 211 2996 316 3035; x_wconf 89' lang='lat' dir='ltr'><strong>cur</strong></span> <span class='ocrx_word' id='word_1_226' title='bbox 343 2997 414 3036; x_wconf 89' lang='lat' dir='ltr'><strong>eo</strong></span> <span class='ocrx_word' id='word_1_227' title='bbox 464 2984 696 3035; x_wconf 90' lang='lat' dir='ltr'><strong>mortuo</strong></span> <span class='ocrx_word' id='word_1_228' title='bbox 738 2997 809 3035; x_wconf 92' lang='lat' dir='ltr'><strong>ne</strong></span> <span class='ocrx_word' id='word_1_229' title='bbox 840 2980 978 3052; x_wconf 92' lang='lat' dir='ltr'><strong>quid</strong></span> <span class='ocrx_word' id='word_1_230' title='bbox 1016 2982 1315 3037; x_wconf 89' lang='lat' dir='ltr'><strong>turbarum</strong></span> <span class='ocrx_word' id='word_1_231' title='bbox 1368 2982 1427 3038; x_wconf 91' lang='lat' dir='ltr'><strong>in</strong></span> <span class='ocrx_word' id='word_1_232' title='bbox 1456 2984 1622 3054; x_wconf 88' lang='lat' dir='ltr'><strong>plebe</strong></span> <span class='ocrx_word' id='word_1_233' title='bbox 1653 2984 1920 3053; x_wconf 87' lang='lat' dir='ltr'><strong>oriretur,</strong></span> 
     </span>
    </p>
   </div>
   <div class='ocr_carea' id='block_1_32' title="bbox 213 3069 1921 3145">
    <p class='ocr_par' dir='ltr' id='par_1_32' title="bbox 213 3069 1921 3145">
     <span class='ocr_line' id='line_1_32' title="bbox 213 3069 1921 3145; baseline 0.003 -23"><span class='ocrx_word' id='word_1_234' title='bbox 213 3069 616 3124; x_wconf 86' lang='lat' dir='ltr'><strong>subtimerent.</strong></span> <span class='ocrx_word' id='word_1_235' title='bbox 646 3069 918 3134; x_wconf 85' lang='lat' dir='ltr'><strong>Quocirca</strong></span> <span class='ocrx_word' id='word_1_236' title='bbox 945 3070 1168 3138; x_wconf 86' lang='lat' dir='ltr'><strong>fratres,</strong></span> <span class='ocrx_word' id='word_1_237' title='bbox 1216 3071 1516 3140; x_wconf 91' lang='lat' dir='ltr'><strong>nimirum,</strong></span> <span class='ocrx_word' id='word_1_238' title='bbox 1546 3077 1611 3127; x_wconf 89' lang='lat' dir='ltr'><strong>ut</strong></span> <span class='ocrx_word' id='word_1_239' title='bbox 1639 3073 1921 3145; x_wconf 85' lang='lat' dir='ltr'><strong>conjicere</strong></span> 
     </span>
    </p>
   </div>
   <div class='ocr_carea' id='block_1_33' title="bbox 212 3156 1921 3229">
    <p class='ocr_par' dir='ltr' id='par_1_33' title="bbox 212 3156 1921 3229">
     <span class='ocr_line' id='line_1_33' title="bbox 212 3156 1921 3229; baseline 0.002 -17"><span class='ocrx_word' id='word_1_240' title='bbox 212 3158 372 3224; x_wconf 88' lang='lat' dir='ltr'><strong>licet,</strong></span> <span class='ocrx_word' id='word_1_241' title='bbox 404 3156 593 3211; x_wconf 89' lang='lat' dir='ltr'><strong>clerici</strong></span> <span class='ocrx_word' id='word_1_242' title='bbox 623 3162 795 3229; x_wconf 89' lang='lat' dir='ltr'><strong>atque</strong></span> <span class='ocrx_word' id='word_1_243' title='bbox 826 3158 887 3211; x_wconf 91' lang='lat' dir='ltr'><strong>in</strong></span> <span class='ocrx_word' id='word_1_244' title='bbox 932 3158 1133 3229; x_wconf 89' lang='lat' dir='ltr'><strong>primis</strong></span> <span class='ocrx_word' id='word_1_245' title='bbox 1175 3159 1321 3213; x_wconf 89' lang='lat' dir='ltr'><strong>servi</strong></span> <span class='ocrx_word' id='word_1_246' title='bbox 1372 3161 1492 3227; x_wconf 90' lang='lat' dir='ltr'><strong>Dei,</strong></span> <span class='ocrx_word' id='word_1_247' title='bbox 1545 3161 1650 3215; x_wconf 89' lang='lat' dir='ltr'><strong>hoc</strong></span> <span class='ocrx_word' id='word_1_248' title='bbox 1689 3166 1771 3216; x_wconf 89' lang='lat' dir='ltr'><strong>est</strong></span> <span class='ocrx_word' id='word_1_249' title='bbox 1799 3178 1921 3216; x_wconf 86' lang='lat' dir='ltr'><strong>mo-</strong></span> 
     </span>
    </p>
   </div>
   <div class='ocr_carea' id='block_1_34' title="bbox 209 3244 1921 3316">
    <p class='ocr_par' dir='ltr' id='par_1_34' title="bbox 209 3244 1921 3316">
     <span class='ocr_line' id='line_1_34' title="bbox 209 3244 1921 3316; baseline 0.003 -16"><span class='ocrx_word' id='word_1_250' title='bbox 209 3245 387 3300; x_wconf 86' lang='lat' dir='ltr'><strong>nacbi</strong></span> <span class='ocrx_word' id='word_1_251' title='bbox 455 3244 838 3316; x_wconf 81' lang='lat' dir='ltr'><strong>Augustinum</strong></span> <span class='ocrx_word' id='word_1_252' title='bbox 894 3250 1191 3316; x_wconf 81' lang='lat' dir='ltr'><strong>rogarunt,</strong></span> <span class='ocrx_word' id='word_1_253' title='bbox 1254 3252 1318 3301; x_wconf 88' lang='lat' dir='ltr'><strong>ut</strong></span> <span class='ocrx_word' id='word_1_254' title='bbox 1383 3249 1451 3303; x_wconf 90' lang='lat' dir='ltr'><strong>ad</strong></span> <span class='ocrx_word' id='word_1_255' title='bbox 1506 3250 1921 3305; x_wconf 90' lang='lat' dir='ltr'><strong>consulendum</strong></span> 
     </span>
    </p>
   </div>
   <div class='ocr_carea' id='block_1_35' title="bbox 208 3333 1917 3407">
    <p class='ocr_par' dir='ltr' id='par_1_35' title="bbox 208 3333 1917 3407">
     <span class='ocr_line' id='line_1_35' title="bbox 208 3333 1917 3407; baseline 0.004 -18"><span class='ocrx_word' id='word_1_256' title='bbox 208 3333 624 3405; x_wconf 84' lang='lat' dir='ltr'><strong>tranquillitati</strong></span> <span class='ocrx_word' id='word_1_257' title='bbox 661 3333 758 3388; x_wconf 91' lang='lat' dir='ltr'><strong>illo</strong></span> <span class='ocrx_word' id='word_1_258' title='bbox 789 3335 1097 3390; x_wconf 84' lang='lat' dir='ltr'><strong>accederet.</strong></span> <span class='ocrx_word' id='word_1_259' title='bbox 1147 3336 1474 3407; x_wconf 85' lang='lat' dir='ltr'><strong>Adspiravit</strong></span> <span class='ocrx_word' id='word_1_260' title='bbox 1502 3338 1553 3392; x_wconf 91' lang='lat' dir='ltr'><strong>ei</strong></span> <span class='ocrx_word' id='word_1_261' title='bbox 1585 3339 1776 3394; x_wconf 82' lang='lat' dir='ltr'><strong>divina</strong></span> <span class='ocrx_word' id='word_1_262' title='bbox 1805 3341 1917 3395; x_wconf 90' lang='lat' dir='ltr'><strong>cle-</strong></span> 
     </span>
    </p>
   </div>
   <div class='ocr_carea' id='block_1_36' title="bbox 210 3423 1920 3501">
    <p class='ocr_par' dir='ltr' id='par_1_36' title="bbox 210 3423 1920 3501">
     <span class='ocr_line' id='line_1_36' title="bbox 210 3423 1920 3501; baseline 0.004 -23"><span class='ocrx_word' id='word_1_263' title='bbox 210 3423 455 3492; x_wconf 87' lang='lat' dir='ltr'><strong>mentia,</strong></span> <span class='ocrx_word' id='word_1_264' title='bbox 487 3427 543 3478; x_wconf 90' lang='lat' dir='ltr'><strong>et</strong></span> <span class='ocrx_word' id='word_1_265' title='bbox 570 3439 900 3494; x_wconf 87' lang='lat' dir='ltr'><strong>quanquam</strong></span> <span class='ocrx_word' id='word_1_266' title='bbox 940 3424 1202 3479; x_wconf 90' lang='lat' dir='ltr'><strong>nonnulli</strong></span> <span class='ocrx_word' id='word_1_267' title='bbox 1245 3426 1617 3482; x_wconf 81' lang='lat' dir='ltr'><strong>offensionem</strong></span> <span class='ocrx_word' id='word_1_268' title='bbox 1671 3428 1920 3501; x_wconf 86' lang='lat' dir='ltr'><strong>aliquam</strong></span> 
     </span>
    </p>
   </div>
   <div class='ocr_carea' id='block_1_37' title="bbox 208 3510 1921 3573">
    <p class='ocr_par' dir='ltr' id='par_1_37' title="bbox 208 3510 1921 3573">
     <span class='ocr_line' id='line_1_37' title="bbox 208 3510 1921 3573; baseline 0.004 -7"><span class='ocrx_word' id='word_1_269' title='bbox 208 3512 283 3566; x_wconf 91' lang='lat' dir='ltr'><strong>ob</strong></span> <span class='ocrx_word' id='word_1_270' title='bbox 336 3510 643 3566; x_wconf 90' lang='lat' dir='ltr'><strong>consilium</strong></span> <span class='ocrx_word' id='word_1_271' title='bbox 674 3512 779 3566; x_wconf 91' lang='lat' dir='ltr'><strong>hoc</strong></span> <span class='ocrx_word' id='word_1_272' title='bbox 807 3527 841 3564; x_wconf 88' lang='lat' dir='ltr'><strong>a</strong></span> <span class='ocrx_word' id='word_1_273' title='bbox 871 3511 1080 3566; x_wconf 87' lang='lat' dir='ltr'><strong>Severo</strong></span> <span class='ocrx_word' id='word_1_274' title='bbox 1129 3512 1240 3567; x_wconf 90' lang='lat' dir='ltr'><strong>sibi</strong></span> <span class='ocrx_word' id='word_1_275' title='bbox 1287 3530 1403 3568; x_wconf 92' lang='lat' dir='ltr'><strong>non</strong></span> <span class='ocrx_word' id='word_1_276' title='bbox 1434 3516 1921 3573; x_wconf 89' lang='lat' dir='ltr'><strong>communicatum</strong></span> 
     </span>
    </p>
   </div>
   <div class='ocr_carea' id='block_1_38' title="bbox 211 3600 1920 3673">
    <p class='ocr_par' dir='ltr' id='par_1_38' title="bbox 211 3600 1920 3673">
     <span class='ocr_line' id='line_1_38' title="bbox 211 3600 1920 3673; baseline 0.003 -17"><span class='ocrx_word' id='word_1_277' title='bbox 211 3618 334 3673; x_wconf 77' lang='lat' dir='ltr'><strong>prae</strong></span> <span class='ocrx_word' id='word_1_278' title='bbox 363 3616 423 3655; x_wconf 92' lang='lat' dir='ltr'><strong>se</strong></span> <span class='ocrx_word' id='word_1_279' title='bbox 454 3600 746 3666; x_wconf 86' lang='lat' dir='ltr'><strong>ferebant;</strong></span> <span class='ocrx_word' id='word_1_280' title='bbox 782 3604 976 3655; x_wconf 88' lang='lat' dir='ltr'><strong>tamen</strong></span> <span class='ocrx_word' id='word_1_281' title='bbox 1012 3600 1134 3656; x_wconf 65' lang='lat' dir='ltr'><strong>haec</strong></span> <span class='ocrx_word' id='word_1_282' title='bbox 1165 3602 1413 3657; x_wconf 74' lang='lat' dir='ltr'><strong>tristitia-3</strong></span> <span class='ocrx_word' id='word_1_283' title='bbox 1460 3604 1742 3660; x_wconf 88' lang='lat' dir='ltr'><strong>nubecula</strong></span> <span class='ocrx_word' id='word_1_284' title='bbox 1783 3623 1920 3661; x_wconf 89' lang='lat' dir='ltr'><strong>con-</strong></span> 
     </span>
    </p>
   </div>
   <div class='ocr_carea' id='block_1_39' title="bbox 210 3688 1919 3766">
    <p class='ocr_par' dir='ltr' id='par_1_39' title="bbox 210 3688 1919 3766">
     <span class='ocr_line' id='line_1_39' title="bbox 210 3688 1919 3766; baseline 0.002 -21"><span class='ocrx_word' id='word_1_285' title='bbox 210 3689 403 3745; x_wconf 84' lang='lat' dir='ltr'><strong>festim</strong></span> <span class='ocrx_word' id='word_1_286' title='bbox 431 3704 631 3744; x_wconf 89' lang='lat' dir='ltr'><strong>sereno</strong></span> <span class='ocrx_word' id='word_1_287' title='bbox 659 3688 870 3743; x_wconf 63' lang='lat' dir='ltr'><strong>laetitiae</strong></span> <span class='ocrx_word' id='word_1_288' title='bbox 910 3689 1096 3756; x_wconf 86' lang='lat' dir='ltr'><strong>cessit,</strong></span> <span class='ocrx_word' id='word_1_289' title='bbox 1129 3693 1185 3744; x_wconf 88' lang='lat' dir='ltr'><strong>et</strong></span> <span class='ocrx_word' id='word_1_290' title='bbox 1213 3706 1342 3746; x_wconf 87' lang='lat' dir='ltr'><strong>cum</strong></span> <span class='ocrx_word' id='word_1_291' title='bbox 1373 3692 1626 3763; x_wconf 91' lang='lat' dir='ltr'><strong>primum</strong></span> <span class='ocrx_word' id='word_1_292' title='bbox 1658 3694 1919 3766; x_wconf 89' lang='lat' dir='ltr'><strong>designa-</strong></span> 
     </span>
    </p>
   </div>
   <div class='ocr_carea' id='block_1_40' title="bbox 212 3778 1920 3851">
    <p class='ocr_par' dir='ltr' id='par_1_40' title="bbox 212 3778 1920 3851">
     <span class='ocr_line' id='line_1_40' title="bbox 212 3778 1920 3851; baseline 0.002 -18"><span class='ocrx_word' id='word_1_293' title='bbox 212 3786 341 3834; x_wconf 88' lang='lat' dir='ltr'><strong>tum</strong></span> <span class='ocrx_word' id='word_1_294' title='bbox 365 3778 472 3832; x_wconf 89' lang='lat' dir='ltr'><strong>sibi</strong></span> <span class='ocrx_word' id='word_1_295' title='bbox 495 3779 752 3833; x_wconf 88' lang='lat' dir='ltr'><strong>futurum</strong></span> <span class='ocrx_word' id='word_1_296' title='bbox 777 3779 1084 3849; x_wconf 70' lang='lat' dir='ltr'><strong>praesulem</strong></span> <span class='ocrx_word' id='word_1_297' title='bbox 1113 3795 1452 3851; x_wconf 83' lang='lat' dir='ltr'><strong>cognovere,</strong></span> <span class='ocrx_word' id='word_1_298' title='bbox 1480 3781 1644 3836; x_wconf 90' lang='lat' dir='ltr'><strong>illum</strong></span> <span class='ocrx_word' id='word_1_299' title='bbox 1667 3784 1920 3837; x_wconf 88' lang='lat' dir='ltr'><strong>volentes</strong></span> 
     </span>
    </p>
   </div>
   <div class='ocr_carea' id='block_1_41' title="bbox 211 3868 1919 3941">
    <p class='ocr_par' dir='ltr' id='par_1_41' title="bbox 211 3868 1919 3941">
     <span class='ocr_line' id='line_1_41' title="bbox 211 3868 1919 3941; baseline 0.003 -20"><span class='ocrx_word' id='word_1_300' title='bbox 211 3868 590 3939; x_wconf 90' lang='lat' dir='ltr'><strong>lubentesque</strong></span> <span class='ocrx_word' id='word_1_301' title='bbox 619 3883 884 3938; x_wconf 90' lang='lat' dir='ltr'><strong>accepere</strong></span> <span class='ocrx_word' id='word_1_302' title='bbox 911 3884 924 3921; x_wconf 91' lang='lat'><strong>:</strong></span> <span class='ocrx_word' id='word_1_303' title='bbox 956 3883 1071 3938; x_wconf 90' lang='lat' dir='ltr'><strong>quo</strong></span> <span class='ocrx_word' id='word_1_304' title='bbox 1118 3873 1282 3939; x_wconf 90' lang='lat' dir='ltr'><strong>pacto</strong></span> <span class='ocrx_word' id='word_1_305' title='bbox 1312 3875 1509 3941; x_wconf 86' lang='lat' dir='ltr'><strong>pacate</strong></span> <span class='ocrx_word' id='word_1_306' title='bbox 1562 3887 1627 3925; x_wconf 91' lang='lat' dir='ltr'><strong>ac</strong></span> <span class='ocrx_word' id='word_1_307' title='bbox 1673 3872 1741 3925; x_wconf 91' lang='lat' dir='ltr'><strong>de</strong></span> <span class='ocrx_word' id='word_1_308' title='bbox 1783 3889 1919 3926; x_wconf 90' lang='lat' dir='ltr'><strong>con-</strong></span> 
     </span>
    </p>
   </div>
   <div class='ocr_carea' id='block_1_42' title="bbox 210 3956 1919 4014">
    <p class='ocr_par' dir='ltr' id='par_1_42' title="bbox 210 3956 1919 4014">
     <span class='ocr_line' id='line_1_42' title="bbox 210 3956 1919 4014; baseline 0.002 -4"><span class='ocrx_word' id='word_1_309' title='bbox 210 3972 385 4012; x_wconf 89' lang='lat' dir='ltr'><strong>sensu</strong></span> <span class='ocrx_word' id='word_1_310' title='bbox 405 3956 664 4011; x_wconf 89' lang='lat' dir='ltr'><strong>omnium</strong></span> <span class='ocrx_word' id='word_1_311' title='bbox 678 3961 1038 4011; x_wconf 88' lang='lat' dir='ltr'><strong>consecratus</strong></span> <span class='ocrx_word' id='word_1_312' title='bbox 1052 3962 1153 4011; x_wconf 90' lang='lat' dir='ltr'><strong>est.</strong></span> <span class='ocrx_word' id='word_1_313' title='bbox 1169 3958 1443 4012; x_wconf 89' lang='lat' dir='ltr'><strong>Inductus</strong></span> <span class='ocrx_word' id='word_1_314' title='bbox 1461 3958 1567 4013; x_wconf 89' lang='lat' dir='ltr'><strong>fuit</strong></span> <span class='ocrx_word' id='word_1_315' title='bbox 1588 3960 1696 4013; x_wconf 81' lang='lat' dir='ltr'><strong>hoc</strong></span> <span class='ocrx_word' id='word_1_316' title='bbox 1713 3965 1919 4014; x_wconf 73' lang='lat' dir='ltr'><strong>eventu</strong></span> 
     </span>
    </p>
   </div>
   <div class='ocr_carea' id='block_1_43' title="bbox 210 4045 1915 4117">
    <p class='ocr_par' dir='ltr' id='par_1_43' title="bbox 210 4045 1915 4117">
     <span class='ocr_line' id='line_1_43' title="bbox 210 4045 1915 4117; baseline 0.001 -17"><span class='ocrx_word' id='word_1_317' title='bbox 210 4045 591 4117; x_wconf 81' lang='lat' dir='ltr'><strong>Augustinus,</strong></span> <span class='ocrx_word' id='word_1_318' title='bbox 617 4049 682 4100; x_wconf 87' lang='lat' dir='ltr'><strong>ut</strong></span> <span class='ocrx_word' id='word_1_319' title='bbox 710 4045 861 4117; x_wconf 89' lang='lat' dir='ltr'><strong>apud</strong></span> <span class='ocrx_word' id='word_1_320' title='bbox 890 4061 949 4100; x_wconf 90' lang='lat' dir='ltr'><strong>se</strong></span> <span class='ocrx_word' id='word_1_321' title='bbox 981 4046 1170 4100; x_wconf 81' lang='lat' dir='ltr'><strong>denuo</strong></span> <span class='ocrx_word' id='word_1_322' title='bbox 1199 4047 1513 4102; x_wconf 88' lang='lat' dir='ltr'><strong>revolveret</strong></span> <span class='ocrx_word' id='word_1_323' title='bbox 1542 4048 1736 4101; x_wconf 87' lang='lat' dir='ltr'><strong>turbas</strong></span> <span class='ocrx_word' id='word_1_324' title='bbox 1767 4048 1915 4115; x_wconf 89' lang='lat' dir='ltr'><strong>illas,</strong></span> 
     </span>
    </p>
   </div>
   <div class='ocr_carea' id='block_1_44' title="bbox 209 4133 1919 4209">
    <p class='ocr_par' dir='ltr' id='par_1_44' title="bbox 209 4133 1919 4209">
     <span class='ocr_line' id='line_1_44' title="bbox 209 4133 1919 4209; baseline 0.001 -19"><span class='ocrx_word' id='word_1_325' title='bbox 209 4152 357 4209; x_wconf 88' lang='lat' dir='ltr'><strong>quas</strong></span> <span class='ocrx_word' id='word_1_326' title='bbox 381 4151 534 4205; x_wconf 58' lang='lat' dir='ltr'><strong>sape</strong></span> <span class='ocrx_word' id='word_1_327' title='bbox 565 4149 806 4189; x_wconf 90' lang='lat' dir='ltr'><strong>numero</strong></span> <span class='ocrx_word' id='word_1_328' title='bbox 832 4134 891 4189; x_wconf 90' lang='lat' dir='ltr'><strong>in</strong></span> <span class='ocrx_word' id='word_1_329' title='bbox 921 4133 1044 4188; x_wconf 90' lang='lat' dir='ltr'><strong>aliis</strong></span> <span class='ocrx_word' id='word_1_330' title='bbox 1075 4134 1332 4189; x_wconf 87' lang='lat' dir='ltr'><strong>Ecclesiis</strong></span> <span class='ocrx_word' id='word_1_331' title='bbox 1359 4139 1490 4206; x_wconf 89' lang='lat' dir='ltr'><strong>post</strong></span> <span class='ocrx_word' id='word_1_332' title='bbox 1519 4136 1919 4207; x_wconf 89' lang='lat' dir='ltr'><strong>episcoporum</strong></span> 
     </span>
    </p>
   </div>
   <div class='ocr_carea' id='block_1_45' title="bbox 210 4222 1917 4293">
    <p class='ocr_par' dir='ltr' id='par_1_45' title="bbox 210 4222 1917 4293">
     <span class='ocr_line' id='line_1_45' title="bbox 210 4222 1917 4293; baseline 0 -14"><span class='ocrx_word' id='word_1_333' title='bbox 210 4228 485 4293; x_wconf 86' lang='lat' dir='ltr'><strong>mortem,</strong></span> <span class='ocrx_word' id='word_1_334' title='bbox 515 4223 720 4278; x_wconf 87' lang='lat' dir='ltr'><strong>horum</strong></span> <span class='ocrx_word' id='word_1_335' title='bbox 753 4222 1088 4291; x_wconf 88' lang='lat' dir='ltr'><strong>ambitione,</strong></span> <span class='ocrx_word' id='word_1_336' title='bbox 1120 4222 1371 4277; x_wconf 25' lang='lat' dir='ltr'><strong>illorum.</strong></span> <span class='ocrx_word' id='word_1_337' title='bbox 1401 4228 1535 4277; x_wconf 90' lang='lat' dir='ltr'><strong>nato</strong></span> <span class='ocrx_word' id='word_1_338' title='bbox 1581 4224 1648 4278; x_wconf 91' lang='lat' dir='ltr'><strong>ad</strong></span> <span class='ocrx_word' id='word_1_339' title='bbox 1683 4229 1917 4279; x_wconf 87' lang='lat' dir='ltr'><strong>conten-</strong></span> 
     </span>
    </p>
   </div>
   <div class='ocr_carea' id='block_1_46' title="bbox 204 4310 1913 4383">
    <p class='ocr_par' dir='ltr' id='par_1_46' title="bbox 204 4310 1913 4383">
     <span class='ocr_line' id='line_1_46' title="bbox 204 4310 1913 4383; baseline 0.002 -18"><span class='ocrx_word' id='word_1_340' title='bbox 204 4313 396 4368; x_wconf 82' lang='lat' dir='ltr'><strong>tiones</strong></span> <span class='ocrx_word' id='word_1_341' title='bbox 425 4311 659 4382; x_wconf 88' lang='lat' dir='ltr'><strong>ingenio</strong></span> <span class='ocrx_word' id='word_1_342' title='bbox 707 4311 973 4366; x_wconf 84' lang='lat' dir='ltr'><strong>excitatas</strong></span> <span class='ocrx_word' id='word_1_343' title='bbox 1026 4327 1143 4365; x_wconf 91' lang='lat' dir='ltr'><strong>non</strong></span> <span class='ocrx_word' id='word_1_344' title='bbox 1195 4310 1316 4366; x_wconf 89' lang='lat' dir='ltr'><strong>sine</strong></span> <span class='ocrx_word' id='word_1_345' title='bbox 1374 4311 1569 4366; x_wconf 90' lang='lat' dir='ltr'><strong>dolore</strong></span> <span class='ocrx_word' id='word_1_346' title='bbox 1600 4317 1913 4383; x_wconf 87' lang='lat' dir='ltr'><strong>aspexerat.</strong></span> 
     </span>
    </p>
   </div>
   <div class='ocr_carea' id='block_1_47' title="bbox 211 4399 1917 4473">
    <p class='ocr_par' dir='ltr' id='par_1_47' title="bbox 211 4399 1917 4473">
     <span class='ocr_line' id='line_1_47' title="bbox 211 4399 1917 4473; baseline 0.001 -18"><span class='ocrx_word' id='word_1_347' title='bbox 211 4402 359 4472; x_wconf 76' lang='lat' dir='ltr'><strong>Ergo</strong></span> <span class='ocrx_word' id='word_1_348' title='bbox 391 4400 699 4455; x_wconf 87' lang='lat' dir='ltr'><strong>arbitratus</strong></span> <span class='ocrx_word' id='word_1_349' title='bbox 751 4403 948 4454; x_wconf 89' lang='lat' dir='ltr'><strong>natum</strong></span> <span class='ocrx_word' id='word_1_350' title='bbox 988 4416 1046 4454; x_wconf 90' lang='lat' dir='ltr'><strong>se</strong></span> <span class='ocrx_word' id='word_1_351' title='bbox 1076 4399 1298 4454; x_wconf 91' lang='lat' dir='ltr'><strong>duobus</strong></span> <span class='ocrx_word' id='word_1_352' title='bbox 1335 4415 1507 4469; x_wconf 88' lang='lat' dir='ltr'><strong>supra</strong></span> <span class='ocrx_word' id='word_1_353' title='bbox 1556 4402 1917 4473; x_wconf 83' lang='lat' dir='ltr'><strong>septuaginta</strong></span> 
     </span>
    </p>
   </div>
   <div class='ocr_carea' id='block_1_48' title="bbox 207 4488 1919 4559">
    <p class='ocr_par' dir='ltr' id='par_1_48' title="bbox 207 4488 1919 4559">
     <span class='ocr_line' id='line_1_48' title="bbox 207 4488 1919 4559; baseline 0 -14"><span class='ocrx_word' id='word_1_354' title='bbox 207 4489 376 4545; x_wconf 87' lang='lat' dir='ltr'><strong>annis</strong></span> <span class='ocrx_word' id='word_1_355' title='bbox 406 4488 578 4544; x_wconf 87' lang='lat' dir='ltr'><strong>vitam</strong></span> <span class='ocrx_word' id='word_1_356' title='bbox 600 4488 846 4543; x_wconf 90' lang='lat' dir='ltr'><strong>multum</strong></span> <span class='ocrx_word' id='word_1_357' title='bbox 865 4488 1173 4559; x_wconf 86' lang='lat' dir='ltr'><strong>producere</strong></span> <span class='ocrx_word' id='word_1_358' title='bbox 1188 4488 1308 4559; x_wconf 88' lang='lat' dir='ltr'><strong>jam</strong></span> <span class='ocrx_word' id='word_1_359' title='bbox 1328 4503 1444 4541; x_wconf 90' lang='lat' dir='ltr'><strong>non</strong></span> <span class='ocrx_word' id='word_1_360' title='bbox 1464 4504 1650 4559; x_wconf 86' lang='lat' dir='ltr'><strong>posse,</strong></span> <span class='ocrx_word' id='word_1_361' title='bbox 1673 4489 1919 4545; x_wconf 88' lang='lat' dir='ltr'><strong>decrevit</strong></span> 
     </span>
    </p>
   </div>
   <div class='ocr_carea' id='block_1_49' title="bbox 207 4576 1914 4651">
    <p class='ocr_par' dir='ltr' id='par_1_49' title="bbox 207 4576 1914 4651">
     <span class='ocr_line' id='line_1_49' title="bbox 207 4576 1914 4651; baseline 0 -17"><span class='ocrx_word' id='word_1_362' title='bbox 207 4577 535 4651; x_wconf 87' lang='lat' dir='ltr'><strong>prospicere</strong></span> <span class='ocrx_word' id='word_1_363' title='bbox 570 4577 828 4632; x_wconf 56' lang='lat' dir='ltr'><strong>Ecclesia</strong></span> <span class='ocrx_word' id='word_1_364' title='bbox 862 4593 979 4632; x_wconf 64' lang='lat' dir='ltr'><strong>suae</strong></span> <span class='ocrx_word' id='word_1_365' title='bbox 1008 4576 1317 4642; x_wconf 86' lang='lat' dir='ltr'><strong>securitati,</strong></span> <span class='ocrx_word' id='word_1_366' title='bbox 1365 4593 1606 4647; x_wconf 87' lang='lat' dir='ltr'><strong>eamque</strong></span> <span class='ocrx_word' id='word_1_367' title='bbox 1659 4579 1731 4632; x_wconf 89' lang='lat' dir='ltr'><strong>ob</strong></span> <span class='ocrx_word' id='word_1_368' title='bbox 1771 4595 1914 4647; x_wconf 88' lang='lat' dir='ltr'><strong>rem,</strong></span> 
     </span>
    </p>
   </div>
   <div class='ocr_carea' id='block_1_50' title="bbox 206 4665 1912 4740">
    <p class='ocr_par' dir='ltr' id='par_1_50' title="bbox 206 4665 1912 4740">
     <span class='ocr_line' id='line_1_50' title="bbox 206 4665 1912 4740; baseline 0 -17"><span class='ocrx_word' id='word_1_369' title='bbox 206 4668 339 4740; x_wconf 87' lang='lat' dir='ltr'><strong>quis</strong></span> <span class='ocrx_word' id='word_1_370' title='bbox 369 4666 482 4722; x_wconf 88' lang='lat' dir='ltr'><strong>sibi</strong></span> <span class='ocrx_word' id='word_1_371' title='bbox 529 4682 893 4721; x_wconf 89' lang='lat' dir='ltr'><strong>successurus</strong></span> <span class='ocrx_word' id='word_1_372' title='bbox 939 4669 1107 4732; x_wconf 88' lang='lat' dir='ltr'><strong>esset,</strong></span> <span class='ocrx_word' id='word_1_373' title='bbox 1142 4665 1461 4737; x_wconf 89' lang='lat' dir='ltr'><strong>designare.</strong></span> <span class='ocrx_word' id='word_1_374' title='bbox 1513 4666 1572 4721; x_wconf 92' lang='lat' dir='ltr'><strong>Id</strong></span> <span class='ocrx_word' id='word_1_375' title='bbox 1602 4682 1673 4721; x_wconf 92' lang='lat' dir='ltr'><strong>ne</strong></span> <span class='ocrx_word' id='word_1_376' title='bbox 1728 4668 1912 4736; x_wconf 82' lang='lat' dir='ltr'><strong>ﬁeret,</strong></span> 
     </span>
    </p>
   </div>
   <div class='ocr_carea' id='block_1_51' title="bbox 210 4753 1916 4828">
    <p class='ocr_par' dir='ltr' id='par_1_51' title="bbox 210 4753 1916 4828">
     <span class='ocr_line' id='line_1_51' title="bbox 210 4753 1916 4828; baseline 0.001 -16"><span class='ocrx_word' id='word_1_377' title='bbox 210 4756 455 4813; x_wconf 84' lang='lat' dir='ltr'><strong>Ecclesia</strong></span> <span class='ocrx_word' id='word_1_378' title='bbox 501 4756 850 4828; x_wconf 89' lang='lat' dir='ltr'><strong>quandoque</strong></span> <span class='ocrx_word' id='word_1_379' title='bbox 887 4753 1222 4827; x_wconf 87' lang='lat' dir='ltr'><strong>prohibuit:</strong></span> <span class='ocrx_word' id='word_1_380' title='bbox 1264 4771 1463 4809; x_wconf 89' lang='lat' dir='ltr'><strong>verum</strong></span> <span class='ocrx_word' id='word_1_381' title='bbox 1520 4754 1583 4810; x_wconf 89' lang='lat' dir='ltr'><strong>in</strong></span> <span class='ocrx_word' id='word_1_382' title='bbox 1635 4757 1916 4828; x_wconf 86' lang='lat' dir='ltr'><strong>ejusmodi</strong></span> 
     </span>
    </p>
   </div>
   <div class='ocr_carea' id='block_1_52' title="bbox 209 4842 1918 4918">
    <p class='ocr_par' dir='ltr' id='par_1_52' title="bbox 209 4842 1918 4918">
     <span class='ocr_line' id='line_1_52' title="bbox 209 4842 1918 4918; baseline -0.001 -16"><span class='ocrx_word' id='word_1_383' title='bbox 209 4847 403 4915; x_wconf 86' lang='lat' dir='ltr'><strong>rebus,</strong></span> <span class='ocrx_word' id='word_1_384' title='bbox 433 4861 565 4917; x_wconf 69' lang='lat' dir='ltr'><strong>qum</strong></span> <span class='ocrx_word' id='word_1_385' title='bbox 593 4861 698 4918; x_wconf 90' lang='lat' dir='ltr'><strong>per</strong></span> <span class='ocrx_word' id='word_1_386' title='bbox 726 4861 785 4900; x_wconf 91' lang='lat' dir='ltr'><strong>se</strong></span> <span class='ocrx_word' id='word_1_387' title='bbox 816 4859 1004 4915; x_wconf 90' lang='lat' dir='ltr'><strong>neque</strong></span> <span class='ocrx_word' id='word_1_388' title='bbox 1026 4842 1176 4898; x_wconf 90' lang='lat' dir='ltr'><strong>inter</strong></span> <span class='ocrx_word' id='word_1_389' title='bbox 1200 4843 1352 4898; x_wconf 90' lang='lat' dir='ltr'><strong>bona</strong></span> <span class='ocrx_word' id='word_1_390' title='bbox 1371 4860 1560 4916; x_wconf 89' lang='lat' dir='ltr'><strong>neque</strong></span> <span class='ocrx_word' id='word_1_391' title='bbox 1592 4845 1741 4900; x_wconf 91' lang='lat' dir='ltr'><strong>inter</strong></span> <span class='ocrx_word' id='word_1_392' title='bbox 1766 4847 1918 4900; x_wconf 87' lang='lat' dir='ltr'><strong>mala</strong></span> 
     </span>
    </p>
   </div>
   <div class='ocr_carea' id='block_1_53' title="bbox 207 4932 1913 5004">
    <p class='ocr_par' dir='ltr' id='par_1_53' title="bbox 207 4932 1913 5004">
     <span class='ocr_line' id='line_1_53' title="bbox 207 4932 1913 5004; baseline -0.002 -13"><span class='ocrx_word' id='word_1_393' title='bbox 207 4937 557 5000; x_wconf 87' lang='lat' dir='ltr'><strong>referuntur,</strong></span> <span class='ocrx_word' id='word_1_394' title='bbox 599 4934 802 4991; x_wconf 89' lang='lat' dir='ltr'><strong>eadem</strong></span> <span class='ocrx_word' id='word_1_395' title='bbox 846 4932 1088 4988; x_wconf 83' lang='lat' dir='ltr'><strong>Ecclesia</strong></span> <span class='ocrx_word' id='word_1_396' title='bbox 1117 4949 1238 4987; x_wconf 89' lang='lat' dir='ltr'><strong>rem</strong></span> <span class='ocrx_word' id='word_1_397' title='bbox 1266 4934 1527 4988; x_wconf 89' lang='lat' dir='ltr'><strong>eamdem</strong></span> <span class='ocrx_word' id='word_1_398' title='bbox 1577 4935 1748 4988; x_wconf 91' lang='lat' dir='ltr'><strong>modo</strong></span> <span class='ocrx_word' id='word_1_399' title='bbox 1780 4950 1913 5004; x_wconf 89' lang='lat' dir='ltr'><strong>per-</strong></span> 
     </span>
    </p>
   </div>
   <div class='ocr_carea' id='block_1_54' title="bbox 208 5022 1915 5094">
    <p class='ocr_par' dir='ltr' id='par_1_54' title="bbox 208 5022 1915 5094">
     <span class='ocr_line' id='line_1_54' title="bbox 208 5022 1915 5094; baseline -0.002 -15"><span class='ocrx_word' id='word_1_400' title='bbox 208 5025 460 5091; x_wconf 88' lang='lat' dir='ltr'><strong>mittere,</strong></span> <span class='ocrx_word' id='word_1_401' title='bbox 490 5022 660 5078; x_wconf 88' lang='lat' dir='ltr'><strong>modo</strong></span> <span class='ocrx_word' id='word_1_402' title='bbox 712 5022 1017 5094; x_wconf 89' lang='lat' dir='ltr'><strong>prohibere</strong></span> <span class='ocrx_word' id='word_1_403' title='bbox 1060 5024 1266 5093; x_wconf 88' lang='lat' dir='ltr'><strong>potest,</strong></span> <span class='ocrx_word' id='word_1_404' title='bbox 1299 5026 1470 5093; x_wconf 90' lang='lat' dir='ltr'><strong>prout</strong></span> <span class='ocrx_word' id='word_1_405' title='bbox 1498 5022 1915 5077; x_wconf 89' lang='lat' dir='ltr'><strong>conducibilius</strong></span> 
     </span>
    </p>
   </div>
   <div class='ocr_carea' id='block_1_55' title="bbox 200 5110 1914 5184">
    <p class='ocr_par' dir='ltr' id='par_1_55' title="bbox 200 5110 1914 5184">
     <span class='ocr_line' id='line_1_55' title="bbox 200 5110 1914 5184; baseline -0.002 -15"><span class='ocrx_word' id='word_1_406' title='bbox 200 5113 559 5184; x_wconf 89' lang='lat' dir='ltr'><strong>judicaverit.</strong></span> <span class='ocrx_word' id='word_1_407' title='bbox 591 5114 663 5167; x_wconf 87' lang='lat' dir='ltr'><strong>At</strong></span> <span class='ocrx_word' id='word_1_408' title='bbox 692 5116 840 5166; x_wconf 90' lang='lat' dir='ltr'><strong>certe</strong></span> <span class='ocrx_word' id='word_1_409' title='bbox 870 5110 1183 5183; x_wconf 90' lang='lat' dir='ltr'><strong>prohibitio</strong></span> <span class='ocrx_word' id='word_1_410' title='bbox 1225 5110 1323 5165; x_wconf 92' lang='lat' dir='ltr'><strong>illa</strong></span> <span class='ocrx_word' id='word_1_411' title='bbox 1352 5111 1421 5166; x_wconf 91' lang='lat' dir='ltr'><strong>de</strong></span> <span class='ocrx_word' id='word_1_412' title='bbox 1451 5127 1774 5165; x_wconf 90' lang='lat' dir='ltr'><strong>successore</strong></span> <span class='ocrx_word' id='word_1_413' title='bbox 1806 5111 1914 5166; x_wconf 91' lang='lat' dir='ltr'><strong>sibi</strong></span> 
     </span>
    </p>
   </div>
   <div class='ocr_carea' id='block_1_56' title="bbox 208 5198 1911 5272">
    <p class='ocr_par' dir='ltr' id='par_1_56' title="bbox 208 5198 1911 5272">
     <span class='ocr_line' id='line_1_56' title="bbox 208 5198 1911 5272; baseline -0.001 -17"><span class='ocrx_word' id='word_1_414' title='bbox 208 5201 558 5257; x_wconf 83' lang='lat' dir='ltr'><strong>instituendo</strong></span> <span class='ocrx_word' id='word_1_415' title='bbox 570 5200 629 5255; x_wconf 90' lang='lat' dir='ltr'><strong>id</strong></span> <span class='ocrx_word' id='word_1_416' title='bbox 642 5199 914 5272; x_wconf 88' lang='lat' dir='ltr'><strong>temporis</strong></span> <span class='ocrx_word' id='word_1_417' title='bbox 927 5215 1292 5271; x_wconf 85' lang='lat' dir='ltr'><strong>nequaquam</strong></span> <span class='ocrx_word' id='word_1_418' title='bbox 1309 5198 1602 5253; x_wconf 90' lang='lat' dir='ltr'><strong>obtinebat</strong></span> <span class='ocrx_word' id='word_1_419' title='bbox 1614 5199 1670 5251; x_wconf 89' lang='lat' dir='ltr'><strong>in</strong></span> <span class='ocrx_word' id='word_1_420' title='bbox 1686 5198 1874 5253; x_wconf 86' lang='lat' dir='ltr'><strong>Africa</strong></span> <span class='ocrx_word' id='word_1_421' title='bbox 1897 5219 1911 5269; x_wconf 89' lang='lat'><strong>;</strong></span> 
     </span>
    </p>
   </div>
   <div class='ocr_carea' id='block_1_57' title="bbox 205 5286 1913 5362">
    <p class='ocr_par' dir='ltr' id='par_1_57' title="bbox 205 5286 1913 5362">
     <span class='ocr_line' id='line_1_57' title="bbox 205 5286 1913 5362; baseline -0.002 -17"><span class='ocrx_word' id='word_1_422' title='bbox 205 5290 437 5362; x_wconf 88' lang='lat' dir='ltr'><strong>quando</strong></span> <span class='ocrx_word' id='word_1_423' title='bbox 471 5294 698 5345; x_wconf 88' lang='lat' dir='ltr'><strong>sanctus</strong></span> <span class='ocrx_word' id='word_1_424' title='bbox 737 5287 1092 5360; x_wconf 84' lang='lat' dir='ltr'><strong>Augustinus</strong></span> <span class='ocrx_word' id='word_1_425' title='bbox 1123 5292 1179 5343; x_wconf 88' lang='lat' dir='ltr'><strong>et</strong></span> <span class='ocrx_word' id='word_1_426' title='bbox 1221 5287 1342 5358; x_wconf 91' lang='lat' dir='ltr'><strong>ipse</strong></span> <span class='ocrx_word' id='word_1_427' title='bbox 1392 5286 1496 5341; x_wconf 90' lang='lat' dir='ltr'><strong>sibi</strong></span> <span class='ocrx_word' id='word_1_428' title='bbox 1528 5303 1913 5342; x_wconf 88' lang='lat' dir='ltr'><strong>successorem</strong></span> 
     </span>
    </p>
   </div>
   <div class='ocr_carea' id='block_1_58' title="bbox 204 5375 1913 5451">
    <p class='ocr_par' dir='ltr' id='par_1_58' title="bbox 204 5375 1913 5451">
     <span class='ocr_line' id='line_1_58' title="bbox 204 5375 1913 5451; baseline -0.002 -17"><span class='ocrx_word' id='word_1_429' title='bbox 204 5378 547 5451; x_wconf 84' lang='lat' dir='ltr'><strong>designavit,</strong></span> <span class='ocrx_word' id='word_1_430' title='bbox 560 5382 617 5433; x_wconf 87' lang='lat' dir='ltr'><strong>et</strong></span> <span class='ocrx_word' id='word_1_431' title='bbox 631 5378 783 5433; x_wconf 91' lang='lat' dir='ltr'><strong>idem</strong></span> <span class='ocrx_word' id='word_1_432' title='bbox 803 5377 945 5432; x_wconf 89' lang='lat' dir='ltr'><strong>illud</strong></span> <span class='ocrx_word' id='word_1_433' title='bbox 959 5377 1018 5431; x_wconf 91' lang='lat' dir='ltr'><strong>in</strong></span> <span class='ocrx_word' id='word_1_434' title='bbox 1036 5379 1243 5433; x_wconf 89' lang='lat' dir='ltr'><strong>Severo</strong></span> <span class='ocrx_word' id='word_1_435' title='bbox 1273 5375 1664 5446; x_wconf 87' lang='lat' dir='ltr'><strong>comprobavit</strong></span> <span class='ocrx_word' id='word_1_436' title='bbox 1686 5392 1699 5441; x_wconf 90' lang='lat'><strong>;</strong></span> <span class='ocrx_word' id='word_1_437' title='bbox 1716 5380 1913 5446; x_wconf 86' lang='lat' dir='ltr'><strong>estque</strong></span> 
     </span>
    </p>
   </div>
   <div class='ocr_carea' id='block_1_59' title="bbox 207 5463 1914 5533">
    <p class='ocr_par' dir='ltr' id='par_1_59' title="bbox 207 5463 1914 5533">
     <span class='ocr_line' id='line_1_59' title="bbox 207 5463 1914 5533; baseline -0.002 -11"><span class='ocrx_word' id='word_1_438' title='bbox 207 5472 368 5522; x_wconf 81' lang='lat' dir='ltr'><strong>extra</strong></span> <span class='ocrx_word' id='word_1_439' title='bbox 396 5483 630 5521; x_wconf 89' lang='lat' dir='ltr'><strong>omnem</strong></span> <span class='ocrx_word' id='word_1_440' title='bbox 661 5465 1124 5532; x_wconf 88' lang='lat' dir='ltr'><strong>controversiam,</strong></span> <span class='ocrx_word' id='word_1_441' title='bbox 1152 5480 1306 5533; x_wconf 91' lang='lat' dir='ltr'><strong>eum,</strong></span> <span class='ocrx_word' id='word_1_442' title='bbox 1335 5467 1398 5517; x_wconf 91' lang='lat' dir='ltr'><strong>ut</strong></span> <span class='ocrx_word' id='word_1_443' title='bbox 1422 5464 1530 5518; x_wconf 89' lang='lat' dir='ltr'><strong>hoc</strong></span> <span class='ocrx_word' id='word_1_444' title='bbox 1555 5463 1783 5527; x_wconf 83' lang='lat' dir='ltr'><strong>faceret,</strong></span> <span class='ocrx_word' id='word_1_445' title='bbox 1811 5480 1914 5519; x_wconf 89' lang='lat' dir='ltr'><strong>nec</strong></span> 
     </span>
    </p>
   </div>
   <div class='ocr_carea' id='block_1_60' title="bbox 208 5552 1970 5627">
    <p class='ocr_par' dir='ltr' id='par_1_60' title="bbox 208 5552 1970 5627">
     <span class='ocr_line' id='line_1_60' title="bbox 208 5552 1970 5627; baseline -0.001 -17"><span class='ocrx_word' id='word_1_446' title='bbox 208 5555 522 5611; x_wconf 80' lang='lat' dir='ltr'><strong>ainbitione</strong></span> <span class='ocrx_word' id='word_1_447' title='bbox 553 5571 659 5610; x_wconf 90' lang='lat' dir='ltr'><strong>nec</strong></span> <span class='ocrx_word' id='word_1_448' title='bbox 686 5554 933 5627; x_wconf 84' lang='lat' dir='ltr'><strong>prepriae</strong></span> <span class='ocrx_word' id='word_1_449' title='bbox 987 5553 1248 5610; x_wconf 87' lang='lat' dir='ltr'><strong>utilitatis</strong></span> <span class='ocrx_word' id='word_1_450' title='bbox 1280 5552 1467 5608; x_wconf 89' lang='lat' dir='ltr'><strong>studio</strong></span> <span class='ocrx_word' id='word_1_451' title='bbox 1498 5552 1757 5619; x_wconf 89' lang='lat' dir='ltr'><strong>ductum,</strong></span> <span class='ocrx_word' id='word_1_452' title='bbox 1816 5554 1910 5608; x_wconf 88' lang='lat' dir='ltr'><strong>sed</strong></span> <span class='ocrx_word' id='word_1_453' title='bbox 1967 5613 1970 5616; x_wconf 51' lang='grc'>,</span> 
     </span>
    </p>
   </div>
   <div class='ocr_carea' id='block_1_61' title="bbox 3640 290 3744 345">
    <p class='ocr_par' dir='ltr' id='par_1_61' title="bbox 3640 290 3744 345">
     <span class='ocr_line' id='line_1_61' title="bbox 3640 290 3744 345; baseline 0.019 -2"><span class='ocrx_word' id='word_1_454' title='bbox 3640 290 3744 345; x_wconf 74' lang='grc'><strong>542</strong></span> 
     </span>
    </p>
   </div>
   <div class='ocr_carea' id='block_1_62' title="bbox 2043 408 3742 484">
    <p class='ocr_par' dir='ltr' id='par_1_62' title="bbox 2043 408 3742 484">
     <span class='ocr_line' id='line_1_62' title="bbox 2043 408 3742 484; baseline 0.002 -20"><span class='ocrx_word' id='word_1_455' title='bbox 2043 426 2223 465; x_wconf 88' lang='lat' dir='ltr'><strong>unum</strong></span> <span class='ocrx_word' id='word_1_456' title='bbox 2257 409 2516 465; x_wconf 81' lang='lat' dir='ltr'><strong>Ecclesiae</strong></span> <span class='ocrx_word' id='word_1_457' title='bbox 2547 408 2914 464; x_wconf 89' lang='lat' dir='ltr'><strong>commodum</strong></span> <span class='ocrx_word' id='word_1_458' title='bbox 2953 408 3061 464; x_wconf 88' lang='lat' dir='ltr'><strong>sibi</strong></span> <span class='ocrx_word' id='word_1_459' title='bbox 3108 409 3494 480; x_wconf 88' lang='lat' dir='ltr'><strong>proposuisse.</strong></span> <span class='ocrx_word' id='word_1_460' title='bbox 3547 412 3742 484; x_wconf 88' lang='lat' dir='ltr'><strong>Itaque</strong></span> 
     </span>
    </p>
   </div>
   <div class='ocr_carea' id='block_1_63' title="bbox 2042 487 3744 569">
    <p class='ocr_par' dir='ltr' id='par_1_63' title="bbox 2042 487 3744 569">
     <span class='ocr_line' id='line_1_63' title="bbox 2042 487 3744 569; baseline 0 -15"><span class='ocrx_word' id='word_1_461' title='bbox 2042 515 2299 554; x_wconf 89' lang='lat' dir='ltr'><strong>reversus</strong></span> <span class='ocrx_word' id='word_1_462' title='bbox 2329 499 2529 554; x_wconf 85' lang='lat' dir='ltr'><strong>Milevo</strong></span> <span class='ocrx_word' id='word_1_463' title='bbox 2552 498 2644 552; x_wconf 90' lang='lat' dir='ltr'><strong>die</strong></span> <span class='ocrx_word' id='word_1_464' title='bbox 2660 487 2900 564; x_wconf 77' lang='lat' dir='ltr'><strong>sabbati,</strong></span> <span class='ocrx_word' id='word_1_465' title='bbox 2927 497 3171 569; x_wconf 87' lang='lat' dir='ltr'><strong>septimo</strong></span> <span class='ocrx_word' id='word_1_466' title='bbox 3198 498 3473 553; x_wconf 84' lang='lat' dir='ltr'><strong>kalendas</strong></span> <span class='ocrx_word' id='word_1_467' title='bbox 3501 500 3744 554; x_wconf 87' lang='lat' dir='ltr'><strong>octobris</strong></span> 
     </span>
    </p>
   </div>
   <div class='ocr_carea' id='block_1_64' title="bbox 2041 584 3745 659">
    <p class='ocr_par' dir='ltr' id='par_1_64' title="bbox 2041 584 3745 659">
     <span class='ocr_line' id='line_1_64' title="bbox 2041 584 3745 659; baseline -0.002 -16"><span class='ocrx_word' id='word_1_468' title='bbox 2041 588 2177 643; x_wconf 88' lang='lat' dir='ltr'><strong>anui</strong></span> <span class='ocrx_word' id='word_1_469' title='bbox 2204 603 2377 659; x_wconf 89' lang='lat' dir='ltr'><strong>supra</strong></span> <span class='ocrx_word' id='word_1_470' title='bbox 2407 586 3040 659; x_wconf 85' lang='lat' dir='ltr'><strong>quadringentesimum</strong></span> <span class='ocrx_word' id='word_1_471' title='bbox 3053 584 3315 658; x_wconf 89' lang='lat' dir='ltr'><strong>vigesimi</strong></span> <span class='ocrx_word' id='word_1_472' title='bbox 3335 585 3493 654; x_wconf 88' lang='lat' dir='ltr'><strong>sexti,</strong></span> <span class='ocrx_word' id='word_1_473' title='bbox 3518 586 3745 656; x_wconf 88' lang='lat' dir='ltr'><strong>plebem</strong></span> 
     </span>
    </p>
   </div>
   <div class='ocr_carea' id='block_1_65' title="bbox 2038 675 3744 750">
    <p class='ocr_par' dir='ltr' id='par_1_65' title="bbox 2038 675 3744 750">
     <span class='ocr_line' id='line_1_65' title="bbox 2038 675 3744 750; baseline -0.002 -18"><span class='ocrx_word' id='word_1_474' title='bbox 2038 678 2260 750; x_wconf 81' lang='lat' dir='ltr'><strong>rogavit</strong></span> <span class='ocrx_word' id='word_1_475' title='bbox 2277 678 2335 731; x_wconf 94' lang='lat' dir='ltr'><strong>in</strong></span> <span class='ocrx_word' id='word_1_476' title='bbox 2360 677 2669 731; x_wconf 88' lang='lat' dir='ltr'><strong>crastinum</strong></span> <span class='ocrx_word' id='word_1_477' title='bbox 2685 683 2893 748; x_wconf 89' lang='lat' dir='ltr'><strong>quanta</strong></span> <span class='ocrx_word' id='word_1_478' title='bbox 2918 676 3166 731; x_wconf 85' lang='lat' dir='ltr'><strong>maxima</strong></span> <span class='ocrx_word' id='word_1_479' title='bbox 3196 678 3387 747; x_wconf 90' lang='lat' dir='ltr'><strong>posset</strong></span> <span class='ocrx_word' id='word_1_480' title='bbox 3415 675 3744 747; x_wconf 86' lang='lat' dir='ltr'><strong>frequentia</strong></span> 
     </span>
    </p>
   </div>
   <div class='ocr_carea' id='block_1_66' title="bbox 2039 764 3474 833">
    <p class='ocr_par' dir='ltr' id='par_1_66' title="bbox 2039 764 3474 833">
     <span class='ocr_line' id='line_1_66' title="bbox 2039 764 3474 833; baseline -0.003 -11"><span class='ocrx_word' id='word_1_481' title='bbox 2039 767 2383 833; x_wconf 89' lang='lat' dir='ltr'><strong>conveniret,</strong></span> <span class='ocrx_word' id='word_1_482' title='bbox 2416 767 2485 822; x_wconf 87' lang='lat' dir='ltr'><strong>de</strong></span> <span class='ocrx_word' id='word_1_483' title='bbox 2526 782 2586 820; x_wconf 89' lang='lat' dir='ltr'><strong>re</strong></span> <span class='ocrx_word' id='word_1_484' title='bbox 2616 765 2851 819; x_wconf 85' lang='lat' dir='ltr'><strong>maximi</strong></span> <span class='ocrx_word' id='word_1_485' title='bbox 2884 765 3160 820; x_wconf 87' lang='lat' dir='ltr'><strong>momenti</strong></span> <span class='ocrx_word' id='word_1_486' title='bbox 3191 764 3474 819; x_wconf 89' lang='lat' dir='ltr'><strong>auditura.</strong></span> 
     </span>
    </p>
   </div>
   <div class='ocr_carea' id='block_1_67' title="bbox 2108 853 3741 928">
    <p class='ocr_par' dir='ltr' id='par_1_67' title="bbox 2108 853 3741 928">
     <span class='ocr_line' id='line_1_67' title="bbox 2108 853 3741 928; baseline -0.003 -15"><span class='ocrx_word' id='word_1_487' title='bbox 2108 861 2159 913; x_wconf 90' lang='lat'><strong>2.</strong></span> <span class='ocrx_word' id='word_1_488' title='bbox 2215 857 2398 928; x_wconf 91' lang='lat' dir='ltr'><strong>Igitur</strong></span> <span class='ocrx_word' id='word_1_489' title='bbox 2447 855 2736 911; x_wconf 88' lang='lat' dir='ltr'><strong>dominico</strong></span> <span class='ocrx_word' id='word_1_490' title='bbox 2797 854 2909 925; x_wconf 89' lang='lat' dir='ltr'><strong>die,</strong></span> <span class='ocrx_word' id='word_1_491' title='bbox 2961 860 3117 909; x_wconf 81' lang='lat' dir='ltr'><strong>sexto</strong></span> <span class='ocrx_word' id='word_1_492' title='bbox 3160 854 3434 909; x_wconf 90' lang='lat' dir='ltr'><strong>kalendas</strong></span> <span class='ocrx_word' id='word_1_493' title='bbox 3491 853 3741 925; x_wconf 85' lang='lat' dir='ltr'><strong>ejusdem</strong></span> 
     </span>
    </p>
   </div>
   <div class='ocr_carea' id='block_1_68' title="bbox 2038 942 3742 1014">
    <p class='ocr_par' dir='ltr' id='par_1_68' title="bbox 2038 942 3742 1014">
     <span class='ocr_line' id='line_1_68' title="bbox 2038 942 3742 1014; baseline -0.002 -15"><span class='ocrx_word' id='word_1_494' title='bbox 2038 946 2267 1013; x_wconf 89' lang='lat' dir='ltr'><strong>mensis,</strong></span> <span class='ocrx_word' id='word_1_495' title='bbox 2310 945 2369 1000; x_wconf 91' lang='lat' dir='ltr'><strong>in</strong></span> <span class='ocrx_word' id='word_1_496' title='bbox 2402 946 2693 1001; x_wconf 87' lang='lat' dir='ltr'><strong>basilicam</strong></span> <span class='ocrx_word' id='word_1_497' title='bbox 2733 944 2892 999; x_wconf 86' lang='lat' dir='ltr'><strong>Pacis</strong></span> <span class='ocrx_word' id='word_1_498' title='bbox 2940 942 3742 1014; x_wconf 81' lang='lat' dir='ltr'><strong>Hipponensium-Regiorum</strong></span> 
     </span>
    </p>
   </div>
   <div class='ocr_carea' id='block_1_69' title="bbox 2037 1031 3744 1105">
    <p class='ocr_par' dir='ltr' id='par_1_69' title="bbox 2037 1031 3744 1105">
     <span class='ocr_line' id='line_1_69' title="bbox 2037 1031 3744 1105; baseline -0.004 -16"><span class='ocrx_word' id='word_1_499' title='bbox 2037 1035 2207 1089; x_wconf 91' lang='lat' dir='ltr'><strong>coivit</strong></span> <span class='ocrx_word' id='word_1_500' title='bbox 2226 1051 2536 1090; x_wconf 90' lang='lat' dir='ltr'><strong>numerosa</strong></span> <span class='ocrx_word' id='word_1_501' title='bbox 2566 1033 2728 1105; x_wconf 90' lang='lat' dir='ltr'><strong>plebs</strong></span> <span class='ocrx_word' id='word_1_502' title='bbox 2754 1050 2766 1099; x_wconf 92' lang='lat'><strong>;</strong></span> <span class='ocrx_word' id='word_1_503' title='bbox 2802 1049 2915 1104; x_wconf 91' lang='lat' dir='ltr'><strong>quo</strong></span> <span class='ocrx_word' id='word_1_504' title='bbox 2944 1031 3115 1087; x_wconf 87' lang='lat' dir='ltr'><strong>etiam</strong></span> <span class='ocrx_word' id='word_1_505' title='bbox 3143 1031 3495 1103; x_wconf 84' lang='lat' dir='ltr'><strong>Augustinus</strong></span> <span class='ocrx_word' id='word_1_506' title='bbox 3523 1031 3744 1086; x_wconf 90' lang='lat' dir='ltr'><strong>duobus</strong></span> 
     </span>
    </p>
   </div>
   <div class='ocr_carea' id='block_1_70' title="bbox 2038 1118 3740 1196">
    <p class='ocr_par' dir='ltr' id='par_1_70' title="bbox 2038 1118 3740 1196">
     <span class='ocr_line' id='line_1_70' title="bbox 2038 1118 3740 1196; baseline -0.002 -18"><span class='ocrx_word' id='word_1_507' title='bbox 2038 1123 2340 1196; x_wconf 88' lang='lat' dir='ltr'><strong>episcopis,</strong></span> <span class='ocrx_word' id='word_1_508' title='bbox 2372 1122 2668 1194; x_wconf 82' lang='lat' dir='ltr'><strong>Religiauo</strong></span> <span class='ocrx_word' id='word_1_509' title='bbox 2702 1126 2757 1176; x_wconf 91' lang='lat' dir='ltr'><strong>et</strong></span> <span class='ocrx_word' id='word_1_510' title='bbox 2806 1120 3162 1187; x_wconf 85' lang='lat' dir='ltr'><strong>Martiniano,</strong></span> <span class='ocrx_word' id='word_1_511' title='bbox 3194 1123 3414 1191; x_wconf 90' lang='lat' dir='ltr'><strong>septem</strong></span> <span class='ocrx_word' id='word_1_512' title='bbox 3451 1118 3740 1191; x_wconf 62' lang='lat' dir='ltr'><strong>presbﬁe-</strong></span> 
     </span>
    </p>
   </div>
   <div class='ocr_carea' id='block_1_71' title="bbox 2037 1209 3743 1283">
    <p class='ocr_par' dir='ltr' id='par_1_71' title="bbox 2037 1209 3743 1283">
     <span class='ocr_line' id='line_1_71' title="bbox 2037 1209 3743 1283; baseline -0.002 -17"><span class='ocrx_word' id='word_1_513' title='bbox 2037 1213 2137 1282; x_wconf 88' lang='lat' dir='ltr'><strong>ris,</strong></span> <span class='ocrx_word' id='word_1_514' title='bbox 2196 1230 2259 1266; x_wconf 91' lang='lat' dir='ltr'><strong>ac</strong></span> <span class='ocrx_word' id='word_1_515' title='bbox 2316 1211 2553 1283; x_wconf 90' lang='lat' dir='ltr'><strong>reliquis</strong></span> <span class='ocrx_word' id='word_1_516' title='bbox 2604 1228 2633 1264; x_wconf 92' lang='lat' dir='ltr'><strong>e</strong></span> <span class='ocrx_word' id='word_1_517' title='bbox 2684 1211 2832 1264; x_wconf 92' lang='lat' dir='ltr'><strong>clero</strong></span> <span class='ocrx_word' id='word_1_518' title='bbox 2882 1209 3287 1264; x_wconf 89' lang='lat' dir='ltr'><strong>comitantibus</strong></span> <span class='ocrx_word' id='word_1_519' title='bbox 3334 1209 3493 1263; x_wconf 90' lang='lat' dir='ltr'><strong>venit</strong></span> <span class='ocrx_word' id='word_1_520' title='bbox 3532 1209 3743 1278; x_wconf 67' lang='lat' dir='ltr'><strong>(Ibid).</strong></span> 
     </span>
    </p>
   </div>
   <div class='ocr_carea' id='block_1_72' title="bbox 2038 1297 3745 1366">
    <p class='ocr_par' dir='ltr' id='par_1_72' title="bbox 2038 1297 3745 1366">
     <span class='ocr_line' id='line_1_72' title="bbox 2038 1297 3745 1366; baseline -0.002 -11"><span class='ocrx_word' id='word_1_521' title='bbox 2038 1301 2393 1366; x_wconf 90' lang='lat' dir='ltr'><strong>Sermonem,</strong></span> <span class='ocrx_word' id='word_1_522' title='bbox 2442 1303 2508 1353; x_wconf 89' lang='lat' dir='ltr'><strong>ut</strong></span> <span class='ocrx_word' id='word_1_523' title='bbox 2559 1298 2646 1352; x_wconf 88' lang='lat' dir='ltr'><strong>sui</strong></span> <span class='ocrx_word' id='word_1_524' title='bbox 2691 1297 2866 1352; x_wconf 91' lang='lat' dir='ltr'><strong>moris</strong></span> <span class='ocrx_word' id='word_1_525' title='bbox 2906 1302 3047 1364; x_wconf 89' lang='lat' dir='ltr'><strong>erat,</strong></span> <span class='ocrx_word' id='word_1_526' title='bbox 3080 1297 3303 1351; x_wconf 89' lang='lat' dir='ltr'><strong>nullum</strong></span> <span class='ocrx_word' id='word_1_527' title='bbox 3346 1297 3566 1364; x_wconf 88' lang='lat' dir='ltr'><strong>habuit,</strong></span> <span class='ocrx_word' id='word_1_528' title='bbox 3622 1313 3745 1352; x_wconf 90' lang='lat' dir='ltr'><strong>cer-</strong></span> 
     </span>
    </p>
   </div>
   <div class='ocr_carea' id='block_1_73' title="bbox 2036 1386 3745 1460">
    <p class='ocr_par' dir='ltr' id='par_1_73' title="bbox 2036 1386 3745 1460">
     <span class='ocr_line' id='line_1_73' title="bbox 2036 1386 3745 1460; baseline -0.002 -16"><span class='ocrx_word' id='word_1_529' title='bbox 2036 1394 2125 1444; x_wconf 88' lang='lat' dir='ltr'><strong>tus</strong></span> <span class='ocrx_word' id='word_1_530' title='bbox 2155 1406 2275 1460; x_wconf 65' lang='lat' dir='ltr'><strong>prae</strong></span> <span class='ocrx_word' id='word_1_531' title='bbox 2325 1386 2683 1459; x_wconf 88' lang='lat' dir='ltr'><strong>impatientia</strong></span> <span class='ocrx_word' id='word_1_532' title='bbox 2715 1386 3113 1458; x_wconf 89' lang='lat' dir='ltr'><strong>cognoscendi,</strong></span> <span class='ocrx_word' id='word_1_533' title='bbox 3170 1402 3298 1457; x_wconf 76' lang='lat' dir='ltr'><strong>quae</strong></span> <span class='ocrx_word' id='word_1_534' title='bbox 3332 1401 3390 1440; x_wconf 92' lang='lat' dir='ltr'><strong>se</strong></span> <span class='ocrx_word' id='word_1_535' title='bbox 3429 1387 3745 1441; x_wconf 86' lang='lat' dir='ltr'><strong>relaturum</strong></span> 
     </span>
    </p>
   </div>
   <div class='ocr_carea' id='block_1_74' title="bbox 2036 1474 3745 1550">
    <p class='ocr_par' dir='ltr' id='par_1_74' title="bbox 2036 1474 3745 1550">
     <span class='ocr_line' id='line_1_74' title="bbox 2036 1474 3745 1550; baseline -0.002 -18"><span class='ocrx_word' id='word_1_536' title='bbox 2036 1478 2399 1550; x_wconf 87' lang='lat' dir='ltr'><strong>promiserat,</strong></span> <span class='ocrx_word' id='word_1_537' title='bbox 2449 1477 2729 1549; x_wconf 91' lang='lat' dir='ltr'><strong>populum</strong></span> <span class='ocrx_word' id='word_1_538' title='bbox 2760 1476 2830 1529; x_wconf 90' lang='lat' dir='ltr'><strong>ad</strong></span> <span class='ocrx_word' id='word_1_539' title='bbox 2862 1474 2974 1529; x_wconf 90' lang='lat' dir='ltr'><strong>alia</strong></span> <span class='ocrx_word' id='word_1_540' title='bbox 3004 1474 3261 1529; x_wconf 91' lang='lat' dir='ltr'><strong>animum</strong></span> <span class='ocrx_word' id='word_1_541' title='bbox 3309 1475 3601 1529; x_wconf 88' lang='lat' dir='ltr'><strong>advertere</strong></span> <span class='ocrx_word' id='word_1_542' title='bbox 3630 1490 3745 1529; x_wconf 91' lang='lat' dir='ltr'><strong>non</strong></span> 
     </span>
    </p>
   </div>
   <div class='ocr_carea' id='block_1_75' title="bbox 2034 1562 3743 1638">
    <p class='ocr_par' dir='ltr' id='par_1_75' title="bbox 2034 1562 3743 1638">
     <span class='ocr_line' id='line_1_75' title="bbox 2034 1562 3743 1638; baseline -0.003 -16"><span class='ocrx_word' id='word_1_543' title='bbox 2034 1584 2216 1638; x_wconf 88' lang='lat' dir='ltr'><strong>posse.</strong></span> <span class='ocrx_word' id='word_1_544' title='bbox 2253 1568 2609 1637; x_wconf 89' lang='lat' dir='ltr'><strong>Quapropter</strong></span> <span class='ocrx_word' id='word_1_545' title='bbox 2654 1581 2783 1619; x_wconf 89' lang='lat' dir='ltr'><strong>cum</strong></span> <span class='ocrx_word' id='word_1_546' title='bbox 2833 1564 3028 1636; x_wconf 86' lang='lat' dir='ltr'><strong>paucis</strong></span> <span class='ocrx_word' id='word_1_547' title='bbox 3058 1562 3473 1634; x_wconf 89' lang='lat' dir='ltr'><strong>proposuisset,</strong></span> <span class='ocrx_word' id='word_1_548' title='bbox 3511 1567 3743 1635; x_wconf 77' lang='lat' dir='ltr'><strong>quantae</strong></span> 
     </span>
    </p>
   </div>
   <div class='ocr_carea' id='block_1_76' title="bbox 2035 1652 3799 1724">
    <p class='ocr_par' dir='ltr' id='par_1_76' title="bbox 2035 1652 3799 1724">
     <span class='ocr_line' id='line_1_76' title="bbox 2035 1652 3799 1724; baseline -0.003 -14"><span class='ocrx_word' id='word_1_549' title='bbox 2035 1656 2143 1710; x_wconf 88' lang='lat' dir='ltr'><strong>sibi</strong></span> <span class='ocrx_word' id='word_1_550' title='bbox 2171 1660 2323 1710; x_wconf 91' lang='lat' dir='ltr'><strong>esset</strong></span> <span class='ocrx_word' id='word_1_551' title='bbox 2352 1654 2726 1721; x_wconf 89' lang='lat' dir='ltr'><strong>necessitatis,</strong></span> <span class='ocrx_word' id='word_1_552' title='bbox 2759 1653 2941 1724; x_wconf 87' lang='lat' dir='ltr'><strong>plebis</strong></span> <span class='ocrx_word' id='word_1_553' title='bbox 2972 1669 3090 1707; x_wconf 67' lang='lat' dir='ltr'><strong>suae</strong></span> <span class='ocrx_word' id='word_1_554' title='bbox 3111 1652 3239 1723; x_wconf 88' lang='lat' dir='ltr'><strong>paci</strong></span> <span class='ocrx_word' id='word_1_555' title='bbox 3263 1653 3588 1707; x_wconf 91' lang='lat' dir='ltr'><strong>consulere:</strong></span> <span class='ocrx_word' id='word_1_556' title='bbox 3622 1668 3747 1723; x_wconf 83' lang='lat' dir='ltr'><strong>pro.</strong></span> <span class='ocrx_word' id='word_1_557' title='bbox 3794 1714 3799 1719; x_wconf 22' lang='grc' dir='ltr'><strong>Α</strong></span> 
     </span>
    </p>
   </div>
   <div class='ocr_carea' id='block_1_77' title="bbox 2034 1741 3740 1812">
    <p class='ocr_par' dir='ltr' id='par_1_77' title="bbox 2034 1741 3740 1812">
     <span class='ocr_line' id='line_1_77' title="bbox 2034 1741 3740 1812; baseline -0.004 -12"><span class='ocrx_word' id='word_1_558' title='bbox 2034 1746 2217 1800; x_wconf 85' lang='lat' dir='ltr'><strong>fessus</strong></span> <span class='ocrx_word' id='word_1_559' title='bbox 2235 1749 2339 1810; x_wconf 90' lang='lat' dir='ltr'><strong>est,</strong></span> <span class='ocrx_word' id='word_1_560' title='bbox 2364 1748 2428 1797; x_wconf 86' lang='lat' dir='ltr'><strong>ut</strong></span> <span class='ocrx_word' id='word_1_561' title='bbox 2444 1742 2898 1809; x_wconf 91' lang='lat' dir='ltr'><strong>incommodum,</strong></span> <span class='ocrx_word' id='word_1_562' title='bbox 2925 1742 3079 1812; x_wconf 87' lang='lat' dir='ltr'><strong>quod</strong></span> <span class='ocrx_word' id='word_1_563' title='bbox 3098 1741 3284 1796; x_wconf 86' lang='lat' dir='ltr'><strong>Milevi</strong></span> <span class='ocrx_word' id='word_1_564' title='bbox 3304 1741 3571 1795; x_wconf 69' lang='lat' dir='ltr'><strong>obortu’m</strong></span> <span class='ocrx_word' id='word_1_565' title='bbox 3595 1744 3740 1809; x_wconf 84' lang='lat' dir='ltr'><strong>erat,</strong></span> 
     </span>
    </p>
   </div>
   <div class='ocr_carea' id='block_1_78' title="bbox 2033 1830 3745 1903">
    <p class='ocr_par' dir='ltr' id='par_1_78' title="bbox 2033 1830 3745 1903">
     <span class='ocr_line' id='line_1_78' title="bbox 2033 1830 3745 1903; baseline -0.003 -15"><span class='ocrx_word' id='word_1_566' title='bbox 2033 1834 2282 1903; x_wconf 85' lang='lat' dir='ltr'><strong>fugeret,</strong></span> <span class='ocrx_word' id='word_1_567' title='bbox 2297 1833 2630 1903; x_wconf 86' lang='lat' dir='ltr'><strong>nullamque</strong></span> <span class='ocrx_word' id='word_1_568' title='bbox 2645 1848 2839 1885; x_wconf 89' lang='lat' dir='ltr'><strong>ansam</strong></span> <span class='ocrx_word' id='word_1_569' title='bbox 2855 1830 3346 1902; x_wconf 86' lang='lat' dir='ltr'><strong>querimoniarum</strong></span> <span class='ocrx_word' id='word_1_570' title='bbox 3362 1830 3629 1901; x_wconf 87' lang='lat' dir='ltr'><strong>cuiquam</strong></span> <span class='ocrx_word' id='word_1_571' title='bbox 3659 1846 3745 1884; x_wconf 88' lang='lat' dir='ltr'><strong>re-</strong></span> 
     </span>
    </p>
   </div>
   <div class='ocr_carea' id='block_1_79' title="bbox 2034 1917 3741 1992">
    <p class='ocr_par' dir='ltr' id='par_1_79' title="bbox 2034 1917 3741 1992">
     <span class='ocr_line' id='line_1_79' title="bbox 2034 1917 3741 1992; baseline -0.003 -16"><span class='ocrx_word' id='word_1_572' title='bbox 2034 1922 2342 1992; x_wconf 89' lang='lat' dir='ltr'><strong>linqueret,</strong></span> <span class='ocrx_word' id='word_1_573' title='bbox 2376 1919 2661 1974; x_wconf 89' lang='lat' dir='ltr'><strong>declarare</strong></span> <span class='ocrx_word' id='word_1_574' title='bbox 2685 1936 2742 1972; x_wconf 91' lang='lat' dir='ltr'><strong>se</strong></span> <span class='ocrx_word' id='word_1_575' title='bbox 2772 1920 3124 1973; x_wconf 88' lang='lat' dir='ltr'><strong>voluntatem</strong></span> <span class='ocrx_word' id='word_1_576' title='bbox 3154 1935 3337 1985; x_wconf 89' lang='lat' dir='ltr'><strong>suam,</strong></span> <span class='ocrx_word' id='word_1_577' title='bbox 3370 1935 3542 1990; x_wconf 90' lang='lat' dir='ltr'><strong>quam</strong></span> <span class='ocrx_word' id='word_1_578' title='bbox 3565 1922 3621 1973; x_wconf 89' lang='lat' dir='ltr'><strong>et</strong></span> <span class='ocrx_word' id='word_1_579' title='bbox 3648 1917 3741 1973; x_wconf 89' lang='lat' dir='ltr'><strong>di-</strong></span> 
     </span>
    </p>
   </div>
   <div class='ocr_carea' id='block_1_80' title="bbox 2037 2006 3739 2079">
    <p class='ocr_par' dir='ltr' id='par_1_80' title="bbox 2037 2006 3739 2079">
     <span class='ocr_line' id='line_1_80' title="bbox 2037 2006 3739 2079; baseline -0.002 -15"><span class='ocrx_word' id='word_1_580' title='bbox 2037 2010 2180 2064; x_wconf 68' lang='lat' dir='ltr'><strong>vinas</strong></span> <span class='ocrx_word' id='word_1_581' title='bbox 2213 2025 2521 2063; x_wconf 90' lang='lat' dir='ltr'><strong>consonam</strong></span> <span class='ocrx_word' id='word_1_582' title='bbox 2545 2008 2798 2079; x_wconf 85' lang='lat' dir='ltr'><strong>putabat,</strong></span> <span class='ocrx_word' id='word_1_583' title='bbox 2820 2008 2965 2061; x_wconf 86' lang='lat' dir='ltr'><strong>hanc</strong></span> <span class='ocrx_word' id='word_1_584' title='bbox 2981 2023 3122 2073; x_wconf 90' lang='lat' dir='ltr'><strong>esse,</strong></span> <span class='ocrx_word' id='word_1_585' title='bbox 3151 2012 3215 2061; x_wconf 91' lang='lat' dir='ltr'><strong>ut</strong></span> <span class='ocrx_word' id='word_1_586' title='bbox 3239 2006 3488 2062; x_wconf 90' lang='lat' dir='ltr'><strong>Eraclius</strong></span> <span class='ocrx_word' id='word_1_587' title='bbox 3507 2007 3739 2078; x_wconf 78' lang='lat' dir='ltr'><strong>presby-</strong></span> 
     </span>
    </p>
   </div>
   <div class='ocr_carea' id='block_1_81' title="bbox 2034 2095 3738 2169">
    <p class='ocr_par' dir='ltr' id='par_1_81' title="bbox 2034 2095 3738 2169">
     <span class='ocr_line' id='line_1_81' title="bbox 2034 2095 3738 2169; baseline -0.002 -17"><span class='ocrx_word' id='word_1_588' title='bbox 2034 2103 2121 2152; x_wconf 85' lang='lat' dir='ltr'><strong>ter</strong></span> <span class='ocrx_word' id='word_1_589' title='bbox 2152 2097 2259 2153; x_wconf 90' lang='lat' dir='ltr'><strong>sibi</strong></span> <span class='ocrx_word' id='word_1_590' title='bbox 2291 2097 2353 2151; x_wconf 91' lang='lat' dir='ltr'><strong>in</strong></span> <span class='ocrx_word' id='word_1_591' title='bbox 2384 2096 2773 2169; x_wconf 89' lang='lat' dir='ltr'><strong>episcopatum</strong></span> <span class='ocrx_word' id='word_1_592' title='bbox 2802 2096 3146 2149; x_wconf 89' lang='lat' dir='ltr'><strong>succederet.</strong></span> <span class='ocrx_word' id='word_1_593' title='bbox 3186 2096 3289 2150; x_wconf 87' lang='lat' dir='ltr'><strong>Cui</strong></span> <span class='ocrx_word' id='word_1_594' title='bbox 3316 2095 3505 2150; x_wconf 84' lang='lat' dir='ltr'><strong>statim</strong></span> <span class='ocrx_word' id='word_1_595' title='bbox 3538 2111 3738 2149; x_wconf 91' lang='lat' dir='ltr'><strong>omnes</strong></span> 
     </span>
    </p>
   </div>
   <div class='ocr_carea' id='block_1_82' title="bbox 2034 2183 3736 2258">
    <p class='ocr_par' dir='ltr' id='par_1_82' title="bbox 2034 2183 3736 2258">
     <span class='ocr_line' id='line_1_82' title="bbox 2034 2183 3736 2258; baseline -0.004 -16"><span class='ocrx_word' id='word_1_596' title='bbox 2034 2204 2163 2243; x_wconf 90' lang='lat' dir='ltr'><strong>cum</strong></span> <span class='ocrx_word' id='word_1_597' title='bbox 2193 2188 2399 2258; x_wconf 88' lang='lat' dir='ltr'><strong>plausu</strong></span> <span class='ocrx_word' id='word_1_598' title='bbox 2431 2191 2487 2240; x_wconf 91' lang='lat' dir='ltr'><strong>et</strong></span> <span class='ocrx_word' id='word_1_599' title='bbox 2518 2183 2925 2239; x_wconf 88' lang='lat' dir='ltr'><strong>acclamatione</strong></span> <span class='ocrx_word' id='word_1_600' title='bbox 2960 2184 3253 2255; x_wconf 80' lang='lat' dir='ltr'><strong>suifragati</strong></span> <span class='ocrx_word' id='word_1_601' title='bbox 3286 2188 3437 2238; x_wconf 88' lang='lat' dir='ltr'><strong>sunt.</strong></span> <span class='ocrx_word' id='word_1_602' title='bbox 3486 2183 3736 2238; x_wconf 85' lang='lat' dir='ltr'><strong>Eraclius</strong></span> 
     </span>
    </p>
   </div>
   <div class='ocr_carea' id='block_1_83' title="bbox 2035 2272 3740 2344">
    <p class='ocr_par' dir='ltr' id='par_1_83' title="bbox 2035 2272 3740 2344">
     <span class='ocr_line' id='line_1_83' title="bbox 2035 2272 3740 2344; baseline -0.003 -14"><span class='ocrx_word' id='word_1_603' title='bbox 2035 2279 2247 2342; x_wconf 88' lang='lat' dir='ltr'><strong>autem,</strong></span> <span class='ocrx_word' id='word_1_604' title='bbox 2282 2274 2397 2328; x_wconf 91' lang='lat' dir='ltr'><strong>sive</strong></span> <span class='ocrx_word' id='word_1_605' title='bbox 2429 2273 2735 2341; x_wconf 87' lang='lat' dir='ltr'><strong>Heraclius,</strong></span> <span class='ocrx_word' id='word_1_606' title='bbox 2771 2289 2883 2343; x_wconf 90' lang='lat' dir='ltr'><strong>quo</strong></span> <span class='ocrx_word' id='word_1_607' title='bbox 2911 2272 3145 2326; x_wconf 91' lang='lat' dir='ltr'><strong>nomine</strong></span> <span class='ocrx_word' id='word_1_608' title='bbox 3176 2272 3464 2327; x_wconf 87' lang='lat' dir='ltr'><strong>interdum</strong></span> <span class='ocrx_word' id='word_1_609' title='bbox 3492 2273 3740 2344; x_wconf 86' lang='lat' dir='ltr'><strong>appella-</strong></span> 
     </span>
    </p>
   </div>
   <div class='ocr_carea' id='block_1_84' title="bbox 2034 2360 3741 2435">
    <p class='ocr_par' dir='ltr' id='par_1_84' title="bbox 2034 2360 3741 2435">
     <span class='ocr_line' id='line_1_84' title="bbox 2034 2360 3741 2435; baseline -0.003 -16"><span class='ocrx_word' id='word_1_610' title='bbox 2034 2369 2147 2431; x_wconf 89' lang='lat' dir='ltr'><strong>tur,</strong></span> <span class='ocrx_word' id='word_1_611' title='bbox 2183 2369 2401 2435; x_wconf 89' lang='lat' dir='ltr'><strong>septem</strong></span> <span class='ocrx_word' id='word_1_612' title='bbox 2429 2364 2917 2435; x_wconf 75' lang='lat' dir='ltr'><strong>presbyterorum,</strong></span> <span class='ocrx_word' id='word_1_613' title='bbox 2948 2361 3195 2434; x_wconf 89' lang='lat' dir='ltr'><strong>quicum</strong></span> <span class='ocrx_word' id='word_1_614' title='bbox 3219 2364 3410 2415; x_wconf 90' lang='lat' dir='ltr'><strong>sancto</strong></span> <span class='ocrx_word' id='word_1_615' title='bbox 3456 2360 3741 2432; x_wconf 87' lang='lat' dir='ltr'><strong>Episcopo</strong></span> 
     </span>
    </p>
   </div>
   <div class='ocr_carea' id='block_1_85' title="bbox 2033 2449 3727 2525">
    <p class='ocr_par' dir='ltr' id='par_1_85' title="bbox 2033 2449 3727 2525">
     <span class='ocr_line' id='line_1_85' title="bbox 2033 2449 3727 2525; baseline -0.002 -18"><span class='ocrx_word' id='word_1_616' title='bbox 2033 2457 2340 2525; x_wconf 67' lang='lat' dir='ltr'><strong>prtesentes</strong></span> <span class='ocrx_word' id='word_1_617' title='bbox 2362 2453 2595 2507; x_wconf 87' lang='lat' dir='ltr'><strong>aderant</strong></span> <span class='ocrx_word' id='word_1_618' title='bbox 2624 2451 2684 2505; x_wconf 90' lang='lat' dir='ltr'><strong>in</strong></span> <span class='ocrx_word' id='word_1_619' title='bbox 2707 2468 2773 2506; x_wconf 91' lang='lat' dir='ltr'><strong>eo</strong></span> <span class='ocrx_word' id='word_1_620' title='bbox 2794 2455 3098 2519; x_wconf 89' lang='lat' dir='ltr'><strong>conventu,</strong></span> <span class='ocrx_word' id='word_1_621' title='bbox 3119 2449 3454 2505; x_wconf 89' lang='lat' dir='ltr'><strong>nominatur</strong></span> <span class='ocrx_word' id='word_1_622' title='bbox 3468 2449 3727 2518; x_wconf 90' lang='lat' dir='ltr'><strong>ultimus,</strong></span> 
     </span>
    </p>
   </div>
   <div class='ocr_carea' id='block_1_86' title="bbox 2034 2536 3736 2611">
    <p class='ocr_par' dir='ltr' id='par_1_86' title="bbox 2034 2536 3736 2611">
     <span class='ocr_line' id='line_1_86' title="bbox 2034 2536 3736 2611; baseline -0.003 -15"><span class='ocrx_word' id='word_1_623' title='bbox 2034 2542 2187 2597; x_wconf 91' lang='lat' dir='ltr'><strong>unde</strong></span> <span class='ocrx_word' id='word_1_624' title='bbox 2210 2541 2443 2611; x_wconf 88' lang='lat' dir='ltr'><strong>colligas</strong></span> <span class='ocrx_word' id='word_1_625' title='bbox 2456 2557 2588 2595; x_wconf 91' lang='lat' dir='ltr'><strong>eum</strong></span> <span class='ocrx_word' id='word_1_626' title='bbox 2615 2557 2683 2595; x_wconf 84' lang='lat' dir='ltr'><strong>ex</strong></span> <span class='ocrx_word' id='word_1_627' title='bbox 2712 2539 3109 2611; x_wconf 89' lang='lat' dir='ltr'><strong>antiquiorum</strong></span> <span class='ocrx_word' id='word_1_628' title='bbox 3136 2554 3376 2594; x_wconf 91' lang='lat' dir='ltr'><strong>numero</strong></span> <span class='ocrx_word' id='word_1_629' title='bbox 3398 2554 3515 2593; x_wconf 90' lang='lat' dir='ltr'><strong>non</strong></span> <span class='ocrx_word' id='word_1_630' title='bbox 3540 2536 3736 2592; x_wconf 88' lang='lat' dir='ltr'><strong>fuisse.</strong></span> 
     </span>
    </p>
   </div>
   <div class='ocr_carea' id='block_1_87' title="bbox 2038 2626 3738 2700">
    <p class='ocr_par' dir='ltr' id='par_1_87' title="bbox 2038 2626 3738 2700">
     <span class='ocr_line' id='line_1_87' title="bbox 2038 2626 3738 2700; baseline -0.002 -15"><span class='ocrx_word' id='word_1_631' title='bbox 2038 2632 2198 2685; x_wconf 89' lang='lat' dir='ltr'><strong>Certe</strong></span> <span class='ocrx_word' id='word_1_632' title='bbox 2238 2629 2469 2700; x_wconf 87' lang='lat' dir='ltr'><strong>quidem</strong></span> <span class='ocrx_word' id='word_1_633' title='bbox 2501 2635 2622 2682; x_wconf 87' lang='lat' dir='ltr'><strong>erat</strong></span> <span class='ocrx_word' id='word_1_634' title='bbox 2666 2629 2852 2683; x_wconf 91' lang='lat' dir='ltr'><strong>adhuc</strong></span> <span class='ocrx_word' id='word_1_635' title='bbox 2878 2627 3125 2699; x_wconf 89' lang='lat' dir='ltr'><strong>juvenis,</strong></span> <span class='ocrx_word' id='word_1_636' title='bbox 3159 2645 3223 2682; x_wconf 90' lang='lat' dir='ltr'><strong>ac</strong></span> <span class='ocrx_word' id='word_1_637' title='bbox 3251 2627 3583 2682; x_wconf 88' lang='lat' dir='ltr'><strong>diaconatus</strong></span> <span class='ocrx_word' id='word_1_638' title='bbox 3613 2626 3738 2681; x_wconf 80' lang='lat' dir='ltr'><strong>ofﬁ-</strong></span> 
     </span>
    </p>
   </div>
   <div class='ocr_carea' id='block_1_88' title="bbox 2036 2717 3739 2787">
    <p class='ocr_par' dir='ltr' id='par_1_88' title="bbox 2036 2717 3739 2787">
     <span class='ocr_line' id='line_1_88' title="bbox 2036 2717 3739 2787; baseline -0.002 -15"><span class='ocrx_word' id='word_1_639' title='bbox 2036 2718 2123 2772; x_wconf 92' lang='lat' dir='ltr'><strong>cio</strong></span> <span class='ocrx_word' id='word_1_640' title='bbox 2180 2721 2404 2772; x_wconf 88' lang='lat' dir='ltr'><strong>tantum</strong></span> <span class='ocrx_word' id='word_1_641' title='bbox 2460 2717 2807 2787; x_wconf 88' lang='lat' dir='ltr'><strong>fungebatur</strong></span> <span class='ocrx_word' id='word_1_642' title='bbox 2862 2717 3048 2786; x_wconf 71' lang='lat' dir='ltr'><strong>(Ibid,</strong></span> <span class='ocrx_word' id='word_1_643' title='bbox 3104 2732 3159 2769; x_wconf 92' lang='lat' dir='ltr'><strong>n.</strong></span> <span class='ocrx_word' id='word_1_644' title='bbox 3211 2717 3282 2784; x_wconf 77' lang='lat'><strong>5),</strong></span> <span class='ocrx_word' id='word_1_645' title='bbox 3328 2731 3441 2786; x_wconf 89' lang='lat' dir='ltr'><strong>quo</strong></span> <span class='ocrx_word' id='word_1_646' title='bbox 3480 2720 3739 2786; x_wconf 91' lang='lat' dir='ltr'><strong>tempore</strong></span> 
     </span>
    </p>
   </div>
   <div class='ocr_carea' id='block_1_89' title="bbox 2033 2802 3739 2877">
    <p class='ocr_par' dir='ltr' id='par_1_89' title="bbox 2033 2802 3739 2877">
     <span class='ocr_line' id='line_1_89' title="bbox 2033 2802 3739 2877; baseline -0.002 -18"><span class='ocrx_word' id='word_1_647' title='bbox 2033 2805 2386 2877; x_wconf 89' lang='lat' dir='ltr'><strong>Augustinus</strong></span> <span class='ocrx_word' id='word_1_648' title='bbox 2417 2805 2717 2859; x_wconf 87' lang='lat' dir='ltr'><strong>Sermones</strong></span> <span class='ocrx_word' id='word_1_649' title='bbox 2754 2804 2823 2858; x_wconf 93' lang='lat' dir='ltr'><strong>de</strong></span> <span class='ocrx_word' id='word_1_650' title='bbox 2852 2804 2967 2857; x_wconf 90' lang='lat' dir='ltr'><strong>vita</strong></span> <span class='ocrx_word' id='word_1_651' title='bbox 3014 2808 3071 2857; x_wconf 89' lang='lat' dir='ltr'><strong>et</strong></span> <span class='ocrx_word' id='word_1_652' title='bbox 3115 2803 3369 2857; x_wconf 90' lang='lat' dir='ltr'><strong>moribus</strong></span> <span class='ocrx_word' id='word_1_653' title='bbox 3403 2802 3739 2871; x_wconf 79' lang='lat' dir='ltr'><strong>clericorum</strong></span> 
     </span>
    </p>
   </div>
   <div class='ocr_carea' id='block_1_90' title="bbox 2033 2892 3736 2965">
    <p class='ocr_par' dir='ltr' id='par_1_90' title="bbox 2033 2892 3736 2965">
     <span class='ocr_line' id='line_1_90' title="bbox 2033 2892 3736 2965; baseline 0 -19"><span class='ocrx_word' id='word_1_654' title='bbox 2033 2910 2268 2948; x_wconf 85' lang='lat' dir='ltr'><strong>suorum</strong></span> <span class='ocrx_word' id='word_1_655' title='bbox 2316 2893 2706 2964; x_wconf 79' lang='lat' dir='ltr'><strong>pronuntiavit</strong></span> <span class='ocrx_word' id='word_1_656' title='bbox 2757 2894 2947 2965; x_wconf 83' lang='lat' dir='ltr'><strong>(Serm.</strong></span> <span class='ocrx_word' id='word_1_657' title='bbox 3008 2895 3131 2958; x_wconf 85' lang='lat'><strong>356,</strong></span> <span class='ocrx_word' id='word_1_658' title='bbox 3184 2908 3240 2946; x_wconf 82' lang='grc' dir='ltr'><strong>η.</strong></span> <span class='ocrx_word' id='word_1_659' title='bbox 3295 2892 3370 2960; x_wconf 85' lang='lat'><strong>7).</strong></span> <span class='ocrx_word' id='word_1_660' title='bbox 3423 2892 3555 2962; x_wconf 85' lang='lat' dir='ltr'><strong>Ejus</strong></span> <span class='ocrx_word' id='word_1_661' title='bbox 3602 2908 3736 2946; x_wconf 91' lang='lat' dir='ltr'><strong>vero</strong></span> 
     </span>
    </p>
   </div>
   <div class='ocr_carea' id='block_1_91' title="bbox 2026 2979 3735 3054">
    <p class='ocr_par' dir='ltr' id='par_1_91' title="bbox 2026 2979 3735 3054">
     <span class='ocr_line' id='line_1_91' title="bbox 2026 2979 3735 3054; baseline 0 -20"><span class='ocrx_word' id='word_1_662' title='bbox 2026 2982 2148 3054; x_wconf 88' lang='lat' dir='ltr'><strong>jam</strong></span> <span class='ocrx_word' id='word_1_663' title='bbox 2173 2987 2294 3036; x_wconf 90' lang='lat' dir='ltr'><strong>tum</strong></span> <span class='ocrx_word' id='word_1_664' title='bbox 2326 2983 2465 3037; x_wconf 89' lang='lat' dir='ltr'><strong>adeo</strong></span> <span class='ocrx_word' id='word_1_665' title='bbox 2495 2982 2611 3036; x_wconf 88' lang='lat' dir='ltr'><strong>vita</strong></span> <span class='ocrx_word' id='word_1_666' title='bbox 2638 2981 2947 3048; x_wconf 89' lang='lat' dir='ltr'><strong>eminebat,</strong></span> <span class='ocrx_word' id='word_1_667' title='bbox 2972 2985 3037 3035; x_wconf 91' lang='lat' dir='ltr'><strong>ut</strong></span> <span class='ocrx_word' id='word_1_668' title='bbox 3061 2979 3335 3052; x_wconf 91' lang='lat' dir='ltr'><strong>gaudium</strong></span> <span class='ocrx_word' id='word_1_669' title='bbox 3368 2980 3576 3034; x_wconf 89' lang='lat' dir='ltr'><strong>faceret</strong></span> <span class='ocrx_word' id='word_1_670' title='bbox 3605 2996 3735 3034; x_wconf 89' lang='lat' dir='ltr'><strong>san-</strong></span> 
     </span>
    </p>
   </div>
   <div class='ocr_carea' id='block_1_92' title="bbox 2034 3068 3731 3142">
    <p class='ocr_par' dir='ltr' id='par_1_92' title="bbox 2034 3068 3731 3142">
     <span class='ocr_line' id='line_1_92' title="bbox 2034 3068 3731 3142; baseline -0.002 -17"><span class='ocrx_word' id='word_1_671' title='bbox 2034 3072 2109 3125; x_wconf 90' lang='lat' dir='ltr'><strong>cti</strong></span> <span class='ocrx_word' id='word_1_672' title='bbox 2141 3073 2428 3139; x_wconf 75' lang='lat' dir='ltr'><strong>Prmsulis,</strong></span> <span class='ocrx_word' id='word_1_673' title='bbox 2456 3071 2554 3142; x_wconf 90' lang='lat' dir='ltr'><strong>qui</strong></span> <span class='ocrx_word' id='word_1_674' title='bbox 2581 3086 2944 3142; x_wconf 82' lang='lat' dir='ltr'><strong>nequaquam</strong></span> <span class='ocrx_word' id='word_1_675' title='bbox 2962 3068 3208 3123; x_wconf 87' lang='lat' dir='ltr'><strong>habebat</strong></span> <span class='ocrx_word' id='word_1_676' title='bbox 3236 3084 3464 3122; x_wconf 91' lang='lat' dir='ltr'><strong>necesse</strong></span> <span class='ocrx_word' id='word_1_677' title='bbox 3495 3068 3731 3139; x_wconf 89' lang='lat' dir='ltr'><strong>populo.</strong></span> 
     </span>
    </p>
   </div>
   <div class='ocr_carea' id='block_1_93' title="bbox 2033 3156 3740 3231">
    <p class='ocr_par' dir='ltr' id='par_1_93' title="bbox 2033 3156 3740 3231">
     <span class='ocr_line' id='line_1_93' title="bbox 2033 3156 3740 3231; baseline -0.003 -17"><span class='ocrx_word' id='word_1_678' title='bbox 2033 3160 2124 3215; x_wconf 89' lang='lat' dir='ltr'><strong>cui</strong></span> <span class='ocrx_word' id='word_1_679' title='bbox 2151 3162 2328 3231; x_wconf 86' lang='lat' dir='ltr'><strong>probe</strong></span> <span class='ocrx_word' id='word_1_680' title='bbox 2362 3164 2531 3214; x_wconf 91' lang='lat' dir='ltr'><strong>notus</strong></span> <span class='ocrx_word' id='word_1_681' title='bbox 2563 3160 2656 3213; x_wconf 91' lang='lat' dir='ltr'><strong>ille</strong></span> <span class='ocrx_word' id='word_1_682' title='bbox 2688 3164 2828 3224; x_wconf 86' lang='lat' dir='ltr'><strong>erat,</strong></span> <span class='ocrx_word' id='word_1_683' title='bbox 2857 3164 2910 3212; x_wconf 91' lang='lat' dir='ltr'><strong>et</strong></span> <span class='ocrx_word' id='word_1_684' title='bbox 2939 3175 2970 3212; x_wconf 90' lang='lat' dir='ltr'><strong>a</strong></span> <span class='ocrx_word' id='word_1_685' title='bbox 2998 3174 3112 3230; x_wconf 91' lang='lat' dir='ltr'><strong>quo</strong></span> <span class='ocrx_word' id='word_1_686' title='bbox 3142 3156 3363 3211; x_wconf 89' lang='lat' dir='ltr'><strong>nemini</strong></span> <span class='ocrx_word' id='word_1_687' title='bbox 3396 3173 3513 3210; x_wconf 90' lang='lat' dir='ltr'><strong>non</strong></span> <span class='ocrx_word' id='word_1_688' title='bbox 3539 3156 3740 3211; x_wconf 86' lang='lat' dir='ltr'><strong>fuisset</strong></span> 
     </span>
    </p>
   </div>
   <div class='ocr_carea' id='block_1_94' title="bbox 2034 3244 3739 3319">
    <p class='ocr_par' dir='ltr' id='par_1_94' title="bbox 2034 3244 3739 3319">
     <span class='ocr_line' id='line_1_94' title="bbox 2034 3244 3739 3319; baseline -0.003 -16"><span class='ocrx_word' id='word_1_689' title='bbox 2034 3249 2409 3319; x_wconf 87' lang='lat' dir='ltr'><strong>antepositus,</strong></span> <span class='ocrx_word' id='word_1_690' title='bbox 2442 3248 2757 3319; x_wconf 90' lang='lat' dir='ltr'><strong>quidquam</strong></span> <span class='ocrx_word' id='word_1_691' title='bbox 2788 3245 2974 3301; x_wconf 91' lang='lat' dir='ltr'><strong>dicere</strong></span> <span class='ocrx_word' id='word_1_692' title='bbox 3016 3246 3075 3300; x_wconf 92' lang='lat' dir='ltr'><strong>in</strong></span> <span class='ocrx_word' id='word_1_693' title='bbox 3121 3245 3243 3316; x_wconf 90' lang='lat' dir='ltr'><strong>ejus</strong></span> <span class='ocrx_word' id='word_1_694' title='bbox 3296 3244 3739 3299; x_wconf 87' lang='lat' dir='ltr'><strong>commendatio-</strong></span> 
     </span>
    </p>
   </div>
   <div class='ocr_carea' id='block_1_95' title="bbox 2034 3334 3736 3408">
    <p class='ocr_par' dir='ltr' id='par_1_95' title="bbox 2034 3334 3736 3408">
     <span class='ocr_line' id='line_1_95' title="bbox 2034 3334 3736 3408; baseline -0.002 -16"><span class='ocrx_word' id='word_1_695' title='bbox 2034 3354 2190 3407; x_wconf 90' lang='lat' dir='ltr'><strong>nem,</strong></span> <span class='ocrx_word' id='word_1_696' title='bbox 2222 3353 2294 3391; x_wconf 88' lang='lat' dir='ltr'><strong>ne</strong></span> <span class='ocrx_word' id='word_1_697' title='bbox 2326 3338 2488 3408; x_wconf 87' lang='lat' dir='ltr'><strong>cujus</strong></span> <span class='ocrx_word' id='word_1_698' title='bbox 2519 3336 2857 3408; x_wconf 89' lang='lat' dir='ltr'><strong>sapientiam</strong></span> <span class='ocrx_word' id='word_1_699' title='bbox 2888 3335 3246 3407; x_wconf 85' lang='lat' dir='ltr'><strong>praedicaret,</strong></span> <span class='ocrx_word' id='word_1_700' title='bbox 3275 3335 3514 3389; x_wconf 65' lang='lat' dir='ltr'><strong>lmderet</strong></span> <span class='ocrx_word' id='word_1_701' title='bbox 3542 3334 3736 3388; x_wconf 54' lang='lat' dir='ltr'><strong>mode.</strong></span> 
     </span>
    </p>
   </div>
   <div class='ocr_carea' id='block_1_96' title="bbox 2033 3423 3739 3498">
    <p class='ocr_par' dir='ltr' id='par_1_96' title="bbox 2033 3423 3739 3498">
     <span class='ocr_line' id='line_1_96' title="bbox 2033 3423 3739 3498; baseline -0.002 -18"><span class='ocrx_word' id='word_1_702' title='bbox 2033 3426 2200 3481; x_wconf 91' lang='lat' dir='ltr'><strong>stiam</strong></span> <span class='ocrx_word' id='word_1_703' title='bbox 2226 3426 2431 3498; x_wconf 85' lang='lat' dir='ltr'><strong>(Epist.</strong></span> <span class='ocrx_word' id='word_1_704' title='bbox 2462 3429 2588 3493; x_wconf 85' lang='lat' dir='ltr'><strong>2l3,</strong></span> <span class='ocrx_word' id='word_1_705' title='bbox 2620 3441 2672 3479; x_wconf 86' lang='grc' dir='ltr'><strong>η.</strong></span> <span class='ocrx_word' id='word_1_706' title='bbox 2716 3424 2790 3494; x_wconf 89' lang='lat'><strong>2).</strong></span> <span class='ocrx_word' id='word_1_707' title='bbox 2825 3424 3029 3494; x_wconf 87' lang='lat' dir='ltr'><strong>Ipsius,</strong></span> <span class='ocrx_word' id='word_1_708' title='bbox 3065 3423 3289 3479; x_wconf 86' lang='lat' dir='ltr'><strong>diaconi</strong></span> <span class='ocrx_word' id='word_1_709' title='bbox 3327 3423 3531 3491; x_wconf 84' lang='lat' dir='ltr'><strong>adhuc,</strong></span> <span class='ocrx_word' id='word_1_710' title='bbox 3564 3438 3739 3493; x_wconf 89' lang='lat' dir='ltr'><strong>opera</strong></span> 
     </span>
    </p>
   </div>
   <div class='ocr_carea' id='block_1_97' title="bbox 2033 3509 3734 3584">
    <p class='ocr_par' dir='ltr' id='par_1_97' title="bbox 2033 3509 3734 3584">
     <span class='ocr_line' id='line_1_97' title="bbox 2033 3509 3734 3584; baseline -0.004 -15"><span class='ocrx_word' id='word_1_711' title='bbox 2033 3514 2091 3569; x_wconf 89' lang='lat' dir='ltr'><strong>in</strong></span> <span class='ocrx_word' id='word_1_712' title='bbox 2129 3515 2306 3569; x_wconf 91' lang='lat' dir='ltr'><strong>oculis</strong></span> <span class='ocrx_word' id='word_1_713' title='bbox 2338 3513 2585 3568; x_wconf 90' lang='lat' dir='ltr'><strong>universi</strong></span> <span class='ocrx_word' id='word_1_714' title='bbox 2628 3513 2825 3584; x_wconf 90' lang='lat' dir='ltr'><strong>populi</strong></span> <span class='ocrx_word' id='word_1_715' title='bbox 2855 3512 3171 3567; x_wconf 88' lang='lat' dir='ltr'><strong>radiabant.</strong></span> <span class='ocrx_word' id='word_1_716' title='bbox 3206 3514 3458 3581; x_wconf 87' lang='lat' dir='ltr'><strong>Apparet</strong></span> <span class='ocrx_word' id='word_1_717' title='bbox 3485 3509 3734 3565; x_wconf 80' lang='lat' dir='ltr'><strong>haeredi-</strong></span> 
     </span>
    </p>
   </div>
   <div class='ocr_carea' id='block_1_98' title="bbox 2031 3600 3725 3674">
    <p class='ocr_par' dir='ltr' id='par_1_98' title="bbox 2031 3600 3725 3674">
     <span class='ocr_line' id='line_1_98' title="bbox 2031 3600 3725 3674; baseline -0.004 -17"><span class='ocrx_word' id='word_1_718' title='bbox 2031 3607 2205 3658; x_wconf 90' lang='lat' dir='ltr'><strong>tatem</strong></span> <span class='ocrx_word' id='word_1_719' title='bbox 2235 3608 2534 3674; x_wconf 85' lang='lat' dir='ltr'><strong>paternam</strong></span> <span class='ocrx_word' id='word_1_720' title='bbox 2571 3602 2650 3655; x_wconf 92' lang='lat' dir='ltr'><strong>illi</strong></span> <span class='ocrx_word' id='word_1_721' title='bbox 2685 3600 2979 3655; x_wconf 85' lang='lat' dir='ltr'><strong>obvenisse</strong></span> <span class='ocrx_word' id='word_1_722' title='bbox 3001 3600 3313 3654; x_wconf 91' lang='lat' dir='ltr'><strong>admodum</strong></span> <span class='ocrx_word' id='word_1_723' title='bbox 3335 3600 3685 3653; x_wconf 88' lang='lat' dir='ltr'><strong>luculentam</strong></span> <span class='ocrx_word' id='word_1_724' title='bbox 3712 3615 3725 3665; x_wconf 91' lang='lat'><strong>;</strong></span> 
     </span>
    </p>
   </div>
   <div class='ocr_carea' id='block_1_99' title="bbox 2032 3687 3736 3763">
    <p class='ocr_par' dir='ltr' id='par_1_99' title="bbox 2032 3687 3736 3763">
     <span class='ocr_line' id='line_1_99' title="bbox 2032 3687 3736 3763; baseline -0.001 -20"><span class='ocrx_word' id='word_1_725' title='bbox 2032 3709 2202 3763; x_wconf 89' lang='lat' dir='ltr'><strong>quam</strong></span> <span class='ocrx_word' id='word_1_726' title='bbox 2262 3691 2471 3762; x_wconf 90' lang='lat' dir='ltr'><strong>partim</strong></span> <span class='ocrx_word' id='word_1_727' title='bbox 2527 3691 2837 3745; x_wconf 69' lang='lat' dir='ltr'><strong>excitanda:</strong></span> <span class='ocrx_word' id='word_1_728' title='bbox 2869 3688 3163 3743; x_wconf 54' lang='lat' dir='ltr'><strong>memoria!</strong></span> <span class='ocrx_word' id='word_1_729' title='bbox 3203 3687 3480 3759; x_wconf 70' lang='lat' dir='ltr'><strong>Martyris,</strong></span> <span class='ocrx_word' id='word_1_730' title='bbox 3534 3687 3590 3741; x_wconf 90' lang='lat' dir='ltr'><strong>id</strong></span> <span class='ocrx_word' id='word_1_731' title='bbox 3648 3691 3736 3741; x_wconf 87' lang='lat' dir='ltr'><strong>est</strong></span> 
     </span>
    </p>
   </div>
   <div class='ocr_carea' id='block_1_100' title="bbox 2031 3775 3732 3850">
    <p class='ocr_par' dir='ltr' id='par_1_100' title="bbox 2031 3775 3732 3850">
     <span class='ocr_line' id='line_1_100' title="bbox 2031 3775 3732 3850; baseline -0.002 -17"><span class='ocrx_word' id='word_1_732' title='bbox 2031 3780 2209 3834; x_wconf 86' lang='lat' dir='ltr'><strong>sancti</strong></span> <span class='ocrx_word' id='word_1_733' title='bbox 2234 3779 2528 3850; x_wconf 89' lang='lat' dir='ltr'><strong>Stephani,</strong></span> <span class='ocrx_word' id='word_1_734' title='bbox 2559 3778 3046 3850; x_wconf 88' lang='lat' dir='ltr'><strong>quemadmodum</strong></span> <span class='ocrx_word' id='word_1_735' title='bbox 3099 3777 3285 3831; x_wconf 90' lang='lat' dir='ltr'><strong>visum</strong></span> <span class='ocrx_word' id='word_1_736' title='bbox 3326 3775 3488 3831; x_wconf 92' lang='lat' dir='ltr'><strong>nobis</strong></span> <span class='ocrx_word' id='word_1_737' title='bbox 3539 3792 3732 3847; x_wconf 89' lang='lat' dir='ltr'><strong>supra,</strong></span> 
     </span>
    </p>
   </div>
   <div class='ocr_carea' id='block_1_101' title="bbox 2030 3864 3732 3939">
    <p class='ocr_par' dir='ltr' id='par_1_101' title="bbox 2030 3864 3732 3939">
     <span class='ocr_line' id='line_1_101' title="bbox 2030 3864 3732 3939; baseline -0.002 -17"><span class='ocrx_word' id='word_1_738' title='bbox 2030 3869 2434 3938; x_wconf 84' lang='lat' dir='ltr'><strong>insumpserat,</strong></span> <span class='ocrx_word' id='word_1_739' title='bbox 2467 3868 2675 3939; x_wconf 88' lang='lat' dir='ltr'><strong>partim</strong></span> <span class='ocrx_word' id='word_1_740' title='bbox 2700 3867 3040 3938; x_wconf 88' lang='lat' dir='ltr'><strong>Augustino,</strong></span> <span class='ocrx_word' id='word_1_741' title='bbox 3073 3870 3246 3937; x_wconf 89' lang='lat' dir='ltr'><strong>prout</strong></span> <span class='ocrx_word' id='word_1_742' title='bbox 3275 3864 3448 3920; x_wconf 90' lang='lat' dir='ltr'><strong>satius</strong></span> <span class='ocrx_word' id='word_1_743' title='bbox 3479 3881 3596 3919; x_wconf 91' lang='lat' dir='ltr'><strong>esse</strong></span> <span class='ocrx_word' id='word_1_744' title='bbox 3638 3866 3732 3937; x_wconf 83' lang='lat' dir='ltr'><strong>ju-</strong></span> 
     </span>
    </p>
   </div>
   <div class='ocr_carea' id='block_1_102' title="bbox 2031 3953 3733 4025">
    <p class='ocr_par' dir='ltr' id='par_1_102' title="bbox 2031 3953 3733 4025">
     <span class='ocr_line' id='line_1_102' title="bbox 2031 3953 3733 4025; baseline -0.002 -14"><span class='ocrx_word' id='word_1_745' title='bbox 2031 3957 2263 4025; x_wconf 87' lang='lat' dir='ltr'><strong>dicaret,</strong></span> <span class='ocrx_word' id='word_1_746' title='bbox 2296 3956 2748 4012; x_wconf 90' lang='lat' dir='ltr'><strong>distribuendam</strong></span> <span class='ocrx_word' id='word_1_747' title='bbox 2802 3955 3024 4010; x_wconf 88' lang='lat' dir='ltr'><strong>tradere</strong></span> <span class='ocrx_word' id='word_1_748' title='bbox 3083 3956 3355 4011; x_wconf 87' lang='lat' dir='ltr'><strong>voluerat.</strong></span> <span class='ocrx_word' id='word_1_749' title='bbox 3391 3955 3456 4009; x_wconf 85' lang='lat' dir='ltr'><strong>Et</strong></span> <span class='ocrx_word' id='word_1_750' title='bbox 3484 3958 3652 4019; x_wconf 90' lang='lat' dir='ltr'><strong>certe,</strong></span> <span class='ocrx_word' id='word_1_751' title='bbox 3688 3953 3733 4007; x_wconf 90' lang='lat' dir='ltr'><strong>si</strong></span> 
     </span>
    </p>
   </div>
   <div class='ocr_carea' id='block_1_103' title="bbox 2030 4041 3734 4117">
    <p class='ocr_par' dir='ltr' id='par_1_103' title="bbox 2030 4041 3734 4117">
     <span class='ocr_line' id='line_1_103' title="bbox 2030 4041 3734 4117; baseline -0.003 -18"><span class='ocrx_word' id='word_1_752' title='bbox 2030 4062 2144 4117; x_wconf 87' lang='lat' dir='ltr'><strong>qua</strong></span> <span class='ocrx_word' id='word_1_753' title='bbox 2184 4046 2445 4117; x_wconf 66' lang='lat' dir='ltr'><strong>pecuniae</strong></span> <span class='ocrx_word' id='word_1_754' title='bbox 2487 4045 2794 4116; x_wconf 87' lang='lat' dir='ltr'><strong>cupiditate</strong></span> <span class='ocrx_word' id='word_1_755' title='bbox 2825 4048 3051 4099; x_wconf 87' lang='lat' dir='ltr'><strong>sanctus</strong></span> <span class='ocrx_word' id='word_1_756' title='bbox 3102 4044 3314 4098; x_wconf 76' lang='lat' dir='ltr'><strong>Praesul</strong></span> <span class='ocrx_word' id='word_1_757' title='bbox 3356 4044 3557 4098; x_wconf 90' lang='lat' dir='ltr'><strong>ductus</strong></span> <span class='ocrx_word' id='word_1_758' title='bbox 3596 4041 3734 4096; x_wconf 85' lang='lat' dir='ltr'><strong>fuis-</strong></span> 
     </span>
    </p>
   </div>
   <div class='ocr_carea' id='block_1_104' title="bbox 2031 4130 3737 4204">
    <p class='ocr_par' dir='ltr' id='par_1_104' title="bbox 2031 4130 3737 4204">
     <span class='ocr_line' id='line_1_104' title="bbox 2031 4130 3737 4204; baseline -0.004 -16"><span class='ocrx_word' id='word_1_759' title='bbox 2031 4138 2134 4201; x_wconf 88' lang='lat' dir='ltr'><strong>set,</strong></span> <span class='ocrx_word' id='word_1_760' title='bbox 2168 4151 2272 4189; x_wconf 90' lang='lat' dir='ltr'><strong>nec</strong></span> <span class='ocrx_word' id='word_1_761' title='bbox 2305 4134 2458 4188; x_wconf 89' lang='lat' dir='ltr'><strong>aliud</strong></span> <span class='ocrx_word' id='word_1_762' title='bbox 2491 4133 2600 4187; x_wconf 90' lang='lat' dir='ltr'><strong>nisi</strong></span> <span class='ocrx_word' id='word_1_763' title='bbox 2629 4149 2971 4204; x_wconf 89' lang='lat' dir='ltr'><strong>pauperum,</strong></span> <span class='ocrx_word' id='word_1_764' title='bbox 2998 4147 3243 4203; x_wconf 87' lang='lat' dir='ltr'><strong>quorum</strong></span> <span class='ocrx_word' id='word_1_765' title='bbox 3274 4131 3343 4184; x_wconf 88' lang='lat' dir='ltr'><strong>ad</strong></span> <span class='ocrx_word' id='word_1_766' title='bbox 3368 4147 3426 4183; x_wconf 89' lang='lat' dir='ltr'><strong>se</strong></span> <span class='ocrx_word' id='word_1_767' title='bbox 3443 4130 3737 4200; x_wconf 89' lang='lat' dir='ltr'><strong>spectabat</strong></span> 
     </span>
    </p>
   </div>
   <div class='ocr_carea' id='block_1_105' title="bbox 2030 4216 3733 4293">
    <p class='ocr_par' dir='ltr' id='par_1_105' title="bbox 2030 4216 3733 4293">
     <span class='ocr_line' id='line_1_105' title="bbox 2030 4216 3733 4293; baseline -0.004 -16"><span class='ocrx_word' id='word_1_768' title='bbox 2030 4239 2184 4289; x_wconf 84' lang='lat' dir='ltr'><strong>cura,</strong></span> <span class='ocrx_word' id='word_1_769' title='bbox 2214 4221 2588 4293; x_wconf 88' lang='lat' dir='ltr'><strong>indigentiam</strong></span> <span class='ocrx_word' id='word_1_770' title='bbox 2619 4221 3047 4285; x_wconf 89' lang='lat' dir='ltr'><strong>considerasset,</strong></span> <span class='ocrx_word' id='word_1_771' title='bbox 3089 4236 3207 4273; x_wconf 87' lang='lat' dir='ltr'><strong>non</strong></span> <span class='ocrx_word' id='word_1_772' title='bbox 3252 4222 3372 4272; x_wconf 84' lang='lat' dir='ltr'><strong>erat</strong></span> <span class='ocrx_word' id='word_1_773' title='bbox 3413 4216 3733 4272; x_wconf 90' lang='lat' dir='ltr'><strong>istiusmodi</strong></span> 
     </span>
    </p>
   </div>
   <div class='ocr_carea' id='block_1_106' title="bbox 2030 4304 3727 4380">
    <p class='ocr_par' dir='ltr' id='par_1_106' title="bbox 2030 4304 3727 4380">
     <span class='ocr_line' id='line_1_106' title="bbox 2030 4304 3727 4380; baseline -0.003 -17"><span class='ocrx_word' id='word_1_774' title='bbox 2030 4311 2245 4364; x_wconf 88' lang='lat' dir='ltr'><strong>donum</strong></span> <span class='ocrx_word' id='word_1_775' title='bbox 2276 4310 2626 4380; x_wconf 85' lang='lat' dir='ltr'><strong>rejecturus:</strong></span> <span class='ocrx_word' id='word_1_776' title='bbox 2662 4324 2861 4362; x_wconf 85' lang='lat' dir='ltr'><strong>verum</strong></span> <span class='ocrx_word' id='word_1_777' title='bbox 2893 4324 3020 4362; x_wconf 92' lang='lat' dir='ltr'><strong>cum</strong></span> <span class='ocrx_word' id='word_1_778' title='bbox 3067 4307 3235 4360; x_wconf 59' lang='lat' dir='ltr'><strong>fama:</strong></span> <span class='ocrx_word' id='word_1_779' title='bbox 3276 4320 3393 4358; x_wconf 64' lang='lat' dir='ltr'><strong>suae</strong></span> <span class='ocrx_word' id='word_1_780' title='bbox 3424 4304 3727 4369; x_wconf 89' lang='lat' dir='ltr'><strong>rationem,</strong></span> 
     </span>
    </p>
   </div>
   <div class='ocr_carea' id='block_1_107' title="bbox 2028 4392 3731 4467">
    <p class='ocr_par' dir='ltr' id='par_1_107' title="bbox 2028 4392 3731 4467">
     <span class='ocr_line' id='line_1_107' title="bbox 2028 4392 3731 4467; baseline -0.003 -15"><span class='ocrx_word' id='word_1_781' title='bbox 2028 4416 2144 4452; x_wconf 88' lang='lat' dir='ltr'><strong>non</strong></span> <span class='ocrx_word' id='word_1_782' title='bbox 2176 4416 2296 4463; x_wconf 86' lang='lat' dir='ltr'><strong>sua,</strong></span> <span class='ocrx_word' id='word_1_783' title='bbox 2326 4397 2422 4452; x_wconf 89' lang='lat' dir='ltr'><strong>sed</strong></span> <span class='ocrx_word' id='word_1_784' title='bbox 2455 4397 2634 4467; x_wconf 89' lang='lat' dir='ltr'><strong>plebis</strong></span> <span class='ocrx_word' id='word_1_785' title='bbox 2666 4396 2774 4451; x_wconf 90' lang='lat' dir='ltr'><strong>sibi</strong></span> <span class='ocrx_word' id='word_1_786' title='bbox 2813 4395 3130 4451; x_wconf 64' lang='lat' dir='ltr'><strong>commissas</strong></span> <span class='ocrx_word' id='word_1_787' title='bbox 3174 4409 3342 4448; x_wconf 90' lang='lat' dir='ltr'><strong>causa</strong></span> <span class='ocrx_word' id='word_1_788' title='bbox 3387 4392 3524 4464; x_wconf 92' lang='lat' dir='ltr'><strong>(ipsi</strong></span> <span class='ocrx_word' id='word_1_789' title='bbox 3576 4392 3731 4447; x_wconf 90' lang='lat' dir='ltr'><strong>enim</strong></span> 
     </span>
    </p>
   </div>
   <div class='ocr_carea' id='block_1_108' title="bbox 2027 4480 3733 4558">
    <p class='ocr_par' dir='ltr' id='par_1_108' title="bbox 2027 4480 3733 4558">
     <span class='ocr_line' id='line_1_108' title="bbox 2027 4480 3733 4558; baseline -0.003 -17"><span class='ocrx_word' id='word_1_790' title='bbox 2027 4487 2345 4541; x_wconf 85' lang='lat' dir='ltr'><strong>sufficiebat</strong></span> <span class='ocrx_word' id='word_1_791' title='bbox 2370 4486 2617 4558; x_wconf 68' lang='lat' dir='ltr'><strong>proprias</strong></span> <span class='ocrx_word' id='word_1_792' title='bbox 2674 4484 3036 4539; x_wconf 86' lang='lat' dir='ltr'><strong>conscientiae</strong></span> <span class='ocrx_word' id='word_1_793' title='bbox 3084 4480 3520 4551; x_wconf 91' lang='lat' dir='ltr'><strong>testimonium),</strong></span> <span class='ocrx_word' id='word_1_794' title='bbox 3553 4481 3733 4536; x_wconf 84' lang='lat' dir='ltr'><strong>maxi-</strong></span> 
     </span>
    </p>
   </div>
   <div class='ocr_carea' id='block_1_109' title="bbox 2028 4570 3734 4642">
    <p class='ocr_par' dir='ltr' id='par_1_109' title="bbox 2028 4570 3734 4642">
     <span class='ocr_line' id='line_1_109' title="bbox 2028 4570 3734 4642; baseline -0.004 -11"><span class='ocrx_word' id='word_1_795' title='bbox 2028 4592 2182 4631; x_wconf 91' lang='lat' dir='ltr'><strong>mam</strong></span> <span class='ocrx_word' id='word_1_796' title='bbox 2208 4576 2476 4642; x_wconf 87' lang='lat' dir='ltr'><strong>baberet;</strong></span> <span class='ocrx_word' id='word_1_797' title='bbox 2501 4579 2699 4630; x_wconf 84' lang='lat' dir='ltr'><strong>auctor</strong></span> <span class='ocrx_word' id='word_1_798' title='bbox 2725 4573 2947 4629; x_wconf 90' lang='lat' dir='ltr'><strong>Eraclio</strong></span> <span class='ocrx_word' id='word_1_799' title='bbox 2978 4570 3099 4632; x_wconf 85' lang='lat' dir='ltr'><strong>fuit,</strong></span> <span class='ocrx_word' id='word_1_800' title='bbox 3123 4574 3186 4624; x_wconf 89' lang='lat' dir='ltr'><strong>ut</strong></span> <span class='ocrx_word' id='word_1_801' title='bbox 3204 4571 3310 4624; x_wconf 88' lang='lat' dir='ltr'><strong>hac</strong></span> <span class='ocrx_word' id='word_1_802' title='bbox 3330 4570 3574 4641; x_wconf 89' lang='lat' dir='ltr'><strong>pecunia</strong></span> <span class='ocrx_word' id='word_1_803' title='bbox 3606 4571 3734 4625; x_wconf 85' lang='lat' dir='ltr'><strong>fun-</strong></span> 
     </span>
    </p>
   </div>
   <div class='ocr_carea' id='block_1_110' title="bbox 2026 4659 3734 4730">
    <p class='ocr_par' dir='ltr' id='par_1_110' title="bbox 2026 4659 3734 4730">
     <span class='ocr_line' id='line_1_110' title="bbox 2026 4659 3734 4730; baseline -0.004 -10"><span class='ocrx_word' id='word_1_804' title='bbox 2026 4666 2164 4720; x_wconf 86' lang='lat' dir='ltr'><strong>dum</strong></span> <span class='ocrx_word' id='word_1_805' title='bbox 2198 4669 2434 4719; x_wconf 88' lang='lat' dir='ltr'><strong>emeret.</strong></span> <span class='ocrx_word' id='word_1_806' title='bbox 2471 4663 2666 4719; x_wconf 90' lang='lat' dir='ltr'><strong>Paruit</strong></span> <span class='ocrx_word' id='word_1_807' title='bbox 2708 4662 2803 4717; x_wconf 89' lang='lat' dir='ltr'><strong>ille</strong></span> <span class='ocrx_word' id='word_1_808' title='bbox 2832 4661 2926 4715; x_wconf 87' lang='lat' dir='ltr'><strong>isti</strong></span> <span class='ocrx_word' id='word_1_809' title='bbox 2971 4659 3231 4725; x_wconf 90' lang='lat' dir='ltr'><strong>consilio,</strong></span> <span class='ocrx_word' id='word_1_810' title='bbox 3265 4663 3319 4713; x_wconf 88' lang='lat' dir='ltr'><strong>et</strong></span> <span class='ocrx_word' id='word_1_811' title='bbox 3348 4675 3549 4730; x_wconf 89' lang='lat' dir='ltr'><strong>agrum</strong></span> <span class='ocrx_word' id='word_1_812' title='bbox 3579 4660 3734 4714; x_wconf 89' lang='lat' dir='ltr'><strong>hunc</strong></span> 
     </span>
    </p>
   </div>
   <div class='ocr_carea' id='block_1_111' title="bbox 2028 4746 3731 4822">
    <p class='ocr_par' dir='ltr' id='par_1_111' title="bbox 2028 4746 3731 4822">
     <span class='ocr_line' id='line_1_111' title="bbox 2028 4746 3731 4822; baseline -0.004 -14"><span class='ocrx_word' id='word_1_813' title='bbox 2028 4753 2286 4808; x_wconf 81' lang='lat' dir='ltr'><strong>Ecclesiae</strong></span> <span class='ocrx_word' id='word_1_814' title='bbox 2319 4753 2557 4822; x_wconf 88' lang='lat' dir='ltr'><strong>largitus</strong></span> <span class='ocrx_word' id='word_1_815' title='bbox 2586 4754 2686 4805; x_wconf 88' lang='lat' dir='ltr'><strong>est.</strong></span> <span class='ocrx_word' id='word_1_816' title='bbox 2743 4747 2915 4819; x_wconf 90' lang='lat' dir='ltr'><strong>Atqui</strong></span> <span class='ocrx_word' id='word_1_817' title='bbox 2963 4746 3117 4802; x_wconf 90' lang='lat' dir='ltr'><strong>aliud</strong></span> <span class='ocrx_word' id='word_1_818' title='bbox 3167 4746 3342 4802; x_wconf 87' lang='lat' dir='ltr'><strong>etiam</strong></span> <span class='ocrx_word' id='word_1_819' title='bbox 3386 4764 3505 4819; x_wconf 71' lang='lat' dir='ltr'><strong>pra:</strong></span> <span class='ocrx_word' id='word_1_820' title='bbox 3556 4749 3731 4803; x_wconf 90' lang='lat' dir='ltr'><strong>oculis</strong></span> 
     </span>
    </p>
   </div>
   <div class='ocr_carea' id='block_1_112' title="bbox 2026 4836 3729 4908">
    <p class='ocr_par' dir='ltr' id='par_1_112' title="bbox 2026 4836 3729 4908">
     <span class='ocr_line' id='line_1_112' title="bbox 2026 4836 3729 4908; baseline -0.004 -11"><span class='ocrx_word' id='word_1_821' title='bbox 2026 4842 2269 4897; x_wconf 90' lang='lat' dir='ltr'><strong>habebat</strong></span> <span class='ocrx_word' id='word_1_822' title='bbox 2297 4842 2451 4896; x_wconf 91' lang='lat' dir='ltr'><strong>idem</strong></span> <span class='ocrx_word' id='word_1_823' title='bbox 2479 4842 2718 4895; x_wconf 89' lang='lat' dir='ltr'><strong>Sanctus</strong></span> <span class='ocrx_word' id='word_1_824' title='bbox 2740 4854 2753 4891; x_wconf 94' lang='lat'><strong>:</strong></span> <span class='ocrx_word' id='word_1_825' title='bbox 2776 4839 2986 4905; x_wconf 63' lang='lat' dir='ltr'><strong>{Fateor</strong></span> <span class='ocrx_word' id='word_1_826' title='bbox 3014 4838 3157 4890; x_wconf 89' lang='lat' dir='ltr'><strong>enim</strong></span> <span class='ocrx_word' id='word_1_827' title='bbox 3194 4836 3365 4903; x_wconf 89' lang='lat' dir='ltr'><strong>vobis,</strong></span> <span class='ocrx_word' id='word_1_828' title='bbox 3399 4836 3587 4908; x_wconf 91' lang='lat' dir='ltr'><strong>inquit</strong></span> <span class='ocrx_word' id='word_1_829' title='bbox 3634 4837 3729 4891; x_wconf 92' lang='lat' dir='ltr'><strong>ille</strong></span> 
     </span>
    </p>
   </div>
   <div class='ocr_carea' id='block_1_113' title="bbox 2029 4926 3727 5002">
    <p class='ocr_par' dir='ltr' id='par_1_113' title="bbox 2029 4926 3727 5002">
     <span class='ocr_line' id='line_1_113' title="bbox 2029 4926 3727 5002; baseline -0.005 -15"><span class='ocrx_word' id='word_1_830' title='bbox 2029 4932 2094 4987; x_wconf 89' lang='lat' dir='ltr'><strong>ad</strong></span> <span class='ocrx_word' id='word_1_831' title='bbox 2127 4931 2431 5002; x_wconf 85' lang='lat' dir='ltr'><strong>populum,</strong></span> <span class='ocrx_word' id='word_1_832' title='bbox 2452 4934 2502 4983; x_wconf 92' lang='lat' dir='ltr'><strong>et</strong></span> <span class='ocrx_word' id='word_1_833' title='bbox 2520 4931 2642 4997; x_wconf 84' lang='lat' dir='ltr'><strong>ipsa</strong></span> <span class='ocrx_word' id='word_1_834' title='bbox 2662 4930 2911 4996; x_wconf 84' lang='lat' dir='ltr'><strong>suspecta</strong></span> <span class='ocrx_word' id='word_1_835' title='bbox 2931 4926 3071 4980; x_wconf 84' lang='lat' dir='ltr'><strong>mihi</strong></span> <span class='ocrx_word' id='word_1_836' title='bbox 3087 4926 3266 4981; x_wconf 86' lang='lat' dir='ltr'><strong>adhuc</strong></span> <span class='ocrx_word' id='word_1_837' title='bbox 3295 4929 3409 4996; x_wconf 85' lang='lat' dir='ltr'><strong>ejus</strong></span> <span class='ocrx_word' id='word_1_838' title='bbox 3429 4931 3559 4981; x_wconf 62' lang='lat' dir='ltr'><strong>mtas</strong></span> <span class='ocrx_word' id='word_1_839' title='bbox 3578 4928 3691 4991; x_wconf 84' lang='lat' dir='ltr'><strong>fuit</strong></span> <span class='ocrx_word' id='word_1_840' title='bbox 3717 4940 3727 4978; x_wconf 88' lang='lat'><strong>:</strong></span> 
     </span>
    </p>
   </div>
   <div class='ocr_carea' id='block_1_114' title="bbox 2025 5013 3728 5085">
    <p class='ocr_par' dir='ltr' id='par_1_114' title="bbox 2025 5013 3728 5085">
     <span class='ocr_line' id='line_1_114' title="bbox 2025 5013 3728 5085; baseline -0.005 -10"><span class='ocrx_word' id='word_1_841' title='bbox 2025 5025 2075 5075; x_wconf 88' lang='lat' dir='ltr'><strong>et</strong></span> <span class='ocrx_word' id='word_1_842' title='bbox 2104 5020 2324 5075; x_wconf 84' lang='lat' dir='ltr'><strong>verebar</strong></span> <span class='ocrx_word' id='word_1_843' title='bbox 2346 5034 2411 5073; x_wconf 90' lang='lat' dir='ltr'><strong>ne</strong></span> <span class='ocrx_word' id='word_1_844' title='bbox 2437 5019 2598 5085; x_wconf 84' lang='lat' dir='ltr'><strong>forte,</strong></span> <span class='ocrx_word' id='word_1_845' title='bbox 2629 5020 2687 5070; x_wconf 89' lang='lat' dir='ltr'><strong>ut</strong></span> <span class='ocrx_word' id='word_1_846' title='bbox 2715 5019 2841 5069; x_wconf 85' lang='lat' dir='ltr'><strong>sunt</strong></span> <span class='ocrx_word' id='word_1_847' title='bbox 2871 5015 3129 5081; x_wconf 84' lang='lat' dir='ltr'><strong>homines,</strong></span> <span class='ocrx_word' id='word_1_848' title='bbox 3162 5016 3331 5069; x_wconf 84' lang='lat' dir='ltr'><strong>matri</strong></span> <span class='ocrx_word' id='word_1_849' title='bbox 3350 5014 3467 5084; x_wconf 89' lang='lat' dir='ltr'><strong>ejus</strong></span> <span class='ocrx_word' id='word_1_850' title='bbox 3494 5016 3588 5068; x_wconf 81' lang='lat' dir='ltr'><strong>hoc</strong></span> <span class='ocrx_word' id='word_1_851' title='bbox 3618 5013 3728 5067; x_wconf 84' lang='lat' dir='ltr'><strong>dis-</strong></span> 
     </span>
    </p>
   </div>
   <div class='ocr_carea' id='block_1_115' title="bbox 2020 5104 3724 5180">
    <p class='ocr_par' dir='ltr' id='par_1_115' title="bbox 2020 5104 3724 5180">
     <span class='ocr_line' id='line_1_115' title="bbox 2020 5104 3724 5180; baseline -0.006 -16"><span class='ocrx_word' id='word_1_852' title='bbox 2020 5110 2278 5180; x_wconf 82' lang='lat' dir='ltr'><strong>pliceret;</strong></span> <span class='ocrx_word' id='word_1_853' title='bbox 2310 5112 2359 5162; x_wconf 90' lang='lat' dir='ltr'><strong>et</strong></span> <span class='ocrx_word' id='word_1_854' title='bbox 2392 5107 2591 5161; x_wconf 82' lang='lat' dir='ltr'><strong>diceret</strong></span> <span class='ocrx_word' id='word_1_855' title='bbox 2620 5104 2898 5159; x_wconf 84' lang='lat' dir='ltr'><strong>inductum</strong></span> <span class='ocrx_word' id='word_1_856' title='bbox 2925 5119 2959 5157; x_wconf 78' lang='grc' dir='ltr'><em>α</em></span> <span class='ocrx_word' id='word_1_857' title='bbox 2988 5118 3070 5158; x_wconf 88' lang='lat' dir='ltr'><strong>me</strong></span> <span class='ocrx_word' id='word_1_858' title='bbox 3099 5106 3273 5171; x_wconf 84' lang='lat' dir='ltr'><strong>fuisse</strong></span> <span class='ocrx_word' id='word_1_859' title='bbox 3323 5104 3724 5167; x_wconf 77' lang='lat' dir='ltr'><strong>adolescentem,</strong></span> 
     </span>
    </p>
   </div>
   <div class='ocr_carea' id='block_1_116' title="bbox 2026 5195 3729 5267">
    <p class='ocr_par' dir='ltr' id='par_1_116' title="bbox 2026 5195 3729 5267">
     <span class='ocr_line' id='line_1_116' title="bbox 2026 5195 3729 5267; baseline -0.006 -15"><span class='ocrx_word' id='word_1_860' title='bbox 2026 5204 2084 5254; x_wconf 84' lang='lat' dir='ltr'><strong>ut</strong></span> <span class='ocrx_word' id='word_1_861' title='bbox 2124 5198 2259 5252; x_wconf 87' lang='lat' dir='ltr'><strong>bona</strong></span> <span class='ocrx_word' id='word_1_862' title='bbox 2284 5199 2399 5267; x_wconf 65' lang='lat' dir='ltr'><strong>ejus</strong></span> <span class='ocrx_word' id='word_1_863' title='bbox 2438 5199 2669 5265; x_wconf 82' lang='lat' dir='ltr'><strong>paterna</strong></span> <span class='ocrx_word' id='word_1_864' title='bbox 2713 5208 3091 5257; x_wconf 86' lang='lat' dir='ltr'><strong>consumerem,</strong></span> <span class='ocrx_word' id='word_1_865' title='bbox 3125 5198 3174 5247; x_wconf 87' lang='lat' dir='ltr'><strong>et</strong></span> <span class='ocrx_word' id='word_1_866' title='bbox 3201 5208 3319 5247; x_wconf 87' lang='lat' dir='ltr'><strong>eum</strong></span> <span class='ocrx_word' id='word_1_867' title='bbox 3362 5195 3595 5259; x_wconf 87' lang='lat' dir='ltr'><strong>egentem</strong></span> <span class='ocrx_word' id='word_1_868' title='bbox 3637 5204 3729 5243; x_wconf 90' lang='lat' dir='ltr'><strong>re-</strong></span> 
     </span>
    </p>
   </div>
   <div class='ocr_carea' id='block_1_117' title="bbox 2026 5280 3727 5355">
    <p class='ocr_par' dir='ltr' id='par_1_117' title="bbox 2026 5280 3727 5355">
     <span class='ocr_line' id='line_1_117' title="bbox 2026 5280 3727 5355; baseline -0.005 -15"><span class='ocrx_word' id='word_1_869' title='bbox 2026 5290 2340 5355; x_wconf 84' lang='lat' dir='ltr'><strong>linquerem.</strong></span> <span class='ocrx_word' id='word_1_870' title='bbox 2373 5285 2496 5339; x_wconf 85' lang='lat' dir='ltr'><strong>Ideo</strong></span> <span class='ocrx_word' id='word_1_871' title='bbox 2524 5284 2694 5338; x_wconf 83' lang='lat' dir='ltr'><strong>voluit</strong></span> <span class='ocrx_word' id='word_1_872' title='bbox 2722 5283 2836 5351; x_wconf 85' lang='lat' dir='ltr'><strong>ejus</strong></span> <span class='ocrx_word' id='word_1_873' title='bbox 2862 5285 3150 5352; x_wconf 86' lang='lat' dir='ltr'><strong>pecuniam</strong></span> <span class='ocrx_word' id='word_1_874' title='bbox 3197 5285 3255 5335; x_wconf 89' lang='lat' dir='ltr'><strong>in</strong></span> <span class='ocrx_word' id='word_1_875' title='bbox 3284 5282 3381 5334; x_wconf 84' lang='lat' dir='ltr'><strong>illa</strong></span> <span class='ocrx_word' id='word_1_876' title='bbox 3397 5280 3727 5348; x_wconf 86' lang='lat' dir='ltr'><strong>possessione</strong></span> 
     </span>
    </p>
   </div>
   <div class='ocr_carea' id='block_1_118' title="bbox 2025 5368 3727 5441">
    <p class='ocr_par' dir='ltr' id='par_1_118' title="bbox 2025 5368 3727 5441">
     <span class='ocr_line' id='line_1_118' title="bbox 2025 5368 3727 5441; baseline -0.004 -13"><span class='ocrx_word' id='word_1_877' title='bbox 2025 5375 2269 5439; x_wconf 69' lang='lat' dir='ltr'><strong>servari;</strong></span> <span class='ocrx_word' id='word_1_878' title='bbox 2294 5379 2352 5426; x_wconf 87' lang='lat' dir='ltr'><strong>ut</strong></span> <span class='ocrx_word' id='word_1_879' title='bbox 2382 5374 2432 5427; x_wconf 89' lang='lat' dir='ltr'><strong>si</strong></span> <span class='ocrx_word' id='word_1_880' title='bbox 2457 5371 2696 5440; x_wconf 85' lang='lat' dir='ltr'><strong>aliquid,</strong></span> <span class='ocrx_word' id='word_1_881' title='bbox 2727 5371 2872 5441; x_wconf 86' lang='lat' dir='ltr'><strong>quod</strong></span> <span class='ocrx_word' id='word_1_882' title='bbox 2900 5375 3039 5427; x_wconf 88' lang='lat' dir='ltr'><strong>Deus</strong></span> <span class='ocrx_word' id='word_1_883' title='bbox 3088 5373 3319 5435; x_wconf 86' lang='lat' dir='ltr'><strong>avertat,</strong></span> <span class='ocrx_word' id='word_1_884' title='bbox 3370 5368 3533 5423; x_wconf 84' lang='lat' dir='ltr'><strong>aliter</strong></span> <span class='ocrx_word' id='word_1_885' title='bbox 3561 5383 3727 5436; x_wconf 83' lang='lat' dir='ltr'><strong>quam</strong></span> 
     </span>
    </p>
   </div>
   <div class='ocr_carea' id='block_1_119' title="bbox 2028 5458 3725 5529">
    <p class='ocr_par' dir='ltr' id='par_1_119' title="bbox 2028 5458 3725 5529">
     <span class='ocr_line' id='line_1_119' title="bbox 2028 5458 3725 5529; baseline -0.003 -14"><span class='ocrx_word' id='word_1_886' title='bbox 2028 5463 2270 5516; x_wconf 84' lang='lat' dir='ltr'><strong>volumus</strong></span> <span class='ocrx_word' id='word_1_887' title='bbox 2290 5464 2569 5529; x_wconf 65' lang='lat' dir='ltr'><strong>evenisset,</strong></span> <span class='ocrx_word' id='word_1_888' title='bbox 2600 5461 2917 5515; x_wconf 85' lang='lat' dir='ltr'><strong>redderetur</strong></span> <span class='ocrx_word' id='word_1_889' title='bbox 2944 5462 3099 5524; x_wconf 78' lang='lat' dir='ltr'><strong>vitta,</strong></span> <span class='ocrx_word' id='word_1_890' title='bbox 3149 5473 3214 5511; x_wconf 90' lang='lat' dir='ltr'><strong>ne</strong></span> <span class='ocrx_word' id='word_1_891' title='bbox 3256 5458 3567 5526; x_wconf 85' lang='lat' dir='ltr'><strong>culparetur</strong></span> <span class='ocrx_word' id='word_1_892' title='bbox 3603 5458 3725 5528; x_wconf 88' lang='lat' dir='ltr'><strong>epi-</strong></span> 
     </span>
    </p>
   </div>
   <div class='ocr_carea' id='block_1_120' title="bbox 2026 5538 3727 5622">
    <p class='ocr_par' dir='ltr' id='par_1_120' title="bbox 2026 5538 3727 5622">
     <span class='ocr_line' id='line_1_120' title="bbox 2026 5538 3727 5622; baseline -0.004 -14"><span class='ocrx_word' id='word_1_893' title='bbox 2026 5553 2174 5622; x_wconf 86' lang='lat' dir='ltr'><strong>scopi</strong></span> <span class='ocrx_word' id='word_1_894' title='bbox 2202 5554 2375 5618; x_wconf 83' lang='lat' dir='ltr'><strong>fama.</strong></span> <span class='ocrx_word' id='word_1_895' title='bbox 2404 5538 2692 5607; x_wconf 52' lang='lat' dir='ltr'><strong>Scio&#39;enim</strong></span> <span class='ocrx_word' id='word_1_896' title='bbox 2721 5555 2983 5620; x_wconf 73' lang='lat' dir='ltr'><strong>quantum</strong></span> <span class='ocrx_word' id='word_1_897' title='bbox 3012 5549 3160 5603; x_wconf 87' lang='lat' dir='ltr'><strong>vobis</strong></span> <span class='ocrx_word' id='word_1_898' title='bbox 3190 5549 3264 5601; x_wconf 89' lang='lat' dir='ltr'><strong>sit</strong></span> <span class='ocrx_word' id='word_1_899' title='bbox 3310 5550 3464 5613; x_wconf 82' lang='lat' dir='ltr'><strong>fama</strong></span> <span class='ocrx_word' id='word_1_900' title='bbox 3490 5562 3605 5602; x_wconf 87' lang='lat' dir='ltr'><strong>mea</strong></span> <span class='ocrx_word' id='word_1_901' title='bbox 3630 5563 3727 5603; x_wconf 88' lang='lat' dir='ltr'><strong>ne-</strong></span> 
     </span>
    </p>
   </div>
  </div>
