4026 6180
360 223 463 277 543

358 348 599 404 cessaria
627 362 643 400 :
675 359 802 400 nam
831 345 968 400 mihi
986 345 1183 413 sufﬁcit
1212 346 1536 401 conscientia
1565 361 1697 402 mea.
1728 349 1875 402 Emit
1900 350 2063 403 etiam

359 436 621 506 spatium,
652 432 842 505 pergit
885 433 1262 507 Augustinus,
1307 434 1377 489 ab
1426 437 1536 490 ista
1579 440 1771 507 postea
1799 438 2060 504 Ecclesia,

362 528 545 579 notum
586 522 761 593 vobis,
802 527 853 578 et
888 538 990 578 sua
1012 526 1246 595 pecunia
1273 524 1565 595 aediﬁcavit
1604 525 1857 593 domum;
1889 531 1940 582 et
1968 526 2064 581 hoc

360 616 549 671 nostis.
601 614 746 670 Ante
757 628 961 684 paucos
997 615 1112 670 dies
1131 616 1460 684 priusquam
1489 629 1781 671 sermonem
1805 616 1871 670 de
1891 618 1991 671 hac
2008 631 2067 671 re

364 704 608 759 haberem
643 703 935 770 vobiscum,
974 719 1091 757 eam
1134 703 1359 758 donavit
1386 704 1651 759 Ecclesiae.
1698 706 2066 776 Emspectabat

363 794 503 847 enim
558 794 619 846 ut
660 807 776 846 eam
810 794 1103 862 perﬁceret,
1145 796 1196 845 et
1234 794 1533 862 perfectam
1575 792 1823 848 donaret.
1870 795 2064 849 Fabri-

364 881 529 936 candi
555 884 733 935 autem
760 879 977 935 domum
1006 882 1297 936 necessitas
1326 882 1413 935 illi
1430 883 1583 936 nulla
1608 886 1746 951 erat,
1788 885 1900 938 nisi
1936 885 2068 952 quia

364 971 623 1038 cogitavit
651 973 876 1024 matrem
899 984 1053 1024 suam
1080 971 1182 1024 huc
1210 985 1321 1026 esse
1338 976 1620 1026 venturam
1652 989 1669 1039 ;
1695 973 1747 1026 si
1783 976 1962 1027 autem
1980 987 2068 1029 ve-

362 1060 547 1119 nisset,
567 1059 625 1112 in
652 1074 711 1113 re
734 1060 842 1126 ﬁlii
863 1060 953 1112 sui
980 1058 1254 1114 habitaret
1278 1077 1295 1113 :
1320 1059 1477 1115 modo
1506 1063 1557 1115 si
1577 1063 1804 1129 venerit,
1825 1063 1885 1115 in
1912 1076 2068 1132 opere

361 1148 467 1215 ﬁlii
486 1147 575 1201 sui
602 1145 892 1201 habitabit.
929 1149 1310 1203 Testimonium
1348 1150 1400 1203 ei
1433 1150 1706 1219 perhibeo,
1738 1166 1952 1221 pauper
1980 1165 2066 1204 re-

362 1238 596 1291 mansit:
645 1235 741 1291 sed
788 1238 848 1290 in
895 1236 1184 1292 charitatis
1226 1240 1555 1306 possessione
1594 1241 1914 1308 permansit.
1943 1239 2065 1294 Ali-

362 1327 460 1395 qui
504 1325 710 1380 servuli
742 1326 792 1378 ei
839 1325 1040 1394 reliqui
1071 1327 1316 1393 fuerant,
1355 1327 1480 1397 jam
1518 1327 1740 1396 quidem
1776 1330 1831 1382 in
1872 1343 2065 1383 mona-

361 1415 524 1470 sterio
552 1415 807 1481 viventes,
861 1429 993 1483 quos
1033 1418 1210 1470 tamen
1240 1415 1413 1472 Gestis
1455 1403 1829 1472 ecclesiasticis
1866 1433 2063 1472 manu-

363 1504 631 1557 missurus
663 1506 741 1557 est
767 1501 943 1557 hodie.
993 1505 1154 1558 Nemo
1198 1520 1323 1574 ergo
1371 1504 1541 1573 dicat,
1572 1506 1721 1561 dives
1764 1510 1877 1562 est:
1916 1522 2067 1562 nemo

364 1592 656 1658 existimet,
678 1606 828 1646 nemo
861 1592 1001 1647 male
1045 1593 1321 1664 loquatur,
1346 1610 1496 1648 nemo
1542 1609 1598 1650 se
1636 1596 1815 1666 ipsum
1841 1596 1925 1650 vel
1951 1596 2067 1649 ani-

362 1695 499 1735 mam
527 1695 679 1736 suam
697 1681 810 1735 suis
840 1679 1090 1735 dentibus
1118 1681 1306 1736 laniet.
1338 1683 1623 1737 Pecuniam
1662 1684 1870 1738 nullam
1901 1684 2058 1739 habet

364 1771 657 1835 servatam,
673 1771 882 1823 utinam
903 1784 1065 1838 quam
1077 1768 1231 1825 debet
1247 1773 1501 1826 restituat
1519 1775 1539 1826 .'
1562 1773 1749 1843 (Serm.
1767 1775 1890 1841 356,
1915 1789 1970 1827 η.
1989 1777 2020 1826 7
2031 1773 2064 1842 .)

438 1858 490 1911 3.
554 1856 669 1910 Hoc
716 1856 870 1927 apud
917 1856 1342 1929 Hipponensem
1394 1860 1619 1931 plebem
1676 1861 2064 1916 testimonium

366 1943 570 1998 servati
601 1944 779 1999 sancti
835 1945 1116 2017 propositi
1148 1946 1363 2002 Eraclio
1396 1948 1578 2003 adhuc
1626 1948 1775 2005 inter
1801 1950 2068 2005 diaconos

363 2033 668 2088 constituto
700 2032 850 2089 dedit
879 2033 1270 2107 Augustinus;
1305 2035 1458 2092 illius
1488 2038 1642 2094 haud
1682 2039 1855 2095 dubie
1889 2039 2068 2095 virtus

362 2120 783 2177 incrementum
817 2123 888 2178 ab
944 2140 1011 2179 eo
1053 2128 1314 2198 tempore
1345 2143 1461 2181 non
1492 2127 1783 2183 modicum
1816 2132 2063 2200 ceperat,

364 2211 595 2283 quando
632 2211 796 2267 illum
820 2212 1203 2285 Hipponensis
1233 2215 1564 2287 Episcopus,
1597 2232 1711 2271 non
1736 2217 1907 2272 modo
1937 2234 2067 2290 pre—

366 2298 637 2371 sbyterali
665 2298 906 2357 munere
934 2299 1174 2373 dignum
1209 2302 1510 2375 judicavit,
1538 2321 1740 2360 verum
1770 2306 1937 2361 etiam
1963 2306 2069 2362 sibi

365 2388 654 2461 adoptavit
696 2389 758 2444 in
807 2406 1205 2446 successorem.
1243 2393 1357 2447 Hoc
1396 2395 1632 2464 populo,
1665 2393 1748 2449 uti
1803 2394 2068 2464 diximus,

366 2478 690 2547 declaravit,
720 2482 777 2533 et
828 2478 888 2534 in
914 2479 1145 2535 nomine
1179 2480 1386 2536 Christi
1418 2481 1490 2536 ad
1518 2481 1659 2541 illud
1715 2498 1925 2538 munus
1969 2484 2068 2539 de-

366 2565 611 2639 signavit
651 2568 846 2639 (Epist.
892 2571 1017 2637 2t3,
1060 2586 1114 2624 n.
1145 2572 1194 2635 5)
1223 2586 1235 2624 :
1289 2574 1462 2641 atque
1493 2574 1555 2626 ut
1584 2571 1782 2627 eadem
1830 2572 1929 2627 illa
1957 2591 2066 2638 res,

367 2654 522 2728 quod
556 2655 759 2711 attinet
787 2656 857 2711 ad
877 2655 1163 2727 homines,
1198 2658 1365 2714 ﬁrma
1393 2664 1629 2733 rataque
1668 2667 1945 2730 maneret,
1998 2663 2069 2718 ad

367 2745 764 2802 auctoritatem
803 2746 1186 2803 authenticam
1234 2748 1385 2804 actui
1422 2749 1857 2820 conciliandam,
1900 2751 2072 2823 jussit

369 2852 401 2889 a
428 2833 664 2891 notariis
691 2834 1104 2904 ecclesiasticis,
1140 2842 1198 2893 et
1226 2853 1326 2892 sua
1352 2836 1534 2910 ipsius
1563 2840 1757 2907 verba,
1780 2845 1837 2895 et
1873 2840 2072 2913 populi

369 2924 476 2979 sibi
530 2924 930 2996 respondentis
983 2926 1439 3003 acclamationes,
1493 2928 1625 2984 stilo
1672 2929 1876 3003 excipi.
1907 2929 2072 2995 Quod

368 3028 502 3067 vero
529 3012 598 3067 ad
631 3012 942 3067 voluntatis
970 2999 1176 3069 divinas
1204 3016 1411 3086 placita
1459 3034 1524 3072 ac
1569 2999 1817 3085 decreta,
1845 3018 2071 3090 plebem

369 3101 724 3169 adhortatur,
774 3105 840 3155 ut
886 3101 1101 3173 junctis
1140 3105 1428 3176 precibus,
1487 3122 1686 3161 eorum
1738 3124 1868 3180 qum
1924 3109 2073 3162 Deus

369 3188 432 3243 in
460 3187 600 3258 ipsis
611 3192 879 3259 operatus
906 3189 1111 3258 fuerat,
1130 3192 1628 3249 conﬁrmationem
1641 3195 1711 3250 ab
1733 3194 1937 3251 eodem
1958 3195 2067 3250 im-

372 3280 596 3350 petrare
628 3279 923 3348 satagant:
955 3280 1065 3332 Hoc
1090 3294 1214 3348 ergo
1242 3282 1378 3348 volo,
1416 3281 1625 3353 inquit,
1664 3285 1760 3339 hoc
1791 3300 1825 3339 a
1852 3285 2075 3340 Domino

373 3368 477 3421 Deo
497 3369 679 3421 nostro
707 3380 848 3420 nunc
875 3368 1040 3421 etiam
1065 3369 1123 3421 in
1151 3372 1309 3423 aetate
1326 3370 1547 3438 frigida
1564 3374 1701 3426 votis
1739 3374 2074 3440 ferventibus

370 3470 565 3526 posco;
592 3456 689 3511 hoc
715 3460 775 3511 ut
801 3471 1004 3511 mecum
1029 3460 1212 3527 oretis,
1237 3459 1511 3527 exhortor,
1535 3460 1814 3529 admoneo,
1836 3477 1984 3531 roqo,
2014 3467 2076 3517 ut

372 3548 611 3600 omnium
630 3546 685 3600 in
693 3560 828 3617 pace
838 3546 1046 3603 Christi
1054 3547 1264 3603 collatis
1276 3552 1328 3603 et
1346 3551 1592 3619 con/latis
1605 3551 1869 3606 mentibus
1889 3554 2076 3621 conﬁr-

374 3638 478 3689 met
496 3637 656 3699 Deus,
677 3635 824 3705 quod
851 3641 1101 3708 operatus
1130 3641 1208 3693 est
1232 3639 1291 3693 in
1302 3638 1477 3695 nobis.
1506 3640 1611 3707 Qui
1621 3641 1917 3697 misitmihi
1934 3656 2072 3707 eum,

372 3729 543 3779 servet
562 3739 701 3792 eum,
732 3730 905 3781 servet
924 3727 1261 3793 incolumem,
1285 3731 1587 3785 servetsine
1607 3732 1834 3785 crimine
1858 3747 1872 3797 ;
1904 3736 1966 3786 ut
1983 3733 2081 3800 qui

374 3815 512 3880 facit
539 3813 804 3880 gaudium
825 3817 1079 3881 viventis,
1121 3816 1290 3871 locum
1310 3819 1564 3888 suppleat
1583 3821 1861 3874 morientis
1885 3819 2072 3889 (Ibid,

378 3917 435 3954 η.
465 3899 538 3972 2).
573 3900 879 3955 Ardentius
910 3906 1081 3973 atque
1120 3904 1324 3959 affectu
1353 3906 1581 3976 plenius
1610 3906 1757 3962 nihil
1802 3908 2073 3979 reperias.

380 3987 700 4043 Heraclium
728 4005 895 4061 porro
922 3990 1031 4046 sibi
1059 4007 1439 4048 successorem
1491 3994 1817 4066 designasse
1844 4001 2076 4052 conten-

376 4080 488 4146 tus,
522 4076 851 4149 episcopum
873 4095 1006 4135 eum
1035 4082 1352 4137 consecrari
1382 4082 1587 4152 noluit,
1621 4084 1682 4139 in
1708 4084 1817 4139 hoc
1867 4086 2080 4141 scilicet

375 4169 671 4238 peccatum
729 4182 851 4222 esse
901 4167 1252 4234 existimans,
1312 4171 1464 4243 quod
1510 4171 1636 4226 vivo
1683 4173 1905 4229 Valerio
1959 4173 2079 4246 ipse

376 4255 575 4312 fuisset
601 4260 963 4312 consecratus
994 4257 1179 4327 (Ibid,
1214 4274 1309 4314 nn.
1335 4260 1390 4327 4,
1414 4262 1486 4333 5).
1519 4259 1687 4316 Illum
1706 4261 1884 4334 igitur
1912 4261 1971 4317 in
1994 4279 2081 4318 or-

379 4344 513 4401 dine
543 4346 915 4418 presbyterali
960 4346 1143 4402 voluit
1178 4364 1498 4418 remanere,
1544 4350 1726 4406 nihilo
1770 4356 1964 4407 tamen
1992 4368 2080 4407 sc-

379 4433 500 4488 cius
522 4450 694 4490 omne
707 4435 1071 4508 negotiorum
1099 4436 1398 4508 pondusin
1410 4439 1678 4494 eumdem
1705 4440 1965 4508 contulit,
1987 4457 2083 4512 po-

381 4523 582 4593 pulum
630 4525 952 4591 obsecrans,
1001 4541 1221 4598 perque
1265 4526 1552 4583 Christum
1608 4528 1988 4601 obstringens,
2022 4534 2083 4585 ut

380 4610 443 4664 in
472 4614 894 4685 emergentibus
923 4615 1170 4688 negotiis
1197 4616 1424 4672 adirent
1470 4616 1542 4673 ad
1572 4618 1913 4685 Heraclium,
1968 4636 2080 4691 quo

381 4698 462 4756 eis
497 4699 620 4772 ipse
673 4718 776 4772 pro
822 4720 926 4758 sua
973 4705 1252 4776 sapientia
1279 4704 1631 4779 provideret,
1666 4707 1752 4762 vel
1782 4724 1816 4762 a
1845 4724 1903 4762 se
1956 4712 2078 4762 tan-

380 4802 556 4861 quam
612 4805 644 4843 a
679 4794 861 4861 patre,
889 4792 988 4848 ubi
1006 4794 1389 4851 necessarium
1404 4794 1676 4867 (haberet,
1704 4794 2007 4852 consilium
2029 4800 2084 4852 et

381 4877 659 4933 auxilium
691 4886 964 4951 posceret.
1001 4884 1124 4937 Non
1153 4884 1309 4940 enim
1337 4884 1623 4957 cogitabat
1648 4901 1751 4940 suo
1783 4901 1841 4940 se
1871 4886 2082 4958 populo

380 4966 739 5035 subtrahere,
769 4974 869 5024 aut
896 4971 947 5024 ei
978 4971 1093 5026 ullo
1139 4977 1303 5044 pacto
1354 4976 1548 5031 deesse
1602 4974 1661 5029 in
1715 4975 2078 5030 necessariis:

382 5059 439 5111 at
468 5054 577 5111 sibi
605 5058 1003 5114 tantummodo
1032 5060 1285 5132 quietem
1317 5063 1569 5136 aliquam
1598 5080 1666 5119 eo
1696 5063 1889 5120 animo
1922 5080 2081 5136 qua:-

379 5145 563 5215 rebat,
616 5162 734 5201 non
775 5150 840 5202 ut
883 5147 1157 5203 otiaretur
1206 5167 1268 5204 ac
1298 5168 1401 5222 per
1430 5152 1711 5208 desidiam
1739 5157 1967 5226 tempus
2004 5159 2085 5209 te-

380 5239 552 5303 reret,
583 5235 683 5292 sed
711 5243 774 5291 ut
802 5252 861 5290 se
889 5240 1094 5304 totum,
1126 5239 1316 5309 quoad
1340 5239 1400 5295 in
1455 5241 1559 5297 hac
1609 5240 1727 5297 vita
1783 5257 2082 5314 superesse

383 5324 528 5379 Deus
571 5325 922 5395 concederet,
967 5324 1389 5398 Scripturarum
1427 5330 1614 5386 studio
1646 5330 1915 5387 traderet.
1953 5331 2079 5387 lam

385 5416 517 5468 ante
545 5430 579 5469 a
607 5414 773 5471 nobis
811 5416 1195 5482 observatum,
1224 5421 1328 5483 est,
1359 5418 1473 5474 duo
1511 5419 1754 5476 concilia
1808 5419 2085 5476 Numidia:

385 5506 444 5555 et
473 5503 827 5577 Carthaginis
856 5505 1042 5593 cidem
1072 5509 1205 5562 ante
1235 5522 1447 5577 paucos
1500 5522 1681 5565 annos
1735 5508 2086 5565 commisisse

1580 222 1736 278 ma
1771 222 1828 278 s.
1868 225 2243 282 aucusrnu
2285 222 2614 281 EPISCOPI.
2974 195 2981 207 ’
3714 234 3793 288 sit

2175 349 2322 403 hanc
2349 345 2722 420 provinciam.
2753 345 2822 400 In
2852 359 2979 400 eam
3000 358 3121 400 rem
3142 346 3381 418 populus
3399 345 3477 402 illi
3502 347 3682 419 quinos
3706 352 3796 408 dies

2174 453 2277 508 per
2354 434 2741 491 hebdomadas
2790 433 3042 506 singulas
3099 437 3665 492 concesseral.Veru'm
3711 457 3797 496 non

2175 527 2274 582 diu
2302 526 2455 582 istud
2483 529 2769 579 servatum
2802 528 2918 579 est:
2956 539 3143 595 neque
3174 523 3360 579 minus
3401 540 3553 580 mane
3595 544 3743 599 quam
3776 548 3801 584 a

2174 615 2417 688 prandio
2450 631 2647 669 causas
2676 613 2875 670 audire
2905 611 3004 667 Vir
3029 617 3255 667 sanctus
3300 613 3596 684 cogebatur.
3635 618 3692 671 Et
3718 618 3802 673 hoc

2177 705 2409 778 quidem
2458 703 2587 771 fuit,
2619 720 2722 760 cur
2768 702 2921 776 plebi
2964 701 3326 773 supplicaret,
3374 704 3565 758 molem
3608 706 3734 761 hanc
3758 708 3803 763 in

2177 794 2497 851 Heracliam
2555 791 2854 849 transferri
2924 791 3157 858 sineret,
3206 796 3605 864 annueretque:
3660 811 3800 866 quam

2174 882 2513 955 petitionem
2565 882 2709 937 nihil
2774 884 3038 959 cunctata
3082 880 3243 952 plebs
3283 884 3493 952 gratam
3550 898 3600 935 se
3634 881 3804 937 habere

2176 972 2515 1044 signiﬁcavit
2545 970 2731 1042 (Ibid,
2758 987 2814 1025 η.
2841 970 2918 1040 5).
2951 969 3123 1025 Petiit
3152 970 3379 1025 demum
3403 970 3730 1040 Augustinus,
3758 976 3807 1025 ut

2176 1061 2278 1134 qui
2316 1064 2571 1132 possent,
2631 1075 2822 1114 rerum
2869 1057 2929 1113 in
2985 1057 3285 1130 praesentia
3327 1062 3593 1129 gestarum
3628 1058 3806 1113 tabulas

2176 1149 2563 1221 obsignarent,
2594 1163 2775 1219 eaque
2810 1146 3005 1202 omnia
3030 1146 3279 1219 p0pulus
3320 1145 3510 1201 ultimo
3537 1162 3627 1201 suo
3650 1146 3806 1201 suifra-

2177 1238 2271 1310 gio
2302 1236 2724 1304 communiret;
2756 1236 2909 1308 quod
2936 1240 2991 1291 et
3028 1236 3241 1291 factum
3278 1240 3362 1290 est
3389 1234 3531 1290 illico
3565 1235 3712 1290 variis
3735 1251 3803 1291 ac-

2176 1326 2633 1393 clamationibus,
2684 1341 2826 1398 quas
2866 1324 3101 1398 quidem
3152 1324 3213 1379 in
3270 1323 3535 1396 episcOpis
3583 1324 3806 1396 eligendis

2177 1415 2445 1488 usurpari
2476 1416 2665 1485 solita,
2696 1432 2832 1483 vero
2854 1414 3041 1470 simile
3071 1417 3155 1469 est
3194 1413 3379 1486 (Ibid,
3406 1429 3458 1468 n.
3487 1414 3557 1484 6).
3586 1413 3683 1469 Sub
3714 1413 3806 1469 haec

2177 1505 2274 1560 Vir
2328 1508 2557 1560 sanctus
2601 1504 2858 1577 perrexit
2899 1504 2972 1559 ad
3002 1503 3354 1558 offerendum
3387 1500 3711 1566 sacriﬁcium,
3737 1519 3809 1574 po-

2177 1595 2312 1666 pulo
2345 1594 2511 1665 prius
2539 1593 2799 1666 impense
2828 1592 3143 1659 admonito,
3183 1594 3249 1646 ut
3274 1607 3442 1647 sacras
3467 1590 3625 1662 hujus
3651 1592 3810 1663 suppli-

2177 1683 2415 1739 cationis
2441 1683 2583 1739 hora
2638 1700 2696 1737 se
2748 1682 2995 1756 quisque
3045 1681 3115 1737 ab
3146 1679 3274 1736 aliis
3303 1679 3448 1734 curis
3496 1679 3807 1745 avelleret,ac

2178 1773 2375 1828 sedulo
2400 1789 2506 1844 pro
2553 1771 2906 1844 Hipponensi
2945 1771 3209 1837 Ecclesia,
3260 1786 3363 1843 pro
3393 1785 3449 1823 sc
3491 1772 3644 1840 atque
3675 1770 3807 1822 Hera-

2176 1862 2284 1917 clio
2313 1865 2688 1934 precarentur
2726 1861 2912 1932 (Ibid,
2944 1877 3001 1916 n.
3034 1861 3109 1931 7).
3144 1862 3209 1915 Et
3238 1860 3360 1915 haec
3388 1874 3549 1930 porro
3576 1856 3809 1911 continent

2178 1952 2413 2023 hujusce
2444 1952 2758 2005 conventus
2787 1952 2930 2015 acta,
2967 1965 3097 2021 quas
3126 1947 3279 2003 inter
3303 1944 3710 2018 Augustinianas
3726 1945 3809 2015 epi-

2178 2040 2347 2095 stolas
2368 2041 2581 2095 inserta
2620 2042 2770 2094 sunt.
2806 2039 3011 2093 Extant
3039 2037 3282 2092 Heraclii
3312 2034 3610 2108 presbyteri
3648 2048 3809 2088 sermo-

2177 2146 2279 2185 nes
2299 2129 2413 2185 duo
2438 2145 2451 2184 :
2474 2145 2625 2185 unus
2653 2125 2974 2199 Augustino
3001 2130 3289 2198 praesente
3319 2124 3556 2191 habitus,
3584 2122 3635 2177 in
3655 2139 3746 2194 quo
3769 2137 3808 2175 se

2179 2219 2273 2273 ille
2304 2216 2655 2291 praedicandi
2682 2215 2841 2271 verbi
2869 2216 2971 2271 Dei
2989 2214 3348 2287 provinciam
3368 2229 3545 2284 nuper
3563 2208 3807 2283 suscepisse

2178 2307 2511 2363 necessitate
2541 2306 2921 2378 compulsum,
2951 2308 3124 2377 atque
3154 2303 3301 2358 illud
3327 2304 3442 2374 jam
3481 2306 3598 2356 ante
3642 2298 3807 2372 praedi-

2178 2413 2305 2452 care
2335 2395 2570 2468 coepisse
2597 2394 2937 2468 proﬁtetur;
2972 2393 3114 2448 alter
3142 2392 3212 2447 de
3245 2392 3430 2447 verbis
3466 2389 3684 2457 Domini,
3708 2389 3805 2443 Mat.

2179 2486 2314 2541 thasi
2334 2487 2519 2558 capite
2548 2485 2768 2540 decimo
2792 2486 3017 2556 quarto,
3050 2482 3153 2537 ubi
3193 2481 3469 2537 Dominus
3508 2494 3659 2551 super
3678 2492 3807 2549 aquas

2180 2575 2511 2642 ambulavit,
2566 2577 2622 2629 et
2674 2575 2875 2629 Petrus
2931 2571 3217 2627 titubavit.
3273 2570 3594 2627 Maximinus
3638 2567 3805 2622 Ariana!

2181 2668 2349 2719 secta:
2379 2663 2702 2736 episcopus,
2734 2662 2835 2735 qui
2860 2662 2965 2717 sub
2985 2661 3140 2716 idem
3170 2664 3399 2732 tempus
3438 2658 3718 2730 Hipponem
3744 2669 3809 2706 ve-

2180 2754 2288 2824 nit,
2336 2752 2620 2826 principio
2673 2750 3008 2822 disceptavit
3051 2766 3181 2804 cum
3223 2748 3478 2805 Heraclio
3506 2747 3611 2801 sive
3652 2741 3810 2799 Eraclio

2183 2842 2537 2915 presbytero,
2597 2856 2699 2913 per
2749 2856 2922 2912 quem
2985 2843 3183 2913 postea
3239 2839 3363 2911 ipse
3411 2834 3724 2908 Augustinus
3763 2828 3811 2885 ad

2182 2931 2503 2986 ineundum
2552 2947 2683 2985 cum
2714 2929 2920 2985 eodem
2963 2927 3236 2984 hmretico
3268 2924 3601 2998 colloquium
3642 2923 3812 2976 vocatus

2185 3024 2269 3077 est
2299 3021 2506 3093 (Collat.
2539 3036 2658 3076 cum
2687 3020 3010 3087 Maximino,
3044 3034 3100 3072 n.
3140 3017 3212 3087 Ι).

2252 3112 2304 3164 4.
2336 3108 2489 3164 Libri
2514 3108 2583 3164 ad
2618 3107 2930 3163 monachos
2953 3104 3368 3161 Adrumetinos
3397 3118 3572 3175 neque
3611 3101 3718 3173 post
3740 3096 3813 3152 hac

2190 3202 2435 3270 tempus,
2462 3213 2649 3270 neque
2670 3201 2802 3251 ante
2828 3195 3134 3267 conscripti
3155 3199 3293 3249 sunt
3312 3211 3324 3249 :
3341 3188 3756 3267 quandoquidem
3772 3183 3809 3278 in

2187 3286 2709 3344 Retractationibus
2729 3285 2877 3340 circa
2906 3300 3123 3339 annum
3154 3278 3742 3355 quadringentesimum
3762 3287 3814 3324 v1-

2184 3376 2467 3449 gesimum
2496 3374 2802 3447 septimum
2832 3373 2996 3430 editis
3025 3372 3598 3443 comprehenduntur,
3647 3380 3731 3419 nec
3754 3363 3811 3449 ως

2188 3445 2320 3521 men
2348 3464 2430 3520 ibi
2460 3445 2574 3519 nisi
2584 3464 2852 3519 ultimum
2874 3464 3061 3518 locum
3084 3465 3388 3533 occupant.
3403 3460 3528 3515 Erat
3552 3445 3812 3528 porroapud

2184 3554 2584 3620 Adrumetum,
2646 3551 2934 3606 civitatem
2971 3550 3030 3606 in
3087 3550 3366 3606 Bizacena
3413 3543 3678 3620 provincia
3708 3536 3813 3594 cele-

2184 3642 2367 3707 brem,
2402 3640 2818 3696 monachorum
2847 3637 3235 3711 congregatio,
3271 3635 3363 3691 cui
3388 3639 3517 3691 tunc
3542 3630 3691 3687 abbas
3713 3640 3814 3723 pta!-

2189 3734 2311 3785 erat
2331 3729 2684 3785 Valentinus.
2711 3730 2850 3785 Cum
2873 3742 2937 3781 ex
2963 3726 3085 3798 ejus
3113 3724 3365 3780 alumnis
3414 3722 3812 3808 quidam‘nontltl‘e

2192 3820 2406 3885 Florus,
2430 3817 2502 3873 ad
2533 3818 2737 3873 urbem
2771 3816 3122 3881 Uzalensem,
3165 3830 3302 3885 quae
3339 3811 3519 3884 patria
3543 3805 3696 3881 ipsius
3722 3801 3811 3863 fuit:

2188 3924 2305 3963 una
2340 3924 2471 3963 cum
2506 3907 2689 3963 Felice
2732 3904 3084 3961 Adrumetiae
3115 3902 3256 3958 item
3288 3893 3706 3974 congregationis
3727 3903 3812 3943 mo-

2190 3997 2369 4052 nacho
2396 3995 2663 4063 venisset,
2694 3994 2742 4049 is
2766 3998 3052 4065 repertam
3081 3991 3197 4047 illic
3228 3988 3530 4064 Augustini
3562 3985 3621 4040 ad
3651 3981 3810 4037 Sixtum

2189 4085 2486 4158 epistolam
2521 4084 2719 4157 (Epist.
2776 4084 2922 4153 I94),
2954 4081 3201 4137 dictante
3258 4081 3462 4136 eodem
3492 4075 3671 4137 Felice,
3698 4073 3809 4158 tran-

2190 4156 2415 4245 scripsit
2445 4156 2632 4246 (Apud
2660 4173 3051 4241 Augustinum,
3103 4172 3287 4240 Epist.
3346 4171 3469 4233 2l6,
3518 4181 3569 4219 n.
3611 4161 3675 4232 2).
3706 4156 3814 4211 Hanc

2192 4280 2321 4318 vero
2353 4279 2484 4318 cum
2513 4262 2889 4317 Adrumetum
2920 4260 3091 4315 allata
3110 4262 3277 4326 esset,
3303 4258 3362 4313 in
3385 4256 3618 4313 alienum
3644 4255 3814 4304 sensum

2190 4354 2505 4426 rapuerunt
2553 4348 2841 4417 nonnulli,
2873 4346 3129 4421 quinque
3159 4346 3401 4402 forsitan
3430 4347 3524 4400 aut
3549 4355 3652 4428 non
3682 4331 3813 4428 ωηιξο

2190 4443 2384 4514 plures
2414 4438 2701 4506 monachi,
2732 4437 2833 4511 qui
2863 4437 2933 4492 ab
2963 4435 3128 4491 sociis
3176 4436 3317 4504 suis,
3360 4450 3499 4507 quos
3527 4427 3705 4486 rectius
3727 4427 3816 4514 epl-

2192 4508 2394 4585 stolam
2427 4508 2769 4600 intelligere—
2798 4530 3015 4581 certum
3049 4528 3190 4589 erat,
3221 4521 3626 4580 contendebant
3663 4514 3725 4569 ita
3747 4508 3813 4600 def

2193 4618 2350 4674 tendi
2388 4595 2654 4689 gratiam,
2683 4621 2751 4671 ut
2796 4615 3044 4670 liberum
3083 4612 3391 4669 arbitrium
3420 4607 3755 4667 adimeretur;
3779 4595 3817 4647 el

2192 4722 2547 4780 consequens
2595 4708 2759 4773 esset,
2794 4702 3102 4760 Dominum
3126 4702 3199 4775 lin
3249 4706 3501 4757 extremo
3525 4691 3814 4785 judicia)?"

2191 4769 2550 4853 redditurum
2604 4769 2917 4865 unicuique
2983 4769 3300 4847 secundum
3339 4803 3509 4861 opera
3545 4784 3654 4856 ejus
3681 4769 3815 4865 (ιδξάι.

2192 4903 2247 4942 n.
2281 4885 2355 4959 3).
2403 4862 2841 4956 Ingravescente
2866 4881 2929 4936 in
2976 4880 3097 4936 dies
3128 4880 3385 4945 discidio,
3426 4890 3548 4931 cum
3577 4869 3719 4925 etiam
3742 4862 3815 4915 im-
3920 4918 3921 4955 ἶ

2192 4973 2362 5048 periti
2393 4973 2478 5029 illi
2507 4973 2572 5028 in
2600 4972 2913 5028 monachos
2964 4970 3295 5026 innocentes
3327 4964 3588 5022 invidiam
3628 4962 3816 5048 commo:

2192 5030 2408 5129 iterent,
2458 5062 2984 5135 perturbarentque
3023 5059 3239 5126 omnia,
3280 5061 3435 5112 ratus
3461 5056 3541 5109 est
3583 5030 3821 5135 Florus‘o"
3920 5058 3921 5095 ξ

2195 5153 2310 5208 ﬁcii
2340 5151 2429 5208 sui
2458 5130 2602 5219 esse,
2636 5150 2808 5222 hujus
2847 5130 2932 5203 rei
2963 5148 3194 5203 tandem
3232 5144 3583 5201 Valentinum
3621 5130 3819 5231 tibi»???

2194 5242 2526 5297 admonere.
2564 5240 2665 5299 Hic
2695 5238 2997 5311 epistolam
3045 5236 3206 5291 illam
3262 5250 3391 5289 vere
3418 5223 3693 5300 Augustini
3717 5225 3827 5311 ess?

2196 5347 2377 5404 eaque
2408 5347 2524 5386 non
2559 5296 2931 5401 aliam.quam
2988 5326 3360 5381 orthodoxam
3406 5315 3691 5404 doctrinam
3713 5296 3820 5404 ίηᾷξ
3920 5352 3921 5357 η

2196 5400 2436 5476 minime
2490 5400 2796 5486 dubitans,
2836 5415 3095 5473 animum
3120 5412 3351 5470 induxit
3378 5418 3598 5482 operam
3625 5400 3753 5460 dm:
3920 5440 3921 5491 φ

2202 5507 2404 5580 impias
2437 5508 2561 5563 illas
2589 5507 2935 5580 quaestiones
2964 5505 3034 5560 ab
3061 5503 3278 5559 inscitia
3308 5493 3665 5573 quorumdam
3687 5502 3711 5540 e
3737 5490 3820 5533 5ωὲ
3920 5508 3921 5557 3

3776 5387 3921 5455 ut,
