4028 6174
185 337 288 388 5,5
1647 327 1853 382 LIBER
1909 326 2244 384 OCTAVUS.

177 451 425 508 alumnis
448 451 734 522 profectas
765 449 1016 503 auferret
1044 447 1236 518 (Apud
1260 451 1399 515 Aug.
1429 451 1535 518 Ep.
1566 450 1692 516 216,
1715 466 1772 503 n.
1799 450 1840 518 l)
1867 465 1879 503 :

177 559 419 614 eamque
446 541 519 595 ob
551 556 780 594 causam
812 539 968 593 misit
997 537 1067 592 ad
1099 537 1373 592 Evodium
1405 538 1740 592 Uzalensem
1772 537 1886 608 epi-

181 647 436 702 scopum,
451 629 606 684 illius
619 646 789 700 super
804 628 889 682 his
903 626 1320 700 quaestionibus
1335 626 1607 697 rescripta
1622 626 1885 698 flagitans

179 721 344 783 (Ib.n.
366 721 437 788 3).
471 717 870 788 Ubicomperit
889 715 1150 782 Evodius,
1168 716 1451 770 esseinter
1479 715 1886 770 Adrumetinos

176 807 485 863 monachos
533 810 651 860 tam
682 805 1046 859 vehementes
1077 819 1248 874 super
1278 802 1462 873 gratia
1493 806 1548 856 et
1581 803 1762 856 libero
1793 819 1885 856 ar-

167 895 347 949 bitrio
398 893 484 946 vel
517 893 616 947 Dei
653 892 882 962 justitia
923 890 1335 957 contentiones,
1378 890 1685 959 rescripsit,
1730 889 1886 961 quod

167 983 287 1054 ipsi
336 982 590 1038 veritatis
636 980 996 1052 indagationi
1048 979 1362 1045 studerent,
1412 979 1519 1033 sibi
1560 979 1791 1050 probari
1830 979 1887 1032 id

165 1072 433 1144 quidem,
467 1087 666 1125 verum
697 1069 952 1124 studium
993 1069 1141 1122 istud
1175 1075 1438 1138 oportere
1471 1067 1539 1120 ab
1578 1067 1886 1138 asperitate

168 1161 420 1215 omniet
449 1159 818 1214 contentione
850 1175 971 1212 esse
1000 1157 1281 1224 alienum;
1317 1174 1346 1210 e
1376 1156 1736 1210 contentione
1766 1161 1885 1210 tur-

165 1250 277 1304 bas
316 1248 490 1315 nasci,
524 1248 595 1302 ab
616 1264 809 1301 amore
841 1252 1033 1300 autem
1065 1245 1316 1299 veritatis
1347 1237 1616 1316 pietatem
1647 1244 1882 1316 requiri.

169 1337 325 1392 Dein
356 1337 469 1391 illis
501 1337 817 1390 secundum
847 1333 1153 1405 Augustini
1187 1334 1505 1388 doctrinam
1534 1333 1786 1404 exponit,
1811 1333 1885 1387 li-

167 1427 385 1480 herum
419 1424 724 1479 arbitrium
772 1440 894 1477 esse
925 1422 1159 1494 quidem
1191 1422 1250 1476 in
1280 1421 1535 1488 homine,
1569 1422 1666 1476 sed
1699 1439 1729 1476 a
1759 1439 1886 1493 per-

167 1520 405 1585 petrata
433 1513 636 1569 Adami
672 1513 836 1583 culpa
882 1511 1134 1565 saucium
1168 1517 1339 1582 atque
1371 1510 1688 1578 inlirmum,
1721 1510 1889 1582 eique

165 1605 438 1658 sanando
484 1603 774 1657 Christum
816 1602 1164 1656 Salvatorem
1213 1601 1448 1654 missum
1498 1601 1690 1654 fuisse.
1744 1601 1889 1654 Tum

166 1692 391 1746 additis
421 1693 566 1746 hanc
598 1691 658 1745 in
689 1709 809 1746 rem
837 1690 963 1745 aliis
992 1691 1368 1757 documentis,
1427 1689 1558 1744 illos
1599 1689 1886 1753 admonet,

166 1783 215 1835 si
249 1781 492 1853 quando
523 1781 672 1834 inter
703 1780 1009 1851 legendum
1039 1779 1417 1834 illustriorum
1449 1779 1702 1833 virorum
1750 1779 1886 1832 scri-

164 1877 271 1941 pta
302 1871 561 1925 incidunt
589 1869 727 1924 inea
759 1886 888 1940 qua:
920 1868 1226 1923 difficulter
1259 1868 1610 1937 intelligant,
1636 1885 1751 1922 non
1783 1868 1882 1922 de-

169 1961 320 2014 bere
351 1959 505 2031 ipsos
535 1957 960 2030 praecipitanter
1005 1956 1064 2010 in
1111 1973 1310 2010 eorum
1357 1955 1892 2011 condemnationem

169 2049 341 2114 ferri,
375 2049 471 2103 sed
502 2047 778 2110 oratione,
813 2052 878 2100 ut
908 2045 1105 2102 eadem
1136 2045 1232 2098 illa
1266 2051 1455 2099 mente
1485 2049 1882 2116 assequantur,

169 2137 532 2192 contendere
550 2139 578 2190 ‘?
609 2138 781 2206 (Tom.
817 2139 898 2201 10,
934 2137 1108 2204 Epist.
1149 2135 1362 2188 Valent.
1398 2135 1472 2188 ad
1499 2137 1669 2201 Aug.,
1695 2135 1751 2189 in
1777 2139 1887 2189 not.

171 2227 535 2298 Rescripsit.)

247 2322 303 2370 5.
362 2316 770 2387 Imperitorum
820 2314 1069 2386 querelis
1117 2331 1218 2367 nec
1277 2313 1472 2368 Evodii
1511 2313 1762 2384 episcopi
1803 2330 1892 2366 re-

171 2407 437 2478 sponsio,
474 2421 576 2459 nec
607 2405 779 2458 etiam
810 2421 842 2457 a
871 2402 1080 2458 Sabino
1124 2408 1316 2456 sancto
1360 2403 1609 2473 quodam
1657 2402 1891 2473 presby-

176 2502 306 2549 tero
341 2495 474 2548 data
505 2494 563 2547 in
596 2493 911 2564 epistolam,
954 2492 1024 2547 de
1064 2509 1178 2563 qua
1218 2491 1658 2560 disceptabatur,
1716 2507 1890 2560 expo-

183 2585 322 2638 sitio
374 2583 643 2637 satisfecit
675 2584 864 2652 (Ep-ist.
925 2584 1052 2646 216,
1083 2598 1139 2636 n.
1191 2583 1262 2650 3).
1321 2581 1460 2633 llinc
1511 2578 1896 2650 Augustinum

174 2675 498 2744 ipsummet
555 2687 870 2726 convenere
933 2670 1066 2736 duo,
1135 2669 1468 2723 Cresconius
1520 2668 1792 2722 duntaxat
1839 2673 1895 2721 et

175 2763 356 2827 Felix,
381 2761 525 2815 alius
552 2761 642 2814 hic
674 2759 905 2830 quidem
939 2759 1008 2812 ab
1042 2775 1109 2811 eo
1161 2758 1262 2828 qui
1294 2756 1443 2809 Flori
1499 2772 1690 2810 comes
1740 2757 1893 2826 apud

180 2850 404 2905 Uzalim
435 2850 654 2913 fuerat;
702 2852 874 2918 atque
918 2847 1129 2900 horum
1179 2846 1421 2899 duorum
1475 2845 1746 2912 discessu,
1795 2847 1894 2901 alii

178 2941 433 2993 fratrum
486 2936 666 3008 quieti
707 2939 1124 2988 remanserunt.
1176 2933 1341 3003 Apud
1393 2938 1650 2988 sanctum
1697 2936 1896 2989 Docto-

175 3044 304 3082 rem
337 3023 639 3097 conquesti
671 3029 806 3078 sunt
835 3023 950 3090 isti,
981 3022 1225 3093 gratiam
1263 3022 1341 3074 sic
1366 3022 1664 3092 praedicari
1699 3040 1728 3077 a
1762 3023 1895 3094 qui-

175 3116 428 3171 busdam
457 3131 486 3168 e
521 3113 638 3168 suis
665 3112 960 3181 fratribus,
990 3116 1053 3165 ut
1097 3111 1166 3164 ab
1199 3111 1268 3164 iis
1299 3114 1355 3164 et
1382 3117 1623 3182 negetur
1649 3111 1894 3166 liberum

173 3204 510 3270 arbitrium,
562 3209 618 3257 et
647 3203 964 3256 aftirmetur
992 3217 1095 3254 nos
1134 3217 1202 3254 ex
1250 3200 1462 3254 nostris
1483 3199 1752 3271 operibus
1795 3201 1891 3272 ju-

179 3293 460 3350 dicandos
490 3309 607 3346 non
628 3309 749 3345 esse
779 3307 792 3345 :
826 3308 859 3345 a
888 3288 1147 3362 pluribus
1173 3293 1363 3342 tamen
1395 3287 1522 3342 aliis
1551 3305 1681 3342 cum
1709 3283 1912 3360 gratia"

179 3384 439 3439 liberum
489 3381 789 3436 arbitrium
829 3378 1060 3450 agnosci
1112 3377 1301 3432 testati
1349 3383 1484 3432 sunt
1528 3380 1723 3448 (Epist.
1766 3382 1892 3444 214,

176 3490 236 3527 n.
292 3472 363 3542 1).
420 3470 600 3524 Iidem
648 3469 884 3540 insuper
911 3467 1164 3522 excitatae
1187 3467 1340 3537 apud
1366 3484 1423 3520 se
1445 3466 1894 3537 perturbationis

178 3577 417 3615 causam
451 3559 509 3612 in
550 3560 779 3612 Florum
819 3555 1235 3612 transferebant
1265 3555 1455 3624 (Ibid,
1507 3571 1562 3610 η.
1605 3557 1683 3625 6).
1721 3556 1892 3610 Suam

180 3649 366 3720 igitur
390 3649 463 3704 ad
491 3647 712 3704 Sixtum
744 3647 1046 3717 epistolam
1089 3645 1200 3699 illis
1242 3661 1435 3698 coram
1475 3644 1736 3716 exposuit
1771 3648 1894 3699 Au—

178 3738 450 3809 gustinus
491 3737 688 3806 (Epist.
715 3739 840 3801 215,
871 3752 927 3789 n.
969 3737 1036 3804 l),
1080 3751 1142 3787 ac
1174 3739 1454 3804 prmterea
1485 3733 1789 3804 epistolam
1821 3733 1894 3788 ad

183 3826 554 3880 Valentinum
587 3829 643 3878 et
669 3825 791 3894 ejus
818 3821 1279 3894 congregationis
1323 3822 1634 3875 monachos
1673 3821 1897 3892 scripsit

181 3915 242 3968 in
273 3915 520 3969 arduam
550 3913 708 3966 illam
751 3912 818 3966 de
860 3914 1150 3966 voluntate
1196 3916 1250 3965 et
1290 3911 1473 3981 gratia
1516 3909 1892 3980 quaestionem

184 4003 378 4071 (Ibid,
412 4019 469 4056 n.
494 4002 570 4072 2).
613 4001 697 4055 Ibi
729 4001 980 4072 rogabat,
1014 4000 1122 4054 sibi
1158 4000 1308 4054 mitti
1338 4001 1588 4068 Florum,
1634 3999 1689 4053 id
1721 3999 1891 4053 nimi-

182 4108 314 4145 rum
346 4091 692 4160 conjectans,
741 4090 892 4161 quod
928 4106 1017 4142 res
1065 4093 1208 4157 erat,
1255 4089 1524 4142 adversus
1569 4088 1734 4142 illum
1767 4087 1892 4141 ideo

186 4179 529 4234 tumultuari
563 4178 892 4246 nonnullos,
940 4177 1091 4248 quod
1124 4192 1240 4231 non
1279 4176 1415 4230 satis
1463 4176 1534 4230 ab
1563 4175 1632 4228 iis
1676 4175 1890 4230 intelli-

183 4274 439 4339 geretur,
472 4283 602 4321 cum
633 4267 1030 4321 difficillimam
1074 4265 1452 4336 quaestionem
1495 4270 1551 4319 et
1578 4263 1775 4334 paucis
1803 4264 1893 4317 in-

184 4357 548 4428 telligibilem
595 4356 808 4410 solvere
861 4367 1030 4426 atque
1077 4354 1324 4408 enodare
1357 4359 1659 4406 conaretur
1691 4352 1887 4422 (Epist.

186 4451 309 4515 2H,
343 4463 398 4499 η.
426 4446 499 4515 6).
529 4443 834 4514 Epistulam
867 4445 1010 4497 hanc
1041 4443 1278 4496 tradidit
1317 4441 1610 4496 monachis
1643 4441 1891 4495 reditum

183 4535 523 4605 parantibus
554 4533 613 4586 in
657 4533 1069 4586 monasterium
1101 4547 1291 4598 suum,
1341 4531 1440 4585 ubi
1470 4531 1701 4597 Pascha,
1733 4531 1884 4601 quod

185 4625 292 4677 hoc
324 4639 478 4676 anno
510 4620 1076 4692 quadringentesimo
1104 4619 1378 4690 vigesimo
1407 4619 1652 4689 septimo
1691 4618 1750 4672 in
1781 4623 1892 4672 ter-

187 4713 330 4766 tium
367 4727 553 4765 nonas
586 4710 792 4780 apriles
822 4709 1130 4775 incidebat,
1179 4708 1520 4761 celebraturi
1560 4711 1741 4762 erant.
1784 4709 1891 4763 Ve—

183 4818 311 4856 rum
344 4801 433 4854 vel
464 4799 762 4870 quidpiam
818 4814 890 4852 ne
932 4796 1429 4869 proficiscerentur
1456 4795 1776 4850 intercessit
1807 4797 1893 4850 vel

183 4891 308 4944 illos
337 4888 694 4959 Augustinus
749 4887 1040 4958 aliquanto
1091 4885 1304 4940 diutius
1333 4885 1404 4939 ob
1434 4885 1491 4939 id
1523 4879 1710 4939 solum
1741 4884 1894 4955 apud

183 4994 239 5030 se
292 4977 502 5045 tenuit,
560 4981 625 5030 ut
661 4981 859 5030 contra
889 4991 1095 5030 novam
1125 4974 1393 5029 haeresim
1453 4973 1892 5043 Pelagianorum

183 5065 582 5119 instructiores
638 5064 705 5118 ad
764 5080 897 5117 suos
952 5062 1205 5117 redirent
1258 5063 1453 5130 (Epist.
1516 5065 1643 5127 2l5,
1712 5077 1766 5116 n.
1822 5061 1890 5130 1).

183 5152 494 5204 Transacto
521 5151 752 5215 Pascha,
789 5149 1090 5220 epistolam
1134 5148 1202 5201 iis
1233 5149 1471 5202 alteram
1517 5148 1704 5202 adhuc
1739 5146 1896 5202 dedit

183 5239 251 5292 ad
283 5239 652 5293 Valentinum
694 5244 750 5292 et
785 5240 906 5310 ejus
949 5237 1280 5302 monachos,
1313 5253 1457 5308 quos
1509 5237 1578 5290 de
1629 5237 1792 5290 Floro
1824 5235 1894 5290 ad

183 5343 242 5379 se
291 5327 637 5382 destinando
694 5343 924 5380 rursum
969 5327 1278 5397 compellat
1325 5326 1386 5380 in
1433 5325 1555 5379 haec
1594 5325 1800 5378 verba:
1835 5326 1896 5379 Si

184 5416 322 5483 quid
339 5417 404 5471 de
432 5417 585 5471 vobis
617 5431 839 5483 mereor,
869 5418 1054 5470 ueniat
1075 5415 1150 5469 ad
1179 5432 1260 5470 me
1277 5417 1458 5483 frater
1485 5415 1672 5468 Florus
1703 5413 1890 5482 (Ibid,

183 5521 240 5558 π.
271 5506 342 5574 8).
376 5505 502 5560 Illis
535 5506 709 5560 etiam
751 5521 856 5576 per
899 5504 1129 5559 eosdem
1170 5503 1328 5558 misit
1355 5503 1603 5558 duorum
1633 5500 1894 5556 concilio-

186 5610 314 5649 rum
356 5593 830 5665 Carthaginensis
863 5593 1170 5666 provinciae
1216 5597 1274 5648 et
1317 5591 1624 5658 Numidiae,
1673 5604 1892 5645 necnon

3594 347 3694 400 546

1998 452 2253 523 quinque
2281 452 2682 524 episcoporum
2717 456 2787 510 ad
2819 458 3216 514 Innocentium
3247 461 3534 532 epistolas,
3566 484 3697 522 cum

1999 540 2183 594 tribus
2235 541 2492 612 ejusdem
2558 560 2720 616 papae
2773 547 3087 617 responsis;
3137 549 3403 618 epistolas
3472 569 3699 626 quoque

1997 629 2247 683 Africani
2279 631 2505 685 concilii
2536 633 2605 687 ad
2638 635 2945 698 Zosimum,
2976 642 3030 690 et
3059 638 3265 692 Zosimi
3306 640 3374 694 ad
3409 641 3700 699 universos

1997 719 2169 773 totius
2207 719 2361 773 orbis
2401 720 2722 792 episcopos;
2765 723 3010 795 denique
3050 726 3274 780 concilii
3317 729 3562 798 plenarii
3605 737 3698 787 to-

1999 807 2110 860 tius
2159 807 2362 861 Africae
2403 809 2832 864 constitutiones
2874 812 3140 866 adversus
3183 830 3403 870 errores
3444 819 3698 890 Pelagia-

2000 912 2100 949 nos
2132 912 2145 949 :
2183 913 2310 967 quae
2339 897 2533 950 omnia
2562 898 2672 951 illis
2701 898 3000 970 dirigenda
3047 919 3166 955 esse
3197 903 3457 972 credidit,
3490 908 3698 978 quibus

1999 990 2405 1055 cognoscerent
2459 988 2943 1056 quemadmodum
3001 990 3275 1044 catholica
3343 993 3585 1050 Ecclesia
3639 997 3698 1051 in

2002 1074 2101 1127 Dei
2132 1073 2518 1128 misericordia
2551 1076 2870 1147 Pelagiana:
2901 1078 3132 1132 haeresis
3172 1097 3389 1134 venena
3417 1083 3699 1154 depulerit

2001 1162 2270 1231 (Ibid.,n.
2304 1164 2378 1232 2).
2432 1164 2522 1217 HIS
2569 1165 2786 1219 addidit
2836 1183 3045 1221 novum
3094 1168 3162 1222 de
3210 1171 3317 1223 hac
3362 1170 3484 1241 ipsa
3532 1189 3694 1244 quae-

1999 1249 2204 1316 stione,
2236 1250 2381 1304 circa
2411 1267 2581 1320 quam
2615 1252 2964 1320 laborabant,
2998 1256 3270 1325 scriptum
3315 1275 3348 1311 a
3385 1275 3441 1312 se
3485 1261 3695 1315 librum

2001 1336 2059 1389 in
2105 1353 2305 1392 eorum
2345 1338 2606 1407 gratiam,
2642 1341 2732 1393 cui
2772 1341 3002 1396 titulum
3047 1344 3276 1411 indidit,
3310 1350 3379 1400 De
3418 1352 3608 1403 Gratia
3651 1357 3700 1404 et

1999 1426 2190 1480 Libero
2225 1427 2492 1494 Arbitrio,
2527 1427 2601 1480 ad
2634 1430 2978 1483 Valentinum
3009 1436 3058 1484 et
3091 1448 3209 1485 cum
3247 1435 3337 1486 illo
3376 1438 3694 1503 monachos;

2001 1514 2100 1568 ubi
2141 1515 2495 1570 demonstrat
2533 1516 2766 1587 quidem
2809 1519 3056 1588 copiose,
3087 1519 3349 1575 homines
3391 1522 3570 1578 libero
3613 1541 3699 1577 ar-

1999 1604 2170 1659 bitrio
2201 1621 2321 1658 esse
2353 1604 2637 1674 prteditos,
2663 1607 2759 1660 sed
2788 1606 2894 1660 hoc
2918 1609 3097 1662 multo
3123 1609 3428 1679 copiosius,
3456 1612 3702 1667 liberum

2003 1692 2216 1746 scilicet
2264 1692 2568 1747 arbitrium
2615 1695 2814 1764 gratiae
2861 1697 3126 1765 praesidio
3181 1698 3514 1756 destitutum
3559 1702 3703 1756 nihil

2002 1797 2208 1852 posse:
2253 1785 2420 1852 atque
2462 1782 2531 1836 ad
2576 1783 2699 1853 ejus
2745 1783 3043 1840 lectionem
3087 1803 3182 1840 eos
3229 1787 3532 1844 exhortans
3576 1790 3698 1846 ait:

2001 1873 2242 1940 Repetite
2284 1869 2503 1924 assidue
2543 1872 2739 1926 librum
2791 1876 2984 1938 istum;
3031 1880 3080 1928 et
3121 1878 3170 1929 si
3221 1878 3548 1945 intelligitis,
3597 1883 3702 1934 Deo

2002 1961 2214 2027 gratias
2241 1961 2414 2026 agite;
2454 1960 2550 2014 ubi
2575 1965 2753 2014 autem
2782 1978 2888 2016 non
2919 1964 3242 2031 intelligitis,
3279 1971 3426 2020 orate
3455 1971 3514 2021 ut
3544 1969 3702 2022 intel-

2005 2050 2191 2114 ligatis
2217 2064 2230 2103 :
2263 2048 2419 2102 dabit
2448 2052 2588 2103 enim
2617 2051 2767 2104 vobis
2813 2055 3068 2106 Dominus
3099 2054 3421 2110 intellectum
3446 2055 3543 2128 (De
3573 2060 3704 2114 Gra-

2004 2139 2085 2192 tia
2113 2142 2162 2191 et
2188 2137 2378 2192 Libero
2408 2139 2678 2207 Arbitrio,
2700 2155 2752 2193 n.
2780 2139 2886 2207 ¹46).
2923 2141 3145 2193 lluncce
3170 2141 3378 2196 librum
3400 2148 3456 2197 et
3483 2144 3594 2197 alia
3615 2161 3706 2198 su-

2002 2243 2108 2296 pra
2158 2230 2476 2280 memorata
2521 2226 2927 2297 instrumenta,
2973 2244 3101 2299 qua:
3147 2230 3220 2284 ad
3267 2231 3702 2301 Pelagianorum

2003 2313 2542 2368 condemnationem
2593 2316 2940 2386 spectabant,
3011 2317 3327 2386 monachis,
3387 2336 3489 2389 per
3559 2338 3703 2392 quos

2005 2404 2403 2470 mittebantur,
2455 2409 2586 2458 ante
2639 2405 2949 2460 discessum
2994 2406 3055 2460 in
3117 2407 3424 2476 prmsentia
3465 2409 3703 2481 legerat,

2008 2509 2230 2547 necnon
2258 2491 2526 2564 Cypriani
2559 2493 2776 2564 pariter
2818 2494 3029 2549 librum
3060 2494 3119 2549 in
3150 2495 3478 2551 Orationem
3518 2499 3706 2553 Domi-

2005 2582 2209 2648 nicam,
2245 2582 2304 2635 in
2329 2598 2443 2652 quo
2473 2587 2700 2638 sanctus
2739 2583 2835 2638 ille
2865 2590 3084 2655 martyr
3120 2585 3365 2654 gratiam
3390 2586 3707 2642 luculenter

2006 2670 2384 2725 commendat.

2079 2764 2129 2816 6.
2163 2759 2469 2830 Augustini
2509 2759 2728 2814 litteras
2767 2761 3090 2832 librumque
3122 2761 3230 2816 sibi
3267 2768 3324 2816 et
3368 2764 3486 2818 suis
3513 2764 3705 2820 fratri-

2012 2850 2116 2904 bus
2148 2854 2543 2919 nuncupatum
2587 2865 2653 2902 ea
2682 2866 2795 2920 qua
2824 2866 2924 2921 par
2953 2853 3072 2902 erat
3101 2851 3464 2905 veneratione
3495 2854 3707 2926 accepit

2008 2937 2379 2991 Valentinus:
2430 2953 2618 3007 neque
2667 2937 2972 3000 commisit,
3007 2937 3145 3008 quin
3190 2939 3425 2993 fratrem
3474 2941 3704 2996 Florum

2006 3025 2078 3079 ad
2103 3025 2267 3079 illum
2297 3024 2578 3091 mitteret;
2610 3025 2741 3080 data
2772 3025 3005 3098 insuper
3033 3027 3281 3097 epistola.
3305 3027 3497 3098 (Apud
3521 3032 3708 3097 Augu-

2003 3116 2229 3181 stinum,
2258 3116 2434 3184 Epist.
2468 3115 2616 3185 216),
2650 3131 2763 3186 qua
2792 3115 2848 3169 id
2891 3131 3060 3170 omne
3088 3117 3240 3188 quod
3272 3117 3331 3172 in
3363 3120 3706 3174 monasterio

2006 3220 2107 3256 suo
2138 3207 2364 3274 gestum
2391 3203 2596 3269 fuerat,
2629 3204 2897 3258 narrabat
2927 3209 3118 3260 sancto
3149 3207 3406 3274 Praesuli,
3438 3225 3502 3262 ac
3546 3226 3708 3264 suam

2005 3291 2184 3362 ipsius
2215 3291 2410 3361 ﬁdem,
2447 3293 2707 3346 eamdem
2739 3297 2794 3347 et
2829 3293 3016 3348 fratris
3058 3294 3206 3348 Flori
3241 3312 3361 3351 esse
3391 3297 3706 3367 affirmans,

2009 3380 2400 3451 profitebatur.
2430 3382 2784 3451 Augustinus
2810 3381 2969 3436 lectis
2999 3383 3284 3438 Valentini
3311 3385 3536 3454 litteris,
3567 3404 3710 3460 quas

2007 3470 2182 3523 frater
2213 3470 2409 3523 Florus
2439 3468 2652 3540 aliique
2682 3486 2809 3523 cum
2853 3487 2919 3524 eo
2948 3470 3119 3525 simul
3151 3473 3220 3526 ad
3257 3473 3448 3543 ipsum
3474 3476 3708 3530 venien-

2009 3563 2090 3612 tes
2121 3557 2449 3623 attulerant,
2483 3557 2600 3626 egit
2647 3559 2759 3611 Deo
2809 3559 3040 3628 gratias,
3073 3561 3228 3630 quod
3259 3577 3459 3616 eorum
3488 3563 3549 3618 in
3596 3565 3705 3618 Do-

2007 3647 2163 3700 mino
2195 3661 2413 3717 pacem,
2443 3649 2500 3698 et
2540 3643 2602 3698 in
2632 3645 2870 3700 veritate
2913 3648 3370 3716 consensionem,
3402 3655 3458 3705 et
3485 3651 3545 3706 in
3575 3652 3710 3706 cha-

2006 3735 2172 3789 ritate
2217 3733 2580 3804 flagrantiam
2622 3749 2691 3788 ex
2718 3734 2832 3788 illis
2870 3736 3244 3806 cognovisset,
3277 3755 3475 3794 verum
3504 3740 3572 3795 de
3601 3741 3708 3795 fra-

2005 3830 2091 3878 tre
2119 3825 2282 3877 Floro
2313 3821 2674 3891 nominatim,
2698 3823 3035 3880 catholicam
3065 3825 3123 3880 in
3147 3844 3215 3881 eo
3246 3827 3416 3882 tidem
3434 3829 3503 3883 de
3525 3829 3709 3900 gratia

2005 3916 2060 3965 et
2106 3911 2284 3964 libero
2337 3909 2569 3964 arbitrio
2615 3911 2900 3968 invenisse
2944 3931 3002 3968 se
3049 3915 3270 3970 laetatus
3315 3921 3418 3971 est.
3465 3917 3612 3972 Unde
3653 3919 3713 3972 hi

2001 4002 2186 4071 potius
2225 4000 2534 4068 corrigendi
2569 4005 2716 4068 sunt,
2748 4001 2847 4068 ait,
2890 4019 3021 4071 quos
3065 4005 3283 4073 quidem
3321 4009 3565 4074 propitio
3606 4009 3709 4061 Deo

2005 4094 2262 4143 correctos
2299 4103 2408 4142 esse
2443 4089 2564 4157 jam
2605 4091 2873 4157 existimo,
2913 4093 3010 4160 qui
3039 4108 3157 4146 eum
3196 4108 3300 4146 non
3337 4094 3709 4161 intelligebant

2007 4177 2100 4246 (De
2148 4177 2488 4246 Correptione
2525 4181 2576 4230 et
2618 4177 2832 4239 Gratia,
2866 4195 2958 4232 nn.
3018 4184 3066 4246 l,
3114 4179 3191 4250 2).
3238 4181 3469 4250 Accepit
3516 4185 3708 4234 tamen

2006 4269 2232 4319 sanctus
2263 4266 2488 4334 Doctor,
2518 4264 2690 4336 idque
2729 4266 2964 4321 forsitan
3007 4285 3074 4321 ex
3112 4267 3235 4338 ipso
3281 4268 3462 4334 Floro,
3496 4283 3617 4322 esse
3649 4269 3711 4323 in

2004 4353 2404 4408 Adrumatensi
2446 4355 2789 4409 monasterio
2839 4356 3167 4427 quemdam,
3203 4355 3302 4425 qui
3349 4356 3606 4410 diceret:
3648 4357 3710 4413 Si

2004 4445 2140 4496 Deus
2191 4445 2449 4510 operatur
2496 4446 2552 4495 in
2600 4442 2752 4496 nobis
2791 4446 2921 4498 reue
2963 4449 3011 4497 et
3054 4445 3296 4512 operari,
3340 4445 3709 4514 nequidquam

2000 4531 2332 4599 praecipiunt
2354 4532 2450 4598 qui
2462 4536 2707 4600 praesunt
2728 4532 2863 4601 quid
2883 4531 3150 4599 agendum
3169 4532 3250 4585 vel
3268 4532 3592 4600 fugiendum
3605 4538 3711 4604 sit;

2005 4625 2100 4673 aut
2124 4621 2312 4673 saltem
2340 4624 2630 4688 postquam
2659 4621 2804 4688 quod
2833 4621 3024 4674 bonum
3065 4625 3374 4690 rectumque
3410 4624 3484 4676 sit
3509 4639 3714 4692 praece-

2003 4710 2204 4778 perint,
2235 4709 2605 4762 tantummodo
2634 4713 2783 4763 orent
2813 4699 2998 4774 Deum,
3031 4713 3090 4762 ut
3119 4709 3181 4762 id
3209 4709 3468 4780 discipuli
3497 4717 3666 4780 agant
3690 4729 3705 4768 ε

2003 4813 2109 4851 non
2138 4801 2318 4851 autem
2347 4813 2430 4851 eos
2461 4799 2778 4866 corripiant,
2805 4799 2855 4850 si
2880 4812 2984 4850 non
3023 4800 3250 4865 egerint,
3284 4815 3402 4854 cum
3435 4803 3572 4856 Deus
3604 4817 3710 4856 non

2006 4885 2118 4940 illis
2152 4885 2360 4939 dederit
2389 4888 2585 4955 ipsam,
2616 4900 2724 4953 qua
2745 4890 3018 4953 praecepta
3044 4885 3163 4954 ejus
3191 4889 3350 4955 fiunt,
3376 4889 3586 4958 ﬁdelem
3614 4891 3712 4944 Dei

2005 4978 2054 5026 et
2085 4975 2330 5043 proximi
2369 4975 2688 5027 charitatem
2734 4971 3215 5040 (Retractationum
3263 4976 3396 5030 libro
3435 4979 3488 5042 2,
3529 4993 3574 5032 c.
3617 4979 3704 5044 67,

2004 5064 2078 5115 De
2105 5063 2445 5130 Correptione
2475 5065 2526 5115 et
2556 5061 2766 5126 Gratia,
2798 5077 2854 5115 n.
2887 5062 3026 5132 3-6).
3064 5064 3135 5117 Ut
3163 5064 3272 5118 hoc
3301 5064 3474 5118 etiam
3504 5065 3708 5131 telum,

2005 5164 2119 5220 quo
2139 5147 2379 5202 validius
2409 5147 2550 5201 nihil
2579 5147 2647 5201 ab
2671 5146 2742 5200 iis
2762 5148 2863 5220 qui
2888 5153 3118 5204 terrena
3138 5152 3370 5223 sapiunt
3388 5151 3708 5220 intorqueri

2007 5254 2168 5308 posse
2207 5235 2488 5302 videatur,
2525 5252 2559 5290 ε.
2601 5236 2808 5292 tradita
2853 5238 3113 5293 doctrina
3157 5241 3356 5311 gratia:
3402 5239 3713 5308 depelleret

2005 5323 2380 5394 Augustinus,
2430 5325 2676 5378 alterum
2724 5325 2956 5392 librum,
3002 5326 3102 5398 qui
3147 5329 3223 5380 De
3271 5326 3613 5394 Correptione
3661 5331 3712 5378 et

2007 5412 2199 5467 Gratia
2225 5415 2599 5482 praenotatur,
2623 5413 2693 5467 ad
2715 5414 2945 5468 eosdem
2977 5413 3344 5469 Valentinum
3375 5416 3582 5466 etcum
3613 5411 3710 5467 illo

2006 5500 2312 5555 monachos
2350 5501 2602 5572 scripsit;
2638 5519 2751 5556 non
2781 5520 2896 5575 quo
2926 5503 3193 5558 adversus
3233 5517 3329 5556 eos
3359 5500 3531 5573 ipsos,
3561 5517 3712 5574 quo-

2006 5603 2133 5642 rum
2181 5592 2399 5642 rectum
2445 5593 2567 5643 erat
2613 5605 2712 5646 cor
2754 5607 2884 5646 cum
2932 5591 3071 5659 Deo,
3110 5589 3211 5645 sed
3255 5589 3520 5646 adversus
3559 5590 3712 5662 ipsas
