4026 6180
398 266 496 320 547
1630 260 1792 313 Vl'l‘A
1830 258 1884 313 s.
1926 256 2299 313 AUGUSTINI
2342 253 2674 310 EPISCOPI.
3592 216 3605 242 ’
3739 266 3815 318 se

400 390 701 453 humanas,
734 390 796 439 ut
841 385 940 453 ait,
972 382 1344 455 cogitationes
1374 400 1477 454 pro
1525 382 1768 437 coelestis
1797 386 1854 434 et
1891 381 2098 434 divinae

397 476 597 548 gratiae
642 475 917 530 charitate
965 478 1223 529 certaret.
1268 475 1409 528 Nam
1457 473 1551 527 ille
1598 470 1717 543 ipse
1764 471 2099 539 monachus,

398 565 559 636 cujus
605 564 796 618 animo
847 567 1172 618 occurrerat
1233 562 1515 634 ejusmodi
1576 560 1863 631 cogitatio,
1918 558 2103 630 potuit

398 659 552 710 recto
583 653 645 708 in
679 654 860 707 Deum
898 652 1067 706 corde
1094 669 1207 706 non
1237 652 1310 706 ob
1338 652 1490 705 aliud
1523 656 1778 704 mentem
1807 649 1876 703 de
1908 649 2012 702 hac
2040 664 2100 701 re

399 760 565 799 suam
594 741 838 813 aperire,
870 741 981 795 nisi
1013 746 1075 794 ut
1103 741 1272 794 istum
1303 756 1534 811 quoque
1564 739 1775 792 nodum
1801 737 2100 791 solertissi-

399 848 529 887 mus
575 847 640 885 ac
689 828 1207 900 perspicacissimus
1268 828 1466 898 gratiae
1522 827 1727 881 Doctor
1772 824 2097 894 explicaret.

401 918 680 991 Explicuit
712 934 847 972 sane
878 934 1158 989 perquam
1201 917 1507 987 diligenter
1547 916 1647 970 Dei
1677 915 1901 985 adjutus
1943 930 2100 968 reve-

399 1010 639 1070 latione;
674 1024 787 1078 quo
817 1006 879 1060 ﬁt
911 1011 974 1061 ut
1002 1022 1120 1060 non
1151 1005 1365 1076 injuria
1394 1005 1605 1059 librum
1646 1021 1814 1059 suum
1849 1004 1959 1057 hoc
1988 1004 2101 1057 tiae

398 1096 697 1152 concludat
729 1113 742 1151 :
778 1097 908 1162 Quae
935 1110 1054 1149 cum
1086 1099 1163 1148 ita
1192 1097 1323 1160 sint,
1367 1110 1459 1148 nec
1486 1092 1670 1162 gratia
1701 1092 1955 1162 prohibet
1983 1108 2100 1146 cor-

396 1188 713 1256 reptionem,
744 1200 837 1238 nec
886 1186 1150 1253 correptio
1188 1187 1349 1249 negat
1376 1186 1616 1251 gratiam
1641 1198 1653 1236 :
1683 1186 1734 1236 et
1760 1182 1880 1235 ideo
1908 1183 1987 1235 sic
2024 1185 2102 1235 est

393 1274 763 1345 praecipienda
786 1273 1033 1342 justitia,
1058 1278 1119 1325 ut
1147 1288 1179 1325 a
1205 1276 1310 1326 Deo
1340 1274 1538 1340 gratia,
1571 1288 1679 1340 qua
1710 1272 1769 1325 id
1799 1270 1943 1334 quod
1965 1287 2102 1340 pree-

394 1366 598 1433 cipitur
642 1365 760 1432 ﬁat,
791 1361 946 1431 ﬁdeli
988 1363 1227 1415 oratione
1257 1364 1537 1429 poscatur,
1579 1364 1629 1414 et
1674 1359 1767 1413 hoc
1816 1363 2102 1427 utrumque

392 1455 475 1507 ita
518 1451 835 1520 faciendum
879 1454 975 1510 est.
1010 1456 1069 1503 ut
1097 1464 1267 1518 neque
1298 1449 1455 1518 justa
1486 1450 1748 1517 correptio
1793 1449 2101 1516 negligatur

395 1544 488 1612 (De
535 1540 883 1609 Correptioue
928 1543 977 1593 et
1024 1539 1237 1604 Gratia,
1279 1554 1337 1591 η.
1385 1538 1494 1607 49).
1530 1537 1630 1591 Hic
1678 1536 1912 1607 quidem
1957 1536 2102 1590 liber

393 1646 603 1701 parvus
651 1630 804 1683 mole
853 1632 956 1694 est,
991 1627 1091 1681 sed
1132 1625 1390 1680 doctrina
1437 1625 1750 1691 maximus;
1782 1628 1934 1679 totus
1982 1640 2102 1695 my-

393 1718 579 1773 steriis
612 1717 874 1781 refertus,
898 1715 1226 1770 universam
1255 1715 1461 1769 divinas
1493 1714 1691 1785 gratias
1717 1713 2100 1769 oeconomiam

395 1807 572 1863 oculis
621 1805 869 1877 subjicit,
905 1810 967 1859 ut
1002 1806 1130 1876 jure
1179 1804 1385 1858 merito
1424 1821 1633 1859 aureus
1678 1820 1712 1857 a
1759 1802 2099 1858 doctissimis

398 1902 781 1968 nuncupetur.
798 1898 911 1964 Ego
925 1895 1162 1963 quidem,
1178 1893 1617 1948 eminentissimi
1636 1891 1741 1947 viri
1758 1893 1929 1947 verba
1943 1896 2097 1959 sunt,

395 1988 537 2042 hunc
568 1986 766 2039 librum
796 1986 932 2040 soleo
963 1985 1241 2053 appellare
1269 1984 1488 2050 clavem,
1525 1999 1635 2052 qua
1674 1983 1749 2036 ad
1792 1984 2101 2064 universam

395 2077 700 2144 Augustini
728 2074 793 2128 de
821 2074 1012 2128 divina
1040 2075 1221 2141 gratia
1252 2078 1303 2126 et
1339 2073 1505 2127 libero
1535 2073 1771 2127 aabitrio
1798 2072 2099 2127 doctrinam

395 2163 584 2217 aditus
613 2163 860 2231 aperitur
888 2160 1090 2231 (Naris,
1125 2162 1376 2213 Historiae
1399 2160 1582 2227 Pelag.
1608 2158 1701 2211 lib.
1739 2162 1789 2226 l,
1815 2173 1935 2226 cap.
1968 2157 2057 2227 23)
2084 2177 2098 2224 ;

394 2267 568 2323 quem
607 2267 740 2304 sane
787 2249 1000 2303 librum
1049 2251 1274 2302 sanctus
1318 2250 1564 2318 Prosper
1607 2246 1810 2327 merito
1861 2248 2098 2317 plenum

392 2340 599 2395 divina:
631 2337 982 2393 auctoritatis
1012 2336 1071 2391 in
1103 2336 1343 2407 epistola
1373 2336 1444 2390 ad
1472 2334 1858 2405 Augustinum
1884 2351 2100 2390 nuncu-

392 2429 549 2500 pavit
577 2427 770 2499 (Apud
794 2427 1184 2494 Augustinum,
1219 2427 1397 2494 Epist.
1428 2427 1551 2488 225,
1584 2440 1642 2478 n.
1668 2426 1742 2494 2).

1058 2514 1281 2568 CAPUT
1321 2514 1432 2567 Vll.

398 2610 417 2661 t
448 2607 646 2662 Contra
666 2605 950 2673 Pelagiani
973 2607 1172 2658 erroris
1192 2604 1455 2671 reliquias
1476 2604 1531 2655 in
1556 2602 1729 2657 Vitali
1743 2601 2099 2670 deprehensas

464 2696 807 2763 Augustinus
833 2697 1066 2762 pugnat,
1097 2696 1148 2746 et
1177 2694 1469 2746 sententias
1514 2692 1579 2745 de
1606 2693 1791 2758 gratia
1821 2691 2099 2745 duodecim

459 2786 689 2854 profert.
720 2785 753 2837 2
783 2783 1095 2837 Palatinum
1123 2784 1321 2846 monet,
1347 2780 1637 2849 petendum
1685 2797 1719 2834 a
1765 2782 1869 2833 Deo
1908 2782 2100 2846 gratia:

465 2873 803 2942 adjutorium
832 2871 906 2926 ad
930 2869 1390 2942 perseverandum
1414 2872 1471 2923 in
1499 2870 1649 2924 bono.
1682 2872 1712 2923 3
1742 2870 1961 2938 Leporii
1981 2884 2100 2923 con-

469 2968 556 3016 tra
594 2963 754 3032 ﬁdem
799 2961 1198 3016 Incarnationis
1237 2963 1286 3013 et
1329 2961 1524 3027 gratiae
1560 2974 1764 3013 errores
1802 2960 1860 3011 in
1903 2958 2098 3013 Galliis

469 3051 821 3104 damnantur.
853 3050 886 3102 4
931 3050 1023 3103 Ad
1062 3064 1254 3103 sanam
1299 3049 1458 3117 ﬁdem
1504 3051 1785 3101 revocatur
1832 3047 2098 3114 Leporius

470 3153 634 3205 opera
682 3137 1004 3204 Augustini.
1052 3139 1081 3188 5
1132 3138 1233 3188 Hic
1282 3135 1616 3189 recensendis
1668 3135 1779 3187 suis
1827 3135 2098 3202 opusculis

466 3222 748 3283 incumbit.
783 3224 814 3274 6
846 3221 1130 3289 Speculum
1159 3236 1226 3275 ea:
1251 3223 1516 3276 universae
1542 3222 1839 3291 Scriptum
1869 3221 1995 3274 locis
2025 3220 2099 3274 ad

466 3309 880 3377 conformandos
930 3310 1013 3362 vel
1068 3308 1424 3363 emendandos
1472 3324 1642 3363 mores
1690 3309 1898 3363 idoneis
1946 3311 2100 3362 insti-

470 3402 591 3454 tuit.

469 3493 518 3544 l.
548 3488 706 3543 Circa
747 3485 1123 3559 quaestionem
1158 3486 1228 3540 de
1275 3486 1457 3556 gratia
1488 3485 1590 3540 Dei
1633 3491 1688 3540 et
1719 3486 1901 3540 libero
1944 3486 2098 3541 arbi-

392 3578 504 3632 trio
532 3575 826 3631 laborabat
858 3574 1051 3629 Vitalis
1082 3574 1339 3646 quidam,
1362 3573 1602 3645 perinde
1634 3578 1804 3646 atque
1833 3574 2098 3628 monachi

392 3661 860 3718 Adrumetenses.
900 3661 996 3716 Vir
1026 3662 1121 3717 ille
1152 3661 1211 3715 in
1241 3663 1675 3734 Carthaginensi
1705 3664 1947 3717 Ecclesia
1972 3680 2098 3734 eru;

392 3748 543 3804 ditus
592 3754 789 3821 (Epist.
832 3754 957 3818 2l7,
1004 3768 1061 3806 η.
1094 3754 1174 3820 2),
1208 3768 1269 3806 ac
1315 3751 1445 3805 vita:
1488 3752 1728 3806 forsitan
1775 3768 1984 3823 genere
2036 3770 2097 3807 ac

393 3839 746 3910 professione
792 3841 1103 3894 monachus
1132 3844 1288 3908 erat;
1322 3841 1394 3894 ob
1425 3840 1598 3909 idque
1628 3858 1746 3894 non
1782 3841 1893 3895 alia
1923 3859 2096 3912 quam

394 3925 586 3980 fratris
609 3925 991 3996 appellatione
1013 3928 1317 3982 decoratur
1344 3929 1413 3981 ab
1433 3929 1754 3999 Augustino
1774 3948 1788 3995 ;
1808 3929 1909 3999 qui
1925 3930 2097 3984 etiam

398 4018 458 4067 ut
486 4015 557 4069 ad
579 4014 727 4068 servi
749 4015 868 4082 Dei,
893 4015 983 4070 cui
1009 4017 1253 4070 salutem
1274 4017 1430 4084 dicit,
1457 4033 1576 4071 sese
1603 4018 1836 4072 modum
1863 4035 2096 4089 compo-

394 4107 514 4173 nat,
543 4102 885 4175 sibimetipsi
915 4121 1075 4159 servo
1105 4104 1311 4160 Christi
1352 4122 1415 4159 ac
1439 4121 1544 4176 per
1570 4105 1760 4176 ipsum
1787 4100 1947 4160 servo
1978 4123 2095 4161 ser-

394 4207 595 4247 vorum
617 4192 1039 4263 ipsiustitulum
1061 4194 1255 4248 sumit.
1276 4194 1443 4249 Illum
1456 4193 1692 4266 quidem
1705 4212 1822 4250 non
1835 4196 2099 4250 credebat

392 4281 726 4336 hau‘eticum
772 4299 891 4337 esse
942 4282 1345 4354 Pelagianum;
1404 4284 1500 4338 sed
1548 4294 1666 4337 tam
1718 4284 2097 4341 orthodoxum

394 4383 514 4422 esse
546 4370 793 4440 volebat,
817 4375 881 4425 ut
908 4370 1052 4425 nihil
1082 4370 1246 4425 istius
1277 4371 1346 4426 ad
1380 4372 1570 4442 ipsum
1594 4372 1883 4439 transiret,
1915 4374 2003 4427 vel
2037 4372 2097 4427 in

393 4456 518 4528 ipso
569 4458 997 4530 relinqueretur
1052 4459 1265 4514 erroris
1301 4460 1491 4531 (Ibid.,
1530 4476 1589 4515 η.
1647 4463 1755 4530 25).
1806 4461 2097 4533 Pelagiani

394 4548 596 4615 quippe
624 4550 805 4601 omnia
846 4548 921 4601 ad
947 4547 1161 4619 ﬁdelem
1185 4551 1445 4619 piamque
1473 4552 1643 4604 vitam
1682 4551 1954 4605 hominum
1975 4567 2099 4621 per-

396 4636 626 4688 tinentia
653 4637 736 4689 ita
766 4636 1033 4706 tribuunt,
1064 4636 1517 4707 inquitsanctus
1557 4639 1782 4705 Doctor,
1813 4639 1977 4693 libero
2006 4655 2096 4694 vo-

394 4724 621 4777 luntatis
664 4724 915 4794 arbitrio,
946 4731 1007 4779 ut
1047 4726 1296 4782 habenda
1342 4744 1410 4781 ea:
1454 4727 1629 4790 nobis,
1661 4743 1767 4781 non
1804 4744 1839 4781 a
1882 4731 2097 4784 Domino

389 4816 584 4881 putent
613 4827 722 4867 esse
752 4814 1021 4882 poscenda
1046 4832 1059 4869 :
1095 4821 1154 4870 tu
1182 4820 1382 4883 autem,
1414 4818 1464 4871 si
1490 4832 1554 4871 eu
1595 4832 1713 4887 quae
1758 4818 1823 4872 de
1854 4822 1902 4872 te
1931 4818 2096 4873 audio

389 4915 519 4954 vera
539 4907 687 4968 sunt,
703 4902 921 4957 initium
939 4903 1087 4972 ﬁdei,
1101 4904 1197 4958 ubi
1213 4910 1292 4960 est
1310 4908 1471 4961 etiam
1490 4908 1711 4961 initium
1733 4906 1900 4976 bonae,
1914 4908 2009 4962 hoc
2019 4900 2098 4963 est

390 4991 498 5059 piae
538 4990 858 5057 voluntatis,
888 5006 994 5046 non
1038 4993 1121 5046 vis
1166 4992 1366 5047 donum
1413 5008 1523 5048 esse
1558 4995 1684 5059 Dei;
1719 4993 1813 5048 sed
1841 5010 1908 5047 ecc
1943 4995 2096 5049 nobis

386 5092 483 5132 nos
510 5077 705 5133 habere
731 5080 1006 5135 contendis
1044 5085 1105 5136 ut
1133 5081 1345 5137 credere
1370 5084 1697 5151 incipiamus
1733 5098 1745 5137 :
1778 5088 1969 5137 caetera
1994 5099 2098 5137 au-

392 5171 495 5220 tem
520 5167 784 5234 religiosae
806 5169 931 5221 vita
961 5168 1099 5222 bona
1128 5171 1294 5223 Deum
1314 5185 1416 5238 per
1442 5171 1684 5236 gratiam
1705 5185 1860 5225 suam
1879 5171 2001 5239 jam
2024 5186 2092 5225 ea:

387 5256 494 5324 ﬁde
512 5256 839 5325 petentibus,
875 5258 1261 5325 quaerentibus,
1290 5258 1636 5327 pulsantibus
1662 5258 1865 5314 donare
1885 5274 2099 5314 consen-

393 5346 464 5396 tis
491 5343 672 5412 (Ibid.,
694 5361 750 5399 n.
770 5346 881 5414 29).
912 5343 1107 5398 Vitalis
1128 5361 1264 5416 ergo
1285 5344 1505 5400 divinas
1529 5345 1895 5402 auctoritates
1917 5346 2097 5402 errori

390 5445 493 5484 suo
537 5432 849 5487 contrarias
890 5432 1002 5487 alio
1040 5432 1439 5504 detorquebat,
1472 5450 1543 5488 ne
1585 5452 1656 5489 ex
1695 5436 1808 5490 illis
1850 5436 2095 5507 gratiam

390 5518 492 5573 Dei
523 5520 589 5575 ad
612 5520 839 5577 initium
863 5538 1093 5594 quoque
1121 5520 1256 5577 ﬁdei
1280 5539 1343 5576 ac
1366 5522 1477 5591 piae
1498 5523 1804 5579 voluntatis
1827 5541 2090 5581 necessa-

2212 380 2358 433 riam
2379 395 2499 433 esse
2519 379 2819 432 constaret.
2848 376 2989 430 Nam
3002 374 3071 429 ad
3093 374 3233 428 illud
3248 377 3507 446 Apostoli,
3532 381 3652 434 Deus
3667 388 3818 452 estqui

2211 473 2469 537 operatur
2496 469 2554 521 in
2582 466 2733 520 vobis
2762 470 2813 519 et
2840 464 2973 519 velle
3000 468 3051 518 et
3076 463 3330 534 per/icere
3343 466 3572 536 (Philipp.
3588 486 3638 536 ιι,
3658 472 3821 541 t3),re-

2211 557 2545 628 spondebat,
2578 572 2682 626 per
2702 556 2888 624 legem
2909 569 3093 619 suam,
3118 569 3221 624 per
3240 552 3537 625 Scripturas
3549 574 3661 612 suas
3679 560 3822 615 Deum

2212 646 2438 717 operari
2471 650 2532 699 ut
2558 644 2818 711 velimus,
2843 660 2985 714 quas
3006 643 3092 696 vel
3121 642 3364 714 legimus
3380 644 3458 697 vel
3480 645 3734 715 audimus;
3751 653 3825 704 sed

2211 734 2292 788 eis
2325 733 2646 789 consentire
2667 733 2755 788 vel
2784 748 2897 787 non
2928 731 3272 798 consentire,
3297 732 3370 786 ita
3394 739 3624 789 nostrum
3644 751 3763 804 esse,
3779 745 3828 793 ut

2212 823 2258 877 si
2280 823 2521 877 velimus
2546 823 2663 888 tiat,
2696 824 2745 876 si
2774 827 2966 877 autem
2988 821 3258 885 nolimus,
3284 821 3494 876 nihilin
3508 824 3650 877 nobis
3668 842 3828 896 opem-

2210 913 2429 967 tionem
2453 912 2551 966 Dei
2576 913 2759 966 valere
2782 911 3056 966 faciamus
3076 909 3401 980 (Epist.2l7.
3420 928 3472 965 n.
3499 913 3558 981 l).
3589 914 3683 967 Nec
3702 930 3828 969 secus

2210 1001 2695 1073 interpretabatur
2741 1000 3268 1072 Psalmographum,
3321 999 3516 1054 idcirco
3543 1000 3726 1056 dictum
3749 1020 3827 1074 pu-

2209 1095 2354 1156 tans,
2389 1107 2615 1161 gressus
2643 1089 2894 1144 hominis
2942 1088 3113 1160 dirigi
3143 1106 3177 1142 a
3207 1087 3461 1155 Domino,
3502 1094 3560 1143 ut
3585 1089 3713 1144 viam
3740 1091 3829 1161 ejus

2207 1180 2343 1235 velit
2371 1177 2536 1250 (Psal.
2571 1196 2745 1246 xxxv“
2778 1181 2864 1247 23)
2891 1196 2904 1246 ;
2947 1179 3084 1250 quia
3118 1177 3242 1248 ejus
3272 1177 3591 1245 doctrinam,
3618 1179 3827 1234 suasione

2209 1268 2585 1340 praecedente,
2619 1267 3002 1338 subsequente
3035 1267 3403 1321 consensione
3432 1271 3683 1333 sectatur;
3715 1269 3828 1339 quod

2210 1358 2473 1413 libertate
2505 1355 2753 1411 naturali
2785 1355 2833 1409 si
2862 1356 2983 1409 vult
3018 1355 3170 1421 facit,
3203 1354 3248 1408 si
3281 1371 3396 1409 non
3425 1355 3538 1409 vult
3583 1371 3685 1409 non
3717 1355 3831 1422 facit,

2209 1462 2315 1517 pro
2364 1463 2432 1499 eo
2488 1445 2640 1517 quod
2669 1444 2886 1510 fecerit,
2939 1443 3246 1514 praemium
3277 1444 3363 1498 vel
3390 1442 3700 1514 supplicium
3721 1460 3832 1498 rece-

2210 1539 2434 1605 pturus.
2482 1533 2568 1587 Ad
2618 1533 2887 1587 eumdem
2918 1533 3178 1595 modum,
3220 1548 3324 1603 per
3369 1533 3543 1602 legem
3580 1532 3668 1586 Dei
3704 1538 3833 1604 atque

2211 1622 2527 1676 doctrinam
2543 1622 2965 1693 Scripturarum
2996 1620 3123 1675 ﬁeri
3137 1621 3444 1681 dicebatur.
3464 1620 3604 1692 quod
3617 1620 3832 1690 scriptum

2211 1716 2316 1779 est,
2362 1714 2716 1782 Praeparatur
2742 1712 2991 1765 voluntas
3038 1726 3073 1764 a
3111 1710 3334 1764 Domino
3375 1711 3548 1780 (Prov.
3590 1725 3690 1775 vm,
3732 1710 3829 1779 l5):

2210 1817 2274 1854 ac
2325 1816 2443 1854 non
2510 1816 2614 1871 per
2678 1800 2956 1853 occultam
3012 1798 3446 1870 inspirationem
3510 1797 3686 1869 gratiae
3746 1798 3830 1851 Dei.

2211 1890 2419 1943 Contra
2448 1887 2601 1943 hunc
2643 1887 2838 1942 Vitalis
2880 1903 3133 1941 errorem
3181 1886 3527 1958 Augustinus
3561 1885 3616 1940 in
3649 1885 3834 1956 epistola

2209 1977 2433 2032 circiter
2463 1977 2570 2031 hoc
2602 1982 2828 2047 tempus
2859 1976 2929 2031 ad
2960 1993 3092 2031 eum
3122 1976 3334 2047 scripta
3357 1976 3565 2047 profert
3590 1991 3835 2046 argumen-

2209 2071 2333 2119 tum
2363 2082 2430 2119 ex
2461 2065 2725 2135 precibus
2760 2064 3040 2129 Ecclesiae,
3069 2064 3289 2135 judicio
3320 2081 3440 2131 suo,
3472 2080 3533 2118 ac
3570 2080 3624 2118 re
3660 2078 3833 2134 quoque

2208 2154 2353 2226 ipsa,
2385 2171 2664 2226 perquam
2691 2154 2961 2217 validum,
2986 2158 3043 2208 et
3071 2154 3478 2224 persuadendm
3498 2152 3697 2206 veritati
3720 2151 3835 2205 valde

2208 2245 2505 2300 idoneum.
2545 2243 2788 2298 Ecclesia
2816 2244 3029 2316 quippe
3066 2248 3123 2298 et
3150 2260 3258 2314 pro
3289 2242 3605 2298 inﬁdelibus
3630 2244 3763 2311 rogat
3792 2244 3835 2292 ut

2211 2337 2640 2401 convertantur,
2686 2336 2743 2388 et
2770 2349 2874 2403 pro
2915 2332 3120 2387 iisdem
3150 2332 3435 2387 conversis
3471 2331 3537 2385 ad
3573 2330 3720 2384 ﬁdem
3743 2342 3835 2398 gra-

2210 2422 2319 2477 tias
2348 2421 2504 2492 agit;
2541 2421 3025 2493 quemadmodum
3058 2424 3115 2475 et
3133 2437 3236 2492 pro
3271 2419 3408 2492 ipsis
3436 2418 3679 2473 ﬁdelibus
3704 2417 3834 2470 Deum

2206 2517 2495 2582 precatur,
2533 2514 2594 2565 ut
2635 2510 2695 2564 in
2739 2527 2808 2565 eo
2839 2510 2994 2582 quod
3037 2526 3160 2565 esse
3190 2511 3486 2580 cmperunt
3513 2507 3624 2578 ejus
3657 2520 3836 2560 munere

2208 2604 2594 2669 perseverent.
2626 2600 2825 2668 Atqui,
2858 2599 2958 2664 ait,
3003 2599 3112 2653 haec
3159 2614 3194 2652 a
3221 2600 3446 2653 Domino
3494 2595 3728 2667 poscenda
3761 2608 3837 2647 esse

2207 2704 2314 2742 non
2336 2691 2521 2742 renuis
2546 2705 2558 2754 ;
2589 2689 2725 2756 quid
2750 2691 2939 2754 restat,
2970 2690 3149 2754 frater
3175 2687 3395 2753 Vitalis,
3427 2687 3535 2740 nisi
3554 2688 3608 2738 ut
3626 2683 3685 2737 ab
3706 2681 3777 2735 illo
3796 2694 3836 2732 ea

2208 2776 2406 2831 donari
2449 2778 2704 2843 fatearis,
2736 2793 2771 2830 a
2801 2791 2905 2846 quo
2943 2774 3216 2845 poscenda
3250 2790 3364 2830 esse
3401 2774 3645 2829 censentis
3686 2770 3836 2840 (Epist.

2211 2868 2337 2932 217,
2370 2881 2425 2920 n.
2461 2869 2491 2919 5
2517 2866 2661 2936 sqq).
2698 2866 2872 2935 Urget
2920 2863 3187 2918 eumdem
3231 2862 3562 2918 auctoritate
3601 2858 3750 2914 sancti
3770 2856 3838 2925 Cy-

2210 2953 2400 3023 priani
2439 2954 2509 3008 de
2549 2953 2695 3007 libro
2722 2954 2780 3006 in
2814 2954 3146 3008 Orationem
3180 2950 3555 3016 Dominicam,
3584 2953 3635 3003 et
3659 2947 3773 3002 libro
3791 2943 3838 2995 de

2209 3042 2566 3097 Mortalitate.
2618 3042 2848 3096 Moriens
2886 3041 3090 3096 deinde
3130 3045 3212 3106 ut,
3268 3040 3316 3095 si
3361 3056 3490 3094 vere
3518 3038 3746 3092 volumus
3768 3032 3836 3085 de-

2207 3129 2443 3184 fendere
2473 3129 2716 3183 liberum
2747 3129 3071 3194 arbitrium,
3120 3145 3192 3183 ne
3234 3142 3627 3201 oppugnemus
3655 3121 3775 3177 unde
3796 3118 3840 3170 ﬁt

2206 3219 2474 3285 liberum,
2513 3218 2678 3273 docet
2717 3218 3017 3273 arbitrium
3073 3234 3300 3284 eorum,
3366 3216 3465 3289 qui
3503 3213 3680 3270 ﬁdeles
3716 3208 3837 3268 ﬁunt,

2206 3325 2311 3381 per
2347 3308 2633 3363 Christum
2663 3307 2896 3362 liberari
2922 3325 2955 3362 a
2978 3307 3189 3363 diaboli
3218 3310 3551 3377 postestate,
3577 3308 3631 3356 ut
3656 3300 3737 3355 illo
3759 3308 3841 3349 non

2205 3397 2555 3468 impediente
2585 3396 2819 3451 credant
2862 3397 2922 3450 in
2951 3396 3143 3468 ipsum
3186 3396 3374 3451 libera
3415 3395 3701 3450 voluntate.
3727 3388 3836 3450 Ουο·

2208 3484 2365 3540 niam
2395 3485 2625 3540 tandem
2654 3484 2895 3556 quaestio
2922 3484 3189 3539 adversus
3209 3485 3455 3540 Vitalem
3483 3476 3742 3538 tractanda
3755 3474 3838 3528 hac

2209 3573 2447 3627 omnino
2478 3576 2620 3643 erat,
2652 3577 2846 3628 utrum
2876 3574 3159 3645 praecedat
3187 3574 3396 3643 gratia,
3431 3588 3503 3627 an
3531 3565 3836 3636 subsequatur

2205 3661 2430 3718 homini
2461 3662 2836 3730 voluntatem,
2859 3662 2964 3717 hoc
2994 3666 3098 3729 est,
3133 3669 3333 3717 utrum
3364 3660 3524 3716 nobis
3554 3658 3716 3720 detur,
3741 3647 3837 3722 quia

2207 3752 2489 3817 volumus,
2532 3768 2605 3806 an
2654 3768 2757 3823 per
2804 3752 2989 3822 ipsam
3039 3754 3188 3807 Deus
3233 3752 3414 3807 etiam
3455 3750 3557 3804 hoc
3587 3738 3837 3805 eﬂiciatull

2206 3840 2446 3895 velimus
2470 3858 2482 3907 ;
2518 3839 2790 3911 proponit
2817 3840 2902 3894 illi
2932 3840 3237 3895 duodecim
3265 3837 3572 3895 sententias
3599 3834 3661 3889 de
3684 3824 3834 3903 gratia.

2207 3946 2337 4001 quas
2368 3933 2549 3984 totam
2580 3930 2729 3983 hanc
2759 3929 3139 4000 quaestionem
3179 3927 3467 3983 dirimunt
3496 3942 3510 3981 :
3542 3937 3660 3979 cum
3684 3933 3736 3972 ex
3760 3912 3837 3968 illis

2207 4035 2325 4072 non
2354 4018 2541 4072 solum
2572 4018 2863 4085 omnibus,
2895 4017 2994 4071 sed
3025 4017 3198 4071 etiam
3219 4016 3467 4089 singulis
3488 4006 3836 4070 idconﬁciatur,

2206 4111 2270 4160 ut
2297 4107 2676 4162 conﬁteamur
2703 4106 2887 4178 gratia
2915 4106 3016 4160 Dei
3044 4106 3356 4178 prmveniri
3395 4104 3677 4160 hominum
3695 4095 3837 4150 volun-

2205 4199 2347 4250 tates
2376 4213 2388 4263 ;
2432 4199 2488 4250 et
2517 4212 2621 4267 per
2658 4197 2803 4250 hanc
2836 4213 2929 4251 eas
2955 4195 3147 4266 potius
3177 4195 3514 4267 praeparari,
3558 4202 3711 4263 quam
3732 4184 3835 4253 Ῥω

2208 4290 2336 4355 pter
2366 4300 2566 4339 earum
2608 4285 2876 4339 meritum
2914 4284 3054 4338 dari.
3098 4285 3227 4338 Haec
3268 4280 3463 4343 autem
3498 4281 3566 4336 ad
3601 4282 3839 4333 numerum

2207 4373 2628 4428 duodenarium
2658 4373 2964 4443 redigit,ut
2982 4372 3203 4427 facilius
3224 4371 3521 4429 memoriae
3552 4363 3837 4451 mandentur.

2206 4461 2641 4534 distinctiusque
2665 4466 2985 4517 teneantur.
3017 4462 3177 4529 Sese,
3209 4479 3346 4516 cum
3376 4462 3451 4515 sit
3480 4455 3705 4531 propitio
3726 4449 3838 4504 Chﬂ'

2207 4555 2293 4606 sto
2324 4550 2666 4606 Christianus
2707 4551 3037 4618 catholicus,
3079 4550 3280 4606 asserit
3317 4548 3690 4605 indubitanter
3719 4535 3837 4592 scire.

2205 4640 2329 4694 haec
2359 4637 2457 4693 illa
2477 4638 2716 4693 totidem
2746 4639 3018 4710 dogmata
3044 4655 3167 4694 esse
3190 4639 3473 4694 catholica
3502 4638 3647 4691 extra
3673 4629 3839 4684 contro-

2205 4727 2446 4783 versiam
2468 4742 2701 4782 omnem
2731 4728 2935 4798 posita,
2968 4744 3001 4782 a
3031 4727 3239 4798 quibus
3270 4723 3840 4791 recederenequaqualn

2204 4816 2419 4882 liceret,
2453 4832 2651 4888 quaeve
2697 4816 2769 4871 ad
2801 4815 2975 4871 ﬁdem
3016 4816 3306 4888 pertinere
3335 4832 3408 4871 ne
3440 4811 3628 4869 Vitalis
3661 4801 3840 4888 quidet“

2204 4885 2527 4976 repugnare
2557 4908 2774 4975 posset.
2814 4905 2873 4959 Si
2905 4885 3098 4960 tamen
3147 4921 3212 4959 ex
3261 4904 3345 4959 eis
3389 4900 3610 4973 aliquod
3637 4885 3841 4955 esset,“
3936 4954 3937 4959 η

2204 5010 2319 5065 quo
2347 4998 2605 5049 censeret
2628 4993 3033 5061 dubitandum,
3065 4994 3313 5064 rogabat
3339 4993 3399 5048 id
3430 4990 3535 5047 sibi
3551 4982 3837 5059 signiﬁcare;

2204 5088 2269 5136 ut
2296 5082 2483 5138 eidem
2513 5083 2636 5153 ipse
2664 5099 2771 5154 pro
2803 5098 2890 5147 ea,
2925 5099 3096 5155 quam
3126 5083 3408 5137 Dominus
3435 5081 3607 5144 daret,
3636 5069 3842 5129 facultate
3936 5082 3937 5095 π

2204 5173 2596 5243 responderet.
2622 5171 2859 5227 Interim
2882 5188 3012 5243 quae
3033 5176 3230 5226 contra
3253 5171 3512 5243 proferre
3524 5164 3696 5240 potuit
3710 5158 3839 5215 frater

2204 5261 2424 5329 Vitalis,
2475 5266 2532 5315 et
2576 5276 2706 5332 quas
2761 5261 2973 5332 partim
3012 5261 3308 5332 protulere
3356 5264 3553 5331 postea
3584 5252 3674 5327 qui
3717 5244 3843 5340 νυξεο
3936 5312 3937 5323 χ

2204 5349 2473 5405 dicuntur
2512 5350 2979 5422 Semipelagiani,
3010 5367 3077 5405 ea
3114 5349 3286 5405 diluit
3331 5354 3390 5405 et
3417 5345 3613 5403 evertit
3635 5342 3843 5422 ρεηειιξθ
3936 5364 3937 5375 π

2204 5436 2404 5509 gratiae
2429 5417 2710 5493 defensor.
2743 5417 3001 5510 Denique
3030 5437 3093 5493 in
3118 5441 3375 5492 extrema
3411 5432 3643 5507 epistola
3665 5430 3755 5484 hoc
3772 5417 3844 5510 ἃδέ

2205 5502 2310 5591 dit,
2342 5526 2391 5582 si
2414 5526 2723 5583 contendat
2748 5526 2845 5584 ille
2883 5502 2990 5599 pro
3036 5526 3118 5584 eis
3149 5526 3249 5599 qui
3298 5502 3527 5583 credere
3573 5517 3767 5581 nolunt,
3800 5506 3842 5559 ιιί
