4028 6174
178 277 280 329 549
1641 275 1853 331 LIBER

2058 277 2118 330 LV
2128 277 2230 333 US.
2777 358 2786 364 ς
3592 296 3693 344 550

173 398 355 452 velint
397 397 649 464 credere,
695 412 812 451 non
849 397 1129 452 orandum
1177 411 1339 462 esse;
1385 397 1637 468 itemque
1667 398 1879 468 gratias

175 489 294 540 Deo
325 503 441 552 non
469 486 739 557 agendas,
781 501 912 540 cum
943 485 1024 552 hi,
1059 484 1160 556 qui
1190 485 1420 540 credere
1468 485 1761 552 nolebant,
1798 487 1880 541 id-

174 576 366 645 ipsum
397 574 679 629 voluerint
708 592 722 640 ;
756 579 889 629 tunc
917 590 1216 629 necessum
1269 575 1410 642 fore,
1466 581 1528 629 ut
1572 575 1620 629 is
1651 575 1764 630 alia
1791 576 1878 630 via

177 665 504 731 refellatur;
539 664 639 735 qui
677 664 722 737 si
749 669 1070 734 perseveret.
1097 663 1158 718 in
1201 680 1416 730 errore,
1457 665 1705 719 dandam
1735 681 1876 735 ope-

173 769 328 819 ram,
349 769 420 807 ne
449 752 590 806 alios
615 752 675 807 in
703 753 866 807 illum
895 752 1159 823 pellicere
1191 756 1382 824 queat,
1414 752 1692 808 nimirum
1723 758 1781 808 et
1805 753 1876 808 ab

172 841 437 896 Ecclesiae
458 856 696 912 corpore
726 841 1100 898 rescindatur.

244 932 297 984 '2.
342 929 456 983 Sub
502 928 656 982 idem
705 928 847 983 forte
877 933 1102 999 tempus
1153 928 1325 984 dabat
1371 928 1725 1000 Augustinus
1754 930 1876 984 haec

166 1016 434 1071 Palatino
482 1016 697 1070 monita
729 1033 741 1070 :
776 1018 884 1072 Ora
922 1033 986 1070 ne
1022 1019 1188 1072 intres
1238 1019 1294 1071 in
1337 1019 1700 1072 tentationem.
1749 1020 1877 1087 Ipsa

167 1109 379 1175 quippe
406 1107 577 1159 oratio
615 1105 865 1162 admonet
896 1110 962 1171 te,
1013 1105 1157 1174 quod
1187 1105 1435 1173 indigeas
1466 1105 1741 1174 adjutorio
1770 1109 1874 1161 Do-

165 1197 312 1249 mini
341 1197 442 1262 tui,
484 1211 546 1248 ne
570 1209 716 1263 spem
748 1195 873 1248 bene
901 1194 1121 1248 vivendi
1145 1197 1268 1248 inte
1286 1211 1481 1264 ponas.
1515 1197 1720 1250 Bonum
1741 1212 1874 1264 quo-

164 1286 325 1338 niam
343 1285 466 1352 jam
493 1285 722 1352 coepisti,
751 1288 828 1337 est
857 1283 999 1337 unde
1027 1285 1242 1350 gratias
1281 1300 1435 1350 agas.
1475 1284 1658 1340 Sciens
1698 1290 1876 1338 autem

166 1372 319 1426 unde
345 1374 634 1441 acceperis,
657 1372 724 1425 ab
754 1373 847 1426 illo
874 1377 997 1440 pete
1028 1375 1087 1425 ut
1128 1373 1466 1440 perﬁciatur,
1499 1388 1534 1425 a
1563 1388 1666 1441 quo
1687 1373 1876 1426 datum

164 1467 251 1516 est
278 1467 339 1514 ut
365 1463 711 1530 inciperetur.
767 1463 897 1516 Cum
948 1463 1136 1515 timore
1179 1464 1364 1530 itaque
1392 1465 1441 1514 et
1472 1465 1695 1514 tremore
1728 1467 1875 1514 tuam

163 1554 404 1608 salutem
432 1569 671 1622 operare.
729 1556 865 1607 Deus
899 1556 977 1607 est
1019 1555 1160 1607 enim
1194 1555 1291 1622 qui
1326 1557 1592 1621 operatur
1635 1555 1694 1608 in
1737 1557 1786 1606 te
1825 1557 1877 1606 et

164 1644 306 1696 velte
316 1648 365 1696 et
377 1645 628 1711 perﬁcere
634 1658 737 1711 pro
751 1643 887 1696 bona
913 1643 1216 1708 voluntate;
1247 1642 1502 1709 quoniam
1519 1645 1874 1710 przeparatur

167 1732 425 1786 votzmtas
455 1747 489 1785 a
510 1733 752 1797 Domino,
786 1735 948 1799 atque
985 1731 1052 1784 ab
1091 1735 1208 1800 ipso
1235 1745 1450 1796 gressus
1481 1731 1707 1784 hominis
1738 1730 1878 1784 diri-

165 1827 399 1887 guntur,
429 1825 480 1874 et
507 1823 652 1874 viam
676 1820 792 1888 ejus
821 1820 978 1874 volet.
1002 1820 1124 1874 Haec
1150 1821 1406 1886 cogitatio
1426 1823 1615 1873 sancta
1634 1819 1876 1873 servabit

169 1915 240 1976 te,
283 1915 345 1962 ut
372 1911 646 1970 sapientia
673 1913 768 1962 tua
783 1910 961 1977 pietas
982 1910 1088 1974 sit;
1111 1908 1172 1962 id
1197 1912 1296 1976 est,
1327 1913 1386 1962 ut
1412 1923 1478 1961 ea:
1499 1911 1604 1962 Deo
1621 1910 1694 1962 sis
1710 1908 1877 1962 bonus

165 2004 220 2053 et
251 1999 462 2054 Christi
489 2001 681 2064 gratiae
724 2012 831 2051 non
877 1999 1126 2064 ingratus
1170 1998 1365 2067 (Epist.
1410 1999 1532 2062 218,
1565 2012 1619 2050 π.
1663 1997 1735 2066 3).
1770 1998 1875 2050 Pa-

166 2087 384 2141 latinus
410 2086 515 2140 iste
544 2085 748 2156 patria,
779 2090 843 2140 ut
871 2086 1116 2154 videtur,
1163 2085 1562 2156 Hipponensis,
1596 2084 1874 2155 quidquid

169 2177 230 2230 in
261 2176 471 2230 saeculo
504 2180 773 2246 speraret,
810 2174 1017 2229 Christi
1065 2178 1336 2245 operante
1384 2174 1568 2244 gratia
1610 2177 1874 2227 contem-

168 2270 384 2336 pserat,
418 2270 478 2319 ut
506 2269 842 2318 exoneratus
865 2265 1072 2335 jugum
1102 2262 1329 2317 Domini
1359 2271 1414 2318 et
1441 2253 1728 2316 Isarcinam
1755 2262 1875 2332 ejus

171 2354 400 2408 tolleret
430 2371 444 2408 :
481 2353 641 2426 isque
671 2353 732 2407 in
757 2354 880 2408 loco
931 2353 1028 2407 ubi
1069 2351 1400 2407 necessariae
1440 2351 1792 2406 hortationes
1823 2350 1875 2404 ei

174 2443 390 2497 affatim
438 2443 840 2514 suppetebant,
892 2441 954 2496 in
983 2442 1234 2512 quodam
1260 2442 1498 2494 fortasse
1527 2439 1875 2495 monasterio

174 2531 632 2601 Garthaginensi,
685 2533 800 2586 Deo
850 2530 1148 2585 serviebat.
1190 2532 1564 2600 Augustinus,
1598 2529 1666 2583 ad
1703 2544 1874 2599 quem

175 2620 266 2673 ille
297 2620 602 2690 scripserat
637 2621 981 2692 miseratque
1024 2619 1224 2684 cilicia,
1260 2620 1527 2674 eumdem
1573 2620 1644 2673 ad
1676 2635 1872 2689 perse-

174 2709 489 2762 verandum
518 2709 576 2762 in
604 2709 757 2763 bono
786 2708 1081 2780 proposito
1131 2708 1462 2762 cohortatur
1505 2725 1608 2778 per
1639 2708 1868 2773 litteras,

171 2802 342 2868 atque
375 2797 548 2851 missa
567 2798 639 2852 ab
669 2814 736 2852 eo
763 2797 948 2851 cilicia
968 2813 1026 2851 se
1055 2796 1507 2850 velutservandaa
1534 2795 1876 2849 humilitatis

173 2890 225 2940 et
265 2886 698 2957 frequentanda:
744 2886 1017 2942 orationis
1047 2885 1306 2956 symbola
1348 2884 1671 2956 gratissime
1710 2901 1869 2938 acce-

171 2976 319 3046 pisse
352 2975 674 3047 proﬁtetur.

239 3069 292 3120 3.
333 3065 689 3136 Augustinus
734 3064 796 3118 in
833 3079 1007 3134 supra
1043 3066 1359 3119 memorato
1391 3063 1539 3118 libro
1571 3062 1641 3118 de
1673 3063 1874 3116 Corre-

166 3153 364 3224 ptione
403 3159 462 3207 et
510 3153 718 3220 Gratia,
777 3169 907 3207 cum
955 3154 1182 3208 doceret
1229 3151 1517 3207 subveniri
1564 3150 1726 3206 nobis
1774 3167 1877 3221 per

167 3242 554 3313 potentiorem
576 3242 821 3314 gratiam
848 3242 1173 3309 Salvatoris,
1205 3243 1275 3297 de
1296 3242 1439 3296 Filio
1463 3240 1564 3295 Dei
1579 3241 1873 3295 incarnato

165 3335 273 3386 hac
299 3332 598 3387 occasione
619 3332 924 3401 disserens,
955 3331 1118 3399 dixit,
1151 3331 1444 3385 neminem
1464 3346 1583 3384 esse
1614 3334 1730 3384 tam
1761 3344 1872 3382 cte-

164 3438 321 3488 cum,
356 3426 587 3492 tamque
603 3421 869 3492 ignarum
890 3421 950 3475 in
979 3420 1108 3486 ﬁde,
1127 3426 1187 3474 ut
1212 3420 1398 3474 dicere
1424 3419 1649 3484 audeat,
1679 3434 1876 3488 quam-

165 3511 251 3564 vis
278 3510 351 3564 de
382 3509 601 3580 Spiritu
630 3514 823 3564 sancto
853 3515 911 3564 et
938 3508 1159 3579 virgine
1189 3508 1361 3564 Maria
1399 3507 1585 3562 ﬁlium
1626 3505 1874 3561 hominis

167 3606 400 3670 natum,
430 3617 534 3672 per
563 3601 810 3655 liberum
839 3605 1035 3655 tamen
1055 3599 1358 3654 arbitrium
1378 3599 1523 3654 bene
1546 3598 1797 3659 vivendo,
1821 3602 1878 3651 et

167 3691 293 3744 sine
323 3695 557 3761 peccato
587 3691 739 3745 bona
780 3707 954 3761 opera
1001 3689 1278 3755 faciendo,
1325 3688 1600 3743 meruisse
1642 3691 1702 3741 ut
1730 3691 1877 3741 esset

172 3780 273 3834 Dei
305 3779 464 3834 ﬁlius
509 3780 604 3850 (De
651 3781 996 3848 Correptione
1042 3783 1092 3832 et
1123 3779 1338 3843 Gratia,
1390 3794 1446 3832 η.
1479 3777 1588 3847 30).
1621 3775 1873 3846 Quapro-

166 3874 299 3938 pter
317 3884 452 3921 cum
480 3867 538 3922 in
566 3869 718 3922 hunc
743 3883 997 3922 errorem
1045 3883 1102 3920 se
1133 3867 1357 3936 lapsum
1382 3881 1504 3920 esse
1533 3866 1876 3919 conﬁteatur

167 3961 365 4027 aperte
407 3955 676 4027 Leporius
705 3956 766 4009 in
788 3953 1204 4009 emendationis
1225 3971 1341 4008 sua:
1363 3955 1555 4009 libello
1582 3971 1595 4021 ;
1626 3954 1747 4008 haec
1770 3954 1875 4007 Le-

167 4043 679 4114 poriiemendatio,
704 4060 832 4114 quae
861 4042 1168 4113 Augustini
1199 4043 1564 4112 potissimum
1588 4042 1770 4097 labori
1810 4058 1874 4096 ac

167 4133 484 4203 diligentiae
523 4132 795 4186 tribuitur
822 4131 1105 4202 (Gennad.,
1140 4135 1212 4186 De
1239 4131 1605 4200 Scriptoribus
1635 4133 1876 4186 ecclesia-

166 4224 348 4289 sticis,
368 4237 412 4275 c.
449 4222 558 4288 59),
590 4226 781 4275 secuta
811 4220 882 4274 sit
911 4236 1139 4274 necesse
1170 4224 1255 4274 est
1292 4235 1466 4290 supra
1494 4222 1874 4273 memoratum

167 4311 404 4364 librum.
463 4309 570 4364 Sed
621 4315 678 4364 et
723 4309 1012 4380 prmcessit
1042 4308 1141 4363 illa
1189 4309 1344 4378 Opus
1377 4307 1779 4378 imperfectum
1817 4308 1875 4361 in

166 4399 490 4465 .Iulianum,
535 4397 630 4452 ubi
655 4404 879 4452 sanctus
908 4400 1112 4453 Doctor
1135 4397 1198 4451 in
1222 4397 1374 4450 hunc
1401 4396 1591 4467 ipsum
1621 4412 1875 4450 errorem

165 4506 194 4542 e
228 4488 540 4558 Pelagiana
576 4487 777 4541 haeresi
809 4492 1200 4558 emergentem
1227 4485 1653 4540 animadvertit.
1696 4485 1873 4556 Lepo-

170 4578 290 4631 rius
323 4593 479 4648 ergo,
514 4575 863 4647 professione
893 4576 1224 4637 monachus,
1275 4573 1406 4628 vitae
1461 4573 1873 4640 innocentiam,

169 4683 284 4736 qua
317 4666 379 4719 in
404 4665 600 4721 Galliis
638 4665 897 4731 florebat,
930 4681 1045 4718 non
1075 4663 1287 4719 auxilio
1322 4662 1536 4730 divino,
1567 4663 1665 4717 sed
1695 4662 1874 4717 libero

166 4755 409 4809 arbitrio
438 4753 801 4825 prOpriisque
831 4753 1046 4808 viribus
1073 4752 1394 4822 arrogabat,
1421 4751 1742 4806 doctrinam
1771 4753 1876 4805 Pe-

164 4842 892 4913 lagianamjsecutunguin
922 4841 1098 4898 etiam
1128 4841 1438 4896 recensitus
1466 4844 1552 4895 est
1582 4840 1734 4895 inter
1753 4839 1874 4911 pri-

165 4949 291 4987 mos
320 4931 758 5003 praecipuosque
790 4931 962 4986 duces
991 4947 1214 5000 eorum,
1246 4929 1345 5002 qui
1370 4945 1472 5001 per
1501 4928 1562 4984 id
1590 4934 1820 5000 tempus
1843 4943 1876 4983 e

166 5022 494 5092 Pelagianae
533 5021 816 5076 haereseos
844 5019 1141 5092 principiis
1175 5023 1231 5074 et
1259 5019 1558 5091 antiquam
1591 5017 1876 5072 Ebionita—

163 5127 294 5165 rum
325 5109 680 5181 impietatem
706 5113 1052 5164 renovarunt
1078 5109 1412 5178 (Cassianus,
1444 5112 1520 5163 De
1543 5108 1877 5162 Incarnatio-

164 5217 248 5268 ne,
281 5201 378 5255 tib.
413 5204 461 5255 1.
495 5215 618 5269 cap.
645 5199 720 5268 4),
753 5203 810 5253 et
841 5198 1189 5253 Nestorianee
1212 5197 1476 5268 jecerunt
1503 5196 1878 5251 fundamenta

163 5288 474 5358 (Facundus
488 5290 914 5354 Hermianensis,
951 5287 1045 5341 lib.
1069 5287 1142 5354 4).
1160 5287 1340 5342 Deum
1354 5303 1420 5341 ex
1441 5286 1662 5356 virgine
1674 5289 1876 5339 natum

163 5394 286 5432 esse
316 5381 418 5432 aut
442 5377 739 5433 hominem
759 5377 975 5432 factum
1004 5375 1192 5431 dicere
1214 5377 1535 5438 verebatur,
1559 5374 1670 5429 hoc
1695 5388 1876 5426 unum

161 5466 472 5520 concedere
523 5467 784 5522 animum
837 5466 1136 5535 inducens,
1185 5465 1379 5520 Iesum
1417 5463 1704 5519 Christum
1745 5476 1874 5515 cum

165 5555 280 5610 Deo
309 5553 630 5625 perfectum
659 5554 961 5612 hominem
992 5553 1214 5612 editum
1238 5553 1409 5610 fuisse
1430 5553 1709 5621 Leporius,
1737 5552 1793 5605 in
1815 5550 1878 5603 li-

1993 399 2125 452 bello
2143 400 2594 472 Emendationis).
2625 403 2748 466 Quo
2777 409 2942 474 pacto
2965 406 3343 476 proprietates
3366 410 3586 464 divinas
3615 412 3694 466 ita

1990 488 2356 558 disjungebat
2401 489 2470 542 ab
2524 491 2812 562 humanis,
2861 497 2922 546 ut
2959 495 3101 548 duos
3131 496 3389 550 Christos
3420 498 3692 568 efﬁceret,

1991 592 2208 631 necnon
2237 583 2499 649 quartam
2521 579 2782 634 Trinitati
2802 599 3108 652 personam
3133 585 3424 654 adiiceret.
3458 587 3542 641 Ad
3572 587 3696 643 haec

1989 663 2302 735 effutiebat,
2334 667 2622 722 Christum
2666 670 2772 724 sibi
2803 671 3047 742 gloriam
3077 689 3438 745 comparasse
3471 676 3688 744 labore,

1988 753 2286 825 religione,
2316 756 2450 824 ﬁde,
2481 758 2648 811 bonis
2677 759 2946 830 operibus
2982 778 2993 815 :
3029 762 3100 827 ei,
3135 780 3262 834 qum
3292 766 3693 820 tantummodo

1987 843 2148 927 puris
2190 845 2523 900 hominibus
2571 849 2942 916 conveniunt,
2995 851 3341 913 adscribens,
3398 871 3460 907 ac
3505 855 3692 925 ipsum

1987 931 2164 986 ferme
2185 933 2253 988 ad
2287 935 2674 990 conditionem
2696 942 3021 992 sanctorum
3049 939 3371 1006 hominum,
3397 940 3528 996 licet
3551 959 3694 1012 prte-

1984 1025 2070 1074 ter
2098 1022 2491 1089 intentionem,
2543 1025 2833 1094 dejiciens.
2885 1028 3112 1080 Errores
3156 1027 3325 1083 etiam
3363 1046 3492 1082 suos
3524 1032 3684 1084 evul-

1987 1111 2142 1180 gavit
2169 1112 2378 1183 scripta
2408 1113 2673 1183 epistola,
2705 1132 2833 1185 qua:
2861 1116 3128 1170 omnibus
3161 1117 3484 1172 orthodoxis
3515 1118 3690 1173 offen-

1986 1201 2205 1254 sionem
2227 1201 2492 1270 prazbuit.
2517 1203 2664 1256 Itum
2680 1208 2762 1256 est
2780 1205 3004 1258 obviam
3019 1205 3088 1259 ab
3111 1205 3350 1258 eruditis
3373 1206 3683 1261 Galliarum

1988 1289 2142 1358 viris,
2171 1289 2271 1359 qui
2294 1289 2554 1359 Leporio,
2580 1296 2639 1344 ut
2658 1307 2859 1360 pravas
2881 1309 3009 1345 suas
3033 1293 3333 1362 opiniones
3352 1295 3682 1364 corrigeret,

1986 1378 2326 1448 persuadere
2358 1378 2546 1431 conati
2577 1384 2710 1432 sunt
2743 1396 2754 1432 :
2787 1380 2886 1432 sed
2915 1379 3144 1433 frustra.
3179 1381 3537 1451 Quapropter
3575 1384 3684 1437 im-

1985 1465 2092 1536 piis
2122 1465 2244 1536 ejus
2284 1467 2646 1538 dogmatibus
2685 1468 2975 1521 Gallorum
3020 1467 3419 1538 episcoporum
3462 1473 3685 1526 Proculi

1985 1559 2044 1608 et
2081 1554 2326 1624 Cylinnii
2367 1555 2698 1610 auctoritate
2744 1556 3047 1624 damnatis,
3100 1556 3284 1610 solum
3334 1562 3551 1612 vertere
3590 1576 3685 1614 co-

1987 1643 2161 1713 gitur.

2058 1732 2110 1784 4.
2144 1732 2418 1801 Expulsus
2446 1747 2475 1784 e
2507 1730 2698 1785 Galliis
2721 1731 2998 1800 Leporius
3023 1732 3337 1788 transmisit
3359 1727 3415 1788 iii
3439 1734 3687 1789 Africam

1987 1835 2117 1874 cum
2146 1819 2367 1890 aliquot
2409 1819 2618 1874 erroris
2665 1819 2751 1873 sui
2793 1820 2977 1875 sociis.
3029 1821 3128 1874 Hic
3166 1822 3430 1876 Aurelius
3461 1825 3687 1877 Cartha~

1986 1907 2261 1979 ginensis,
2293 1907 2645 1978 Augustinus
2672 1914 2728 1961 et
2757 1909 2856 1962 alii
2889 1911 3150 1963 nonnulli
3181 1927 3415 1980 operam
3443 1911 3682 1981 pariter,

1987 2002 2052 2051 ut
2080 2013 2208 2050 cum
2243 1997 2311 2051 ab
2351 2015 2543 2052 errore
2576 2002 2925 2064 revocarent,
2959 2015 3121 2052 suam
3163 2001 3550 2064 contulerunt,
3587 2000 3685 2052 sed

1986 2102 2104 2157 pra:
2135 2086 2354 2140 caeteris
2386 2088 2755 2157 Augustinus.
2807 2088 3066 2140 Errorem
3105 2088 3414 2158 aliquando
3450 2088 3681 2142 tandem

1987 2174 2234 2244 agnovit,
2267 2175 2688 2245 detestatusque
2712 2180 2824 2241 est;
2856 2191 2920 2228 ac
2945 2175 3200 2245 ejusdem
3222 2176 3374 2230 virus
3400 2177 3524 2230 vivo
3547 2193 3678 2229 cum

1987 2263 2178 2317 dolore
2207 2280 2269 2316 ac
2311 2269 2503 2318 sancta
2541 2265 2788 2335 quadam
2820 2263 3175 2334 impudentia
3208 2264 3433 2336 publice
3463 2266 3685 2318 confes-

1987 2369 2083 2406 sus
2113 2356 2214 2406 est.
2261 2352 2530 2416 Quicum
2577 2368 2643 2407 eo
2675 2353 3030 2422 trajecerant,
3079 2352 3251 2406 etiam
3290 2370 3422 2407 cum
3467 2369 3533 2407 eo
3560 2369 3689 2407 sen-

1987 2442 2224 2496 tentiam
2268 2446 2577 2498 mutavere.
2629 2443 2802 2496 Porro
2860 2441 3347 2512 quemadmodum
3395 2442 3584 2512 primo
3630 2441 3690 2496 in

1987 2530 2180 2586 Galliis
2227 2531 2488 2601 vulgatus
2534 2537 2655 2585 erat
2691 2530 2844 2585 illius
2885 2546 3063 2597 error,
3095 2530 3175 2584 ita
3232 2529 3684 2601 resipiscentiam

1988 2635 2147 2673 suam
2184 2618 2299 2672 illic
2327 2620 2518 2690 palam
2548 2635 2821 2690 apparere
2851 2619 3068 2673 voluit:
3095 2623 3159 2673 ut
3184 2636 3329 2688 quos
3355 2620 3570 2690 peccati
3600 2619 3686 2672 sui

1987 2713 2154 2762 testes
2208 2708 2506 2774 habuerat,
2561 2708 2796 2761 haberet
2861 2712 2917 2761 et
2981 2707 3354 2778 poenitentiae.
3415 2708 3689 2772 Quocirca

1987 2797 2170 2852 isthuc
2209 2797 2464 2851 libellum
2512 2796 2668 2849 misit
2707 2795 2971 2866 lacrymis
3025 2812 3088 2848 ac
3126 2795 3432 2864 gemitibus
3475 2795 3686 2849 doloris

1987 2886 2074 2939 sui
2104 2887 2340 2955 plenum
2366 2905 2380 2952 ;
2407 2884 2464 2937 in
2490 2901 2603 2954 quo
2626 2883 2704 2937 sic
2725 2886 2875 2938 male
2893 2887 3227 2953 conceptam
3255 2882 3685 2953 persuasionem

1989 2971 2288 3041 magniﬁce
2310 2972 2726 3039 condemnavit,
2749 2977 2944 3026 utnon
2965 2971 3154 3026 minus
3179 2987 3326 3042 pene
3350 2970 3682 3024 admiranda

1986 3062 2058 3114 sit
2087 3061 2360 3115 correctio
2383 3061 2558 3128 illius,
2591 3078 2766 3132 quam
2795 3061 2972 3116 illaesa
3010 3062 3327 3116 multorum
3358 3060 3500 3114 fides
3529 3059 3678 3129 (Cas-

1986 3151 2286 3216 sianus,De
2312 3153 2708 3216 Incarnatione,
2742 3152 2835 3206 lib.
2877 3155 2923 3216 l,
2955 3167 3076 3220 cap.
3110 3149 3191 3220 4).
3239 3149 3509 3221 Leporius
3547 3166 3683 3220 ergo

1987 3237 2401 3293 emendationis
2431 3255 2548 3292 suae
2570 3239 2828 3292 libellum
2853 3239 2923 3293 ad
2949 3239 3254 3293 Proculum
3276 3241 3332 3291 et
3356 3236 3684 3308 (lylinnium

1987 3328 2214 3398 direxit,
2245 3344 2454 3398 eosque
2487 3333 2548 3382 ut
2578 3328 2684 3382 sibi
2730 3328 3108 3398 ignoscerent,
3156 3330 3548 3398 comprecatus
3580 3330 3682 3380 est.

1989 3419 2142 3472 Hanc
2172 3433 2300 3470 vero
2331 3417 2426 3472 ille
2457 3417 2516 3471 in
2547 3417 2981 3487 Carthaginensi
3025 3416 3274 3483 basilica,
3309 3415 3410 3470 ubi
3444 3415 3685 3486 proinde

1987 3507 2106 3561 haec
2137 3511 2294 3577 gesta
2318 3505 2491 3560 fuisse
2522 3506 2788 3576 colligere
2820 3509 2923 3570 est,
2957 3505 3277 3575 obsignavit
3313 3503 3692 3574 praesentibus

1987 3596 2289 3666 episcopis,
2324 3594 2600 3648 nimirum
2641 3594 2846 3648 saltem
2888 3593 3144 3661 Aurelio,
3174 3592 3517 3662 Augustino,
3564 3592 3688 3644 Flo-

1988 3685 2173 3738 rentio
2207 3690 2261 3738 et
2299 3683 2620 3737 Secundino
2663 3700 2676 3737 :
2721 3698 2896 3752 quam
2927 3686 2984 3736 et
3030 3680 3307 3734 Dominus
3356 3696 3420 3732 ac
3479 3681 3690 3748 Bonus,

1993 3772 2216 3842 Leporii
2234 3772 2377 3825 forte
2396 3771 2550 3836 socii,
2577 3770 2980 3841 subscripsere,
3002 3785 3162 3822 suam
3176 3768 3390 3838 pariter
3406 3785 3525 3821 esse
3545 3767 3690 3820 hanc

1988 3863 2159 3915 ﬁdem
2191 3860 2506 3915 contestati.
2537 3860 2713 3914 Iidem
2735 3864 2982 3930 quatuor
3011 3857 3294 3911 antistites
3315 3861 3689 3912 memoratam

1987 3951 2307 4020 epistolam,
2336 3953 2398 4003 ut
2425 3953 2481 4003 et
2511 3965 2638 4003 eam
2672 3947 2896 4019 Leporii
2926 3963 3046 4000 esse
3088 3950 3453 4014 testarentur,
3482 3949 3538 3998 et
3569 3946 3692 4015 ejus

1987 4039 2309 4093 doctrinam
2358 4037 2764 4108 approbarent,
2813 4053 2916 4090 sua
2971 4035 3212 4107 quisque
3273 4034 3690 4104 subscriptione

1987 4128 2476 4183 communierunt.
2517 4127 2666 4191 Quin
2710 4125 2881 4179 etiam
2926 4125 3144 4179 litteras
3189 4123 3258 4177 ad
3301 4123 3604 4177 Proculum
3635 4126 3692 4175 et

1988 4217 2312 4288 (lylinnium
2343 4216 2623 4270 dederunt
2652 4231 2824 4285 super
2854 4213 3080 4284 Leporii
3119 4217 3174 4266 et
3201 4217 3531 4265 consertum
3563 4210 3688 4280 ejus

1986 4306 2352 4362 conversione
2405 4305 2592 4373 (Apud
2641 4305 3032 4371 Augustinum,
3086 4303 3264 4369 Epist.
3323 4299 3475 4368 2l9),
3525 4300 3690 4368 cujus

1987 4413 2218 4450 omnem
2249 4393 2490 4464 gloriam
2522 4393 2706 4447 redire
2737 4392 2807 4446 ad
2835 4388 3283 4445 misericordiam
3316 4385 3560 4440 divinam
3598 4402 3687 4439 vo-

1987 4486 2130 4539 lunt.
2165 4486 2346 4548 Quam
2393 4483 2534 4537 Galli
2562 4481 2737 4536 iidem
2769 4480 3045 4552 prresules
3083 4477 3350 4531 adversus
3382 4473 3686 4544 Leporium

1987 4575 2362 4628 adhibuerant
2391 4560 2775 4629 severitatem,
2836 4585 2948 4622 non
2978 4567 3276 4632 damnant,
3323 4568 3520 4618 contra
3555 4579 3686 4616 vero

1985 4663 2320 4734 praedicant,
2366 4660 2626 4726 fatentes,
2676 4658 2787 4712 nisi
2834 4674 2901 4710 ea
2942 4652 3340 4726 praecessisset,
3394 4651 3688 4706 lenitatem

1986 4766 2099 4820 qua
2131 4747 2239 4819 ipsi
2265 4748 2632 4819 postmodum
2664 4744 2750 4799 usi
2786 4747 2939 4803 sunt,
2972 4742 3224 4795 futuram
3247 4739 3536 4795 inutilem.
3573 4739 3689 4793 Ro-

1987 4841 2141 4907 gant,
2183 4842 2245 4891 ut
2283 4837 2436 4908 quod
2481 4837 2693 4889 factum
2735 4849 2768 4886 a
2798 4849 2854 4885 se
2897 4830 3104 4896 fuerat,
3156 4828 3241 4882 illi
3280 4845 3383 4882 suo
3415 4820 3686 4899 suffragio

1987 4926 2363 4996 comprobent
2387 4942 2400 4991 ;
2433 4923 2737 4993 Leporium
2759 4918 3037 4989 recipiant
3057 4932 3161 4988 per
3187 4933 3353 4972 suam
3373 4917 3550 4987 ipsius
3572 4915 3688 4985 epi-

1987 5015 2211 5079 stolam,
2259 5030 2360 5067 seu
2407 5011 2665 5066 libellum
2713 5009 2784 5063 ad
2833 5025 2926 5062 eos
2984 5006 3225 5061 missum
3273 5005 3688 5060 emendationis

1986 5102 2166 5173 ipsius
2197 5103 2366 5156 ﬁdem
2402 5100 2726 5164 facientem,
2770 5095 3256 5168 quemadmodum
3289 5095 3396 5166 ipsi
3427 5109 3530 5164 per
3559 5109 3686 5163 poe-

1988 5191 2292 5246 nitentiam
2321 5190 2484 5260 cujus
2512 5187 2719 5242 oculati
2750 5192 2922 5242 testes
2947 5190 3129 5252 erant,
3162 5185 3429 5239 eumdem
3456 5196 3686 5251 recepe-

1988 5286 2153 5348 rant;
2183 5280 2304 5350 ejus
2334 5277 2797 5333 emendationem
2835 5276 3102 5331 omnibus
3131 5274 3220 5344 iis,
3265 5272 3472 5344 quibus
3509 5270 3688 5324 ofl'en-

1988 5358 2212 5423 sionem
2266 5367 2520 5438 ejusdem
2578 5366 2747 5436 culpa
2810 5365 3148 5432 incusserat,
3223 5359 3564 5430 significent,
3623 5375 3687 5412 ac

1989 5457 2275 5528 responsis
2297 5457 2439 5510 datis
2467 5455 2763 5525 gaudium,
2790 5455 2943 5526 quod
2966 5470 3033 5506 ex
3064 5452 3314 5506 fraterna
3338 5447 3690 5502 correctione

1993 5545 2268 5617 ceperint,
2301 5561 2492 5599 secum
2531 5544 2974 5599 communicent.
3025 5541 3230 5595 Eorum
3263 5553 3322 5590 se
3365 5541 3692 5606 exspectare
