4028 6174
410 307 503 359 551

409 442 772 493 consensum,
806 429 865 479 ut
892 424 977 479 illi
1000 424 1490 492 communionem,
1514 440 1627 495 qua
1655 422 1909 494 privatus
1931 422 2000 475 ab
2024 422 2105 475 eis

406 514 609 583 fuerat,
671 514 991 581 restituant,
1052 513 1291 567 minime
1350 512 1673 583 signiﬁcant
1720 528 1732 565 :
1775 512 1870 565 sed
1912 516 2109 565 contra

407 602 666 657 absolute
707 601 904 657 dicunt
949 602 1218 656 eumdem
1248 617 1283 654 a
1325 617 1382 655 se
1423 599 1597 654 fuisse
1652 605 1968 669 receptum,
1999 599 2107 652 rati

406 689 581 745 dubio
606 691 828 761 procul,
859 690 1087 761 quando
1117 689 1163 743 is
1188 705 1389 761 pravas
1420 688 1721 758 opiniones
1750 689 1822 743 ob
1853 705 1994 759 quas
2023 688 2106 742 in-

404 783 659 833 currerat
704 779 1091 833 damnationis
1138 794 1389 849 poenam,
1442 778 1782 848 ejuraverat,
1832 793 1891 831 se
1939 793 2105 847 posse

403 867 561 921 illam
590 868 930 921 sententiam
960 868 1181 933 tollere,
1212 884 1315 921 nec
1337 883 1470 921 eum
1496 883 1617 921 esse
1641 866 1711 921 ad
1734 865 1948 937 primos
1974 881 2105 919 suos

395 955 619 1025 judices
665 956 1098 1010 remittendum.
1138 957 1213 1009 Ex
1257 955 1428 1026 hujus
1469 955 1721 1025 epistolae
1753 954 1882 1008 stilo
1915 957 2107 1007 censet

399 1045 640 1099 Jacobus
676 1044 1014 1099 Sirmundus
1046 1061 1173 1099 eam
1205 1044 1275 1098 ab
1309 1043 1629 1115 Augustino
1661 1043 1929 1097 dictatam
1961 1057 2101 1096 esse.

472 1137 527 1189 5.
551 1133 824 1188 Omnium
851 1133 950 1205 qui
973 1133 1041 1187 ab
1068 1134 1391 1204 Augustino
1415 1136 1801 1186 retractantur
1827 1131 2103 1186 librorum

404 1221 633 1290 seriem,
664 1227 727 1277 ut
778 1223 899 1293 jam
930 1223 1377 1288 observavimus,
1410 1221 1624 1276 claudit
1663 1222 1805 1275 liber
1845 1221 1915 1275 de
1972 1220 2106 1273 Cor-

400 1311 660 1382 reptione
711 1316 766 1365 et
812 1297 1024 1365 Gratia.
1078 1311 1213 1365 Inde
1269 1327 1403 1364 vero
1446 1326 1559 1363 non
1604 1315 1815 1364 temere
1853 1308 2104 1379 colligas,

402 1401 555 1455 hunc
585 1400 798 1454 librum
827 1403 884 1453 et
927 1399 1420 1453 Retractationum
1464 1415 1607 1469 opus
1639 1415 1751 1451 uno
1787 1398 2103 1468 eodemque

401 1487 820 1558 propemodum
867 1491 1128 1557 tempore
1168 1486 1416 1557 perfecta
1446 1486 1637 1554 fuisse,
1671 1487 1775 1540 sub
1806 1487 1982 1540 finem
2019 1485 2103 1539 vi-

401 1576 607 1630 delicet
634 1573 773 1629 anni
802 1574 1355 1646 quadringentesimi
1389 1574 1649 1646 vigesimi
1678 1574 1928 1645 septimi.
1964 1576 2104 1629 Nam

401 1663 509 1719 etsi
534 1663 677 1718 liber
705 1663 801 1717 ille
831 1662 891 1716 in
931 1663 1122 1717 Galliis
1170 1668 1300 1717 ante
1342 1663 1495 1718 visus
1538 1664 1628 1729 sit,
1676 1680 1849 1734 quam
1876 1667 2103 1717 sanctus

404 1754 607 1807 Doctor
636 1752 1083 1806 Retractatioues
1116 1752 1344 1806 easdem
1377 1753 1697 1822 vulgasset;
1734 1753 1881 1807 hanc
1909 1756 2101 1806 tamen

402 1840 876 1903 lucubrationem,
929 1830 1211 1911 siquidem
1261 1840 1437 1895 libros
1487 1845 1684 1896 contra
1730 1841 2100 1896 Maximinum

401 1947 549 1985 anno
572 1928 1135 2001 quadringentesimo
1157 1928 1432 1999 vigesimo
1458 1934 1653 1984 octavo
1674 1928 1959 1985 confectos
1984 1947 2100 1985 non

397 2017 847 2087 comprehendit,
878 2034 1049 2071 nemo
1081 2018 1367 2089 putaverit
1395 2019 1718 2073 absolutam
1760 2020 1941 2073 multo
1971 2023 2102 2090 post

398 2111 657 2162 exactum
686 2106 1039 2177 superiorem
1071 2123 1286 2160 annum
1321 2124 1333 2160 :
1370 2124 1557 2179 neque
1588 2108 1763 2161 etiam
1800 2107 1901 2161 diu
1949 2109 2096 2161 mul-

397 2200 574 2267 toque
628 2198 779 2262 ante,
828 2194 1042 2266 quippe
1074 2211 1204 2249 cum
1249 2195 1311 2249 in
1359 2195 1503 2249 libro
1536 2195 1605 2250 de
1637 2195 1903 2250 Doctrina
1946 2195 2096 2249 chri-

396 2283 581 2338 stiana
608 2288 832 2355 quarto,
858 2300 1029 2355 quem
1051 2287 1174 2337 tum
1198 2284 1347 2350 fecit,
1380 2300 1510 2339 cum
1534 2284 1851 2339 secundum
1881 2284 2094 2339 librum

400 2372 884 2427 Retractationum
913 2372 1004 2426 vix
1046 2372 1357 2443 inceperat,
1392 2372 1579 2427 tradat
1609 2372 1963 2443 Augustinus
1988 2390 2091 2427 an—

396 2477 500 2515 nos
528 2461 709 2515 ferme
753 2466 880 2514 octo
913 2460 999 2514 vel
1028 2459 1276 2531 amplius
1322 2460 1631 2529 efﬂuxisse,
1671 2477 1736 2515 ex
1767 2477 1881 2532 quo
1913 2461 2097 2515 Caesa-

398 2566 555 2604 ream
578 2554 774 2603 mense
803 2548 1114 2620 septembri
1139 2548 1275 2603 anni
1306 2554 1435 2620 post
1460 2548 2095 2620 quadringentesimum

398 2638 604 2692 decimi
631 2636 813 2692 octavi
834 2637 1097 2708 petierat.
1130 2636 1483 2708 Augustinus
1505 2638 1848 2709 jamdudum
1879 2654 2093 2709 propo-

393 2732 602 2790 suerat,
662 2743 792 2781 suos
846 2742 1045 2780 omnes
1090 2726 1289 2793 libros,
1362 2726 1630 2797 epistolas
1688 2744 1753 2781 ac
1801 2744 2096 2781 sermones

393 2815 646 2871 adhibita
679 2815 889 2886 judicis
945 2815 1242 2870 severitate
1294 2832 1625 2883 recensere;
1659 2832 1882 2871 necnon
1924 2816 2096 2887 rigidi

392 2904 643 2959 censoris
671 2903 871 2972 instar,
897 2904 1175 2976 quidquid
1205 2904 1266 2959 in
1285 2903 1396 2958 illis
1414 2904 1957 2975 reprehendendum
1988 2921 2094 2976 pu-

392 3000 553 3061 taret,
590 2995 862 3065 opusculo
891 2995 962 3049 ad
1012 2995 1121 3049 hoc
1161 2995 1352 3066 ipsum
1382 2996 1642 3051 instituto
1674 2995 1940 3067 colligere
1972 2998 2091 3063 (Re-

392 3086 778 3138 tractationum
819 3083 1064 3152 prologo,
1092 3100 1147 3137 n.
1208 3087 1254 3154 ι)
1303 3100 1315 3137 :
1362 3100 1465 3138 nec
1497 3099 1631 3138 sane
1683 3100 1866 3154 pauca
1910 3087 2093 3150 erant,

392 3187 521 3241 quae
566 3186 599 3223 a
642 3186 699 3225 se
747 3170 896 3224 dicta
934 3170 1209 3239 scriptave
1259 3171 1555 3225 noluisset.
1600 3171 1923 3226 Marcellino
1970 3171 2092 3242 jam

391 3258 523 3313 inde
564 3258 635 3312 ab
679 3273 831 3311 anno
870 3257 1437 3329 quadringentesimo
1483 3258 1822 3312 duodecimo
1846 3260 2093 3314 testaba-

389 3350 503 3414 tur,
550 3350 747 3419 optare
794 3362 853 3400 se
900 3350 963 3400 ut
1008 3345 1337 3401 incumbere
1374 3345 1508 3400 huic
1550 3346 1730 3400 labori
1763 3346 1869 3401 sibi
1898 3347 2094 3404 liceret

392 3438 586 3506 (Epist.
640 3437 759 3501 143,
811 3451 906 3489 nn.
961 3438 1013 3503 2,
1067 3434 1154 3507 3);
1214 3451 1327 3506 quo
1385 3435 1575 3506 palam
1625 3434 1854 3502 faceret,
1917 3451 2090 3506 quam

389 3542 505 3580 non
536 3529 682 3580 esset
702 3528 965 3597 acceptor
994 3541 1254 3597 personae
1284 3540 1422 3578 suae.
1462 3523 1641 3595 Igitur
1673 3523 1921 3578 indicem
1958 3541 2089 3595 per-

386 3614 567 3669 texuit
592 3614 869 3669 librorum
910 3630 1163 3681 suorum,
1198 3631 1338 3686 quos
1369 3613 1577 3669 idcirco
1606 3612 1923 3667 secundum
1954 3618 2089 3667 aeta-

386 3708 502 3758 tem
532 3703 808 3775 cujusque
839 3702 1149 3771 ordinavit,
1176 3708 1237 3757 ut
1266 3702 1314 3757 si
1343 3702 1552 3775 quibus
1582 3703 1834 3774 placeret
1862 3702 2092 3757 eosdem

386 3807 449 3845 ex
480 3792 579 3846 illa
614 3791 758 3847 serie
804 3792 1086 3859 evolvere,
1122 3792 1411 3862 quomodo
1445 3791 1746 3846 scribendo
1778 3790 1899 3861 ipse
1956 3808 2087 3864 pro-

386 3879 601 3944 fecerit,
642 3879 1096 3933 animadvertere
1140 3881 1397 3934 valerent
1452 3881 1932 3950 (Retractationum
1958 3897 2090 3949 pro-

388 3971 526 4037 logo,
556 3984 611 4022 n.
651 3968 721 4035 3).
762 3968 1050 4036 Propterea
1094 3984 1234 4021 nunc
1280 3969 1427 4034 facio
1462 3968 1646 4034 libros,
1677 3966 1775 4034 ait,
1809 3970 1867 4021 in
1892 3970 2088 4037 quibus

385 4057 643 4127 opuscula
674 4071 791 4111 mea
819 4056 1169 4109 retractanda
1208 4058 1438 4124 suscepi,
1470 4060 1531 4109 ut
1567 4071 1658 4110 nec
1697 4072 1778 4109 me
1825 4058 2004 4125 ipsum
2028 4060 2087 4112 in

384 4146 630 4201 omnibus
698 4161 781 4199 me
836 4149 1072 4199 secutum
1122 4147 1297 4212 fuisse
1361 4145 1746 4209 demonstrem;
1798 4144 1891 4198 sed
1941 4161 2078 4214 pro-

381 4236 627 4308 ﬁcienter
684 4250 767 4290 me
819 4235 1068 4288 existimo
1115 4236 1218 4287 Deo
1275 4236 1564 4288 miserante
1626 4235 1926 4303 scripsisse,
1982 4250 2086 4288 non

385 4332 561 4379 tamen
627 4341 660 4378 a
720 4325 1048 4394 perfectione
1117 4324 1371 4392 cepisse;
1441 4322 1879 4393 quandoquidem
1930 4338 2084 4377 arro-

383 4416 604 4482 gantius
640 4414 849 4483 loquor,
897 4428 1061 4483 quam
1118 4413 1320 4478 verius,
1376 4413 1426 4465 si
1478 4413 1561 4466 vel
1606 4428 1746 4466 nunc
1803 4412 1943 4478 dico,
2002 4428 2084 4467 me

383 4502 458 4555 ad
500 4503 879 4571 perfectionem
945 4503 1063 4556 sine
1126 4501 1237 4555 ullo
1308 4516 1487 4555 errore
1541 4500 1815 4555 scribendi
1864 4502 1985 4571 jam
2026 4504 2083 4555 in

384 4590 491 4643 ista
528 4594 683 4643 astate
727 4592 954 4645 venisse.
1004 4588 1110 4644 Sed
1152 4590 1374 4642 interest
1403 4592 1667 4658 quantum
1717 4593 1768 4642 et
1798 4589 1855 4642 in
1886 4589 2081 4657 quibus

380 4677 539 4733 rebus
612 4684 854 4745 erretur;
931 4684 981 4734 ct
1045 4696 1209 4750 quam
1276 4679 1441 4747 facile
1518 4681 1745 4748 quisque
1818 4681 2077 4749 corrigat,

379 4768 463 4821 vel
506 4771 715 4836 quanta
772 4770 1084 4837 pertinacia
1148 4784 1306 4824 suum
1366 4767 1652 4835 defendere
1716 4774 1934 4823 conetur
1988 4784 2080 4822 er-

378 4870 571 4909 rorem.
625 4856 782 4908 Bonae
821 4856 1022 4925 quippe
1068 4859 1186 4925 spei
1228 4861 1308 4911 est
1359 4857 1531 4923 homo,
1573 4858 1625 4910 si
1670 4872 1788 4911 eum
1828 4858 1904 4911 sic
1946 4873 2079 4927 pro-

378 4945 641 5015 ficientem
670 4943 784 4997 dies
812 4944 1036 4999 ultimus
1062 4947 1190 5000 vitae
1211 4947 1373 5015 hujus
1403 4946 1685 5012 invenerit,
1718 4950 1778 5001 ut
1808 4946 2080 5015 adjician-

378 5039 469 5089 tur
495 5035 565 5101 ei,
602 5048 722 5104 quae
752 5034 1059 5103 proﬁcienti
1092 5034 1419 5105 defuerunt;
1458 5039 1507 5089 et
1528 5035 1887 5105 perﬁciendus
1914 5051 2079 5103 quam

370 5121 681 5201 puniendus
722 5123 906 5191 potius
952 5121 1232 5190 judicetur
1292 5124 1390 5191 (De
1443 5125 1589 5178 Dono
1640 5126 2074 5192 perseverantia},

374 5229 429 5268 η.
483 5216 591 5279 55).
643 5209 839 5266 Eidem
880 5209 1136 5281 catalogo
1189 5210 1439 5265 inserere
1484 5211 1665 5266 voluit
1711 5228 1806 5265 eas
1846 5227 2075 5283 quoque

375 5300 904 5368 commentationes,
942 5314 1084 5371 quas
1128 5302 1257 5369 post
1299 5300 1731 5355 conversionem
1765 5300 1953 5356 adhuc
1981 5316 2074 5355 ca-

374 5391 746 5446 techumenus
771 5387 1050 5457 ediderat,
1092 5402 1159 5441 eo
1192 5387 1343 5459 quod
1371 5388 1584 5459 publici
1616 5388 1763 5460 juris
1787 5386 1950 5443 factae
1980 5404 2072 5443 es-

376 5482 521 5539 sent,
555 5495 658 5533 nec
700 5478 823 5534 sine
870 5478 1061 5533 fructu
1110 5476 1460 5548 legerentur,
1500 5477 1671 5532 modo
1711 5477 1976 5551 quaedam
2013 5476 2072 5531 in

372 5564 487 5621 illis
516 5571 702 5623 errata
748 5570 1174 5635 excusarentnr,
1205 5570 1304 5621 aut
1339 5566 1539 5622 saltem
1576 5582 1694 5623 non
1729 5570 2073 5637 putarentur

1650 300 1808 353 VITA
1846 298 1901 353 S.
1941 297 2319 353 AUGUSTINI
2361 295 2691 350 EPISCOPI.
3765 306 3842 358 552

2220 420 2617 491 amplectenda
2648 420 3128 488 (Retractationum
3162 418 3405 489 prologo,
3431 436 3484 475 η.
3515 420 3583 491 3).
3624 424 3845 479 Accurate

2220 510 2277 564 in
2327 510 2566 580 singulis
2618 509 2944 579 quibusque
2986 507 3273 579 operibus,
3332 523 3456 579 qua:
3484 510 3563 562 vel
3608 525 3661 563 se
3700 510 3848 581 ipsum

2215 599 2594 665 olfenderent,
2652 599 2738 652 vel
2795 598 2935 652 alios
2991 597 3280 652 offendere
3352 604 3591 667 possent,
3639 600 3850 667 adnotat,

2214 688 2553 743 illustrando
2586 688 2741 743 locos
2759 688 3029 742 obscuros
3059 704 3121 741 ac
3137 686 3325 759 pravis
3350 686 3851 759 interpretationibus

2214 777 2487 832 obnoxios
2517 780 2714 847 (Epist.
2764 778 2889 844 224,
2937 792 2982 831 c.
3018 777 3120 846 2);
3177 781 3235 830 et
3265 776 3592 846 corrigendo
3620 777 3850 850 quidquid

2212 867 2282 921 ab
2312 865 2689 920 ecclesiastica
2733 865 2933 936 regula
2958 865 3211 919 alienum
3261 866 3475 936 putavit
3501 867 3786 935 (Possidius,
3808 872 3851 923 in

2217 957 2344 1010 Vita
2372 956 2691 1024 Augustini,
2721 970 2772 1009 c.
2806 955 2893 1022 28)
2932 970 2991 1008 se
3034 954 3146 1008 illis
3175 958 3300 1008 tum
3332 952 3704 1022 immiscuisse,
3749 973 3851 1013 cum

2213 1044 2472 1099 Ecclesiae
2518 1060 2684 1098 usum
2712 1043 2796 1097 vel
2836 1043 3153 1097 doctrinam
3187 1042 3434 1097 necdum
3475 1043 3601 1096 satis
3634 1049 3762 1098 esset
3787 1062 3850 1098 as-

2212 1138 2458 1188 secutus.
2498 1131 2837 1186 Faciendum
2884 1132 2992 1185 sibi
3038 1131 3281 1202 putavit,
3333 1131 3554 1202 quando
3598 1148 3658 1185 ex
3684 1136 3757 1187 tot
3783 1134 3851 1187 lu-

2212 1221 2615 1275 cubrationum
2646 1237 2881 1275 suarum
2910 1220 3185 1291 exemplis
3217 1220 3383 1285 meri,
3415 1220 3513 1290 qui
3540 1220 3849 1290 irrepserunt,

2213 1309 2466 1381 expungi
2497 1325 2612 1364 non
2660 1313 2910 1381 possent,
2951 1314 3015 1363 ut
3065 1325 3268 1363 eorum
3324 1308 3648 1364 admoneret
3697 1326 3852 1365 omnes

2212 1398 2499 1467 homines,
2532 1403 2703 1469 atque
2733 1398 2809 1452 ita
2840 1414 2898 1451 se
2939 1397 3055 1469 ipse
3088 1397 3193 1452 sub
3238 1396 3525 1468 magistro,
3549 1413 3655 1451 uno
3676 1397 3851 1468 judica-

2210 1493 2315 1555 ret,
2349 1488 2510 1558 cujus
2553 1487 2621 1542 de
2669 1486 3078 1541 offensionibus
3120 1484 3407 1557 judicium
3438 1485 3663 1539 evadere
3711 1502 3844 1558 cupe-

2210 1581 2300 1630 ret
2350 1577 2839 1645 (Itetractationum
2880 1576 3125 1645 prologo,
3184 1592 3279 1629 nn.
3336 1578 3392 1640 2,
3452 1574 3520 1644 3).
3578 1575 3647 1628 Eo
3696 1575 3850 1629 ductus

2211 1664 2472 1731 consilio,
2535 1663 2817 1735 quidquid
2870 1662 3132 1717 homines
3187 1678 3397 1733 parum
3453 1662 3655 1716 cordati
3695 1663 3851 1717 dicturi

2211 1757 2392 1815 erant,
2427 1752 2594 1806 nihili
2623 1752 2776 1807 fecit.
2838 1753 2981 1806 Nam
3039 1752 3106 1806 de
3162 1751 3543 1822 prudentibus
3590 1751 3644 1805 id
3682 1758 3848 1805 certum

2209 1842 2681 1912 exploratumque
2731 1841 2995 1904 habebat,
3031 1857 3128 1895 eos
3158 1840 3271 1895 sibi
3317 1839 3458 1894 vitio
3489 1855 3755 1911 nunquam
3777 1840 3851 1894 da-

2208 1935 2389 1997 turos,
2424 1930 2579 2001 quod
2611 1946 2831 1985 errores
2861 1945 2994 1984 suos
3022 1928 3232 1984 humili
3264 1928 3543 1983 modestia
3570 1928 3843 1998 corrigeret,

2209 2036 2338 2074 cum
2374 2020 2442 2074 ad
2491 2019 2902 2090 perfectionem
2956 2017 3226 2073 humanis
3283 2017 3501 2072 viribus
3555 2018 3848 2089 superiorem

2208 2108 2317 2163 sibi
2348 2124 2462 2162 non
2489 2107 2743 2163 licuisset
2790 2107 3111 2179 pervenire,
3162 2111 3230 2161 ut
3273 2106 3490 2161 scilicet
3518 2123 3766 2178 nusquam
3791 2105 3847 2159 la-

2208 2196 2441 2251 beretur
2468 2197 2662 2267 (Epist.
2716 2198 2834 2263 143,
2875 2212 2969 2251 nn.
3000 2198 3055 2260 2,
3089 2195 3174 2267 3).
3214 2195 3477 2251 Primum
3509 2195 3701 2250 librum
3747 2210 3843 2248 san-

2206 2289 2329 2338 ctus
2361 2286 2563 2338 Doctor
2600 2301 2667 2338 ex
2696 2283 2767 2338 iis
2795 2284 3139 2356 composuit,
3172 2300 3305 2357 quae
3338 2289 3470 2339 ante
3493 2284 3845 2356 episc0patum;

2206 2372 2523 2427 secundum
2549 2389 2703 2441 vero,
2741 2390 2810 2427 ex
2841 2373 2911 2427 iis
2942 2389 3070 2444 quae
3110 2373 3236 2443 jam
3283 2373 3580 2445 episcOpus
3628 2372 3845 2427 ediderat.

2208 2461 2283 2515 Ea
2311 2461 2530 2516 ratione
2560 2461 2839 2533 comperit
2887 2462 3155 2533 (namque
3202 2462 3483 2516 hactenus
3509 2461 3643 2516 illud
3667 2461 3848 2532 ignora-

2206 2555 2362 2605 verat
2393 2549 2587 2621 (Epist.
2626 2553 2750 2618 224,
2801 2568 2856 2606 n.
2907 2552 2979 2621 2])
3027 2567 3085 2604 se
3134 2567 3315 2622 opera
3344 2550 3650 2622 nonaginta
3687 2548 3776 2603 tria
3805 2547 3846 2599 in

2206 2638 2365 2693 libris
2421 2639 2677 2693 ducentis
2732 2639 2965 2711 triginta
3020 2639 3242 2694 duobus
3305 2639 3366 2694 in
3415 2641 3596 2695 lucem
3646 2636 3846 2691 emisisse

2207 2729 2688 2798 (Rctractationum
2718 2728 2811 2783 lib.
2844 2732 2899 2796 2,
2931 2744 3052 2798 cap.
3101 2730 3207 2796 67).
3244 2730 3405 2784 Duos
3432 2730 3595 2783 hosce
3621 2727 3771 2782 libros
3804 2728 3847 2777 ut

2205 2821 2334 2871 ante
2361 2816 2577 2887 publici
2614 2817 2760 2887 juris
2798 2817 3028 2884 faceret,
3078 2834 3252 2889 quam
3288 2818 3554 2890 epistolas
3582 2833 3640 2871 ac
3681 2829 3845 2868 sermo-

2204 2919 2306 2957 nes
2350 2919 2484 2958 suos
2534 2904 2929 2970 recensuisset,
2988 2920 3019 2958 a
3075 2904 3355 2960 fratribus
3406 2905 3513 2960 fuit
3557 2902 3841 2974 compulsus.

2203 2991 2488 3047 Possidius
2535 2996 2778 3047 testatur
2832 2992 3066 3047 titulum
3121 2993 3233 3047 illis
3294 2994 3543 3048 inditum
3598 2991 3763 3054 fuisse,
3794 2990 3846 3041 De

2202 3083 2518 3136 Rccensione
2581 3082 2842 3136 librorum
2891 3081 3209 3152 (Possidius,
3284 3085 3345 3137 in
3409 3084 3534 3138 Vita
3582 3079 3842 3147 Augustini,

2201 3187 2247 3224 c.
2286 3171 2394 3241 28).
2428 3172 2836 3226 Verumtamen
2864 3187 2996 3225 cum
3040 3171 3386 3227 eorumdem
3416 3169 3667 3227 meminit
3691 3172 3841 3237 Augu-

2199 3258 2400 3325 stinus,
2431 3263 2493 3313 ut
2522 3260 2840 3329 plurimum
2868 3260 3039 3315 verbo
3083 3261 3414 3315 Retractare
3469 3259 3658 3315 utitur.
3690 3258 3840 3325 Itaque

2199 3346 2367 3403 hodie
2421 3351 2846 3404 Retractationes
2897 3348 3292 3404 inscribuntur
3338 3349 3514 3405 iidem
3558 3346 3696 3413 libri,
3740 3359 3843 3416 quo-

2201 3437 2370 3492 modo
2418 3437 2571 3509 apud
2627 3437 2943 3509 ipsummet
3004 3437 3418 3509 Augustinum,
3478 3442 3532 3493 et
3584 3434 3840 3492 secundum

2200 3523 2334 3580 eum
2365 3526 2519 3597 apud
2563 3527 2907 3598 Prosperum
2955 3530 3011 3582 et
3059 3526 3465 3582 Cassiodorum
3496 3525 3743 3596 incriptos
3778 3536 3839 3574 re.

2199 3615 2410 3687 perias.
2451 3615 2563 3670 Sed
2593 3632 2727 3671 cave
2757 3632 2831 3671 ne
2873 3633 3068 3672 vocem
3098 3617 3246 3671 hanc
3295 3618 3451 3673 idem
3478 3631 3666 3671 sonare
3716 3614 3840 3683 puta-

2198 3705 2369 3769 veris,
2431 3705 2586 3776 quod
2649 3705 3022 3777 palinodiam,
3088 3712 3154 3761 ut
3218 3706 3441 3773 dicunt,
3503 3719 3691 3759 canere
3726 3717 3738 3755 :
3770 3697 3840 3752 illa

2198 3793 2414 3865 quippe
2446 3792 2598 3864 apud
2624 3793 3009 3865 Augustinum
3038 3793 3251 3866 passim
3277 3810 3573 3850 recensere
3603 3807 3660 3846 ac
3685 3801 3840 3843 secun-

2197 3882 2331 3936 dam
2392 3897 2588 3936 curam
2651 3881 2920 3936 adhibere
2975 3881 3277 3953 significat.
3340 3884 3406 3938 Et
3451 3881 3629 3951 reipsa
3674 3878 3841 3948 quanta

2196 3974 2410 4041 quanta
2468 3971 2770 4025 severitate
2826 3970 2973 4026 hanc
3016 3975 3276 4026 exerceat
3327 3984 3639 4034 censuram,
3674 3966 3724 4019 in
3762 3963 3840 4016 hoc

2195 4058 2374 4112 ferme
2400 4063 2727 4129 occupatur,
2754 4063 2813 4113 ut
2846 4064 3098 4115 mentem
3130 4070 3294 4115 suam
3322 4059 3557 4132 aperiat,
3601 4050 3842 4127 provideat

2195 4162 2264 4200 ne
2296 4146 2356 4200 in
2383 4145 2705 4218 sequiorem
2735 4163 2969 4203 sensum
2994 4148 3168 4203 verba
3199 4149 3467 4219 quaedam
3497 4145 3656 4218 paulo
3678 4141 3838 4195 obscu-

2192 4233 2345 4289 riora
2374 4234 2744 4307 accipiantur,
2775 4242 2873 4291 aut
2892 4237 3159 4291 emendet
3179 4236 3292 4291 alia
3317 4235 3625 4299 nonnulla;
3654 4225 3839 4285 interim

2192 4339 2468 4391 errorem,
2526 4324 2588 4379 in
2646 4341 2819 4396 quem
2888 4325 3173 4393 inciderit,
3252 4327 3479 4381 nullum
3561 4321 3837 4377 retractans,

2156 4398 2399 4483 'prazter
2449 4413 2993 4484 Semipelagianum,
3047 4430 3119 4469 ne
3171 4430 3347 4486 quem
3401 4414 3545 4468 forte
3582 4405 3840 4465 deterreret

2190 4501 2312 4571 ejus
2366 4501 2726 4556 observantia
2775 4506 2831 4556 et
2886 4501 3246 4570 existimatio,
3308 4502 3612 4575 quominus
3660 4498 3751 4551 hac
3793 4491 3838 4544 in

2189 4593 2348 4661 parte
2386 4606 2420 4643 a
2448 4589 2729 4645 sententia
2752 4589 2930 4662 ipsius
2978 4591 3311 4647 discederet.
3348 4591 3503 4646 Idem
3555 4589 3668 4659 ipse
3691 4579 3838 4637 varios

2188 4695 2251 4733 ex
2284 4679 2405 4733 istis
2445 4679 2668 4734 duobus
2692 4679 2851 4734 libris
2885 4681 3149 4751 producit
3178 4682 3350 4749 locos,
3395 4679 3493 4733 ubi
3533 4686 3760 4731 errorem
3782 4665 3838 4720 il-

2187 4768 2328 4833 lum,
2359 4766 2420 4822 in
2475 4783 2648 4839 quem
2700 4773 2830 4822 ante
2886 4769 3282 4841 episcopatum
3329 4771 3522 4840 lapsus
3567 4763 3731 4819 fuerat
3754 4756 3836 4810 ab-

2180 4855 2429 4927 jurabat.
2464 4857 2734 4911 Sanctum
2764 4857 3061 4912 Doctorem
3091 4858 3453 4913 recensendis
3471 4854 3583 4911 suis
3611 4845 3834 4922 operibus

2186 4945 2485 5014 desudare,
2544 4944 2717 5001 etiam
2772 4945 3110 5019 priusquam
3163 4948 3270 5002 hac
3340 4947 3413 5001 de
3453 4962 3514 5000 re
3565 4938 3837 5014 quidquam

2185 5034 2472 5105 edidisset,
2513 5033 2803 5091 ferebatur
2824 5035 2886 5090 in
2924 5036 3157 5103 Galliis;
3190 5039 3246 5090 et
3289 5035 3451 5090 illum
3512 5027 3733 5087 Hilarius
3756 5020 3834 5075 ob-

2184 5123 2462 5193 secrabat,
2490 5128 2557 5179 ut
2586 5123 2684 5179 ubi
2713 5124 2967 5196 primum
2998 5141 3065 5179 ea
3108 5123 3365 5179 recensio
3395 5124 3456 5178 in
3502 5122 3674 5176 lucem
3700 5108 3833 5167 exiis-

2185 5199 2288 5281 set,
2322 5211 2467 5267 hanc
2523 5212 2596 5267 ad
2634 5229 2693 5267 se
2745 5213 2999 5268 mitteret
3047 5214 3242 5284 (Epist.
3302 5215 3427 5279 226,
3475 5227 3531 5266 n.
3586 5206 3677 5272 10).
3713 5198 3833 5263 000‘

2181 5301 2330 5356 circa
2356 5301 2707 5373 Augustinus
2737 5302 2796 5358 in
2826 5318 2928 5357 suo
2954 5303 3026 5358 ad
3075 5302 3355 5357 Hilarium
3397 5309 3682 5371 responso,
3712 5296 3834 5379 θειιξς

2183 5389 2315 5445 dem
2345 5390 2416 5445 ab
2458 5371 2537 5445 leo
2592 5391 2837 5446 necdum
2867 5392 3073 5447 lectam
3114 5391 3309 5459 fuisse,
3360 5393 3423 5445 ut
3473 5389 3675 5442 certum
3701 5371 3834 5459 pOIl_it

2183 5477 2279 5549 (De
2323 5481 2473 5534 Dono
2494 5482 2927 5551 perseverantia,
2958 5497 3014 5535 n.
3046 5479 3157 5552 27).
3194 5456 3504 5552 Aggressus
3541 5475 3621 5527 est
3662 5456 3831 5552 desilit}e

2177 5549 2571 5623 recensionem
2616 5567 2987 5641 epistolarnm
3015 5549 3357 5637 sualrumre
3406 5563 3611 5641 quibus
3660 5549 3832 5609 multas
