4028 6174
132 289 237 335 2324:!
1616 298 1824 355 LIBER
1867 302 2204 361 OCTAVUS.

124 410 250 473 jam
304 410 612 481 relegerat,
645 429 775 468 cum
813 431 946 470 eum
988 417 1337 488 respondere
1377 424 1501 474 octo
1537 421 1748 476 Juliani
1780 423 1853 478 li-

135 497 254 552 bris
287 499 548 569 oportuit
575 499 782 570 (Epist.
814 505 939 569 224,
970 521 1025 559 η.
1057 507 1128 575 2).
1161 508 1334 579 Atqui
1365 525 1436 564 ne
1464 515 1586 564 tum
1617 513 1850 582 quidem

137 586 419 656 laborem,
452 605 628 659 quem
662 591 874 662 oppido
923 596 1302 650 necessarium
1334 597 1647 667 judicabat,
1676 600 1850 655 inter-

142 674 345 731 misit:
395 677 602 733 horum
653 695 896 749 operum
945 683 1110 737 alteri
1160 685 1334 751 diem,
1384 687 1546 741 alteri
1602 693 1848 755 noctem,

138 780 277 819 cum
320 782 432 819 non
462 766 619 821 aliud
650 769 883 839 majoris
922 772 1202 826 momenti
1239 774 1536 845 negotium
1583 776 1850 839 obstaret,

137 853 608 924 impertiebatur.
643 857 851 911 Verum
896 859 1194 928 quantovis
1236 865 1524 916 teneretur
1569 864 1852 918 desiderio

139 947 532 997 memoratum
583 961 726 1015 opus
765 947 1122 1015 perﬁciendi,
1156 948 1298 1004 illud
1350 955 1540 1004 tamen
1582 951 1851 1022 imperfe-

142 1035 310 1084 ctum
340 1032 664 1102 relinquere
688 1033 942 1104 primum
965 1037 1265 1090 Vandalico
1293 1037 1462 1105 bello,
1484 1039 1689 1092 dehinc
1721 1058 1850 1110 pro-

144 1119 279 1188 pria
327 1137 427 1174 sua
476 1127 659 1176 morte
721 1126 948 1177 coactus
1006 1129 1108 1178 est.
1162 1126 1447 1180 Possidius
1500 1127 1656 1182 enim
1711 1130 1854 1184 duos

143 1211 378 1262 tantum
411 1209 896 1264 Retractationum
925 1211 1102 1265 libros
1136 1214 1404 1283 agnoscit.
1435 1215 1854 1285 Supplevithoc

143 1295 403 1366 quodam
450 1297 622 1352 modo
669 1297 824 1352 idem
869 1300 1155 1356 Possidius
1196 1318 1262 1356 eo
1301 1303 1568 1370 indiculo,
1603 1321 1774 1376 quem
1823 1323 1853 1359 e

143 1383 333 1438 sancti
372 1385 487 1438 Viri
528 1386 710 1450 libris,
739 1387 994 1457 epistolis
1032 1405 1097 1443 ac
1138 1392 1493 1446 sermonibus
1522 1394 1849 1459 contexuit;

143 1472 363 1542 quibus
407 1474 673 1528 omnibus
703 1491 989 1530 summam
1027 1477 1184 1531 mille
1212 1478 1446 1548 triginta
1477 1481 1851 1551 scriptionum

143 1561 358 1616 conlici
401 1560 682 1629 afﬁrmat;
711 1568 948 1633 eccceptis
980 1567 1073 1633 iis,
1114 1567 1272 1620 addit
1300 1567 1417 1632 ille,
1453 1573 1551 1637 qui
1574 1574 1854 1624 nume-rari

142 1665 256 1703 non
307 1657 556 1719 possunt,
604 1654 735 1720 quia
781 1668 873 1707 nec
920 1669 1199 1709 numerum
1255 1655 1558 1722 designavit
1612 1661 1854 1727 ipsorum

146 1739 478 1807 (Possidius,
508 1742 567 1793 in
613 1741 887 1808 Indiculo,
931 1758 1051 1812 cap.
1090 1745 1193 1810 10).
1239 1745 1686 1801 Innumerabiles
1732 1764 1852 1802 esse

145 1828 306 1882 illius
352 1829 618 1899 epistolas
677 1846 742 1884 ac
789 1847 1079 1885 sermones
1135 1833 1324 1887 Victor
1372 1835 1611 1889 Vitensis
1659 1841 1854 1890 auctor

145 1921 233 1970 est
270 1919 360 1985 (De
387 1920 754 1973 Persecutione
790 1920 1065 1989 Vandal.,
1108 1922 1207 1978 lib.
1252 1926 1299 1988 1,
1329 1938 1386 1976 η.
1420 1925 1489 1991 3).
1526 1925 1718 1996 Neque
1748 1925 1853 1979 hoc

145 2006 407 2075 profecto
447 2006 552 2060 sibi
599 2006 904 2078 quisquam
945 2024 1097 2079 aegre
1127 2010 1468 2079 persuadeat
1504 2012 1573 2065 de
1612 2013 1710 2066 illo
1745 2016 1855 2067 An-

146 2094 351 2160 tistite,
384 2094 485 2164 qui
511 2098 663 2148 totos
693 2094 926 2164 triginta
955 2112 1135 2150 annos
1166 2098 1382 2152 oraculi
1409 2100 1534 2154 loco
1572 2100 1853 2154 universae

147 2181 413 2236 Ecclesiae.
454 2182 644 2236 latium
677 2181 810 2249 fuit;
845 2182 946 2253 qui
974 2183 1220 2238 aliorum
1248 2191 1448 2257 rogatu
1494 2203 1854 2260 quacumque.

147 2271 282 2324 data
317 2269 612 2324 occasione
652 2271 822 2324 verba
859 2272 1043 2326 facere
1091 2274 1414 2344 compulsus
1444 2281 1530 2329 est
1556 2276 1850 2347 (Retracto-

153 2361 361 2412 tionum
407 2360 651 2429 prologo,
700 2375 756 2413 η.
808 2359 896 2428 2);
953 2360 1052 2430 qui
1114 2361 1361 2432 denique
1419 2363 1487 2418 ad
1541 2369 1852 2419 extremam

152 2464 333 2518 usque
381 2447 786 2518 aigritudiuem
833 2448 1059 2502 assidue
1107 2450 1344 2504 verbum
1389 2452 1486 2506 Dei
1529 2453 1856 2523 praedicavit

149 2536 474 2605 (Possidius,
504 2538 563 2590 in
600 2538 726 2590 Vita
757 2539 1075 2605 Augustini,
1105 2555 1148 2592 c.
1185 2539 1291 2609 3t).

221 2631 274 2682 6.
331 2626 570 2680 Videtur
618 2625 902 2680 Possidius
958 2625 1220 2693 innuere,
1274 2629 1658 2699 Augustinum
1714 2631 1853 2685 illud

152 2712 341 2785 operis
372 2712 528 2784 quod
559 2714 849 2782 Speculum
880 2713 1188 2786 inscripsit,
1219 2717 1603 2786 composuisse
1632 2717 1856 2772 circiter

151 2804 304 2858 idem
335 2807 585 2873 tempus,
615 2818 726 2873 quo
759 2803 1203 2858 Retractationes
1229 2821 1379 2871 suas,
1411 2811 1465 2859 et
1489 2807 1660 2875 paulo
1693 2813 1852 2861 aute-

151 2907 324 2962 quam
373 2892 461 2944 vel
509 2889 918 2944 descenderent
967 2890 1030 2944 in
1075 2891 1345 2958 Africam,
1384 2893 1470 2947 vel
1514 2893 1855 2963 Hipponem-

151 2980 397 3050 Regium
445 2977 783 3032 accederent
829 2978 1069 3032 Vandali
1113 2979 1303 3047 (Ibid.,
1330 2997 1374 3035 c.
1415 2982 1531 3051 28).
1582 2983 1656 3035 Ea
1697 2998 1852 3035 com-

150 3067 428 3137 mentatio
477 3070 698 3120 constat
762 3067 1040 3138 excerptis
1081 3084 1147 3121 ex
1193 3071 1440 3138 utroque
1496 3070 1853 3124 Testamento

148 3157 308 3223 locis,
341 3155 404 3209 in
446 3155 652 3226 quibus
697 3155 862 3209 nobis
899 3155 1116 3226 aliquid
1155 3173 1187 3210 a
1226 3157 1340 3210 Deo
1380 3157 1716 3228 pracipitur
1756 3164 1856 3213 aut

145 3244 520 3315 prohibetur:
544 3259 661 3298 non
693 3243 847 3297 enim
875 3249 1181 3314 propterea
1210 3245 1523 3316 composita
1551 3251 1655 3315 est,
1679 3251 1741 3300 ut
1759 3247 1855 3302 illa

144 3332 457 3399 discamus,
509 3348 638 3404 qua:
679 3332 1084 3387 tantummodo
1143 3350 1248 3388 nos
1289 3339 1549 3406 oporteat
1593 3336 1854 3405 credere;

147 3437 340 3492 neque
369 3425 436 3475 ut
462 3426 862 3492 proponantur
879 3421 939 3476 in
962 3423 1172 3493 quibus
1193 3439 1347 3478 sacra
1378 3424 1624 3495 quadam
1654 3426 1854 3481 obscu-

149 3509 320 3564 ritate
371 3523 767 3579 exerceamur;
804 3526 1004 3563 verum
1052 3514 1116 3564 ut
1159 3512 1460 3582 praeceptis
1504 3512 1855 3584 simplicibus

148 3604 325 3669 atque
353 3614 384 3652 a
414 3597 729 3668 ﬁgurarum
762 3597 1056 3653 involucro
1088 3599 1302 3667 liberis,
1336 3616 1465 3671 qua:
1504 3601 1701 3655 ﬁdeles
1730 3619 1852 3657 om-

148 3701 252 3740 nes
299 3701 527 3740 servare
573 3702 802 3741 necesse
852 3687 946 3753 sit,
998 3687 1180 3742 nostri
1222 3688 1597 3744 instituantur
1642 3686 1851 3746 mores.

150 3777 308 3830 Hanc
348 3779 540 3829 autem
580 3775 973 3830 collectionem
1014 3792 1210 3830 eorum
1251 3776 1433 3847 gratia
1472 3778 1852 3846 concinnavit,

148 3864 250 3936 qui
275 3865 400 3934 jam
426 3864 740 3930 credentes,
770 3864 1002 3918 obedire
1034 3865 1147 3918 Deo
1168 3865 1399 3932 volunt;
1429 3865 1677 3919 maxime
1699 3881 1850 3931 vero,

150 3952 362 4023 quibus
404 3968 519 4006 non
549 3952 681 4006 licet
709 3953 906 4006 multae
939 3951 1167 4006 lectioni
1198 3969 1431 4023 operam
1468 3953 1622 4017 dare,
1651 3970 1766 4024 quo
1797 3970 1854 4006 se

148 4042 302 4112 ipsos
345 4040 404 4094 in
441 4057 509 4094 ea
545 4041 1013 4111 contemplantes.
1043 4040 1148 4094 ubi
1186 4042 1300 4094 Deo
1337 4045 1577 4112 pareant
1615 4046 1713 4096 aut
1739 4058 1855 4096 non

149 4133 412 4200 pareant,
432 4134 710 4201 quantum
725 4129 1073 4199 profecerint
1092 4130 1153 4183 in
1165 4130 1436 4199 operibus
1447 4129 1632 4194 bonis,
1651 4129 1854 4200 quidve

150 4218 259 4274 sibi
299 4217 490 4272 adhuc
536 4218 683 4273 desit
713 4218 783 4272 ad
824 4217 1257 4288 perfectionem,
1287 4217 1718 4287 deprehendant
1753 4233 1767 4271 :
1801 4220 1857 4270 et

151 4306 231 4359 sic
259 4304 371 4375 ipsi
403 4304 472 4358 de
513 4303 700 4367 bouis,
730 4319 858 4374 quae
893 4303 952 4356 in
997 4320 1055 4357 se
1090 4302 1616 4367 animadverterint,
1645 4301 1856 4373 gratias

152 4397 355 4464 agant;
386 4408 585 4446 omnes
614 4409 743 4447 suas
771 4408 936 4446 curas
962 4408 1024 4445 ac
1063 4407 1260 4462 preces
1289 4389 1361 4444 ad
1399 4406 1598 4444 eorum
1628 4405 1855 4444 conser—

151 4483 444 4537 vationem
487 4481 640 4537 ﬁdeli
687 4481 897 4552 pietate
939 4480 1234 4534 conferant
1280 4483 1334 4533 et
1377 4495 1576 4533 nervos
1615 4495 1745 4534 suos
1787 4479 1886 4533 ad-

154 4587 238 4637 ea,
273 4571 488 4641 quibus
527 4586 586 4624 se
625 4569 924 4624 destitutos
958 4568 1224 4634 viderint,
1252 4567 1635 4638 comparanda
1668 4568 1856 4622 inten-

155 4659 314 4714 dant.
342 4660 409 4713 Et
433 4659 539 4713 hoc
567 4658 679 4713 fuit
706 4673 910 4725 causae,
942 4674 1043 4712 cur
1082 4657 1295 4712 eisdem
1325 4657 1603 4727 excerptis
1632 4655 1858 4726 Speculi

153 4748 390 4804 titulum
421 4746 784 4812 inscriberet;
815 4747 1024 4818 quibus
1049 4746 1324 4800 duntaxat
1351 4745 1553 4816 adjecit
1575 4745 1858 4816 praefatio-

152 4854 312 4906 nem,
352 4853 469 4908 qua
518 4835 742 4891 consilii
794 4835 882 4890 sui
929 4835 1211 4890 rationem
1262 4835 1467 4889 reddit.
1513 4835 1685 4888 Locos
1732 4834 1858 4888 illos

151 4926 471 4982 secundum
515 4924 777 4979 ordinem
819 4925 1099 4979 librorum
1137 4923 1442 4994 Scriptura:
1478 4923 1652 4978 refert
1683 4940 1697 4978 :
1729 4939 1858 4978 cum

153 5019 347 5070 autem
374 5013 527 5068 inter
541 5013 696 5083 ipsos
717 5012 983 5067 nonnulli
1010 5012 1312 5067 videantur
1333 5011 1438 5066 sibi
1461 5011 1705 5066 invicem
1726 5027 1857 5065 con-

153 5103 336 5171 trarii,
371 5103 476 5157 hos
506 5106 732 5156 sanctus
749 5101 1014 5168 Antistes,
1034 5104 1160 5171 post
1178 5101 1505 5155 absolutum
1530 5099 1856 5170 Speculum,

153 5190 576 5264 questionibus
619 5189 927 5262 propositis
969 5188 1364 5260 expositurum
1417 5205 1475 5243 se
1525 5187 1857 5242 conciliatu-

154 5297 404 5352 rumque
428 5279 751 5352 pollicetur.
785 5278 1260 5334 Lucubrationem
1287 5280 1436 5333 hanc
1464 5291 1749 5348 nusquam
1775 5275 1860 5329 in-

153 5370 384 5437 venias;
404 5369 524 5424 imo
545 5385 680 5424 vero
702 5384 829 5423 eam
851 5368 920 5422 ab
949 5368 1267 5439 Augustino
1288 5366 1520 5422 omnino
1547 5381 1665 5420 non
1689 5363 1860 5419 fuisse

156 5458 370 5513 editam
403 5457 538 5513 hinc
565 5457 824 5528 judicare
854 5462 958 5525 est,
991 5457 1147 5528 quod
1174 5455 1462 5512 Possidius
1489 5455 1708 5509 nullam
1738 5453 1861 5523 ejus
1888 5516 1897 5525 _

159 5546 520 5601 mentionem
576 5546 729 5613 facit,
769 5547 999 5604 tametsi
1053 5563 1126 5601 ne
1179 5545 1573 5616 praefationem
1631 5539 1861 5611 quidem

517 5645 791 5710 PATROL.
843 5645 1095 5710 XXXII.

1965 425 2205 496 Speculo
2236 430 2531 500 praeﬁxam
2567 434 2637 488 ab
2667 441 2896 490 auctore
2937 437 3161 492 silentio
3195 443 3551 510 praeterierit.

2600 523 2828 578 CAPUT
2878 527 3023 580 VIII.

1967 607 1988 656 1
2029 607 2342 672 Bonifacius
2391 612 2681 666 secundum
2710 629 2930 668 umorem
2961 616 3131 681 ducit,
3165 624 3214 671 et
3239 624 3453 688 magnis
3479 629 3665 690 postea

2034 695 2435 752 calamitatibus
2480 703 2837 767 conﬂictatur.
2878 705 2909 756 2
2939 705 3144 758 Bellum
3175 709 3224 759 ei
3271 708 3414 762 hosti
3451 712 3667 781 imperii

2035 782 2305 838 declarato
2348 787 2605 853 infertur,
2648 793 2809 844 misso
2852 793 3117 846 Mavortia
3165 796 3396 864 aliisque
3441 800 3498 851 in
3547 815 3664 853 eum

2035 869 2278 926 ducibus.
2317 876 2346 926 3
2390 876 2732 942 Augustinus
2761 880 3104 944 Boni/eciam
3140 899 3238 950 per
3267 885 3476 940 litteras
3505 891 3567 941 ut
3608 891 3666 942 in

2034 957 2276 1027 ofﬁcium
2307 962 2490 1016 redeat
2513 964 2858 1020 adhortatur.
2881 969 2914 1020 4
2945 969 3280 1036 Segisvultus
3310 977 3469 1042 cwpti
3490 977 3546 1028 in
3570 977 3667 1029 Bo-

2034 1047 2298 1111 nifacium
2347 1048 2472 1102 belli
2516 1067 2699 1106 curam
2740 1057 2986 1123 suscipit.
3021 1061 3049 1110 5
3082 1059 3388 1126 Effundunt
3424 1077 3478 1115 se
3520 1065 3664 1118 Van-

2035 1131 2154 1186 dali
2196 1136 2254 1187 in
2286 1137 2539 1202 Africam
2569 1142 2665 1192 Dei
2693 1144 2941 1200 nutu.'ut
2966 1148 3272 1212 puniantur
3296 1149 3416 1215 alii,
3449 1151 3552 1204 alii
3580 1166 3663 1205 co-

2033 1228 2308 1278 ronentur.
2343 1228 2372 1277 6
2404 1227 2612 1291 Africa
2636 1244 2736 1296 per
2788 1231 3059 1287 Vandalos
3102 1236 3260 1299 ferox
3301 1241 3350 1290 et
3395 1238 3664 1292 horrenda

2035 1309 2400 1379 depopulotio.
2435 1317 2462 1365 7
2496 1314 2585 1367 An
2615 1318 2880 1385 episcopis
2907 1319 3063 1373 liceat
3091 1323 3148 1373 in
3177 1324 3487 1378 istiusmodi
3514 1327 3665 1380 cala-

2033 1399 2316 1452 mitatibus
2345 1401 2484 1466 fuga
2513 1402 2620 1454 sibi
2643 1405 2932 1458 consulere.

2041 1489 2095 1539 l.
2131 1488 2454 1556 Antequam
2505 1489 2657 1543 hunc
2706 1508 2924 1546 annum
2970 1494 3318 1562 claudamus,
3354 1501 3662 1568 repetenda

1963 1577 2048 1626 est
2078 1573 2351 1628 Bouifacii
2379 1577 2602 1631 comitis
2631 1579 2897 1644 historia;
2932 1581 3032 1651 qui
3060 1598 3211 1636 nunc
3243 1584 3452 1638 mirum
3485 1603 3663 1656 quan-

1964 1666 2083 1715 tum
2117 1667 2369 1717 mutatus
2399 1665 2468 1718 ab
2491 1665 2589 1720 illo
2615 1672 2718 1735 est,
2746 1669 2906 1739 cujus
2933 1675 3065 1724 ante
3089 1671 3307 1742 aliqUot
3326 1689 3505 1728 annos
3534 1675 3665 1729 feci-

1964 1765 2094 1802 mus
2135 1751 2506 1808 mentionem.
2546 1754 2801 1810 Diximus
2837 1757 2998 1811 illum
3032 1757 3090 1811 in
3122 1759 3307 1814 Africa
3337 1778 3488 1815 anno
3520 1779 3660 1833 qua-

1965 1837 2412 1908 dringentesimo
2454 1842 2674 1897 decimo
2703 1846 2945 1914 septimo
2977 1846 3033 1899 in
3066 1847 3214 1900 bello
3243 1850 3493 1918 gerendo
3525 1867 3661 1904 con-

1964 1931 2050 1980 tra
2076 1928 2352 1983 Barbaros
2380 1936 2742 2001 occupatum,
2766 1933 2834 1986 de
2857 1934 3184 1989 abdicandis
3216 1937 3483 1992 omnibus
3508 1940 3660 2009 cogi-

1966 2019 2141 2082 tasse;
2170 2021 2229 2070 at
2267 2016 2318 2070 ei
2360 2019 2706 2087 persuasisse
2746 2021 3127 2090 Augustinum
3169 2026 3338 2094 atque
3367 2025 3658 2095 Alypium,

1964 2107 2026 2156 ut
2068 2103 2126 2157 in
2177 2104 2399 2159 comitis
2447 2123 2685 2161 munere
2729 2125 3116 2178 perseverans,
3160 2111 3262 2165 Dei
3306 2114 3361 2165 et
3401 2113 3660 2168 Ecclesiae

1964 2191 2154 2258 rebus,
2189 2193 2340 2263 quod
2371 2194 2624 2263 profecto
2653 2195 2910 2262 faciebat,
2946 2213 3182 2266 operam
3212 2199 3513 2269 praeberet,
3545 2218 3662 2254 ser-

1964 2295 2101 2333 vans
2130 2280 2363 2335 interim
2388 2283 2744 2352 propositum
2773 2284 2996 2338 colendi
3023 2286 3332 2355 perfectam
3364 2289 3662 2343 continen-

1966 2369 2124 2436 tiam,
2158 2387 2220 2424 ac
2251 2370 2394 2424 nihil
2438 2372 2507 2426 de
2535 2373 2779 2428 fortuna:
2811 2376 3125 2430 commodis
3167 2381 3263 2431 aut
3293 2378 3451 2432 vanis
3479 2379 3663 2433 hono-

1967 2457 2121 2511 ribus
2140 2458 2420 2529 augendis
2440 2460 2713 2515 sollicitus
2730 2462 2930 2531 (Epist.
2954 2465 3079 2533 220,
3108 2480 3165 2518 n.
3193 2466 3267 2534 3).
3301 2466 3352 2519 Is
3373 2465 3662 2520 Castinum

1965 2545 2024 2599 in
2057 2546 2353 2616 Hispanias
2383 2564 2533 2603 anno
2558 2549 2831 2620 vigesimo
2857 2551 3102 2606 secundo
3133 2559 3265 2622 post
3284 2554 3667 2625 quadringen-

1965 2635 2234 2688 tesimum
2274 2641 2516 2701 secutus,
2548 2637 2760 2692 ibidem
2793 2655 2923 2693 cum
2954 2640 3052 2693 illo
3085 2641 3354 2694 adversus
3385 2642 3667 2696 Vandalos

1964 2721 2310 2793 depugnavit
2350 2726 2612 2793 (Prosper,
2647 2728 2706 2779 in
2744 2727 3052 2797 Chronico);
3083 2743 3187 2782 nec
3228 2728 3486 2792 dubium,
3524 2729 3665 2800 quin

1967 2809 2229 2862 militaris
2271 2810 2392 2880 ejus
2428 2812 2634 2880 peritia
2671 2812 2960 2869 funestum
3003 2814 3240 2882 hujusce
3278 2815 3413 2868 belli
3449 2816 3665 2870 exitum

1966 2897 2276 2963 avertisset,
2311 2898 2422 2950 nisi
2453 2915 2726 2970 arrogans
2767 2900 3064 2971 ingenium
3111 2900 3322 2954 Castini
3366 2903 3663 2966 reveritus,

1963 2984 2023 3037 in
2052 2989 2286 3054 portum
2323 2986 2505 3053 Urbis,
2537 3003 2600 3040 ac
2632 2987 2762 3042 inde
2795 2987 2855 3041 in
2889 2988 3136 3043 Africam
3168 3006 3289 3043 sese
3324 2991 3655 3060 recepisset.

1965 3074 2204 3142 Prosper
2234 3078 2382 3127 certe
2423 3074 2729 3129 discessum
2761 3075 2923 3130 illum
2955 3077 3196 3148 imperio
3239 3076 3414 3132 fuisse
3456 3079 3663 3132 multa-

1965 3176 2095 3214 rum
2123 3162 2511 3217 calamitatum
2541 3168 2597 3218 et
2626 3165 2910 3218 malorum
2939 3165 3407 3236 subsequentium
3436 3165 3664 3220 initium

1965 3249 2159 3304 tradit.
2195 3251 2308 3304 Hoc
2344 3255 2537 3305 tamen
2567 3269 2684 3306 non
2726 3253 2806 3306 ita
2837 3253 3030 3306 statim
3067 3253 3332 3324 apparuit
3364 3271 3376 3308 :
3410 3271 3439 3308 e
3469 3259 3667 3308 contra

1965 3354 2094 3391 cum
2126 3338 2374 3393 Placidia
2401 3356 2553 3394 anno
2584 3339 3151 3411 quadringentesimo
3193 3342 3464 3412 vigesimo
3495 3341 3682 3396 tertio-

1966 3426 2202 3480 ineunte
2223 3427 2786 3498 Constantinopolim
2808 3429 3112 3499 perfugere
3135 3435 3280 3483 esset
3304 3436 3528 3497 coacta;
3555 3431 3665 3484 Bo-

1967 3512 2228 3582 nifacius,
2260 3515 2409 3584 quod
2441 3514 2493 3567 ei
2539 3515 2692 3568 solus
2720 3514 2895 3569 ﬁdem
2941 3515 3266 3582 servaverit,
3300 3531 3365 3570 ac
3401 3532 3662 3570 necessa-

1967 3599 2112 3653 riam
2140 3599 2249 3670 ipsi
2278 3601 2582 3668 pecuniam
2611 3617 2677 3654 ex
2720 3601 2909 3655 Africa
2950 3602 3351 3670 transmiserit,
3384 3603 3454 3657 ab
3483 3603 3662 3658 histo-

1966 3687 2097 3740 ricis
2137 3688 2585 3742 commendatur.
2620 3688 2776 3742 Idem
2808 3705 3039 3760 quoque
3085 3689 3349 3744 defuncto
3390 3690 3662 3756 Honorio,

1966 3774 2116 3845 quod
2168 3773 2399 3844 quidem
2441 3774 2664 3829 decimo
2713 3780 2907 3830 octavo
2947 3776 3221 3831 kalendas
3259 3778 3486 3848 augusti
3528 3777 3665 3832 anni

1964 3861 2135 3932 hujus
2165 3861 2427 3931 contigit,
2455 3861 2613 3916 illam
2642 3862 2704 3916 in
2748 3863 3138 3934 recuperando
3181 3864 3526 3919 Occidentali
3556 3866 3665 3919 im-

1964 3949 2149 4020 perio,
2181 3950 2335 4021 quod
2372 3951 2619 4004 Joannes
2664 3956 3055 4022 occupaverat,
3080 3952 3231 4022 juvit
3270 3953 3472 4024 (Ibid)
3505 3955 3665 4009 Post-

1966 4053 2140 4109 quam
2187 4037 2280 4091 hic
2328 4055 2479 4092 anno
2528 4039 3095 4110 quadringentesimo
3143 4041 3418 4112 vigesimo
3466 4041 3667 4112 quinto

1967 4125 2146 4179 victus
2177 4129 2520 4197 necatusque
2551 4132 2717 4195 esset,
2746 4144 2808 4180 ac
2828 4127 3258 4182 Valentinianus
3287 4130 3482 4182 Roma:
3510 4145 3663 4183 nono

1967 4214 2242 4268 kalendas
2270 4214 2516 4268 octobris
2546 4214 2804 4284 ejusdem
2834 4215 2971 4270 anni
3015 4218 3302 4286 Augustus
3332 4216 3435 4270 sub
3467 4215 3666 4269 matris

1967 4302 2149 4356 tutela
2189 4302 2537 4369 declaratus;
2584 4303 2937 4358 Bonifacium
2987 4321 3054 4358 ex
3112 4303 3302 4357 Africa
3343 4302 3403 4356 in
3457 4303 3665 4357 Urbem

1969 4389 2225 4443 evocavit
2266 4389 2550 4453 Placidia;
2583 4406 2757 4460 quem
2797 4396 2853 4446 et
2896 4391 3055 4446 novis
3099 4389 3467 4461 dignitatibus
3511 4391 3668 4444 auxit

1970 4480 2175 4549 (Epist.
2226 4481 2350 4546 220,
2398 4495 2455 4534 η.
2505 4480 2584 4548 4).
2631 4481 2762 4550 Ejus
2810 4481 3040 4535 ruinam
3092 4479 3165 4534 ad
3214 4483 3436 4534 tantum
3489 4479 3664 4535 istum

1967 4567 2252 4621 honorum
2283 4568 2581 4622 cumulum
2609 4569 2874 4639 plerique
2920 4583 3118 4622 omnes
3146 4568 3421 4634 retulere;
3450 4567 3666 4639 quippe

1969 4671 2084 4726 quo
2118 4656 2179 4710 in
2216 4655 2380 4710 illum
2418 4655 2587 4720 Aetii,
2617 4656 2716 4728 qui
2740 4656 2864 4726 jam
2902 4660 3038 4709 tunc
3082 4655 3142 4709 in
3183 4655 3313 4710 aula
3350 4655 3665 4726 plurimum

1969 4743 2158 4798 valere
2187 4749 2457 4814 coeperat,
2491 4745 2767 4798 concitata
2794 4747 2941 4797 esset
2967 4742 3296 4797 invidentia.
3327 4743 3663 4816 Quanquam

1971 4836 2304 4888 sanctorum
2333 4831 2585 4886 virorum
2603 4830 2838 4901 judicio,
2863 4846 3031 4884 causa
3057 4827 3312 4897 ejusdem
3342 4846 3502 4886 casus
3523 4848 3668 4902 prae-

1971 4919 2139 4991 cipua
2169 4920 2296 4987 fuit,
2325 4921 2478 4991 quod
2501 4918 2800 4989 cupiditati
2829 4918 3147 4987 obsecutus,
3177 4934 3351 4988 quam
3373 4920 3556 4974 colere
3584 4920 3667 4975 in-

1972 5009 2255 5075 stituerat,
2288 5006 2700 5062 continentiam
2729 5005 3068 5060 deseruisset
3089 5005 3277 5074 (Ibid.,
3303 5023 3360 5061 n.
3385 5008 3462 5076 5),
3495 5012 3667 5078 atque

1972 5097 2182 5152 iterum
2203 5111 2443 5150 uxorem
2473 5093 2759 5164 Pelagiam
2791 5093 3098 5165 quamdam
3118 5094 3471 5165 praedivitem
3500 5093 3664 5147 femi-

1972 5203 2107 5240 nam
2138 5185 2392 5239 duxisset
2429 5183 2666 5237 domum
2694 5183 3074 5250 (Marcellinus,
3110 5185 3168 5236 in
3206 5181 3501 5251 Chronico).
3536 5181 3666 5234 Haec

1970 5275 2241 5329 Arianam
2280 5270 2543 5326 haeresim
2582 5270 2983 5341 proﬁtebatur;
3017 5270 3116 5324 sed
3163 5285 3286 5322 eam
3326 5269 3420 5322 ille
3460 5267 3666 5323 ducere

1971 5362 2178 5428 noluit,
2211 5360 2323 5415 nisi
2350 5359 2512 5431 prius
2533 5359 2738 5413 factam
2761 5358 3142 5413 Catholicam:
3178 5355 3330 5426 quod
3360 5360 3666 5426 utcumque

1971 5449 2314 5520 Augustino,
2350 5463 2524 5518 quem
2554 5464 2811 5502 summus
2834 5447 2993 5500 dolor
3020 5447 3248 5516 ceperat
3269 5443 3339 5496 ob
3369 5459 3668 5514 nunquam

1977 5537 2082 5590 sibi
2124 5540 2482 5606 expectatum
2526 5536 2731 5589 harum
2772 5533 3102 5603 nuptiarum
3151 5530 3437 5596 nuntium,
3475 5533 3670 5586 solatio

2929 5626 3309 5710 (Dir—hm't.)
