4028 6174
483 342 584 373 δοῖ)

483 444 593 498 fuit
633 442 835 513 (Epist.
871 444 996 506 220,
1025 457 1081 496 η.
1112 441 1182 506 4).
1219 440 1394 493 Porro
1434 436 1701 508 conjugio
1732 435 1864 489 huic
1908 434 2050 488 illud
2079 434 2175 488 de-

484 532 704 586 decoris
733 530 1049 591 accedebat,
1072 527 1247 599 quod,
1270 525 1495 579 tametsi
1522 540 1666 577 uxor
1685 525 1807 594 ejus
1836 522 2177 577 catholicam

484 622 657 676 ﬁdem
681 620 940 689 amplexa
954 617 1255 679 diceretur,
1276 619 1469 668 tamen
1490 613 1549 665 in
1571 611 1749 682 ipsius
1770 612 1939 666 domo
1957 615 2175 664 tantam

480 709 588 763 sibi
635 707 1028 762 auctoritatem
1088 705 1491 773 arrogaverant
1538 700 1756 767 Ariani,
1807 704 1871 754 ut
1921 699 2177 770 ejusdem

478 798 678 863 tiliam,
713 812 777 849 ex
822 796 930 847 hoc
960 794 1100 847 forte
1142 790 1503 844 matrimonio
1549 793 1762 854 natam,
1795 787 2154 859 baptizarent

483 888 662 941 Unam
710 883 962 955 quidem,
1009 885 1070 934 ut
1116 879 1377 950 superius
1439 879 1818 943 observatam,
1866 894 1934 931 ex
1984 876 2177 947 priore

452 973 720 1041 .conjuge
760 970 984 1033 tulerat,
1026 985 1198 1039 quam
1233 965 1435 1038 nuptui
1485 966 1799 1020 tradiderat
1845 964 2177 1020 Sebastiano

478 1060 673 1114 comiti
709 1075 723 1112 :
755 1074 953 1113 verum
993 1073 1121 1111 cum
1162 1056 1257 1110 ille
1299 1072 1489 1109 comes
1538 1054 1671 1108 ﬁdei
1702 1053 1993 1107 catholicas
2031 1057 2181 1107 esset

477 1149 753 1213 addictus,
775 1162 1013 1200 uxorem
1042 1161 1172 1198 eum
1204 1143 1430 1198 duxisse
1451 1142 1741 1202 Arianam,
1761 1141 2031 1195 credibile
2060 1158 2177 1195 non

478 1237 719 1290 videtur.
744 1234 891 1299 Quin
913 1234 1084 1287 etiam
1116 1232 1347 1285 ancillas
1380 1232 1493 1284 Deo
1524 1231 1734 1284 dicatas
1765 1230 1834 1283 de
1866 1230 2035 1283 domo
2076 1230 2177 1283 Bo-

479 1323 671 1379 nifacii
726 1322 988 1377 ferebant
1054 1321 1123 1374 ab
1176 1320 1390 1375 eisdem
1446 1318 1727 1373 haereticis
1777 1317 2175 1387 rebaptizatas.

478 1414 645 1466 Illum
675 1412 907 1482 quoque
932 1425 1109 1463 uxore
1140 1408 1395 1477 legitima
1421 1424 1534 1460 non
1564 1412 1919 1473 contentum,
1947 1406 2178 1477 pellices

479 1501 651 1553 etiam
694 1498 851 1553 domi
890 1498 1039 1550 alere
1078 1496 1328 1565 jactabat
1358 1511 1572 1548 rumor.
1604 1498 1672 1548 At
1714 1511 1864 1557 vero,
1898 1493 1946 1547 si
1974 1495 2175 1563 conju-

478 1589 638 1658 gium
668 1588 774 1640 hoc
804 1585 1081 1638 scelerum
1114 1583 1397 1652 scaturigo
1420 1582 1651 1648 exstitit,
1685 1582 1824 1636 illud
1851 1582 2020 1635 etiam
2044 1580 2178 1634 insi-

476 1677 676 1748 gnium
720 1674 1109 1728 calamitatum
1158 1672 1461 1724 innumera
1501 1675 1803 1723 consecuta
1851 1675 1936 1724 est
1976 1668 2175 1724 multi-

479 1765 616 1819 tudo
644 1781 655 1818 :
676 1763 881 1834 quibus
902 1760 1319 1814 calamitatibus
1339 1774 1566 1811 causam
1587 1758 1831 1828 ipsemet
1857 1757 2175 1812 Bonifacius

477 1852 689 1923 partim
718 1850 1027 1921 praebuisse
1056 1848 1265 1903 dicitur
1294 1847 1475 1919 (Ibid,
1513 1864 1566 1901 η.
1605 1849 1682 1916 5).

547 1945 597 1994 2.
632 1938 913 1995 Memoria:
949 1937 1139 2007 prodit
1171 1937 1425 2007 Prosper,
1459 1935 1675 1989 bellum
1714 1934 1767 1988 ei
1796 1933 2025 2005 publico
2065 1949 2174 1987 no-

477 2028 632 2082 mine
671 2026 951 2081 indictum
989 2025 1185 2090 fuisse,
1219 2024 1368 2094 quod
1411 2023 1597 2077 redire
1636 2023 1696 2076 in
1736 2022 1957 2077 Italiam
1983 2023 2176 2093 jussus

476 2133 590 2170 non
638 2115 919 2186 paruisset
946 2114 1218 2181 (Prosper,
1262 2115 1319 2164 in
1350 2112 1649 2177 Chronico).
1694 2111 1832 2165 Rem
1871 2110 2043 2180 paulo
2085 2109 2175 2163 la—

476 2204 588 2256 tius
618 2206 812 2255 narrat
829 2199 1161 2269 Procopius.
1192 2198 1365 2269 Atqui
1382 2215 1446 2251 ex
1468 2198 1785 2266 Augustino
1810 2197 2172 2267 intelligitur,

480 2289 832 2343 Bonifacium
868 2286 1004 2343 belli
1042 2302 1271 2341 causam
1311 2285 1540 2339 solitum
1570 2287 1804 2354 rejicere
1834 2284 1894 2340 in
1924 2302 2036 2350 eos,
2077 2286 2173 2355 qui

478 2377 561 2431 illi
585 2376 800 2447 optime
827 2375 896 2429 de
927 2374 1217 2445 republica
1238 2372 1442 2426 merito
1474 2374 1680 2427 malam
1704 2374 1948 2444 gratiam
1977 2378 2032 2428 et
2048 2391 2176 2428 con-

478 2464 651 2519 traria
696 2463 1072 2518 reddidissent
1100 2464 1298 2533 (Epist.
1351 2463 1476 2528 2'20,
1518 2478 1572 2515 η.
1615 2463 1695 2530 8);
1742 2467 1913 2532 atque
1960 2463 2020 2516 in
2068 2463 2175 2517 hoc

477 2552 673 2619 etiam,
701 2552 852 2624 quod
876 2551 1026 2605 bona
1056 2550 1247 2604 saeculi
1269 2550 1463 2621 hujus,
1486 2566 1614 2620 qua:
1646 2550 1920 2604 nimirum
1943 2552 2030 2605 vel
2057 2568 2172 2622 spe-

477 2642 655 2709 rabat,
696 2642 781 2695 vel
827 2639 1175 2711 possidebat,
1208 2638 1315 2692 sibi
1362 2644 1566 2708 negata
1603 2643 1703 2691 aut
1744 2639 1867 2692 aliis
1914 2639 2171 2709 delegata

475 2732 693 2787 doleret
724 2730 912 2799 (Ibid,
943 2745 998 2782 n.
1033 2729 1101 2796 5).
1136 2727 1296 2781 Venit
1331 2728 1649 2797 Hipponem
1680 2743 1747 2781 eo
1779 2732 2035 2799 tempore
2067 2729 2169 2782 Bo-

474 2819 712 2875 nifacius
736 2835 749 2873 :
772 2824 831 2871 at
849 2820 1107 2870 sanctum
1132 2815 1458 2869 Antistitem
1488 2832 1607 2886 prie
1639 2817 1891 2887 corporis
1921 2818 2169 2872 imbecilo

473 2910 628 2963 litate
658 2907 745 2961 vix
774 2907 1107 2977 loquentem
1133 2904 1376 2975 reperit:
1402 2909 1571 2975 atque
1602 2905 1701 2969 ita,
1730 2922 1858 2977 quae
1888 2906 1957 2960 ad
1991 2906 2170 2976 ipsius

472 2998 710 3051 salutem
745 2992 1060 3048 necessaria
1090 2997 1272 3058 erant,
1306 2992 1503 3047 audire
1548 2993 1617 3047 ab
1663 2993 1761 3048 illo
1803 3010 2169 3065 nequaquam

471 3083 656 3153 potuit
684 3082 870 3151 (Ibid.,
904 3098 959 3135 η.
992 3082 1065 3147 2).
1100 3081 1339 3144 Bellum,
1375 3082 1526 3151 quod
1558 3082 1653 3135 ille
1681 3082 1947 3136 adversus
1986 3082 2169 3152 impe-

473 3170 623 3223 rium
648 3169 934 3233 sustinuit,
966 3184 1111 3221 nova
1139 3168 1307 3238 culpa
1334 3168 1460 3233 fuit,
1484 3173 1542 3221 et
1566 3169 1809 3223 aliarum
1834 3186 1980 3239 pene
2010 3171 2171 3223 innu-

471 3272 761 3311 merarum
806 3256 932 3309 fons
986 3261 1154 3325 atque
1209 3256 1391 3325 origo.
1444 3257 1579 3321 Quis
1626 3273 1731 3311 non
1771 3259 1974 3319 rideat,
2025 3258 2171 3327 quod

470 3345 630 3399 multi
655 3345 889 3398 homines
919 3344 1022 3397 tibi
1050 3343 1347 3396 cohzereant
1383 3343 1457 3397 ad
1497 3345 1753 3398 tuendum
1797 3349 1944 3399 tuam
1976 3352 2166 3416 poten-

468 3436 602 3488 tiam
626 3434 709 3487 vel
736 3433 986 3501 salutem,
1012 3433 1109 3501 qui
1136 3434 1351 3485 etiamsi
1381 3432 1483 3485 tibi
1509 3447 1685 3486 omnes
1709 3433 1890 3501 ﬁdeles
1918 3437 2047 3500 sint,
2073 3451 2166 3489 nec

468 3523 537 3575 ab
580 3523 764 3590 aliquo
808 3536 989 3574 eorum
1030 3520 1153 3573 ulla:
1183 3521 1474 3574 timeantur
1512 3520 1745 3586 insidia},
1776 3538 1961 3591 nempe
1991 3527 2166 3577 tamen

466 3611 541 3665 ad
568 3627 631 3665 ea
669 3611 804 3666 bona
844 3625 963 3679 qum
1003 3610 1113 3678 ipsi
1139 3623 1348 3677 quoque
1385 3624 1489 3662 non
1535 3610 1826 3664 secundum
1855 3612 2039 3675 Deum,
2073 3612 2167 3665 scd

465 3699 756 3754 secundum
787 3699 1039 3752 saeculum
1083 3696 1340 3765 diligunt,
1376 3714 1477 3766 per
1504 3703 1553 3751 te
1593 3700 1818 3767 cupiunt
1845 3703 2163 3768 pervenire;

466 3803 529 3840 ac
553 3803 652 3856 per
691 3787 784 3840 hoc
820 3788 915 3853 qui
946 3787 1224 3850 refrenare
1255 3790 1306 3838 et
1335 3801 1657 3854 compescm'e
1687 3787 1922 3841 debuisti
1947 3789 2162 3858 cupidi-

466 3878 602 3927 tates
652 3878 793 3939 tuas,
826 3873 1038 3940 capiere
1084 3874 1287 3938 cogeris
1332 3873 1583 3927 alienas?
1613 3874 1766 3938 Quod
1800 3878 1918 3942 ﬁat,
1960 3892 2165 3931 necesse

467 3966 543 4014 est
580 3960 752 4013 multa
790 3974 908 4027 quae
946 3962 1049 4012 Deo
1086 3958 1395 4027 displicent,
1424 3963 1581 4028 ﬁant.
1616 3962 1717 4016 Nec
1748 3964 1826 4014 sic
1856 3966 2033 4016 tamen
2062 3980 2159 4016 ar-

461 4049 681 4118 plentur
708 4049 841 4101 tales
868 4047 1193 4115 cupiditates
1219 4063 1233 4112 ;
1263 4062 1392 4101 nam
1418 4049 1643 4112 facilius
1668 4056 1978 4104 resecantur
2004 4054 2063 4105 in
2088 4055 2162 4107 eis

464 4140 563 4206 qui
589 4139 753 4191 Deum
782 4136 1042 4204 diligunt,
1073 4150 1237 4203 quam
1273 4138 1332 4189 in
1369 4138 1445 4189 cis
1472 4138 1570 4205 qui
1610 4137 1870 4191 mundum
1899 4139 2158 4206 diligunt,

461 4224 761 4295 aliquando
790 4227 1085 4279 satiantur.
1134 4224 1296 4279 Vides
1328 4229 1437 4279 tam
1477 4226 1648 4279 multa
1677 4229 1931 4295 contrita,
1966 4232 2023 4282 u’t
2040 4230 2161 4297 jam

460 4315 566 4367 vile
596 4313 833 4383 aliquid,
861 4312 1005 4380 quod
1027 4314 1305 4382 rapiatur,
1330 4315 1428 4366 via:
1456 4315 1768 4369 inveniatur
1790 4314 1976 4385 (Ibid.,
2004 4332 2057 4371 n.
2087 4319 2155 4385 6).

458 4403 547 4457 Ad
583 4402 726 4469 base,
754 4417 887 4456 cum
930 4401 1249 4455 Bonifacius
1296 4401 1357 4455 in
1394 4402 1566 4456 armis
1612 4419 1681 4458 eo
1719 4406 1900 4458 solum
1941 4422 2159 4465 reman-

460 4491 644 4559 sisset,
696 4494 763 4544 ut
811 4488 1165 4559 provinciam
1219 4493 1502 4543 tutaretur
1551 4490 1620 4543 ab
1676 4492 1824 4545 Afris
1879 4493 2155 4561 barbaris,

460 4591 601 4646 quos
631 4576 865 4631 omnino
896 4575 1281 4647 perdomitum
1325 4575 1418 4643 iri,
1445 4577 1635 4631 statim
1665 4582 1836 4648 atque
1867 4596 2157 4636 summum

459 4662 753 4732 copiarum
790 4665 1099 4735 imperium
1146 4664 1506 4725 obtinuisset.
1540 4667 1860 4721 communis
1900 4673 2021 4722 erat
2058 4685 2154 4724 ex-

457 4750 763 4819 spectatio;
792 4757 989 4806 eontra
1016 4769 1150 4808 vero
1178 4753 1403 4808 tametsi
1441 4753 1547 4807 hac
1570 4753 1690 4824 jam
1721 4760 2000 4824 potestate
2029 4759 2151 4828 pol-

456 4837 618 4903 leret,
674 4854 1160 4912 numerosumque
1231 4842 1491 4896 ductaret
1555 4843 1899 4911 exercitum;
1959 4850 2153 4901 tamen

456 4924 630 4980 iidem
647 4925 733 4979 illi
755 4927 980 4981 barbari
996 4929 1268 4985 altissime
1285 4930 1347 4983 in
1367 4930 1718 5001 provinciam
1734 4931 2150 5005 irrumpebant,

455 5012 649 5068 omnia
698 5013 1081 5080 devastabant,
1132 5018 1476 5088 expilabant,
1517 5018 2040 5090 depopulabantur;
2072 5022 2152 5077 ita

454 5107 518 5157 ut
559 5102 761 5170 multa,
795 5118 924 5173 quae
970 5103 1142 5172 plena
1189 5106 1417 5176 populis
1447 5112 1629 5173 erant,
1660 5107 1781 5163 loca
1830 5108 1888 5163 in
1929 5110 2150 5165 deserta

450 5195 867 5257 converterent,
900 5207 1005 5245 nec
1029 5191 1325 5248 resistente
1356 5210 1669 5267 quoquam,
1699 5213 1807 5251 nec
1839 5198 2143 5267 Bonifacio,

449 5286 512 5335 ut
558 5282 974 5347 coercerentur,
1018 5280 1374 5349 providente,
1420 5283 1635 5354 quippe
1680 5301 1853 5355 quem
1898 5287 2145 5357 propriae

448 5384 565 5423 suae
612 5368 812 5424 salutis
866 5383 1004 5422 cura
1072 5367 1440 5424 vehementer
1491 5378 1830 5443 occupatum
1901 5373 2147 5429 habebat

446 5456 648 5526 (Ibid.,
678 5475 734 5514 n.
766 5458 841 5530 7).
873 5455 1096 5513 Etenim
1127 5456 1327 5511 eodem
1376 5458 1536 5512 hoste
1580 5460 1808 5533 imperii
1838 5461 2142 5531 declarato,

447 5545 664 5601 curavit
691 5546 846 5602 Felix
876 5545 938 5602 in
958 5545 1124 5603 illum
1145 5544 1503 5601 ntexercitus
1534 5548 1872 5617 mitteretur,
1904 5551 2141 5608 ducibus

1702 314 1869 368 VlTA
1909 313 1962 367 S.
2008 309 2390 369 AUGUSTINI
2446 308 2779 364 EPISCOPI.
3814 318 3882 369 ὃδὴ

2287 432 2573 499 Mavortia,
2624 431 2897 487 Galbione
2939 446 3002 484 ac
3048 429 3278 496 Sinoce;
3322 429 3419 501 qui
3462 447 3579 486 cum
3608 434 3883 492 Bonitacium

2286 521 2610 576 obsiderent
2642 520 2917 591 (quonam
2949 519 3012 573 in
3057 518 3180 573 loco
3211 534 3330 572 non
3359 520 3704 593 exprimitur),
3729 522 3885 581 Mavor-

2286 610 2399 663 tius
2437 615 2495 663 et
2522 608 2718 663 Galbio
2758 624 2862 679 per
2904 606 3262 662 obsidionem
3296 607 3565 662 interiecti
3599 615 3716 664 sunt
3750 614 3887 683 prodi

2286 698 2445 752 tione
2474 696 2723 763 Sinocis;
2758 712 2928 768 quem
2962 695 3154 767 ipsum
3189 700 3388 765 postea
3420 696 3706 753 Bonifacius
3731 700 3888 757 delecta

2286 786 2541 856 ejusdem
2569 785 2813 857 perﬁdia
2851 785 3155 839 interemit
3175 787 3421 854 (Prosper
3448 788 3502 839 in
3529 786 3791 858 Chronico).

2358 879 2407 930 3.
2443 874 2755 937 Bonifacio,
2780 873 2917 928 dum
2948 879 3273 928 versaretur
3293 874 3353 927 in
3382 874 3646 944 periculis,
3676 892 3773 930 non
3793 880 3889 932 scri-

2287 964 2399 1034 psit
2423 964 2795 1034 Augustinus,
2832 962 3040 1017 veritus
3074 961 3308 1027 scilicet,
3337 978 3405 1016 ne
3432 964 3515 1017 vel
3552 965 3766 1034 perlator
3788 966 3891 1021 litte-

2288 1069 2480 1106 rarum
2524 1054 2581 1105 in
2613 1051 2917 1106 discrimen
2947 1050 3184 1116 veniret,
3217 1052 3306 1105 vel
3346 1050 3478 1122 ipsa:
3517 1051 3716 1119 littere,
3742 1054 3891 1124 quibus

2288 1142 2520 1196 Comitis
2557 1140 2795 1195 consilia
2834 1140 3202 1211 improbaret,
3243 1139 3305 1193 in
3343 1139 3585 1210 ejusdem
3620 1140 3889 1196 adversario-

2288 1246 2413 1283 rum
2465 1246 2666 1284 manus
2708 1229 3031 1283 inciderent
3074 1228 3276 1299 (Epist.
3325 1230 3450 1296 220,
3486 1245 3539 1282 η.
3581 1230 3649 1293 2).
3681 1229 3769 1283 Sed
3803 1247 3890 1286 cum

2286 1323 2482 1388 postea
2514 1318 2694 1371 tidum
2725 1317 3019 1371 hominem
3059 1322 3115 1371 et
3146 1317 3389 1388 ipsemet
3434 1316 3696 1371 Bonifacio
3720 1319 3889 1374 charum

2289 1411 2484 1460 nactus
2513 1411 2678 1471 esset,
2712 1406 2951 1459 Paulum
2996 1403 3258 1459 videlicet
3296 1404 3608 1469 diaconum,
3632 1421 3720 1458 sua
3744 1405 3888 1460 adver-

2287 1511 2381 1547 sus
2415 1494 2576 1548 illum
2619 1494 2861 1547 charitas
2891 1493 3123 1547 beatum
3163 1492 3389 1546 induxit
3424 1492 3723 1557 Praesulem,
3751 1498 3800 1547 ut
3820 1494 3889 1563 ipsi

2284 1598 2389 1645 pro
2417 1583 2534 1636 'sna
2572 1581 2633 1636 in
2663 1582 2884 1636 Christo
2933 1586 3149 1635 aeterna
3193 1582 3377 1635 salute
3407 1580 3609 1651 aliquid
3646 1582 3891 1651 loqueretur

2286 1670 2468 1739 (Ibid,
2530 1687 2580 1725 η.
2658 1670 2728 1739 l).
2798 1670 2856 1723 ln
2918 1668 3142 1723 damnis
3212 1685 3343 1740 quae
3404 1685 3468 1722 ex
3528 1668 3661 1722 bello
3706 1668 3889 1739 patieba-

2287 1765 2381 1812 tur
2426 1758 2634 1824 Africa,
2682 1757 2754 1812 ad
2801 1758 3122 1828 superiores
3178 1774 3378 1811 causas
3421 1757 3604 1827 potius
3645 1758 3890 1812 attendebat

2285 1847 2658 1918 Augustinus,
2692 1850 2755 1899 ut
2785 1846 2885 1917 qui
2914 1844 3138 1899 nescius
3169 1861 3288 1899 non
3318 1850 3461 1899 esset
3489 1844 3678 1898 debere
3702 1846 3889 1899 homines

2287 1936 2567 2007 quidquid
2616 1935 2756 1989 mali
2800 1935 3068 1997 tolerant,
3109 1933 3228 1988 suis
3269 1934 3510 2005 peccatis
3546 1933 3822 2004 imputare:
3853 1940 3889 1986 at

2287 2043 2417 2080 vero
2448 2042 2577 2080 cum
2613 2026 2868 2097 impense
2900 2024 3181 2080 Comitem
3208 2023 3491 2094 diligeret,
3523 2023 3728 2094 optabat
3752 2038 3804 2075 ex
3824 2038 3886 2075 eo-

2287 2132 2414 2169 rum
2447 2131 2685 2169 numero
2717 2114 2881 2168 illum
2912 2130 3027 2167 non
3059 2128 3202 2181 esse,
3229 2129 3337 2183 per
3364 2129 3505 2184 quos
3525 2113 3659 2166 Deus
3684 2116 3888 2182 tempora-

2286 2205 2415 2259 Iiter
2458 2204 2805 2274 populorum
2843 2202 3084 2256 crimina
3114 2201 3423 2268 ulciscitur,
3458 2206 3513 2255 et
3539 2218 3668 2272 quos
3703 2206 3886 2270 postmo-

2286 2295 2422 2348 dum
2445 2291 2675 2347 zeternis
2702 2291 2995 2362 suppliciis
3024 2291 3191 2362 punit
3212 2290 3401 2361 (Ibid,
3420 2292 3570 2360 n.‘8).
3592 2288 3884 2360 Principioilli

2285 2383 2343 2436 in
2360 2381 2695 2435 memoriam
2722 2384 2946 2433 revocat
2985 2379 3292 2450 pristinam
3314 2380 3596 2450 pietatem,
3622 2377 3885 2431 desiderium

2283 2471 2479 2524 omnia
2510 2468 2894 2539 relinquendi,
2922 2474 2979 2522 et
3007 2468 3381 2522 continentia!
3411 2466 3681 2524 servanda:
3705 2465 3884 2537 proposio

2283 2562 2426 2611 tum.
2480 2556 2691 2611 Deinde
2738 2556 2809 2609 ob
2859 2556 3052 2610 oculos
3100 2555 3289 2610 eidem
3332 2572 3550 2610 summo
3596 2570 3709 2608 cum
3742 2553 3881 2607 allectu

2281 2642 2569 2697 charitatis
2598 2643 2779 2714 ponit,
2813 2659 2987 2714 quam
3014 2642 3335 2713 lugendum
3365 2642 3427 2696 in
3464 2646 3657 2697 statum
3683 2630 3883 2695 adductus

2281 2737 2447 2797 esset,
2480 2747 2610 2784 cum
2638 2731 2890 2785 secundo
2922 2748 3024 2785 suo
3056 2730 3452 2802 matrimonio,
3482 2737 3596 2786 tum
3616 2731 3761 2794 bello,
3782 2727 3882 2798 quod

2281 2823 2607 2890 susceptum
2636 2820 2707 2874 ab
2737 2836 2805 2873 eo
2844 2819 3074 2886 fuisset;
3106 2836 3238 2890 quae
3276 2821 3487 2875 scelera
3514 2822 3594 2874 vel
3628 2820 3731 2890 ipse
3752 2832 3828 2887 per
3847 2831 3883 2867 se

2280 2907 2679 2973 committeret,
2719 2907 2807 2961 vel
2854 2924 2959 2961 sua
2995 2923 3162 2961 causa
3210 2908 3282 2963 ab
3326 2908 3452 2963 aliis
3488 2907 3736 2963 committi
3768 2921 3882 2975 opor-

2279 3001 2440 3049 teret.
2480 2995 2637 3059 Quod
2672 2995 2741 3049 ad
2784 2995 3051 3063 rationes,
3085 2996 3295 3067 quibus
3335 3014 3453 3051 sese
3489 2995 3701 3067 purgari
3731 2993 3884 3048 Bonita-

2279 3081 2398 3134 cius
2428 3083 2808 3152 existimabat,
2839 3100 3005 3138 suum
3039 3100 3152 3138 non
3185 3102 3309 3139 esse
3355 3086 3424 3141 de
3451 3085 3557 3140 illis
3596 3081 3881 3156 pronuntiare

2279 3175 2547 3237 testatur;
2578 3173 2806 3242 quando
2837 3178 3141 3244 utramque
3171 3180 3397 3243 partem
3427 3190 3538 3228 non
3563 3166 3882 3227 audierataut

2279 3259 2350 3312 ad
2395 3259 2746 3314 Bonifacium
2785 3261 3090 3331 pertinere,
3133 3266 3197 3315 ut
3242 3262 3296 3315 si
3342 3279 3456 3317 non
3499 3261 3637 3333 apud
3675 3257 3880 3317 homines.

2277 3351 2428 3401 certe
2460 3348 2613 3418 apud
2643 3348 2931 3403 Christum
2961 3349 3166 3420 ipsum.
3197 3351 3368 3421 cujus
3397 3368 3455 3405 se
3481 3351 3688 3405 ﬁdelem
3722 3359 3879 3401 servum

2277 3435 2669 3504 proﬁtebatur,
2703 3442 2761 3490 et
2788 3439 2941 3507 apud
2987 3430 3715 3511 conscientiamﬂpropriam,
3740 3436 3788 3489 in
3808 3448 3880 3503 qua

2277 3538 2335 3576 se
2374 3524 2495 3577 solo
2544 3524 2833 3578 saecularis
2876 3525 3138 3580 vanitatis
3176 3543 3376 3582 amore
3410 3545 3475 3582 eo
3511 3526 3764 3582 devenisse
3793 3536 3879 3592 per-

2275 3616 2569 3682 specturus
2598 3616 2737 3675 erat,
2768 3613 3151 3668 innocentiam
3193 3632 3360 3670 suam
3399 3615 3651 3670 defendat
3678 3630 3690 3667 :
3717 3608 3877 3665 tandem

2275 3708 2338 3755 ut
2384 3702 2630 3755 maxime
2676 3718 2873 3757 verum
2917 3709 3080 3770 esset,
3131 3705 3423 3781 laboribus
3468 3705 3579 3760 suis
3612 3720 3714 3759 non
3742 3712 3876 3772 parem

2274 3790 2517 3860 gratiam
2564 3791 2893 3861 rependisse
2930 3792 3267 3863 imperium,
3307 3794 3461 3849 haud
3498 3810 3608 3849 esse
3642 3785 3876 3845 christiani,

2273 3879 2593 3949 cujusmodi
2640 3884 2779 3946 erat,
2819 3882 2969 3935 mala
3013 3882 3129 3935 sive
3158 3900 3266 3953 pro
3305 3885 3465 3939 bonis
3507 3884 3615 3938 sive
3650 3897 3737 3952 pro
3766 3874 3877 3931 malis

2273 3966 2510 4021 reddere
2541 3968 2732 4038 (Ibid,
2765 3974 2815 4022 et
2841 3984 2895 4024 η.
2933 3970 3003 4037 5).
3038 3969 3131 4024 llis
3156 3971 3339 4041 addit,
3370 3972 3497 4026 sise
3524 3970 3762 4032 consulat,
3784 3960 3876 4035 quid

2273 4054 2629 4126 sequendum
2659 4054 2720 4109 in
2746 4061 2903 4110 tanta
2928 4046 3270 4114 necessitate
3303 4061 3581 4127 videatur;
3606 4073 3708 4113 non
3728 4054 3875 4109 habeto

2272 4159 2330 4196 se
2374 4143 2515 4214 quid
2543 4144 2763 4198 consilii
2808 4161 2980 4215 super
3007 4146 3348 4217 dignitatem
3381 4154 3545 4220 atque
3579 4161 3729 4218 opum
3754 4139 3876 4210 ipsius

2270 4232 2694 4286 conservatione
2726 4239 3029 4303 suggerat:
3057 4251 3256 4290 verum
3287 4237 3332 4291 si
3363 4238 3582 4297 anime.
3603 4248 3748 4307 quam
3768 4231 3873 4282 cete

2268 4320 2347 4374 ris
2374 4319 2639 4375 omnibus
2667 4319 2779 4391 ipsi
2806 4327 3033 4391 oportet
3060 4340 3180 4377 esse
3203 4326 3611 4395 pretiosiorem,
3632 4317 3874 4377 consultum

2267 4407 2421 4475 velit,
2454 4423 2586 4461 eum
2612 4424 2645 4462 a
2674 4425 2731 4462 se
2760 4408 2904 4464 illud
2926 4411 3163 4465 Joannis
3191 4414 3556 4468 auditurum:
3590 4409 3764 4465 «Nolite
3785 4402 3874 4458 dili-

2266 4510 2388 4560 gere
2415 4496 2659 4550 nundum
2697 4513 2790 4551 nec
2820 4513 2882 4551 ea
2911 4515 3032 4568 qua
3072 4502 3129 4553 in
3158 4502 3359 4556 mundo
3388 4506 3533 4556 sunt.
3573 4521 3598 4549 »
3624 4498 3809 4564 (110ml.
3833 4505 3871 4545 II.
3952 4520 3953 4545 ι

2272 4585 2375 4654 15).
2405 4588 2538 4640 Ecce
2565 4588 2863 4651 consilium,
2899 4589 3087 4661 pergit
3123 4596 3351 4646 sanctus
3381 4594 3494 4658 Vir,
3524 4591 3704 4659 arripe,
3728 4588 3768 4637 el
3790 4596 3871 4647 09'“

2264 4675 2364 4727 Hic
2401 4679 2669 4742 appareat
2692 4678 2743 4729 si
2778 4678 2866 4730 vir
2892 4679 3057 4744 fortis
3084 4694 3155 4733 es.
3196 4681 3363 4734 Vince
3389 4679 3705 4749 cupiditates,
3733 4668 3872 4739 quibus
3950 4684 3951 4749 ξ

2263 4763 2363 4814 iste
2378 4761 2636 4830 diligitur
2658 4764 2917 4831 mundus;
2936 4781 3035 4832 age
3050 4769 3426 4836 paenitentiam
3445 4769 3507 4822 de
3520 4762 3773 4837 praeteritis
3786 4769 3872 4809 πια-

2261 4850 2349 4915 lis,
2382 4850 2599 4919 quando
2628 4851 2696 4905 ab
2723 4854 2797 4906 eis
2827 4854 3221 4922 cupiditatibus
3238 4859 3415 4911 victus
3429 4872 3525 4926 per
3552 4849 3782 4908 άεείάθνία
3799 4857 3870 4895 ¹³⁰⁷⁸
3948 4882 3949 4926 ξ

2261 4938 2397 4991 bona
2427 4939 2732 4993 trahebaris
2772 4941 2968 5010 (Epist.
3001 4944 3125 5009 220,
3158 4959 3212 4997 η.
3248 4944 3318 5014 9).
3350 4944 3610 5000 Eumdem
3642 4941 3744 5010 jam
3779 4933 3872 4986 ante

2258 5028 2697 5098 compellaverat
2728 5029 2787 5083 in
2818 5030 2938 5084 haec
2976 5031 3145 5086 verba
3178 5033 3370 5102 (Ibid.,
3396 5050 3450 5087 τι.
3483 5032 3565 5102 5);
3605 5024 3870 5085 Christianus

2257 5130 2328 5180 es,
2363 5131 2454 5170 cor
2482 5117 2665 5183 habes,
2700 5121 2867 5172 Deum
2899 5122 3089 5174 times:
3130 5126 3189 5174 tu
3222 5124 3338 5190 ipse
3373 5120 3636 5176 considera
3662 5125 3760 5184 qua
3786 5103 3870 5159 uolo

2256 5204 2453 5270 dicere,
2485 5210 2534 5259 et
2565 5208 2798 5260 invenies
2835 5207 2900 5261 de
2929 5212 3149 5277 quantis
3189 5212 3346 5265 malis
3384 5210 3565 5265 debeas
3588 5216 3725 5271 agere
3742 5193 3868 5268 ΡΜ·

2257 5294 2512 5358 tentiam;
2559 5300 2783 5364 propter
2830 5312 2994 5365 quam
3042 5297 3144 5352 tibi
3189 5300 3344 5354 credo
3387 5299 3649 5355 Dominum
3685 5293 3868 5360 Wm'

2254 5382 2305 5431 et
2332 5393 2367 5432 a
2399 5382 2659 5449 periculis
2702 5383 2947 5437 omnibus
2993 5384 3242 5452 liberare,
3290 5391 3350 5439 ut
3394 5399 3523 5452 agas
3563 5384 3685 5437 sicut
3705 5366 3865 5441 αρεηάα

2253 5473 2359 5533 est;
2392 5469 2485 5523 sed
2513 5471 2563 5523 si
2605 5470 2752 5527 illud
2779 5471 2978 5527 audias
3006 5474 3151 5541 quod
3174 5470 3433 5545 scriptum
3465 5477 3555 5528 est.
3586 5491 3606 5518 ι
3645 5467 3708 5522 Ne
3731 5456 3864 5516 ιανδθε

2254 5558 2491 5610 ronrerti
2532 5558 2606 5611 ad
2657 5561 2957 5629 Dominum,
2988 5577 3158 5630 neque
3200 5563 3423 5633 diferas
3459 5563 3523 5615 de
3563 5558 3642 5612 die
3672 5558 3718 5606 in
