4028 6174
132 306 228 321 ναι-

129 306 228 355 .‘357
1609 306 1810 362 LIBER
1853 307 2182 365 OCTAVUS.

125 429 327 497 (Eccli.
361 445 418 496 v,
458 427 532 499 8).
572 425 880 495 Bonifacio,
915 432 978 482 ut
1005 427 1063 482 id
1093 427 1369 498 temporis
1399 431 1520 500 ejus
1555 447 1644 484 res
1673 431 1843 485 habe-

133 520 288 580 bant,
325 515 386 570 in
429 515 671 586 proclivi
700 533 820 570 non
851 521 972 569 erat
1012 515 1121 570 hoc
1147 516 1309 586 sequi
1338 517 1658 572 consilium.
1693 519 1841 582 Qua-

131 610 372 677 propter
401 604 542 658 illud
574 604 626 658 ei
657 605 1041 670 commendat,
1069 605 1243 658 Deum
1269 605 1438 659 etiam
1471 611 1640 676 atque
1671 608 1843 660 etiam

136 710 306 748 orare
333 693 768 764 obsecrareque,
818 693 900 745 uti
932 709 989 746 se
1048 694 1470 762 necessitatum,
1502 695 1710 766 quibus
1739 695 1844 748 im-

134 781 370 851 plicitus
411 785 554 846 erat,
605 780 844 833 vinculis
903 780 1213 850 expediret.
1279 783 1422 834 Tunc
1464 783 1625 846 enim,
1659 781 1847 853 inquit

128 869 514 939 Augustinus,
547 871 815 937 ﬁniuntur
844 869 961 922 ista:
989 870 1346 934 necessitates,
1380 869 1596 936 quando
1621 871 1846 922 vincun-

133 963 230 1009 tur
262 959 372 1011 illa
401 957 729 1026 cupiditates
761 958 952 1026 (Epist.
986 959 1112 1022 220,
1143 973 1203 1012 η.
1244 958 1344 1024 10).
1376 957 1546 1026 Jungi
1567 959 1688 1011 vult
1715 973 1844 1027 pre-

132 1045 307 1098 cibos
337 1045 752 1115 eleemosynas,
785 1049 952 1115 atque
979 1043 1232 1114 insuper,
1265 1049 1540 1116 quantum
1565 1045 1717 1098 illius
1746 1063 1844 1099 va-

136 1135 338 1189 letudo
378 1134 648 1205 patietur,
671 1133 958 1204 jejunium
994 1134 1180 1203 (Ibid.,
1206 1151 1260 1187 n.
1321 1133 1424 1203 tl).
1458 1134 1515 1188 Si
1544 1135 1846 1205 conjugem

135 1223 237 1276 ille
271 1239 390 1276 non
428 1222 681 1288 haberet,
715 1227 836 1276 tum
867 1239 924 1275 se
955 1221 1036 1274 illi
1065 1221 1204 1276 dicit
1232 1227 1523 1276 auctorem
1555 1222 1692 1288 fore,
1733 1239 1848 1275 non

138 1311 320 1365 modo
344 1309 834 1365 utcontinentiam
867 1313 1135 1374 servaret,
1166 1326 1366 1363 verum
1397 1309 1566 1363 etiam
1600 1315 1662 1363 ut
1687 1310 1753 1363 ad
1777 1311 1850 1362 vi-

134 1406 259 1453 tam
302 1400 362 1453 in
393 1399 662 1452 societate
698 1415 987 1452 servorum
1015 1398 1237 1468 Deipiis
1266 1398 1533 1468 operibus
1554 1399 1850 1452 traducen-

137 1489 303 1551 (lam,
334 1487 486 1559 quod
518 1487 680 1557 prius
735 1487 856 1540 fieri
888 1486 1278 1557 prohibuerat,
1318 1504 1375 1540 se
1403 1487 1714 1556 reciperet:
1750 1504 1846 1540 ve-

135 1595 276 1632 rum
301 1577 409 1630 sibi
438 1577 723 1646 integrum
766 1593 883 1628 non
910 1591 1051 1643 esse,
1078 1575 1240 1629 illum
1282 1577 1351 1628 ad
1380 1575 1484 1629 hoc
1509 1576 1637 1630 vita:
1669 1592 1849 1645 genus

137 1666 462 1729 adhortari,
496 1669 730 1734 propter
756 1664 1058 1733 conjugem
1094 1663 1371 1728 videlicet,
1406 1680 1532 1734 qua?
1559 1665 1849 1718 continen-

142 1753 238 1806 tia).
283 1754 353 1807 ab
381 1752 581 1806 eodem
608 1757 951 1822 nuncupata).
982 1751 1221 1806 minime
1243 1753 1483 1814 conscia,
1513 1752 1620 1822 ipsi
1643 1769 1847 1824 nupse-

139 1847 272 1895 rat:
316 1845 378 1894 ut
411 1857 476 1894 ea
507 1840 825 1911 refragante
867 1845 1059 1894 votum
1091 1857 1257 1894 suum
1289 1857 1510 1895 servare
1554 1841 1849 1912 haudqua—

142 1946 323 2001 quam
348 1933 570 2000 posset:
597 1929 819 1983 felicem
840 1929 1003 1982 illum
1030 1929 1168 1994 fore,
1192 1929 1238 1981 si
1257 1946 1316 1982 se
1334 1930 1431 1982 illa
1453 1931 1520 1983 ad
1551 1931 1846 1983 colendam

142 2018 409 2072 eamdem
435 2019 704 2072 virtutem
729 2021 1020 2088 pateretur
1042 2017 1250 2083 induci,
1277 2023 1339 2071 ut
1361 2018 1466 2071 isto
1488 2022 1666 2088 pacto,
1694 2018 1848 2088 quod

147 2125 208 2160 se
241 2108 358 2161 Deo
391 2107 596 2160 debere
627 2111 882 2171 noverat,
923 2106 1263 2174 exsolveret;
1326 2107 1413 2160 sin
1464 2111 1654 2160 autem
1711 2107 1849 2160 illud

145 2197 262 2248 non
293 2199 503 2265 posset,
537 2195 735 2247 saltem
767 2193 919 2247 intra
949 2193 1275 2264 conjugales
1306 2193 1514 2247 limites
1553 2211 1610 2247 se
1663 2193 1850 2246 conti-

147 2287 330 2347 neret,
361 2286 527 2352 atque
566 2281 793 2334 interim
831 2285 1053 2350 peteret
1081 2297 1113 2332 a
1144 2281 1277 2345 Deo,
1311 2284 1373 2333 ut
1403 2281 1551 2350 quod
1585 2280 1692 2333 sibi
1719 2285 1851 2333 tunc

149 2387 266 2424 non
297 2370 522 2433 licebat,
557 2369 754 2423 liceret
783 2369 1112 2439 aliquando.
1181 2371 1576 2433 Verumtamen,
1638 2368 1736 2429 ait,
1793 2373 1851 2422 ut

151 2462 314 2513 Deum
347 2458 572 2525 diligas,
603 2474 707 2511 non
737 2458 941 2525 diligas
974 2457 1272 2521 mundam;
1304 2463 1363 2510 ut
1394 2461 1449 2512 in
1492 2459 1626 2526 ipsis
1677 2458 1848 2522 bellis,

149 2552 198 2600 si
228 2547 410 2601 adhuc
434 2549 491 2600 in
517 2549 590 2599 eis
622 2551 670 2600 te
691 2548 901 2599 versari
928 2561 1060 2614 opus
1110 2551 1206 2608 est,
1237 2545 1396 2613 ﬁdem
1437 2551 1632 2610 teneas,
1669 2560 1852 2613 pacem

149 2649 365 2703 quaeras
388 2652 401 2700 ;
435 2642 496 2686 ut
524 2650 591 2687 ex
611 2633 803 2687 mundi
820 2633 968 2686 bonis
987 2633 1166 2698 facias
1194 2631 1329 2685 bona
1355 2647 1536 2701 opera,
1560 2637 1608 2685 et
1625 2636 1852 2700 propter

148 2722 339 2776 mundi
370 2722 506 2776 bona
526 2738 631 2776 non
660 2723 839 2789 facias
869 2737 1030 2790 opera
1060 2722 1226 2789 mala,
1244 2725 1338 2774 aut
1359 2736 1462 2774 non
1485 2721 1707 2790 impedit
1735 2737 1852 2773 cort-

141 2813 272 2878 jux,
308 2815 408 2864 aut
441 2809 702 2879 impedire
731 2826 833 2864 non
855 2809 1006 2863 debet
1029 2809 1213 2877 (Ibid.,
1245 2825 1299 2862 n.
1337 2809 1444 2878 i2).

215 2901 270 2953 4.
304 2900 432 2953 Ηωε
459 2898 697 2969 epistola
727 2899 962 2952 fortasse
997 2897 1347 2952 Bonifacium
1379 2896 1626 2966 impulit,
1667 2902 1730 2950 ut
1754 2895 1852 2950 ali-

149 2991 366 3057 quanto
395 2991 527 3058 post
565 2986 624 3040 in
681 2986 932 3040 officium
991 2985 1221 3040 rediret.
1280 2987 1351 3038 At
1388 2985 1439 3038 ei
1469 2989 1604 3039 tunc
1634 3001 1852 3039 morem

149 3091 371 3144 gerere,
406 3075 511 3128 nisi
545 3075 743 3145 gratiae
772 3074 1043 3128 miraculo
1068 3075 1236 3144 plane
1270 3073 1565 3142 singulari,
1607 3090 1720 3126 non
1745 3091 1850 3144 po-

147 3169 316 3217 terat.
356 3163 664 3233 Oportebat
695 3179 826 3217 eum
856 3167 953 3215 aut
981 3178 1142 3216 suam
1191 3178 1254 3215 ac
1296 3161 1527 3215 familiae.
1567 3163 1853 3216 fortunam

147 3250 394 3305 omnino
428 3249 706 3316 deserere,
741 3254 839 3303 aut
862 3247 933 3302 ad
965 3252 1218 3303 extrema
1238 3248 1335 3301 illa
1368 3248 1523 3314 ferri,
1557 3266 1670 3319 quo
1693 3266 1852 3302 eum-

150 3340 284 3394 dem
309 3339 602 3393 redactum
622 3338 797 3392 visuri
815 3353 1031 3393 sumus.
1052 3337 1349 3392 Enimvero
1370 3336 1579 3408 quibus
1601 3338 1853 3408 ejusdem

147 3428 320 3482 ruina
349 3427 510 3481 cordi
550 3430 689 3488 erat,
723 3426 958 3480 effecere
998 3431 1064 3480 ut
1091 3425 1260 3496 coepti
1310 3428 1509 3480 contra
1533 3442 1664 3480 eum
1721 3425 1855 3480 belli

148 3533 290 3571 cura
319 3516 380 3570 in
409 3515 790 3586 Segisvultum
841 3516 1110 3570 comitem
1156 3514 1531 3568 transferetur
1585 3513 1855 3584 (PrOSper,

146 3609 207 3659 in
239 3606 544 3668 Chronic0).
598 3606 650 3658 Is
689 3605 922 3673 Gothus,
953 3609 1125 3675 atque
1155 3603 1400 3657 Arianus
1426 3607 1568 3669 erat,
1609 3606 1671 3656 ut
1701 3602 1856 3655 vide-

149 3699 280 3748 tur:
308 3709 446 3746 nam
473 3691 760 3746 Maximini
791 3692 984 3746 Ariani
1015 3691 1284 3762 episcopi,
1313 3689 1559 3761 quicum
1581 3689 1778 3744 Gothis
1798 3689 1856 3743 in

147 3782 407 3840 Africam
438 3785 689 3844 venerat,
747 3797 920 3850 opera
974 3781 1258 3843 utebatur,
1299 3778 1666 3849 Segisvultus,
1729 3795 1859 3833 cum

149 3887 272 3925 non
306 3869 504 3937 fuerit,
522 3869 633 3923 nisi
664 3873 793 3939 post
823 3869 1155 3924 Mavortiam
1177 3885 1304 3922 cum
1329 3868 1454 3922 aliis
1474 3868 1574 3939 qui
1595 3868 1862 3922 adversus

153 3957 518 4012 Bonifacium
549 3958 707 4012 missi
737 3956 1213 4013 fuerantducibus
1242 3961 1527 4016 necatum,
1548 3956 1682 4010 huic
1713 3957 1860 4010 bello

151 4049 480 4120 praefectus,
514 4049 819 4104 difficulter
831 4049 1145 4104 admodum
1169 4047 1359 4119 potuit
1378 4047 1437 4100 in
1458 4047 1704 4101 Africam
1732 4051 1863 4100 ante

155 4154 376 4192 annum
409 4137 1051 4208 quadringentesimum
1072 4136 1412 4207 vigesimum
1434 4140 1693 4190 octavum
1717 4134 1866 4204 traji-

154 4242 310 4280 cere.
334 4226 703 4280 Maximinum
727 4227 1068 4298 Carthagine
1096 4226 1416 4296 Hipponem
1442 4224 1658 4278 venisse
1686 4223 1864 4294 ipsius

150 4316 321 4384 jussu
351 4314 751 4384 cognoscimus
777 4316 984 4385 (Collat.
1009 4331 1126 4369 cum
1155 4316 1478 4374 Mari-mino,
1509 4330 1562 4366 n.
1592 4313 1676 4383 l);
1713 4311 1866 4382 quod

157 4419 290 4456 cum
328 4402 406 4454 ita
438 4402 524 4464 sit,
580 4418 818 4473 magnas
850 4404 1015 4457 hasce
1049 4403 1187 4456 duas
1216 4401 1387 4455 urbes
1425 4400 1610 4454 eidem
1643 4403 1869 4470 oportet

159 4489 461 4562 paruisse;
493 4495 762 4544 caeterum
801 4490 869 4544 de
919 4489 1134 4544 bellicis
1169 4491 1292 4560 ejus
1347 4487 1696 4541 facinoribus
1725 4487 1869 4541 nihil

161 4594 412 4649 usquam
444 4583 528 4632 est
557 4577 834 4632 invenire.
869 4577 1017 4642 Quin
1047 4577 1094 4630 si
1121 4577 1384 4631 standum
1424 4575 1684 4646 Procopii
1714 4575 1868 4630 testi-

159 4665 380 4731 monio,
397 4670 524 4736 post
536 4665 923 4720 Vandalorum
945 4663 1366 4720 exscensionem
1389 4664 1733 4734 Carthagine
1750 4669 1873 4718 erat

161 4753 510 4808 Bonifacius.

235 4848 286 4896 5.
321 4843 385 4896 In
412 4846 757 4912 prtesentem
789 4841 1219 4898 annumincidit
1243 4841 1625 4896 Vandalorum
1650 4841 1707 4895 in
1731 4841 1873 4895 Afri-

167 4947 296 4984 cam
323 4929 592 5000 irruptio,
625 4946 740 5000 qua
769 4930 992 4984 nullum
1019 4933 1138 4982 toto
1152 4927 1282 4982 vitie
1299 4929 1578 4984 curriculo
1608 4935 1874 4984 eventum

163 5019 546 5090 insigniorem
579 5017 958 5073 tristioremve
985 5017 1275 5088 conspexit
1302 5017 1677 5088 Augustinus.
1712 5016 1876 5072 Boni-

163 5106 346 5162 facius
381 5123 592 5178 nempe
624 5107 838 5162 foedere
869 5123 999 5161 cum
1028 5106 1295 5161 Vandalis
1334 5106 1422 5160 sui
1469 5107 1734 5161 adversus
1764 5106 1878 5159 Im-

161 5196 396 5267 perium
427 5195 774 5250 defendendi
798 5212 968 5250 causa
995 5194 1160 5262 inito,
1182 5195 1312 5249 illos
1332 5194 1483 5248 maio
1513 5209 1710 5248 mense
1741 5192 1879 5247 anni

161 5283 1199 5356 quadringentesimivigesimioctavi
1221 5283 1529 5338 secundum
1549 5280 1880 5353 opinionem

163 5373 409 5444 propius
437 5389 472 5427 a
495 5372 797 5428 verisimili
827 5373 1212 5440 recedentem,
1237 5390 1304 5427 ex
1336 5370 1621 5442 Hispaniis
1650 5369 1710 5423 in
1737 5369 1896 5425 Afri’

161 5477 288 5516 cam
323 5460 606 5528 evocavit,
639 5467 810 5533 atque
851 5478 1052 5517 eorum
1081 5459 1583 5531 libidinipermisit
1602 5460 1748 5512 hanc
1763 5463 1884 5513 tan-

163 5554 284 5604 tam
323 5555 564 5620 tamque
599 5550 902 5606 ﬂorentem
947 5549 1324 5621 provinciam,
1370 5565 1542 5620 quam
1572 5547 1753 5602 tribus
1785 5563 1883 5600 ex-

3549 334 3651 381 5:38

1953 433 2131 502 ceptis
2152 433 2388 488 urbibus
2404 439 2584 490 totam
2605 436 2836 492 biennio
2850 447 3214 511 occuparunt.
3243 446 3359 498 Huc
3387 449 3652 515 trajecere

1956 521 2053 575 Dei
2084 521 2271 591 potius
2303 538 2476 593 quam
2516 524 2785 578 llonifacii
2826 528 3004 582 accitu
3032 546 3044 594 ;
3093 529 3365 586 nimirum
3396 538 3460 587 ut
3487 551 3521 587 a
3549 552 3650 604 po-

1952 609 2103 678 pulis
2151 609 2533 664 admissorum
2591 630 2788 682 pinnas
2842 622 3207 686 expeterent;
3249 620 3472 691 ipsique
3512 625 3656 677 adeo

1954 696 2391 763 confitebantur,
2433 715 2491 751 se
2524 701 2628 753 bac
2678 702 2734 754 in
2777 705 3136 773 expeditione
3170 724 3280 761 non
3329 714 3444 764 tam
3497 717 3657 766 motu

1952 785 2202 853 proprio,
2233 803 2405 856 quam
2437 787 2628 842 divino
2660 789 2910 859 impulsu
2967 795 3079 863 agi.
3126 795 3440 864 Salvianus,
3482 817 3656 870 quam

1946 871 2135 940 justus
2165 873 2358 927 fuisset
2413 875 2506 928 ille
2538 876 2810 947 impulsu,
2861 898 2927 933 ex
2958 884 3241 936 consuetis
3271 903 3334 939 ac
3363 888 3658 941 familiari-

1954 960 2059 1014 bus
2090 961 2355 1016 Afrorum
2400 964 2705 1018 sceleribus
2736 966 3108 1035 demonstrat,
3152 973 3394 1026 maxime
3426 991 3558 1028 vero
3592 992 3656 1029 ex

1954 1049 2311 1119 impudentia
2341 1057 2392 1104 et
2429 1053 2816 1122 blasplicmiis,
2838 1056 2945 1110 hoc
2965 1065 3048 1111 est
3078 1059 3244 1113 rebus
3275 1061 3363 1128 iis,
3397 1079 3525 1132 qua:
3557 1063 3657 1116 Dei

1955 1137 2366 1209 religionisque
2389 1140 2660 1195 honorem
2694 1149 2984 1212 spectant:
3019 1148 3379 1216 acjustitiam
3405 1151 3654 1205 divinam

1957 1241 2023 1277 eo
2054 1225 2260 1278 clarius
2289 1227 2509 1279 elucere
2545 1230 2792 1282 ostendit
2824 1231 2881 1284 in
2931 1233 3032 1285 hac
3082 1236 3461 1291 Vandalorum
3512 1239 3659 1293 irru-

1956 1312 2170 1382 ptione,
2206 1315 2359 1383 quod
2398 1315 2458 1367 bi
2480 1315 2656 1368 fasdas
2683 1334 3028 1388 spurcasque
3051 1321 3318 1376 libidines
3348 1341 3412 1378 ex
3435 1343 3501 1380 ea
3529 1345 3658 1396 pro-

1957 1401 2140 1455 vincia
2163 1402 2443 1455 deleveret
2461 1405 2750 1472 (Salvium,
2778 1407 3124 1468 deGub.,lib.
3144 1411 3217 1477 7).
3237 1411 3284 1463 Is
3298 1412 3531 1481 quidem
3555 1416 3659 1468 hac

1959 1490 2017 1543 in
2040 1507 2100 1543 re
2121 1491 2338 1544 multus
2369 1496 2474 1558 est,
2499 1498 2730 1563 tamque
2752 1495 3086 1550 horribilem
3115 1498 3316 1552 Africae
3349 1501 3658 1571 imaginem

1957 1578 2234 1648 depingit,
2269 1584 2328 1632 ut
2365 1580 2671 1634 difficulter
2702 1582 2792 1635 hic
2823 1585 3055 1638 modum
3088 1586 3337 1642 tenuisse
3379 1589 3656 1645 videatur.

1963 1667 2261 1720 Enimvero
2318 1684 2448 1721 cum
2504 1669 2668 1722 isthic
2700 1676 2889 1725 essent
2949 1675 3271 1744 complures
3324 1679 3661 1733 sanctissimi

1959 1754 2206 1826 episcopi
2237 1776 2250 1821 ;
2281 1756 2406 1826 quis
2437 1757 2656 1810 dubitet
2707 1775 2905 1813 eorum
2963 1763 3112 1814 curis
3152 1779 3216 1816 ac
3263 1764 3553 1820 laboribus
3601 1766 3661 1820 in

1960 1842 2101 1895 bene
2134 1843 2327 1896 multis
2358 1860 2387 1896 e
2427 1846 2638 1915 populo
2670 1847 2848 1900 Deum
2879 1849 3156 1918 aspirasse
3181 1853 3209 1903 ?
3250 1854 3436 1922 Atque
3491 1855 3659 1909 simul

1961 1929 2315 1983 verissimum
2369 1937 2472 1999 est,
2531 1949 2645 2002 quo
2692 1935 2952 2004 pluribus
2998 1938 3067 1991 ad
3107 1941 3349 1995 salutem
3380 1945 3661 2012 prmsidiis

1961 2017 2235 2072 instructa
2266 2024 2388 2073 erat
2421 2021 2540 2074 haec
2570 2022 2881 2090 provincia,
2910 2041 2978 2079 eo
3010 2026 3181 2082 fuisse
3213 2046 3412 2085 eorum
3445 2032 3662 2088 crimen

1959 2105 2292 2173 immanius,
2322 2107 2421 2178 qui
2443 2109 2657 2164 eisdem
2676 2111 2857 2175 abusi,
2884 2115 2968 2166 vel
2992 2114 3402 2172 ininﬁdelitate
3418 2122 3664 2190 Pagano-

1961 2213 2110 2262 rum,
2142 2197 2229 2249 vel
2252 2197 2310 2249 in
2333 2197 2632 2252 schismate
2656 2200 3099 2266 Donatistarum,
3132 2204 3217 2257 vel
3249 2205 3308 2258 in
3336 2208 3662 2262 Manichaeo-

1960 2301 2091 2338 rum
2160 2285 2520 2357 aliorumque
2587 2288 2956 2358 popularium
3014 2291 3417 2348 haereticorum
3473 2296 3664 2367 impiis

1961 2373 2345 2444 dogmatibus,
2379 2376 2467 2428 vel
2501 2376 2745 2447 denique
2773 2378 2832 2432 in
2880 2378 3033 2433 vitiis
3069 2385 3123 2435 et
3163 2381 3500 2438 criminibus
3529 2401 3664 2438 con-

1963 2466 2214 2515 tumaces
2251 2470 2706 2534 permanserunt.
2755 2467 2866 2537 Ipsi
2912 2484 3141 2539 quoque
3181 2471 3362 2524 sancti
3416 2472 3665 2526 Africani

1963 2549 2245 2604 antistites
2285 2557 2601 2621 agnoscunt
2633 2570 2746 2608 non
2779 2554 2900 2609 sine
2933 2555 3147 2621 dolore,
3183 2559 3499 2628 perfectum
3547 2577 3666 2615 esse

1963 2635 2132 2690 hocce
2183 2637 2472 2708 flagellum
2504 2644 2625 2693 tum
2678 2659 2743 2696 ex
2792 2643 3193 2714 improborum
3225 2649 3488 2716 peccatis,
3544 2653 3665 2704 tum

1964 2724 2134 2777 etiam
2155 2742 2184 2778 e
2214 2725 2518 2780 timiditate
2546 2727 2859 2794 bonorum;
2895 2732 3016 2801 qui,
3050 2749 3119 2786 ne
3150 2733 3484 2789 facultatum
3515 2741 3663 2790 tem-

1963 2812 2250 2881 poralium
2274 2813 2556 2882 jacturam
2599 2815 2870 2884 facerent,
2901 2819 3088 2883 malis,
3123 2820 3192 2873 de
3242 2822 3452 2891 quibus
3504 2823 3664 2893 inge-

1963 2900 2296 2965 miscebant,
2357 2901 2630 2956 obsistere
2675 2905 3017 2958 verebantur
3057 2907 3244 2976 (Serm.
3297 2909 3363 2963 de
3417 2913 3668 2980 Tempore

1965 2989 2210 3054 barbar.,
2267 3004 2385 3057 cap.
2444 2991 2514 3058 l).
2579 2993 2718 3045 Cum
2776 2998 2969 3047 autem
3027 2996 3173 3049 Deus
3228 3013 3390 3068 aeque
3443 2999 3669 3053 miseri-

1963 3094 2087 3130 cors
2162 3075 2235 3130 sit
2306 3093 2368 3129 ac
2416 3078 2626 3146 justus,
2698 3079 2864 3136 hasce
2921 3100 3120 3153 poenas
3177 3086 3381 3140 Africae
3439 3088 3666 3142 miseri-

1963 3165 2157 3219 cordia
2227 3165 2465 3235 perinde
2539 3173 2712 3238 atque
2771 3169 2989 3239 justitia
3047 3178 3391 3243 temperatas
3461 3177 3650 3243 fuisse,

1965 3270 2078 3308 non
2109 3253 2396 3308 immerito
2409 3255 2736 3312 dixerimus.
2761 3258 2978 3330 Quippe
2999 3262 3346 3317 calamitates
3378 3264 3488 3318 illm
3512 3270 3649 3321 tem-

1965 3345 2186 3414 porales
2242 3344 2451 3397 multos
2511 3345 2684 3399 dubio
2732 3349 2932 3417 procul
2988 3349 3166 3402 bonos
3217 3351 3582 3420 Christianos,
3634 3359 3666 3408 ὲ

1967 3431 2174 3502 quibus
2202 3431 2446 3502 patienti
2473 3433 2668 3487 animo
2713 3439 2846 3489 sunt
2898 3441 3166 3507 exceptae,
3213 3447 3663 3512 perpurgarunt.

1966 3519 2048 3572 Ad
2078 3520 2199 3573 haec
2225 3536 2355 3573 cum
2388 3521 2535 3574 Deus
2562 3521 2839 3590 plurimos
2871 3539 3047 3592 opera
3078 3530 3405 3580 sanctorum
3450 3529 3666 3598 episco-

1967 3623 2196 3676 porum,
2225 3623 2367 3677 quos
2396 3608 2476 3660 eis
2512 3608 2864 3677 prafecerat,
2902 3610 3148 3665 maxime
3178 3629 3309 3666 vero
3339 3615 3666 3684 Augustini,

1969 3695 2039 3749 ad
2079 3693 2418 3764 martyrium
2448 3700 2845 3764 praeparasset,
2887 3696 2958 3750 ad
2987 3697 3167 3768 ipsius
3208 3701 3452 3770 gloriam
3492 3703 3668 3773 perti-

1971 3783 2159 3848 nebat,
2191 3787 2252 3835 ut
2281 3782 2574 3848 virtutem,
2595 3799 2706 3853 qua
2737 3785 2968 3839 eosdem
2991 3793 3386 3855 exornaverat,
3413 3791 3670 3845 omnium

1971 3869 2147 3924 oculis
2181 3873 2555 3939 proponeret;
2590 3873 2646 3922 et
2673 3869 2811 3923 illud
2847 3888 2980 3924 sane
3011 3872 3204 3928 docuit
3243 3881 3496 3931 eventus.
3529 3878 3670 3932 Nam

1973 3957 2355 4012 Vandalorum
2386 3957 2665 4028 tyrannis,
2693 3974 2932 4028 quaper
2956 3975 3138 4014 annos
3167 3967 3398 4017 centum
3428 3964 3674 4019 Africam

1972 4052 2226 4111 tenuere,
2269 4044 2460 4098 minus
2506 4045 2746 4100 celebris
2803 4048 2980 4102 evasit
3023 4049 3310 4104 horrenda
3366 4051 3518 4105 illius
3575 4053 3672 4106 de-

1974 4134 2306 4202 vestatione,
2347 4151 2522 4204 quam
2555 4134 2775 4205 ingenti
2809 4153 3050 4191 numero
3084 4139 3472 4193 confessorum
3503 4143 3675 4210 atque

1975 4228 2314 4292 martyrum,
2343 4239 2488 4292 quos
2533 4223 2649 4276 illic
2706 4224 2946 4279 istorum
2991 4227 3283 4280 coronavit
3323 4228 3671 4284 immanitas.

1979 4312 2190 4381 (Victor
2235 4313 2466 4380 Vitens.,
2515 4311 2580 4365 de
2623 4315 2827 4368 Persec.
2868 4315 3128 4377 Vandal.,
3159 4316 3256 4372 lib.
3302 4301 3358 4381 ιζ
3382 4331 3437 4368 n.
3472 4319 3521 4384 l,
3548 4315 3673 4384 sq.).

2048 4401 2099 4452 6.
2134 4398 2467 4452 Gensericus
2505 4415 2634 4454 cum
2682 4400 2906 4473 ingenti
2949 4402 3217 4468 exercitu,
3261 4419 3374 4456 non
3415 4417 3483 4457 ex
3545 4401 3678 4456 solis

1982 4486 2274 4551 Vandalis,
2317 4503 2514 4541 verum
2575 4490 2746 4543 etiam
2801 4507 2867 4544 ex
2915 4489 3127 4555 Alanis,
3179 4490 3392 4557 Gothis,
3443 4491 3680 4562 aliisque

1985 4592 2157 4629 omne
2214 4591 2394 4647 genus
2425 4577 2750 4631 nationibus
2799 4578 3040 4631 conflato
3082 4577 3390 4647 trajiciens,
3435 4578 3681 4633 Africam

1984 4663 2099 4717 otio
2153 4664 2438 4735 rebusque
2498 4666 2762 4718 omnibus
2803 4665 3133 4719 affluentem
3185 4667 3423 4736 reperit:
3463 4668 3532 4724 de
3572 4684 3685 4738 qua

1982 4752 2277 4807 Salvianus
2317 4753 2397 4806 ita
2427 4754 2701 4823 loquitur,
2742 4757 2808 4806 ut
2837 4769 2903 4805 ea
2953 4752 3216 4808 ditiorem
3273 4754 3330 4808 in
3381 4755 3687 4825 provinciis

1983 4840 2161 4894 totius
2183 4841 2672 4910 Romanilmperii
2699 4841 2917 4894 nullam
2947 4841 3226 4897 exstitisse
3245 4842 3685 4915 signiﬁcet(Sal-

1987 4932 2164 4996 rian.,
2193 4929 2258 4982 de
2288 4928 2454 4993 Gub.,
2483 4929 2578 4982 lib.
2600 4930 2674 4996 '7).
2698 4929 2802 4983 Sed
2832 4927 2989 4982 brevi
3018 4929 3219 4985 faciem
3250 4933 3372 5002 ejus
3396 4937 3687 4987 mutavere

1996 5017 2246 5072 Barbari.
2272 5019 2492 5082 Divina,
2516 5016 2702 5086 inquit
2721 5017 3029 5084 Possidius,
3060 5021 3332 5075 voluntate
3354 5027 3405 5075 et
3426 5024 3690 5090 potestate

1987 5109 2259 5176 provenit,
2293 5111 2354 5160 ut
2383 5121 2574 5159 manus
2602 5107 2790 5172 ingens
2821 5106 3050 5160 diversis
3081 5109 3198 5162 telis
3219 5114 3432 5162 armata
3461 5113 3511 5162 et
3541 5109 3691 5160 bellis

1999 5197 2315 5260 exercitata,
2362 5195 2682 5248 immanium
2713 5195 2945 5249 hostium
2988 5197 3359 5251 Vandalorum
3390 5201 3439 5250 et
3483 5197 3689 5250 Alano-

1991 5299 2132 5349 rum,
2160 5285 2507 5337 commixtam
2535 5299 2708 5338 secum
2743 5284 2941 5338 habens
2972 5286 3261 5341 Gothorum
3294 5290 3519 5351 gentem,
3551 5285 3692 5337 alia-

1993 5386 2219 5440 rumque
2268 5371 2606 5425 diversarum
2654 5388 2935 5441 personas,
2992 5388 3059 5426 ea:
3111 5373 3388 5440 Hispania
3441 5371 3695 5440 partibus

1999 5461 2406 5526 transmarinis,
2445 5461 2675 5516 navibus
2708 5464 2918 5529 Africae
2965 5463 3267 5528 inflati-isset
3309 5463 3359 5512 et
3408 5462 3693 5514 irruisset:

1998 5550 2354 5616 unirersaq-ue
2365 5561 2463 5617 per
2475 5549 2586 5602 loca
2601 5551 2781 5603 Mauri
2785 5555 2874 5602 tan
2882 5551 3056 5599 iurum
3071 5548 3231 5598 etiam
3244 5545 3318 5597 ml
3329 5545 3470 5600 alias
3488 5552 3698 5603 nostras
