4028 6174
460 341 562 390 559

464 461 728 513 transiens
738 456 1053 526 provincias
1072 460 1120 507 et
1132 454 1393 521 regiones,
1426 453 1571 505 omni
1591 454 1811 504 saeviens
1839 448 2158 503 crudelitate

460 553 510 601 et
538 547 1067 612 atrocitate,cuncta,
1099 555 1218 610 quae
1239 541 1437 610 potuit,
1461 539 1868 607 ert-spoliatione,
1900 536 2155 599 caedibus;

463 636 795 703 diversisque
806 633 1099 695 tormentis,
1120 628 1403 695 incendiis,
1428 629 1657 695 aliisque
1673 625 2159 679 innumerabilibus

463 728 513 777 et
542 722 789 789 infandis
820 722 975 773 malis
1003 718 1330 786 depopulata
1360 721 1437 769 est
1460 732 1472 782 ;
1506 716 1644 769 nulli
1670 717 1847 779 serui,
1867 715 2007 767 nulli
2034 729 2162 782 par-

465 826 583 864 cens
602 812 769 874 setati,
803 823 899 861 nec
934 809 1069 875 ipsis
1094 808 1191 859 Dei
1215 804 1582 868 sacerdotibus
1611 804 1694 857 vel
1723 805 2017 866 ministris,
2065 818 2160 855 nec

464 902 599 968 ipsis
628 898 966 951 ecclesiarum
992 896 1317 948 ornamentis
1345 907 1438 946 seu
1468 893 1842 946 instrumentis
1875 892 1958 944 vel
1978 888 2161 960 aediﬁ-

462 989 588 1041 ciis.
648 988 720 1039 Et
758 985 893 1037 hanc
952 984 1343 1048 ferocissimam
1403 980 1637 1034 hostium
1679 981 2070 1048 grassationem
2113 983 2163 1031 et

460 1075 831 1137 vastationem,
865 1070 956 1123 ille
986 1072 1080 1123 Dei
1110 1070 1282 1130 homo,
1315 1073 1363 1122 et
1388 1070 1595 1134 factam
1619 1070 1793 1133 fuisse
1814 1073 1864 1121 et
1883 1068 2026 1136 fieri,
2056 1081 2162 1120 non

461 1166 519 1215 ut
550 1162 727 1215 caeteri
764 1161 1056 1222 hominum,
1088 1157 1349 1211 sentiebat
1373 1160 1422 1209 et
1453 1156 1759 1223 cegitabat;
1794 1154 1888 1210 sed
1916 1155 2081 1209 altius
2114 1158 2162 1207 et

456 1248 790 1318 profundius
820 1262 883 1301 ea
911 1246 1278 1311 considerans,
1307 1250 1357 1298 et
1382 1248 1439 1297 in
1466 1245 1549 1297 his
1561 1246 1869 1297 animarum
1894 1245 2164 1312 precipue

460 1338 543 1391 vel
565 1337 812 1405 pericula
845 1336 927 1389 vel
953 1339 1148 1387 mortes
1173 1333 1503 1402 preevidens,
1533 1334 1688 1387 solito
1727 1333 1963 1401 amplius
2012 1335 2163 1400 (quo-

460 1428 612 1479 niam
654 1429 714 1478 ut
751 1426 1013 1492 scriptum
1042 1427 1138 1489 est,
1176 1422 1311 1487 noui
1340 1424 1570 1490 apponit
1595 1423 1897 1487 scientiam,
1939 1421 2164 1490 apponit

463 1514 694 1568 dolorem
729 1532 754 1564 n
781 1511 976 1584 [Eccle
1010 1528 1048 1577 ι,
1089 1509 1210 1582 l8];
1240 1515 1289 1563 et
1314 1530 1340 1559 ί(
1374 1512 1475 1566 Cor
1502 1511 1827 1577 intelligens,
1860 1512 2003 1563 tinea
2032 1511 2160 1562 ossi-

466 1602 577 1666 bus)
597 1622 621 1649 ι)
649 1603 874 1666 fuerunt
894 1604 941 1651 ei
959 1600 1208 1666 lacrymae
1224 1614 1392 1666 panes
1414 1597 1499 1650 die
1521 1613 1583 1650 ac
1596 1603 1743 1649 nocte
1770 1598 2064 1667 (Psal.x1.i,
2088 1598 2160 1662 4),

464 1692 969 1755 amarissimamque
988 1694 1039 1742 et
1070 1688 1347 1753 lugubrem
1372 1700 1490 1754 prae
1518 1687 1723 1739 caeteris
1744 1700 1853 1739 sum
1881 1687 2164 1739 senectutis

455 1780 577 1848 jam
604 1793 735 1847 pene
759 1783 1054 1830 extremam
1077 1775 1301 1829 ducebat
1336 1791 1397 1828 ac
1429 1775 1689 1828 tolerabat
1706 1776 1899 1829 vitam.
1935 1773 2164 1828 Videbat

463 1870 601 1921 enim
632 1868 723 1920 ille
752 1866 903 1919 homo
930 1866 1026 1919 Dei
1054 1865 1301 1918 civitates
1332 1863 1543 1917 excidio
1566 1861 1832 1932 perditas,
1853 1864 2167 1931 pariterque

461 1970 581 2009 cum
617 1955 862 2022 aediﬁciis
885 1954 1141 2007 villarum
1173 1952 1521 2017 habitatores,
1556 1952 1690 2005 alios
1710 1951 1893 2005 hostili
1919 1966 2040 2005 nece
2071 1966 2163 2003 em-

460 2046 702 2111 stinctos,
742 2044 876 2097 alios
918 2041 1179 2110 e/fugatos
1209 2045 1371 2109 atque
1408 2040 1710 2108 dispersos;
1769 2040 2032 2093 Ecclesias
2074 2054 2163 2091 sa-

461 2132 761 2187 cerdotibus
788 2146 850 2185 ac
877 2132 1147 2184 ministris
1180 2129 1487 2195 destitutas,
1522 2128 1869 2196 virginesque
1894 2141 2079 2181 sacras
2118 2131 2167 2179 et

462 2216 701 2290 quosque
736 2222 1061 2274 continentes
1088 2218 1289 2285 ubique
1334 2217 1673 2285 dissipatos;
1716 2221 1767 2270 et
1812 2218 1870 2269 in
1919 2217 2002 2269 his
2031 2215 2166 2268 alios

462 2310 739 2363 tormentis
768 2307 1045 2375 defecisse,
1088 2308 1222 2360 alios
1251 2305 1436 2371 gladio
1465 2308 1808 2373 interemptos
1842 2319 1970 2370 esse,
2031 2305 2165 2357 alios

462 2401 520 2451 in
547 2398 880 2467 captivitate,
921 2395 1143 2465 perdita
1184 2396 1357 2447 animi
1386 2398 1437 2448 et
1474 2395 1713 2462 corporis
1762 2394 2076 2459 integritate
2104 2407 2166 2445 ac

461 2487 607 2555 ﬁdei,
650 2486 791 2540 malo
827 2498 972 2538 more
1014 2499 1076 2537 ac
1119 2483 1255 2536 duro
1305 2482 1547 2536 hostibus
1589 2482 1894 2546 deservire;
1943 2483 2165 2549 hymnos

462 2577 562 2629 Dei
589 2578 638 2628 et
669 2572 854 2627 laudes
884 2572 949 2626 de
968 2572 1202 2626 ecclesiis
1232 2570 1542 2639 deperiisse,
1562 2570 1797 2638 aediﬁcia
1825 2570 2166 2624 ecclesiarum

463 2677 626 2733 quam
646 2662 898 2731 plurimis
932 2660 1058 2714 locis
1088 2659 1307 2727 ignibus
1331 2662 1665 2712 concremata
1691 2675 1704 2723 ;
1738 2658 2015 2723 solemnia,
2048 2673 2166 2726 quae

466 2754 566 2805 Deo
596 2749 874 2811 debentur,
910 2748 975 2802 de
1011 2749 1251 2817 propriis
1297 2748 1423 2801 locis
1468 2746 1688 2800 desiisse
1724 2749 2027 2815 sacriﬁcia;
2074 2761 2163 2800 sa-

462 2842 735 2894 cramenta
764 2837 955 2891 divina
978 2838 1060 2890 vel
1087 2851 1193 2890 non
1223 2838 1415 2905 quaeri,
1446 2836 1529 2888 vel
1566 2837 1828 2904 quaerenti
1856 2837 1953 2903 qui
1980 2834 2166 2889 tradat

460 2944 566 2984 non
590 2928 755 2994 facile
774 2927 1036 2995 reperiri;
1061 2926 1121 2978 in
1148 2927 1298 2993 ipsas
1327 2926 1588 2977 montium
1626 2926 1792 2977 silvas
1822 2929 1871 2977 et
1908 2939 2164 2978 cavernas

454 3022 740 3086 petrarum
768 3019 818 3068 et
845 3015 1124 3083 speluncas
1146 3015 1532 3079 confugientes,
1564 3014 1646 3065 vel
1684 3012 1758 3066 ad
1786 3028 2027 3082 quasque
2051 3028 2164 3066 mu-

461 3106 692 3157 nitiones
722 3104 857 3155 alios
884 3103 1057 3166 fuisse
1085 3107 1421 3169 expugnatos
1452 3107 1501 3153 et
1544 3103 1873 3167 interfectos,
1914 3102 2056 3155 alios
2085 3104 2164 3155 ita

463 3192 776 3245 necessariis
805 3191 1185 3243 sustentaculis
1206 3190 1439 3242 evolutos
1463 3193 1625 3255 atque
1641 3191 1908 3257 privatos,
1938 3194 2000 3242 ut
2019 3192 2164 3256 fame

464 3278 922 3332 contabescerent:
955 3278 1205 3345 ipsosque
1234 3277 1593 3329 Ecclesiarum
1625 3280 1940 3345 prepositos
1974 3283 2025 3330 et
2060 3278 2161 3330 cle-

464 3368 621 3429 ricos,
665 3368 761 3435 qui
797 3366 937 3432 forte
985 3366 1081 3419 Dei
1124 3364 1368 3432 beneﬁcio
1417 3365 1499 3417 rel
1528 3380 1612 3417 eos
1650 3380 1757 3417 non
1796 3367 2160 3429 incurrerunt,

461 3456 543 3509 rel
554 3457 884 3509 incurrentes
907 3457 1209 3519 evaserant,
1225 3452 1382 3506 rebus
1395 3453 1638 3506 omnibus
1651 3453 1978 3520 exspoliatos
2000 3458 2164 3521 atque

460 3543 713 3608 nudatos,
762 3544 1129 3610 egentissimos
1184 3541 1505 3603 mendicare,
1556 3556 1648 3594 nec
1695 3543 1771 3593 eis
1800 3541 2043 3594 omnibus
2091 3542 2163 3594 ad

462 3635 661 3699 omnia,
692 3633 888 3701 quibus
916 3629 1184 3696 fulciendi
1202 3634 1394 3695 essent,
1422 3629 1699 3683 subveniri
1720 3643 1910 3697 posse:
1936 3630 2031 3681 via:
2058 3635 2162 3684 tres

462 3722 773 3789 superstites
813 3734 878 3772 eae
908 3718 1392 3772 innumerabilibus
1436 3719 1720 3783 Ecclesias,
1767 3719 1861 3771 hoc
1906 3722 2003 3781 est,
2038 3718 2164 3773 Car-

462 3809 848 3873 thaginensem,
880 3808 1294 3874 Hipponensem,
1332 3810 1381 3859 et
1420 3806 1732 3872 Cirtensem,
1767 3822 1885 3874 quae
1932 3809 2029 3861 Dei
2074 3806 2159 3859 be-

458 3894 647 3963 ne/icio
676 3896 866 3946 excisa:
888 3909 993 3946 non
1023 3900 1169 3957 sunt,
1201 3899 1251 3947 et
1297 3909 1479 3946 earum
1521 3900 1840 3961 permanent
1889 3896 2157 3959 civitates,

462 3987 511 4035 et
536 3981 718 4035 divino
756 3984 806 4033 et
835 3982 1065 4033 humano
1093 3982 1250 4047 fultae
1274 3980 1532 4049 przesidio
1557 3997 1569 4046 ;
1613 3982 1732 4035 licet
1767 3988 1888 4050 post
1918 3984 2034 4050 ejus
2064 3984 2162 4037 ob-

460 4073 597 4124 itum
618 4069 746 4123 urbs
773 4070 1129 4137 Hipponensis
1155 4069 1342 4122 incolis
1356 4068 1614 4122 destituta
1630 4069 1697 4122 ab
1721 4070 1959 4124 hostibus
1988 4072 2161 4135 fuerit

461 4164 812 4214 concremata.
849 4159 915 4211 Et
943 4171 997 4207 se
1034 4158 1176 4210 inter
1214 4158 1322 4210 haec
1368 4158 1514 4210 mala
1566 4157 1851 4225 cujusdam
1902 4160 2160 4227 sapientis

460 4253 723 4303 sententia
736 4247 1113 4305 consolabatur
1124 4245 1351 4299 dicentis
1377 4262 1388 4299 :
1414 4248 1534 4302 Non
1554 4250 1656 4301 erit
1668 4262 1895 4315 magnus
1907 4263 2160 4313 magnum

457 4343 679 4408 putans,
709 4336 853 4405 quod
877 4335 1079 4389 cadunt
1101 4335 1252 4401 ligna
1276 4338 1325 4387 et
1355 4335 1582 4405 lapides,
1617 4340 1666 4390 et
1695 4338 2001 4390 moriuntur
2026 4352 2161 4389 mor-

459 4427 610 4479 tales.
644 4427 766 4480 Ha’c
785 4440 909 4491 ergo
939 4426 1120 4478 omnia
1148 4424 1254 4485 ille,
1289 4427 1348 4476 ut
1377 4429 1494 4477 erat
1521 4425 1629 4477 alte
1656 4428 1892 4494 sapiens,
1925 4425 2162 4493 quotidie

456 4514 685 4567 ubertim
714 4512 1008 4581 plangebat
1038 4511 1287 4579 (Possid.,
1320 4513 1378 4563 in
1430 4512 1557 4565 Vita
1589 4513 1847 4578 August,
1895 4528 2013 4581 cap.
2046 4513 2155 4579 ‘28).

526 4605 579 4654 7.
616 4601 894 4655 Οωὶθωιη
927 4600 1022 4653 Vir
1063 4599 1164 4653 Dei
1194 4616 1379 4669 neque
1408 4598 1580 4653 fidem
1613 4617 1795 4665 suam,
1829 4617 2014 4670 neque
2044 4601 2162 4670 epi-

456 4689 737 4758 scopalem
784 4688 1178 4743 fortitudinem
1219 4689 1436 4750 dolore,
1472 4705 1586 4759 quo
1617 4694 1803 4742 tantas
1832 4688 1983 4742 inter
2012 4691 2158 4743 cala-

460 4776 686 4831 mitates
716 4776 1086 4846 afficiebatur,
1119 4778 1306 4849 frangi
1337 4777 1690 4831 dcbilitarive
1721 4777 1977 4831 sinebat:
2006 4779 2159 4849 quod

461 4861 690 4934 quidem
723 4863 771 4916 is
802 4864 1039 4933 epistola
1068 4864 1140 4919 ad
1179 4864 1637 4929 Quodvultdeum
1669 4865 1998 4935 episcopum
2030 4867 2161 4919 data

459 4949 681 5022 liquido
715 4950 1140 5007 demonstravit.
1176 4955 1427 5024 [togatus
1449 4953 1601 5007 enim
1631 4953 1701 5006 ab
1734 4952 1839 5007 hoc
1869 4953 2155 5024 episcopo,

456 5039 773 5110 praesulum
805 5039 910 5092 hoc
940 5037 1000 5092 in
1029 5056 1160 5093 casu
1194 5041 1345 5111 quod
1385 5046 1534 5096 esset
1569 5041 1842 5108 officium,
1875 5057 1949 5095 an
1984 5041 2063 5095 eis
2090 5042 2157 5096 li-

456 5132 607 5184 ceret
637 5130 833 5198 iugam
861 5128 1090 5197 populis
1126 5130 1476 5198 permittere,
1515 5146 1576 5184 ac
1605 5146 1663 5183 se
1708 5130 1862 5201 ipsos
1908 5129 2158 5200 recipere

455 5216 697 5289 periculi
720 5216 939 5270 vitandi
964 5215 1185 5286 gratia:
1216 5218 1411 5287 paucis
1454 5219 1685 5289 quidem
1718 5219 1801 5273 illi
1838 5218 2155 5289 respondit,

454 5306 551 5362 sed
578 5322 684 5378 pro
711 5305 969 5377 ejusdem
995 5304 1328 5359 necessitate
1358 5311 1443 5361 sat
1461 5307 1680 5374 multis,
1702 5323 1908 5378 nempe
1930 5323 2032 5361 nec
2062 5323 2157 5360 cos

452 5411 572 5449 esse
603 5392 1016 5466 prohibendos,
1068 5392 1167 5464 qui
1222 5393 1291 5446 ad
1322 5394 1465 5461 loca,
1519 5394 1566 5448 si
1610 5401 1870 5465 possunt,
1934 5394 2156 5450 munita

449 5481 699 5552 migrare
732 5483 1079 5548 desiderant,
1114 5496 1219 5535 nec
1250 5480 1545 5553 episcopos
1574 5483 1876 5538 ministerii
1922 5482 2011 5537 sui
2039 5483 2156 5537 vin-

450 5570 579 5623 eula
606 5571 706 5627 illa
748 5588 924 5639 sacra,
985 5570 1194 5641 quibus
1242 5585 1358 5637 eos,
1416 5586 1486 5624 ne
1545 5571 1814 5627 Ecclesias
1868 5572 2148 5633 deserant,

1702 330 1852 383 \'-l’|'.-\
1900 330 1955 381 Ξ.
1998 324 2372 381 ,κιῖηιῖετιχι
2419 323 2747 379 ΕΡΙΞΩυΡΙ.

3801 335 3867 378 lim

2272 446 2477 502 Christi
2501 446 2745 500 charitas
2773 444 3049 516 alligavit,
3082 460 3241 515 posse
3282 460 3566 514 rumpere;
3605 451 3750 517 atque
3773 452 3870 505 adeo

2273 535 2549 608 quamdiu
2580 535 2836 606 ipsorum
2883 533 3187 605 praesentia
3218 533 3369 604 plebi
3398 537 3687 591 necessaria
3712 543 3779 591 est
3812 540 3873 593 fn-

2271 631 2420 693 tura,
2460 625 2540 678 eis
2569 625 2712 678 nihil
2753 638 2986 695 prorsus
3019 623 3171 677 aliud
3199 623 3462 694 relinqui,
3495 624 3594 677 nisi
3618 631 3674 678 ut
3698 642 3749 679 se
3772 632 3874 682 totos

2274 713 2478 768 divina:
2509 713 2786 767 voluntati
2810 711 3184 775 committant,
3214 716 3269 764 et
3290 727 3445 782 spem
3458 729 3603 766 suam
3627 714 3675 768 in
3691 731 3875 786 superno

2274 802 2553 871 adjutorio
2583 804 2860 856 collucent
2890 803 3108 871 (Epist.,
3136 802 3262 867 228,
3288 816 3339 855 η.
3372 803 3444 871 l).
3468 802 3750 855 Honoratus
3764 803 3877 857 Thia-

2273 890 2462 944 bensis
2487 890 2806 961 episcopus,
2832 889 3101 960 idemque
3131 905 3165 942 a
3216 888 3464 942 Possidio
3493 893 3693 943 sanctus
3721 891 3792 944 vir
3814 907 3877 961 ap-
3918 890 3921 895 ’

2274 979 2517 1048 pellatus
2573 980 2890 1045 (Possidius,
2931 978 2995 1033 in
3034 980 3161 1033 Vita
3204 979 3462 1044 August,
3508 993 3551 1031 c.
3591 980 3686 1045 30),
3736 981 3878 1033 eadem

2273 1067 2641 1139 postmodum
2696 1067 2767 1121 ab
2820 1067 3138 1138 Augustino
3183 1066 3252 1120 de
3304 1066 3625 1137 prtesulibus
3649 1072 3700 1121 et
3721 1067 3878 1122 clericis

2276 1156 2585 1211 sciscitatus
2618 1160 2719 1211 est.
2769 1155 2867 1211 Hic
2921 1160 3114 1210 sancto
3161 1154 3416 1210 Antistiti
3442 1154 3775 1225 signiﬁcabat,
3797 1172 3876 1210 non

2274 1243 2465 1298 videre
2503 1261 2583 1312 se,
2616 1244 2756 1316 quid
2796 1244 2948 1299 aliud
2991 1243 3341 1299 remanendo
3372 1242 3432 1296 in
3468 1241 3675 1296 sedibus
3702 1244 3793 1297 suis
3817 1245 3875 1298 vel

2276 1333 2481 1388 sibivel
2512 1335 2724 1405 populo
2747 1350 2848 1388 suo
2872 1333 3158 1405 profuturi
3182 1333 3299 1386 sint
3320 1331 3580 1403 episcopi,
3601 1331 3700 1385 nisi
3720 1337 3770 1386 ut
3788 1337 3876 1386 ante

2274 1420 2530 1493 ipsorum
2580 1422 2771 1476 oculos
2807 1422 2914 1476 viri
2952 1422 3174 1487 cadant,
3231 1421 3458 1475 feminas
3505 1425 3878 1491 constuprenmr,

2275 1509 2654 1565 incendantur
2683 1511 2953 1575 ecclesiae,
2986 1514 3154 1581 atque
3184 1509 3297 1580 ipsi
3325 1523 3548 1579 quoque
3582 1507 3636 1561 in
3660 1509 3881 1561 tormentis

2275 1598 2562 1667 deficiant,
2593 1615 2723 1653 cum
2754 1600 2822 1653 de
2868 1599 3008 1668 ipsis
3051 1599 3333 1669 quaeritur
3361 1596 3507 1667 quod
3559 1612 3664 1649 non
3711 1596 3878 1649 habent.

2276 1688 2627 1757 Augustinus
2678 1688 2936 1741 sufficere
2992 1690 3231 1757 putavit,
3274 1686 3327 1739 ei
3365 1701 3520 1739 suam
3557 1684 3624 1739 ad
3650 1684 3881 1749 Quodvult-

2278 1775 2450 1829 deum
2480 1776 2784 1845 epistolam
2816 1776 3057 1829 mittere.
3100 1775 3209 1829 Sed
3259 1774 3344 1827 illi
3395 1774 3593 1827 iterum
3647 1774 3881 1826 Honoratus

2276 1863 2381 1917 hoc
2409 1864 2517 1917 sibi
2545 1865 2893 1918 satisfactum
2917 1880 3029 1917 non
3044 1880 3164 1917 esse
3190 1860 3755 1934 signiticavit,quando
3778 1860 3882 1915 Chri-

2278 1959 2397 2006 stus
2425 1957 2479 2006 et
2504 1954 2699 2023 fugere
2721 1952 3102 2024 praecepisset,
3131 1958 3189 2006 et
3208 1955 3551 2022 praeceptum
3580 1965 3727 2003 suum
3750 1964 3880 2001 exem-

2276 2042 2373 2111 plo
2404 2041 2636 2111 proprio
2667 2041 3092 2095 confirmasset:
3120 2042 3236 2094 Hoc
3258 2038 3552 2107 igiturjuit
3578 2038 3631 2091 in
3650 2052 3801 2101 causa,
3818 2051 3881 2089 cur

2279 2129 2331 2181 ei
2363 2134 2591 2182 sanctus
2624 2129 2824 2183 Doctor
2844 2144 3052 2182 novam
3081 2143 3257 2198 super
3285 2144 3351 2181 ea
3383 2143 3442 2181 re
3472 2126 3714 2180 scriberet
3739 2125 3880 2193 episto-

2277 2218 2391 2293 lam
2420 2217 2617 2287 (Epist.
2638 2219 2764 2283 228,
2786 2218 2929 2285 n.2),
2960 2232 3132 2287 quam
3146 2214 3283 2269 dicit
3305 2210 3878 2269 Possidiusinstituendis

2278 2305 2558 2376 episcopis
2588 2305 2826 2375 aliisque
2869 2304 3127 2358 Ecclesiae
3170 2302 3446 2357 ministris
3476 2302 3708 2373 apprime
3742 2301 3878 2353 utilem

2279 2399 2335 2447 et
2364 2394 2761 2460 necessariam,
2802 2393 2873 2447 ob
2901 2393 3073 2463 idque
3104 2391 3215 2446 sibi
3251 2392 3454 2457 visum,
3504 2405 3641 2455 eam,
3670 2388 3775 2441 licet
3795 2388 3879 2439 lon-

2279 2483 2614 2553 giusculam,
2658 2484 2793 2537 Vitas
2843 2483 3021 2535 sancti
3051 2481 3318 2535 Prtesulis
3372 2482 3612 2534 inserere
3642 2475 3877 2548 (Possidius,

2277 2574 2336 2623 in
2374 2573 2499 2625 Vita
2527 2573 2784 2639 August,
2818 2585 2863 2624 c.
2898 2571 3003 2637 30).
3037 2571 3214 2623 Porro
3245 2569 3304 2623 id
3335 2568 3429 2621 ille
3472 2567 3530 2621 in
3556 2583 3637 2621 ea.
3658 2567 3801 2628 docet,
3823 2563 3878 2614 fn-

2279 2676 2406 2729 gam
2447 2659 2727 2731 episcopis
2757 2664 2882 2713 tum
2918 2659 3151 2713 demum
3176 2658 3395 2711 licitam
3424 2672 3560 2718 esse,
3585 2669 3698 2709 cum
3723 2653 3786 2705 vel
3809 2650 3878 2719 ipsi

2279 2747 2596 2817 specialiter
2626 2752 2984 2817 quaeruntur,
3019 2751 3075 2799 et
3099 2761 3204 2815 per
3233 2746 3377 2799 alios
3407 2743 3503 2815 qui
3532 2759 3638 2797 non
3679 2741 3741 2794 ita
3778 2754 3879 2808 quaL

2279 2841 2505 2903 runtur,
2528 2839 2717 2906 potest
2767 2834 2993 2903 impleri
3024 2832 3411 2887 necessarium
3444 2828 3802 2891 ministerium;
3824 2825 3877 2876 vel

2275 2924 2503 2978 recessit
2530 2924 2793 2977 universa
2822 2923 3003 2993 plebs.
3040 2922 3253 2976 Ultimo
3279 2920 3411 2975 huic
3439 2915 3766 2990 approbando
3789 2928 3879 2983 quo-

2276 3014 2539 3067 rumdam
2582 3013 2959 3082 Hispanorum
3003 3010 3328 3065 antistitum
3358 3008 3663 3079 exemplum
3691 3002 3880 3059 adducit:

2277 3104 2461 3173 primo
2489 3108 2679 3155 autem
2709 3101 3002 3155 Athanasii
3034 3117 3047 3166 ;
3103 3099 3195 3153 cui
3235 3103 3464 3170 poterat
3517 3103 3569 3150 et
3617 3092 3879 3173 Cyprianum

2277 3170 2624 3261 adjungere:
2678 3189 2925 3260 demptis
2954 3193 3143 3243 autem
3185 3187 3413 3242 duabus
3441 3185 3584 3239 hisce
3629 3170 3880 3234 conditioni-

2275 3279 2402 3344 bus,
2434 3278 2758 3349 ignorantia
2781 3280 2901 3331 sola
2925 3283 3022 3330 aut
3041 3276 3274 3346 ignavia
3301 3274 3581 3335 clericum,
3608 3267 3880 3331 maximeque

2276 3366 2625 3436 episcopum,
2656 3365 2847 3419 induci
2877 3380 3054 3434 posse,
3097 3369 3159 3417 ut
3189 3363 3467 3435 populum
3504 3354 3777 3415 ministerio
3797 3365 3879 3405 suo.

2276 3470 2389 3524 quo
2417 3459 2673 3522 tempore
2702 3453 3066 3523 potissimum
3094 3469 3161 3505 eo
3202 3452 3443 3523 indiget,
3472 3451 3728 3504 desertum
3752 3438 3878 3524 patir

2275 3546 2387 3595 tur.
2420 3541 2561 3604 Quia
2597 3522 2729 3593 vero
2767 3541 2837 3593 ab
2890 3541 3003 3593 alio
3042 3540 3293 3609 pressule
3339 3522 3518 3593 fuerat
3563 3534 3815 3603 objectum.
3849 3522 3876 3573 εί

2276 3630 2530 3684 Christus
2560 3629 2619 3683 in
2649 3629 2731 3682 eis
2760 3629 3274 3699 persecutionibus,
3307 3624 3878 3697 ubipotestfructuseﬁe

2277 3718 2553 3789 martyrii,
2585 3718 2921 3789 fugiendum
2953 3717 3260 3789 prascepit;
3290 3718 3465 3771 multo
3485 3712 3648 3783 magis
3664 3700 3877 3777 fugiendﬁ

2275 3824 2395 3861 esse
2424 3808 2714 3879 passiones
2743 3806 2981 3872 steriles,
3034 3806 3264 3876 quando
3319 3812 3404 3860 est
3432 3803 3725 3857 barbaricus
3748 3796 3791 3847 et
3812 3790 3877 3879 b9:

2276 3896 2418 3949 stilis
2449 3897 2743 3950 incursus:
2776 3895 3087 3965 respondet
3116 3894 3489 3964 Augustinus,
3537 3901 3712 3943 verum
3733 3875 3877 3965 essegid

2274 3984 2507 4055 quidem
2529 3985 2598 4038 de
2627 3984 2715 4038 his
2738 4000 2878 4054 quos
2909 3982 3279 4036 ecclesiastici
3298 3980 3468 4036 oflicii
3499 3993 3607 4033 non
3626 3963 3879 4028 tenentvin—

2273 4073 2426 4139 cula;
2459 4088 2615 4126 secus
2645 4078 2835 4126 autem
2868 4072 2936 4126 de
2966 4070 3036 4125 iis
3064 4070 3185 4142 qui,
3219 4071 3375 4141 quod
3427 4065 3669 4123 ﬁdelibus
3710 4066 3877 4142 operti!n

2273 4176 2435 4214 suam
2482 4160 2745 4225 debeant,
2775 4140 3119 4223 remanent;
3148 4140 3253 4212 eos
3297 4159 3447 4213 enim
3477 4149 3738 4210 charitatis
3762 4140 3878 4209 lmjlls

2277 4247 2548 4302 beneficio
2571 4247 2839 4301 meritum
2866 4247 3193 4300 illustrioris
3227 4246 3483 4317 martyrii
3507 4241 3608 4298 sibi
3629 4241 3877 4305 compara"

2274 4352 2444 4408 quam
2477 4337 2523 4390 si
2552 4336 2865 4390 retinenda:
2892 4341 3113 4390 tantum
3141 4335 3279 4390 ﬁdei
3311 4352 3476 4390 causa
3505 4331 3811 4403 paterentur.
3833 4317 3879 4408 At

2274 4442 2399 4479 cum
2450 4425 2694 4495 ipsamet
2737 4424 2978 4478 Charitas
3032 4424 3324 4478 videretur
3373 4423 3443 4477 ad
3480 4422 3535 4476 id
3580 4416 3817 4472 inducere,
3839 4406 3880 4454 ut

2271 4520 2564 4584 optaretur
2600 4512 2733 4566 cleri
2764 4518 2983 4583 partem
3013 4513 3288 4583 aliquam,
3324 4528 3395 4565 ne
3425 4509 3665 4564 deessent
3684 4499 3765 4572 qui
3788 4506 3877 4548 eva-

2271 4602 2534 4656 dentibus
2560 4602 2917 4655 barbaricum
2942 4601 3189 4654 furorem
3210 4600 3637 4671 opitularentur,
3658 4585 3876 4674 secedere;

2271 4694 2468 4744 monet
2494 4705 2588 4742 eos
2607 4688 2705 4758 qui
2726 4693 2924 4757 sponte
2943 4688 3242 4742 consilium
3276 4689 3382 4742 hoc
3410 4689 3591 4740 essent
3616 4677 3877 4747 amplexari.

2270 4792 2341 4831 ne
2372 4777 2458 4830 vel
2490 4781 2823 4830 notarentur
2876 4776 3123 4846 ignavia,
3156 4777 3239 4830 vel
3272 4792 3392 4846 prae
3422 4774 3561 4839 aliis,
3585 4763 3770 4840 judicio
3792 4769 3878 4811 sua.

2272 4864 2453 4934 magis
2502 4863 2758 4918 Ecclesia:
2805 4863 3109 4918 necessarii
3151 4864 3495 4927 viderentur,
3540 4855 3754 4911 sortibus
3796 4856 3877 4899 ῖεω

2270 4952 2629 5007 committere
2666 4968 2830 5023 posse
2857 4969 2869 5007 :
2919 4968 3105 5023 neque
3136 4952 3242 5006 hoc
3271 4951 3375 5005 ulli
3403 4953 3748 5021 praeterquam
3770 4934 3881 5025 ign?

2271 5041 2347 5094 ris
2393 5042 2683 5111 culpatum
2714 5041 2802 5107 iri,
2837 5040 3098 5112 quamvis
3151 5057 3279 5095 eam
3310 5040 3577 5094 rationem
3615 5030 3772 5086 minus
3796 5034 3879 5112 F51“.

2270 5134 2448 5185 tatam
2496 5148 2616 5186 esse
2647 5132 2939 5186 fateretur.
2972 5132 3186 5186 Asserit
3223 5130 3565 5201 Augustinus
3592 5126 3716 5179 hanc
3753 5110 3880 5201 animi

2270 5218 3193 5291 magnitudinem,quaepiscopus
3219 5198 3346 5274 cum
3376 5217 3536 5290 plebe
3563 5211 3660 5267 sibi
3679 5198 3879 5291 divinitus

2270 5306 2483 5361 credita
2513 5308 2714 5363 mediis
2764 5308 2824 5362 in
2853 5289 3121 5379 periculis
3150 5289 3486 5380 perseverat,
3514 5316 3618 5358 non
3644 5289 3877 5378 mandant?

2269 5393 2596 5465 cupiditatis
2610 5396 2794 5472 fugio,
2812 5397 2911 5451 sed
2933 5397 3144 5451 caelesti
3158 5414 3182 5450 s
3209 5396 3414 5451 amoris
3427 5394 3641 5448 flamma
3659 5386 3875 5455 generari.

2269 5488 2326 5537 et
2358 5499 2616 5539 amorem
2645 5485 2797 5539 hunc
2828 5502 2860 5539 a
2881 5486 2998 5539 Deo
3029 5485 3308 5556 proficisci
3337 5496 3547 5538 necnon
3575 5478 3637 5531 ab
3658 5472 3875 5556 ipso???

2267 5572 2425 5627 cibus
2469 5588 2590 5629 esse
2638 5546 3093 5645 eftlagitandum.
3129 5575 3347 5629 Oremus
3375 5586 3514 5639 ergo,
3541 5571 3596 5620 ut
3621 5561 3678 5614 ab
3714 5555 3789 5610 illo
3812 5546 3873 5599 ἄρ’
