4028 6174
130 250 224 297 5m
1568 252 1721 307 LIBE

1568 252 1780 308 LIBER
1843 251 2193 310 OCTAVUS.

129 376 271 425 tura
285 369 620 441 quojubetur
642 371 834 439 (Epist.
854 372 978 434 228,
1004 386 1058 423 η.
1076 374 1149 437 7).
1176 371 1289 425 Hoc
1307 370 1539 427 demum
1552 373 1711 428 addit
1727 390 1833 444 pro

126 458 429 522 coronide,
446 457 767 519 consilium
794 457 856 511 in
884 457 973 512 his
1000 458 1420 514 calamitatibus
1447 462 1672 516 nullum
1700 479 1833 517 con-

127 546 440 602 ducibilius
469 546 742 616 relinqui,
766 562 942 616 quam
973 551 1039 600 ut
1067 546 1437 617 confugialur
1463 550 1531 603 ad
1562 549 1837 604 orationis

128 634 490 706 presidium,
511 640 685 705 atque
708 634 916 689 obnixe
939 634 1136 689 divina
1154 637 1831 707 clementiaimploretur.

128 727 317 779 Porro
346 740 407 778 ex
449 724 556 777 hac
603 722 842 791 epistola
881 723 1143 791 judicare
1188 730 1289 792 est,
1323 726 1610 780 Calamam
1632 728 1837 781 urbem

125 813 391 883 aliasque
426 812 753 881 complures
777 827 813 865 a
836 811 1056 865 civibus
1085 812 1324 867 omnino
1356 814 1606 867 desertas
1636 831 1700 867 ac
1738 815 1834 868 de-

124 902 345 955 solatas
394 899 602 964 fuisse;
654 900 887 971 quando
932 900 1238 961 POSsidius,
1288 900 1388 971 qui
1433 902 1505 955 ab
1533 902 1836 972 Augustini

121 989 441 1052 sententia,
473 1003 647 1059 quam
698 992 783 1042 tot
823 988 1111 1060 tantisque
1155 988 1419 1044 laudibus
1447 990 1833 1061 prosequitur,

130 1077 433 1133 discedere
460 1093 761 1147 nunquam
783 1077 839 1131 in
863 1077 1123 1132 animum
1154 1077 1489 1143 induxisset,
1519 1094 1639 1133 sese
1667 1083 1836 1150 atque

123 1166 277 1220 alios
300 1166 574 1220 ﬁnitimos
605 1165 884 1220 antistites
908 1166 1231 1237 Hipponem
1261 1166 1576 1237 perfugisse
1598 1171 1837 1222 testatur

125 1255 449 1321 (Possidius,
484 1257 543 1308 in
569 1257 699 1311 Vita
724 1254 987 1321 August,
1013 1271 1059 1309 c.
1091 1255 1202 1324 28).

812 1343 1040 1398 CAPUT
1071 1344 1157 1398 IX.

136 1437 151 1487 l
199 1434 464 1489 Ultimum
489 1448 622 1501 opus
644 1434 702 1487 in
722 1434 1002 1488 Iulianum
1022 1438 1240 1487 sanctus
1270 1435 1463 1487 Doctor
1496 1434 1835 1500 aggreditur.

202 1524 238 1575 2
278 1522 343 1575 In
387 1520 710 1588 colloquium
762 1522 910 1574 venit
969 1535 1089 1574 cum
1143 1523 1446 1575 Maximino
1497 1522 1838 1575 Arianorum

201 1612 474 1678 episcopo,
508 1624 665 1678 quem
695 1612 746 1662 et
783 1609 943 1663 editis
974 1609 1129 1663 libris
1177 1612 1443 1675 confutat.
1472 1613 1503 1663 3
1533 1611 1839 1664 Maximum

204 1697 278 1752 ab
302 1699 523 1752 Ariana
550 1698 741 1751 haeresi
759 1712 1068 1751 conversum
1083 1697 1428 1764 adhortatur,
1454 1702 1514 1751 ut
1540 1713 1663 1752 suos
1688 1698 1841 1753 alios-

204 1801 313 1856 que
340 1786 519 1840 eodem
552 1801 731 1840 errore
761 1786 1064 1855 implicatos
1094 1787 1168 1840 ad
1204 1787 1520 1840 catholicam
1549 1786 1709 1855 ﬁdem
1738 1787 1837 1840 ad-

201 1875 401 1930 ducere
464 1874 700 1928 studeat.
765 1875 798 1928 4
849 1875 1071 1940 Refellit
1121 1876 1424 1930 Sermonem
1478 1874 1836 1932 Arianorum.

204 1968 237 2018 5
295 1965 632 2033 Colloquium
683 1978 801 2017 cum
836 1964 1115 2018 Pascentio
1161 1962 1332 2017 eidem
1378 1961 1608 2019 Arianw
1651 1966 1842 2019 haeresi

204 2052 433 2107 addicto
453 2053 676 2120 scriptis
697 2051 770 2105 ad
798 2051 1038 2105 eumdem
1068 2052 1262 2106 litteris
1292 2052 1526 2118 evulgat.
1562 2054 1592 2106 6
1620 2052 1841 2121 Elpidio

208 2143 273 2195 in
293 2141 406 2209 ﬁde
430 2141 721 2194 Trinitatis
749 2141 959 2193 erranti
973 2138 1240 2194 rescribit.

212 2231 260 2282 t.
293 2229 363 2282 In
391 2227 491 2281 illa
519 2227 695 2282 totius
722 2227 925 2297 Africae
966 2226 1300 2293 vastatione,
1341 2226 1481 2280 dum
1508 2242 1576 2280 eo
1615 2229 1841 2280 tantum

136 2315 545 2370 incumberent
566 2315 829 2387 plerique
869 2331 1088 2380 omnes,
1126 2320 1186 2369 ut
1214 2316 1301 2370 vel
1329 2314 1532 2386 patriae
1561 2315 1841 2370 laboranti

138 2419 310 2474 opem
341 2404 579 2471 ferrent,
620 2404 709 2458 vel
739 2420 860 2458 sese
914 2404 1110 2457 saltem
1144 2403 1433 2474 eriperent
1469 2403 1540 2457 ab
1569 2402 1837 2468 interitu;

138 2497 374 2546 sanctus
407 2491 658 2546 Antistes
685 2491 1010 2546 institutum
1051 2491 1424 2545 nihilominus
1451 2507 1619 2545 suum
1649 2490 1711 2545 in
1748 2489 1843 2545 ad-

130 2580 391 2651 juvanda
417 2578 703 2633 continuis
726 2578 844 2632 suis
869 2578 1158 2633 laboribus
1178 2579 1443 2642 Ecclesia,
1458 2594 1836 2649 propugnan-

142 2668 333 2740 daque
366 2667 634 2722 adversus
659 2667 812 2721 illius
840 2668 1032 2721 hostes
1059 2666 1301 2721 veritate
1324 2683 1386 2720 ac
1418 2667 1549 2736 tide,
1574 2671 1841 2721 constan-

139 2763 225 2812 ter
246 2757 503 2812 tenebat.
526 2758 649 2811 Jam
679 2762 812 2809 ante
840 2756 1200 2810 observatum
1230 2754 1395 2809 nobis
1423 2758 1529 2823 est,
1558 2753 1781 2824 scriptis
1810 2771 1843 2807 a

140 2846 370 2902 Juliano
399 2846 462 2900 in
488 2846 742 2917 primum
788 2843 1092 2915 Augustini
1135 2843 1350 2897 librum
1399 2844 1467 2898 de
1523 2842 1747 2913 Nuptiis
1787 2846 1844 2895 et

142 2934 619 3005 Concupiscentia
665 2938 909 3004 quatuor
938 2932 1119 2998 libris,
1165 2936 1431 3001 excerpta
1473 2932 1739 3003 quaedam
1770 2947 1839 2984 ex

143 3025 376 3080 illorum
405 3021 594 3095 primo
626 3026 885 3077 sanctum
938 3022 1234 3075 Doctorem
1282 3036 1385 3074 suo
1417 3021 1488 3074 de
1528 3019 1752 3091 Nuptiis
1790 3025 1844 3073 et

143 3111 626 3182 Concupiscentia
653 3111 901 3165 secundo
932 3109 1207 3164 refutasse
1231 3129 1247 3177 ;
1276 3127 1340 3163 ac
1368 3114 1569 3179 postea
1597 3114 1845 3179 quatuor

143 3201 267 3255 illos
294 3200 554 3268 integros
584 3198 1087 3269 adeptum,contra
1116 3198 1345 3252 eosdem
1376 3196 1545 3250 simul
1572 3195 1845 3266 prolixius

145 3305 308 3360 opus,
357 3287 523 3357 cujus
573 3285 867 3357 inscriptio
923 3286 984 3340 in
1033 3284 1552 3341 Retractationibus
1590 3300 1705 3338 non
1734 3282 1847 3337 alia

140 3378 381 3448 legitur,
412 3376 523 3430 nisi
557 3393 570 3431 :
604 3377 802 3434 Contra
823 3377 1109 3433 Julianum
1130 3376 1261 3430 libri
1288 3391 1406 3437 sea),
1435 3373 1692 3430 edidisse.
1719 3375 1846 3445 Aly-

139 3467 276 3539 pius
302 3465 522 3521 librum
551 3465 622 3520 de
651 3465 876 3537 Nuptiis
907 3469 963 3519 et
1012 3463 1482 3535 Concupiscentia
1535 3462 1847 3518 secundum

132 3557 259 3627 jam
281 3554 419 3609 inde
447 3554 518 3609 ab
538 3569 691 3608 anno
717 3552 1286 3625 quadringentesimo
1330 3551 1605 3623 vigesimo
1632 3551 1844 3622 primo,

142 3650 431 3714 quantum
491 3641 818 3711 conjectura
867 3640 1035 3695 nobis
1080 3640 1211 3695 licet
1257 3640 1503 3711 assequi,
1554 3655 1747 3694 secum
1785 3638 1849 3693 in

146 3732 374 3786 Italiam
404 3730 555 3784 tulit.
589 3731 705 3784 Hoc
734 3733 925 3784 autem
948 3730 1184 3784 adortus
1205 3733 1287 3784 est
1309 3731 1592 3782 maturata
1609 3743 1848 3798 respon-

142 3822 312 3875 sione
342 3819 623 3886 Julianus,
654 3835 785 3873 cum
833 3835 930 3873 sex
972 3819 1170 3884 libros,
1223 3818 1433 3888 quibus
1486 3823 1735 3888 quatuor
1762 3816 1850 3870 sui

140 3908 379 3964 refutati
408 3907 816 3978 abAugustino
847 3907 1095 3973 fuerant,
1121 3907 1365 3962 necdum
1396 3905 1654 3977 cognitos
1682 3906 1853 3961 habe-

141 4003 274 4064 ret;
305 3995 775 4067 quandoquidem
798 4010 871 4050 an
901 4011 999 4049 eos
1020 3993 1378 4065 Augustinus
1398 3993 1646 4065 legisset,
1675 3992 1853 4048 addu-

148 4085 297 4141 bitat
342 4085 552 4155 (Operis
600 4084 904 4154 imperfecti
953 4083 1048 4138 lib.
1106 4084 1162 4149 4,
1212 4098 1270 4135 n.
1321 4084 1429 4149 38).
1492 4082 1604 4135 Ista
1639 4080 1853 4135 Iuliani

149 4172 452 4245 responsio
481 4172 642 4228 libris
670 4176 795 4227 octo
825 4171 1122 4226 constabat.
1150 4171 1209 4224 in
1234 4169 1444 4241 quibus
1482 4175 1606 4223 erat
1633 4169 1729 4224 ille
1755 4186 1850 4223 va-

150 4261 430 4334 gabunda
458 4260 795 4332 loquacitate
817 4276 935 4314 non
963 4258 1246 4330 copiosus,
1274 4258 1369 4312 sed
1391 4256 1618 4312 odiosus
1638 4257 1737 4321 eis,
1756 4257 1855 4327 qui

148 4351 328 4406 rebus
352 4349 701 4404 inhaerentes
728 4348 1020 4419 superﬂua
1048 4348 1217 4402 verba
1247 4350 1624 4401 contemnunt
1661 4345 1798 4414 (Ibid
1809 4386 1852 4409 .,

148 4441 259 4496 lib.
300 4442 356 4505 3,
387 4454 445 4493 η.
472 4438 586 4508 20).
643 4439 708 4492 1n
748 4438 858 4492 hoc
901 4436 1036 4491 scite
1083 4434 1433 4505 Augustinus
1473 4434 1717 4505 jocatur,
1748 4433 1854 4487 ait-

155 4544 269 4600 que
300 4526 488 4595 illum,
518 4525 802 4598 siquidem
846 4524 1033 4580 eidem
1084 4524 1189 4579 viae
1232 4523 1495 4577 insistere
1543 4521 1853 4588 constituit,

155 4617 416 4688 amplius
444 4615 601 4670 mille
648 4615 961 4680 volumina,
1011 4618 1076 4667 ut
1121 4629 1213 4667 sex
1263 4612 1378 4666 suis
1423 4611 1600 4677 libris,
1648 4611 1857 4683 quibus

158 4706 316 4761 illius
355 4710 603 4776 quatuor
631 4702 960 4768 confutavit,
1010 4701 1367 4771 respondeat,
1421 4701 1580 4755 nullo
1625 4700 1856 4770 negotio

156 4809 326 4865 posse
357 4792 637 4847 coniicere
680 4792 859 4862 (Ibid,
914 4791 1012 4846 lib.
1057 4794 1107 4858 t,
1157 4806 1211 4843 n.
1264 4791 1368 4856 34;
1419 4790 1516 4845 lib.
1565 4791 1619 4855 4,
1664 4806 1720 4843 n.
1777 4788 1852 4859 5).

156 4882 353 4937 Nihilo
380 4884 577 4935 tamen
607 4881 799 4935 minus
838 4883 1115 4950 perpetuo
1150 4877 1443 4932 brevitatis
1491 4878 1745 4932 studium
1776 4877 1858 4948 ja-

156 4971 371 5035 ctabat,
404 4969 645 5040 perinde
667 4985 730 5023 ac
745 4967 794 5022 si
822 4969 1020 5031 multa,
1057 4983 1186 5038 qua:
1215 4965 1494 5037 potuisset
1520 4966 1854 5037 adjungere.

159 5060 505 5114 reticuisset.
558 5057 699 5112 Hinc
726 5056 812 5111 illi
864 5056 1217 5129 Augustinus
1251 5072 1263 5110 :
1296 5055 1419 5125 Ideo
1466 5061 1654 5110 contra
1693 5070 1860 5108 unum

159 5149 363 5203 librum
393 5162 568 5201 meum
622 5146 788 5200 libros
830 5151 942 5200 octo
967 5146 1256 5215 scripsisti,
1290 5147 1422 5214 quia
1451 5160 1549 5214 per
1578 5148 1673 5198 tua
1714 5158 1860 5197 com-

155 5236 363 5307 pendia
393 5235 682 5289 dialectica
712 5233 809 5288 diu
855 5234 1140 5303 disputare
1179 5234 1404 5288 noluisti
1434 5232 1617 5297 (Ibid.,
1668 5230 1760 5285 tib.
1809 5233 1858 5295 l,

156 5343 211 5379 τι.
282 5324 395 5393 34).
455 5322 561 5377 Sed
628 5338 698 5376 ne
754 5322 965 5377 librum
1032 5321 1264 5392 quidem
1319 5320 1623 5391 Augustini
1678 5323 1859 5373 totum

158 5417 291 5468 octo
350 5411 469 5466 suis
523 5414 820 5484 oppugnat
882 5411 1063 5480 (Ibid.,
1132 5410 1226 5465 lib.
1292 5412 1345 5475 2,
1412 5426 1468 5463 η.
1543 5408 1699 5478 127);
1744 5407 1860 5461 imo

158 5500 384 5555 nullam
453 5499 577 5570 ejus
622 5503 848 5571 partem
885 5499 1172 5564 refellens,
1218 5496 1308 5552 vix
1359 5488 1583 5552 tertiam
1626 5495 1857 5565 attingit

3552 266 3653 319 562

1953 376 2136 444 (Ibid.,
2162 377 2253 430 lib.
2278 378 2330 441 4,
2373 394 2427 431 n.
2473 380 2547 447 5).
2583 378 2799 433 Horum
2825 395 2921 432 sex
2951 378 3012 433 in
3049 380 3465 451 Augustiniana
3496 386 3654 439 refu-

1951 465 2172 520 tatione
2203 465 2592 533 continentur,
2619 467 2676 521 in
2697 467 2907 537 quibus
2937 468 3250 523 Catholicos
3280 469 3369 523 vix
3402 486 3655 541 unquam

1950 554 2117 609 aliter
2145 555 2424 620 nominat,
2458 571 2633 626 quam
2680 555 3062 610 Traducianos
3109 560 3164 609 et
3202 546 3560 624 Manichacus,
3592 575 3656 615 ac

1950 643 2202 697 maxime
2232 650 2493 699 sanctum
2522 645 2868 706 Antistitem,
2903 661 3074 716 quem
3114 645 3230 700 illic
3262 664 3494 717 quoque
3522 650 3653 703 Tra-

1948 736 2229 786 ctatorem
2263 736 2499 787 Poenum
2527 734 2753 800 vocitat,
2800 734 3070 805 Alypium
3118 740 3310 789 autem
3350 738 3654 792 Vernulam

1950 826 2316 890 peccatorum
2347 822 2654 892 Augustini
2702 822 2887 892 (Ibid.,
2938 824 3033 876 lib.
3097 827 3145 888 t,
3204 840 3258 877 η.
3317 827 3391 892 7).
3445 826 3651 880 Verum

1950 908 2204 962 convicia
2235 909 2333 962 illa
2363 910 2528 964 nihili
2584 910 2712 977 sibi,
2747 911 2833 964 vel
2881 911 3074 980 potius
3116 912 3310 981 magni
3356 913 3654 983 pendenda

1951 1000 2118 1065 putat
2146 998 2536 1067 Augustinus;
2570 1001 2702 1067 quia
2732 1000 2950 1068 quando
2994 1016 3094 1069 pro
3117 1002 3425 1066 defensione
3468 1003 3651 1056 catho-

1953 1086 2070 1139 licae
2098 1083 2233 1154 ﬁdei
2243 1101 2304 1138 ac
2319 1087 2581 1140 haereticis
2602 1089 2951 1143 contumelias
2972 1090 3154 1150 audio,
3187 1088 3394 1158 inquit,
3416 1105 3516 1159 pro
3533 1091 3652 1144 lau-

1955 1173 2119 1227 dibus
2150 1174 2317 1226 habeo
2343 1174 2534 1241 (Ibid.,
2558 1175 2652 1229 lib.
2680 1178 2729 1242 3,
2758 1192 2878 1245 cap.
2917 1176 3021 1246 t8).
3056 1176 3314 1231 Julianus
3341 1193 3483 1247 opus
3512 1177 3655 1231 illud

1951 1274 2118 1313 suum
2158 1259 2416 1314 inscribit
2448 1262 2632 1328 Floro,
2659 1261 2811 1316 inter
2848 1264 3169 1334 Pelagianae
3220 1264 3485 1319 factionis
3531 1266 3648 1336 epi-

1951 1364 2155 1418 scopos
2199 1348 2429 1417 celebri,
2482 1347 2645 1419 cujus
2698 1356 2905 1420 rogatu
2953 1354 3039 1405 vel
3086 1352 3273 1423 potius
3318 1354 3652 1408 auctoritate

1950 1440 2192 1506 paterna
2243 1436 2558 1491 adductum
2605 1454 2663 1492 se
2710 1438 3003 1508 przedicat,
3045 1446 3110 1494 ut
3161 1441 3333 1495 misso
3378 1441 3655 1495 brevioris

1953 1526 2143 1594 operis
2172 1525 2409 1580 consilio
2450 1542 2726 1596 magnum
2770 1528 2881 1581 hoc
2909 1530 3221 1598 susciperet
3250 1530 3440 1598 (Ibid.,
3471 1530 3565 1583 lib.
3606 1535 3651 1595 t,

1950 1630 2045 1667 nn.
2070 1618 2124 1680 2,
2150 1614 2227 1685 7).
2263 1615 2330 1668 Et
2357 1614 2468 1669 alio
2501 1615 2624 1669 loco
2666 1616 2803 1671 illud
2838 1617 3027 1670 oneris
3075 1618 3183 1671 sibi
3208 1634 3241 1671 ει
3270 1618 3476 1672 sanctis
3524 1619 3657 1671 viris

1953 1707 2009 1756 et
2039 1702 2161 1773 ejus
2204 1704 2479 1774 temporis
2527 1704 2964 1771 confessoribus,
3010 1706 3116 1759 hoc
3163 1710 3265 1771 est,
3320 1706 3390 1759 ab
3437 1706 3508 1759 iis
3556 1706 3657 1778 qui

1954 1791 2243 1861 Pelagiani
2273 1792 2560 1863 dogmatis
2583 1809 2756 1846 causa
2785 1795 2973 1847 solum
2990 1798 3207 1847 vertere
3230 1784 3374 1863 jussi
3406 1795 3651 1859 fuerant,

1953 1879 2292 1949 impositum
2320 1882 2498 1951 jactat
2527 1882 2712 1951 (Ibid.,
2742 1882 2835 1936 lib.
2876 1886 2924 1948 l,
2948 1898 3003 1935 n.
3038 1880 3148 1950 5|).
3184 1882 3333 1935 Duos
3365 1883 3653 1936 Retracto.-

1953 1968 2177 2022 tionum
2218 1969 2395 2023 libros
2416 1969 2537 2039 jam
2568 1970 2889 2041 absolverat
2933 1968 3307 2038 Augustinus,
3340 1985 3468 2023 cum
3501 1970 3655 2023 idem

1952 2055 2097 2111 illud
2127 2073 2273 2127 opus
2298 2057 2489 2111 videre
2522 2057 2630 2111 sibi
2660 2056 2918 2127 contigit.
2949 2058 3167 2126 Nempe
3195 2057 3434 2126 Alypius
3464 2057 3569 2111 sub
3594 2056 3655 2112 id

1952 2145 2233 2216 temporis
2262 2146 2428 2199 tertio
2459 2147 2697 2200 Romam
2728 2145 3037 2216 profectus,
3095 2144 3239 2199 illud
3279 2145 3358 2199 ibi
3400 2162 3530 2199 cum
3562 2161 3654 2198 ac-

1953 2234 2217 2304 cepisset,
2249 2234 2506 2287 nondum
2552 2237 2733 2287 totum
2780 2233 3175 2303 descripserat,
3227 2249 3359 2287 cum
3403 2233 3654 2287 oblatam

1953 2321 2307 2376 occasionem
2366 2320 2551 2374 noluit
2600 2321 2914 2391 praeterire,
2956 2337 3060 2391 per
3114 2337 3288 2390 quam
3332 2320 3654 2391 Augustino

1953 2410 2212 2481 quinque
2266 2409 2519 2479 ejusdem
2580 2409 2768 2479 operis
2823 2410 2997 2465 libros
3047 2409 3386 2463 deferendos
3417 2409 3651 2473 curavit,

1952 2498 2295 2568 promittens
2325 2498 2467 2552 alios
2496 2502 2612 2552 tres
2641 2497 2751 2551 cito
2781 2514 2840 2550 se
2870 2513 2992 2550 esse
3020 2496 3349 2557 missurum,
3382 2496 3654 2549 multum-

1953 2603 2064 2658 que
2087 2585 2305 2640 instans
2331 2601 2405 2639 ne
2436 2586 2784 2654 respondere
2815 2585 3068 2639 ditl'erret
3098 2585 3300 2653 (Epist.
3332 2586 3457 2649 224,
3489 2599 3544 2637 n.
3570 2582 3652 2645 2).

1955 2674 2303 2732 Revocandis
2333 2674 2400 2728 ad
2460 2688 2699 2727 examen
2730 2672 2991 2743 Epistolis
3043 2688 3105 2726 ac
3134 2671 3507 2726 Sermonibus
3536 2669 3653 2724 suis

1952 2770 2087 2819 tunc
2115 2778 2345 2833 operam
2385 2761 2554 2815 dabat
2582 2764 2807 2814 sanctus
2837 2761 3063 2823 Doctor,
3108 2763 3163 2812 et
3208 2758 3485 2829 plurimas
3536 2757 3654 2827 epi-

1954 2853 2231 2907 stolarum
2253 2850 2374 2920 jam
2406 2850 2643 2919 legerat,
2676 2848 2899 2901 tametsi
2928 2847 3072 2901 nihil
3100 2847 3285 2900 adhuc
3313 2846 3446 2899 inde
3475 2845 3651 2899 dicta-

1954 2943 2132 3005 verat,
2163 2954 2293 2992 cum
2323 2952 2454 2991 eum
2487 2936 2659 2990 etiam
2684 2934 2780 2989 isti
2807 2934 3020 2989 Juliani
3064 2934 3193 2988 libri
3223 2948 3498 3003 occupare
3540 2948 3653 2986 coe-

1952 3030 2180 3099 perunt.
2211 3030 2423 3080 Atcum
2449 3040 2689 3095 operum
2706 3039 2941 3077 suorum
2964 3022 3417 3092 recognitionem
3440 3021 3655 3092 gravio-

1956 3117 2032 3170 ris
2050 3116 2282 3169 duceret
2300 3113 2673 3177 necessitatis,
2694 3128 2866 3184 quam
2889 3116 2953 3166 ut
2976 3111 3321 3165 dimittenda
3344 3110 3653 3177 videretur;

1955 3205 2180 3260 duobus
2206 3203 2363 3258 hisce
2401 3201 2713 3270 laboribus,
2761 3205 2828 3256 ut
2863 3200 2987 3272 jam
3037 3200 3419 3266 observatum,
3475 3199 3654 3253 otium

1954 3307 2123 3346 suum
2152 3289 2233 3344 ita
2275 3289 2517 3361 partitus
2548 3292 2652 3353 est,
2685 3293 2748 3342 ut
2804 3287 2906 3341 uni
2956 3286 3233 3353 interdiu,
3279 3285 3445 3340 alteri
3489 3288 3651 3339 nocte

1956 3380 2331 3435 incumberet.
2363 3378 2505 3432 Alias
2533 3380 2728 3431 tamen
2759 3374 3225 3446 supervenientes
3245 3390 3395 3427 cura:
3416 3373 3538 3440 ejus
3567 3388 3658 3440 ge-

1956 3469 2111 3523 neris
2142 3485 2206 3522 ac
2236 3465 2538 3533 momenti,
2597 3471 2662 3518 ut
2715 3480 2809 3517 eas
2862 3462 3155 3533 negligere
3210 3461 3653 3531 haudquaquam

1958 3561 2168 3629 posset,
2197 3556 2386 3627 ipsum
2407 3554 2477 3607 ab
2496 3570 2564 3607 eo
2596 3552 2754 3623 quod
2784 3551 3030 3605 habebat
3060 3549 3119 3603 in
3151 3548 3417 3602 manibus
3444 3551 3655 3601 averte-

1959 3650 2112 3698 runt.
2145 3643 2372 3698 Juliano
2422 3656 2553 3695 eum
2585 3640 2647 3694 in
2676 3640 2910 3693 modum
2937 3636 3335 3709 respondebat,
3367 3638 3430 3688 ut
3472 3634 3655 3705 primo

1960 3730 2215 3786 haeretici
2246 3730 2398 3784 illius
2436 3732 2655 3783 textum
2689 3725 3000 3790 exhiberet,
3033 3723 3238 3779 deinde
3274 3740 3405 3794 quas
3429 3723 3498 3777 ad
3525 3738 3658 3776 eum

1960 3818 2363 3875 rcvincendum
2392 3817 2724 3872 viderentur
2751 3814 3030 3885 apposita,
3062 3813 3437 3883 subjungeret
3474 3810 3657 3879 (Ibid.,

1958 3924 2014 3963 η.
2054 3909 2126 3975 1).
2176 3909 2305 3962 Baio
2331 3905 2477 3959 ratio
2507 3921 2639 3959 eum
2668 3903 2738 3957 ad
2764 3902 3024 3956 iteranda
3053 3902 3250 3956 crebro
3276 3899 3537 3955 eamdem
3568 3915 3657 3952 re-

1962 4011 2177 4067 sponsa
2206 3993 2491 4062 adigebat,
2519 4008 2585 4046 eo
2615 3990 2767 4062 quod
2791 3989 3050 4047 lulianus
3078 3988 3140 4043 in
3170 3988 3522 4043 inculcandis
3561 3986 3659 4041 iis-

1964 4086 2095 4140 dem
2127 4082 2418 4139 erroribus
2444 4084 2755 4151 perpetuus
2784 4083 2932 4132 esset
2963 4095 2976 4132 :
3010 4079 3105 4133 sed
3135 4077 3384 4132 malebat
3410 4076 3507 4129 Vir
3535 4092 3662 4129 san-

1964 4178 2088 4227 ctus
2113 4170 2354 4225 nimiam
2382 4184 2545 4224 suam
2572 4166 2934 4237 diligentiam
2960 4183 2994 4219 a
3022 4165 3396 4221 celerioribus
3416 4162 3661 4230 ingeniis

1964 4261 2070 4316 sibi
2098 4256 2428 4321 condonari,
2459 4272 2631 4327 quam
2668 4272 2700 4308 a
2728 4252 3092 4308 tardiusculis
3124 4252 3193 4305 de
3221 4251 3479 4320 neglecta
3508 4249 3658 4318 ipso-

1963 4365 2093 4404 rum
2141 4346 2405 4402 tarditate
2458 4360 2651 4398 secum
2707 4341 3051 4413 expostulari
3111 4340 3321 4408 (Uperis
3360 4338 3664 4405 imperfecti

1966 4437 2062 4492 lib.
2090 4440 2142 4501 6,
2178 4453 2234 4490 η.
2275 4436 2379 4503 Π).
2412 4434 2464 4487 ls
2494 4437 2683 4486 autem
2729 4431 2807 4486 ibi
2839 4428 3135 4485 historiam
3189 4427 3336 4479 hanc
3365 4423 3660 4478 observata

1967 4524 2209 4580 minime
2240 4522 2536 4592 indignam
2556 4521 2730 4575 refert
2758 4537 2770 4574 :
2805 4523 2939 4575 Erat
2963 4516 3112 4586 apud
3136 4530 3250 4578 nos,
3285 4511 3494 4583 inquit,
3519 4513 3662 4567 Aca-

1972 4617 2080 4668 tius
2112 4613 2341 4682 quidam
2370 4613 2584 4666 honesto
2608 4609 2759 4680 apud
2786 4623 2912 4663 suos
2942 4611 3089 4659 ortus
3112 4605 3221 4658 loco
3246 4618 3259 4656 :
3292 4603 3487 4657 clausis
3505 4601 3667 4655 oculis

1972 4707 2161 4757 natum
2190 4716 2244 4755 se
2272 4716 2382 4755 esse
2412 4699 2663 4763 dicebat;
2695 4696 2788 4750 sed
2816 4696 2947 4764 quia
2973 4695 3119 4746 intus
3139 4692 3264 4745 sani
3280 4689 3559 4761 palpebris
3590 4704 3668 4742 co-

1969 4788 2299 4845 haerentibus
2328 4802 2436 4841 non
2460 4785 2741 4855 patebant,
2772 4780 3036 4834 medicum
3052 4795 3136 4833 eos
3161 4781 3308 4846 ferro
3336 4780 3547 4847 aperire
3572 4792 3668 4831 va-

1973 4879 2158 4944 luisse,
2190 4891 2358 4944 neque
2387 4875 2484 4928 hoc
2525 4871 2837 4942 permisisse
2883 4868 3194 4933 religiosam
3239 4870 3466 4920 matrem
3494 4880 3667 4928 suam,

1970 4965 2065 5021 sed
2094 4965 2153 5019 id
2181 4963 2416 5033 effecisse
2463 4961 2712 5029 imposito
2754 4972 2819 5011 ea:
2863 4957 3214 5011 Eucharistia
3262 4948 3671 5025 cataplasmate,

1974 5070 2094 5108 cum
2119 5053 2241 5121 jam
2264 5066 2406 5120 puer
2435 5051 2672 5117 quinque
2698 5048 2812 5112 fere
2837 5049 2931 5098 aut
2961 5045 3194 5114 amplius
3219 5048 3352 5099 esset
3372 5056 3631 5123 annorum
3656 5057 3671 5101 ;

1975 5142 2118 5195 unde
2142 5141 2237 5193 hoc
2266 5154 2320 5192 ss
2346 5140 2483 5191 satis
2526 5135 2827 5189 meminisse
2854 5133 3122 5187 narrabat
3163 5132 3345 5201 (Ibid.,
3394 5129 3489 5181 lib.
3529 5132 3583 5191 3,
3614 5142 3667 5179 η.

1978 5232 2125 5298 162).
2158 5227 2300 5283 Huic
2328 5226 2387 5279 in
2416 5224 2707 5280 lulianum
2738 5223 2898 5293 operi
2943 5225 3169 5275 sanctus
3201 5222 3408 5273 Doctor
3459 5216 3529 5269 ad
3578 5230 3671 5268 ex-

1973 5324 2223 5372 tremam
2254 5329 2433 5384 usque
2457 5313 2628 5366 vitam
2651 5327 2887 5383 operam
2917 5309 3164 5375 navavit,
3192 5306 3282 5361 cui
3306 5306 3489 5359 adhuc
3505 5303 3673 5357 insta-

1975 5408 2073 5461 bat
2105 5405 2161 5459 in
2217 5403 2357 5457 urbe
2409 5402 2663 5473 Hippone
2703 5401 2823 5471 jam
2872 5417 2903 5452 a
2944 5396 3211 5452 Vandalis
3257 5394 3518 5455 obsessa;
3579 5388 3671 5444 sed

1976 5498 2158 5549 morte
2184 5495 2511 5561 occupatus,
2543 5488 2695 5545 idem
2726 5505 2867 5561 opus
2906 5484 3302 5555 imperfectum
3351 5479 3674 5551 relinquere
