4028 6174
421 251 524 303 363

419 378 645 427 coactus
695 378 778 427 est
838 373 1125 445 (Prosper,
1155 377 1213 429 in
1262 374 1567 442 Chronico),
1626 372 2114 444 quemadmodum

420 461 593 516 etiam
625 460 841 533 liquido
873 462 1045 517 tradit
1066 462 1370 524 Possidius,
1398 461 1494 516 ubi
1536 459 1884 514 mentionem
1916 460 1985 514 de
2018 459 2116 514 illo

420 550 556 605 facit
584 549 644 603 in
674 549 796 603 hzre
823 552 995 604 verba
1027 567 1039 604 :
1073 552 1273 607 Contra
1317 549 1606 605 secundam
1647 549 1859 603 Juliani
1894 564 2118 618 respon-

420 641 644 707 sionem,
701 641 1071 708 imper/ectum
1135 641 1280 709 Opus
1348 638 1670 707 (Possidius,
1739 639 1799 690 in
1851 637 2113 703 Indiculo,

417 743 540 797 cap.
572 728 642 795 4).

492 821 551 870 '2.
597 814 854 870 Diximus
902 833 1074 887 supra
1097 817 1263 887 jussu
1314 814 1618 887 Segisvulti
1674 814 1996 886 Hipponem
2025 830 2118 868 ve-

425 904 573 959 nisse
640 904 1010 958 Maximinum
1072 905 1292 974 (Supra,
1352 920 1470 973 cap.
1539 906 1593 970 8,
1639 919 1695 957 η.
1745 903 1822 974 4).
1880 904 2121 957 Venerat

424 998 637 1057 autem,
671 997 733 1046 ut
762 992 884 1063 ipse
910 993 1222 1064 jactitabat,
1241 995 1684 1062 contemplatione
1710 993 1863 1061 pacis
1891 991 2115 1059 (Coltat.

422 1097 541 1135 cum
572 1083 893 1146 Maximino,
926 1097 981 1135 η.
1021 1083 1064 1150 l)
1096 1098 1109 1135 :
1141 1082 1292 1152 quod
1320 1082 1555 1152 quidem
1581 1080 1786 1134 clarius
1803 1094 1917 1133 non
1939 1079 2118 1150 expli-

423 1174 535 1223 cat.
578 1170 734 1224 Idem
766 1174 1005 1223 testatur
1035 1170 1205 1236 infra,
1248 1186 1306 1223 se
1333 1170 1636 1224 adductum
1679 1168 1751 1223 ad
1778 1168 2121 1239 responden—

424 1259 563 1313 dum
600 1258 806 1313 timore
838 1257 939 1312 Dei
968 1262 1025 1312 et
1053 1258 1241 1312 studio
1271 1257 1577 1331 colligendi
1604 1258 1808 1311 fratres
1836 1273 1933 1310 seu
1964 1256 2123 1311 disci-

390 1347 594 1417 xpulos
643 1363 791 1413 suos,
852 1363 994 1417 quos
1048 1346 1402 1417 Augustinus
1456 1362 1572 1400 non
1628 1345 2121 1399 exhortationibus

425 1438 649 1487 tantum
679 1433 915 1503 privatis
973 1432 1070 1486 sed
1099 1438 1172 1502 _et
1218 1432 1449 1503 publico
1499 1437 1763 1499 tractatu,
1818 1431 1878 1485 in
1908 1448 2022 1503 quo
2052 1431 2122 1485 de

426 1519 811 1574 invisibilitate
844 1519 944 1573 Dei
974 1520 1376 1590 disputaverat,
1409 1520 1517 1574 sibi
1569 1520 1787 1590 eripere
1837 1519 2121 1574 Ecclesias-

424 1625 537 1680 que
568 1608 934 1662 reconciliare
972 1612 1207 1663 conatus
1236 1614 1356 1663 erat
1387 1608 1782 1679 (Ibid.,disput.
1810 1610 2119 1676 Maximini,

428 1710 484 1748 η.
508 1696 617 1765 26).
646 1695 929 1749 Innuebat
956 1695 1198 1751 forsitan
1233 1698 1510 1767 quosdam
1552 1697 1854 1768 Segisvulti
1885 1698 2120 1764 Gothos,

431 1782 530 1855 qui
556 1799 628 1836 ne
664 1783 1086 1838 Catholicornm
1113 1790 1304 1854 partes
1344 1785 1604 1856 Hippone
1637 1786 1885 1857 potiores
1910 1789 2120 1855 essent,

428 1871 765 1942 neutiquam
799 1872 1021 1926 efﬁcere
1055 1872 1349 1927 valebant:
1384 1873 1848 1945 quandoquidem
1869 1872 2124 1929 Maximi-

431 1976 537 2012 nus
566 1960 720 2029 leges
745 1960 1048 2013 verebatur
1067 1959 1393 2030 imperiales
1411 1962 1622 2029 (Collat.
1650 1976 1769 2015 cum
1801 1962 2117 2027 Maximino,

431 2065 482 2101 η.
518 2047 596 2117 4),
628 2048 977 2119 Augustinus
1009 2065 1140 2103 vero
1179 2055 1454 2120 tanquam
1500 2049 1826 2120 principum
1880 2048 2124 2102 auctori-

432 2141 545 2190 tate
570 2136 822 2189 munitus
850 2137 1191 2207 loquebatur
1218 2138 1621 2207 (lbid.,disput.
1641 2138 1949 2205 Maximini,
1972 2136 2119 2205 11.1).

433 2224 532 2278 Ille
561 2223 814 2294 primum
848 2225 1098 2278 amicum
1127 2241 1257 2279 cum
1289 2225 1546 2279 Heraclio
1578 2226 1912 2296 presbytero
1948 2225 2121 2279 collo-

432 2311 634 2384 quium
661 2311 792 2365 iniit
820 2312 889 2365 ab
922 2313 1070 2383 ipso,
1104 2318 1168 2367 nt
1186 2312 1501 2384 inquiebat,
1532 2319 1871 2384 provocatus
1902 2313 2119 2383 (Collat.

430 2416 549 2455 cum
605 2402 928 2469 Maximino,
983 2417 1039 2456 η.
1096 2402 1275 2470 l):at
1318 2401 1602 2455 Heraclius
1656 2406 1853 2473 postea
1906 2401 2126 2456 vocavit

432 2487 840 2559 Augustinum.
879 2490 977 2543 Hic
1006 2491 1343 2560 rogantibus
1372 2489 1634 2561 plurimis
1674 2491 1734 2544 in
1771 2490 2124 2560 colloquium

432 2579 625 2633 venire
664 2579 947 2633 consensit
978 2596 991 2633 :
1027 2579 1180 2650 quod
1227 2579 1417 2650 ipsum
1472 2594 1734 2632 recusare
1765 2577 2121 2645 Maximinus,

428 2681 499 2720 ne
528 2683 561 2720 a
593 2667 709 2721 suis
737 2668 961 2722 asseclis
990 2668 1367 2734 desereretur,
1415 2684 1584 2721 ausus
1630 2683 1749 2721 non
1795 2671 1877 2721 est
1926 2667 2126 2737 (Possi-

432 2753 575 2817 dius,
609 2757 666 2808 in
714 2756 843 2809 Vita
878 2756 1198 2823 Augustini,
1229 2772 1274 2809 ο.
1312 2754 1415 2825 t7).
1451 2755 1777 2810 Convenere
1821 2754 1999 2825 igitur
2024 2771 2122 2808 co-

430 2857 553 2896 ram
583 2858 792 2915 magna
819 2844 1143 2916 frequentia
1166 2845 1471 2898 hominum
1497 2843 1782 2898 nobilium
1808 2844 2124 2897 aliorumve

430 2935 545 2985 tam
576 2932 913 2986 clericorum
945 2949 1118 3004 quam
1147 2932 1464 3001 laicorum;
1516 2948 1741 2987 necnon
1771 2936 1826 2986 et
1854 2931 2124 3001 notario-

429 3016 578 3083 rum,
613 3021 713 3094 qui
744 3023 1034 3093 utrimque
1064 3023 1214 3078 dicta
1236 3024 1581 3093 exciperent.
1605 3022 1944 3078 Maximinus
1962 3022 2123 3092 prin-

429 3107 578 3179 cipio
610 3109 823 3163 adscita
852 3110 1097 3180 quadam
1120 3112 1411 3165 modestia
1449 3112 1635 3181 specie
1664 3112 1853 3182 palam
1872 3110 2121 3181 agnovit,

428 3196 814 3265 Augustinum
846 3197 1076 3251 sibimet
1102 3199 1212 3269 ipsi
1224 3200 1495 3270 injuriam
1515 3201 1602 3253 vel
1634 3216 1700 3253 eo
1729 3199 1947 3265 fecisse,
1971 3200 2123 3269 quod

428 3299 622 3337 secum
649 3284 711 3338 in
738 3284 1089 3357 colloquium
1117 3288 1309 3341 venire
1331 3287 1596 3356 dignatus
1624 3288 1699 3341 sit
1725 3288 1889 3341 Tum.
1919 3287 2125 3341 Arimi-

430 3388 667 3427 nensem
696 3372 867 3427 ﬁdem
899 3379 1094 3429 tenere
1134 3390 1191 3428 se
1238 3376 1522 3446 professus
1561 3381 1680 3443 est;
1727 3377 1889 3447 cujus
1919 3376 2124 3431 dehinc

426 3460 647 3514 diversa
675 3461 863 3532 capita
892 3462 1232 3518 declaravit:
1268 3480 1395 3535 quae
1426 3468 1650 3518 sanctus
1682 3465 1907 3531 Doctor,
1941 3480 2121 3535 quan-

427 3554 550 3603 tum
605 3549 717 3620 ipsi
756 3550 919 3605 licuit
960 3566 1064 3621 per
1119 3557 1365 3623 tempus,
1415 3552 1709 3623 redarguit
1747 3553 1954 3623 (Collat.
2004 3570 2123 3608 cum

424 3640 747 3705 Maximino,
802 3656 859 3695 η.
912 3644 983 3707 1).
1039 3642 1199 3695 Unde
1261 3658 1329 3696 ex
1368 3658 1433 3696 ea
1478 3641 1863 3696 controversia
1907 3642 2121 3697 discere

426 3733 531 3793 est,
564 3743 693 3798 qua:
722 3733 867 3782 esset
898 3730 1068 3800 hujus
1092 3730 1371 3785 haereseos
1401 3731 1677 3799 doctrina,
1710 3731 1989 3802 quibusve
2016 3732 2122 3786 fal-

427 3813 584 3866 laciis
607 3814 856 3869 hmreﬁci
882 3816 1233 3871 debilitatem
1273 3820 1393 3886 ejus
1430 3819 1653 3887 operire
1683 3822 1740 3870 et
1767 3817 2122 3887 simpliciori-

426 3900 532 3959 bus
561 3900 859 3972 imponere
887 3903 1241 3971 niterentur;
1276 3921 1341 3959 ac
1370 3907 1602 3959 demum
1631 3921 1803 3977 quam
1835 3906 1905 3959 de
1930 3907 2121 3961 divina

426 3984 703 4044 Trinitate
741 3990 917 4045 ﬁdem
974 3992 1251 4047 catholica
1301 3999 1634 4064 sequeretur
1691 3993 1950 4048 Ecclesia.
2001 3996 2121 4048 Illic

426 4077 785 4143 Maximinus,
817 4095 947 4150 quas
998 4081 1241 4151 cogitat,
1288 4098 1403 4136 non
1434 4082 1859 4152 expeditissime
1894 4088 2119 4138 tantum

424 4166 608 4236 effert,
640 4168 736 4222 sed
767 4167 940 4223 etiam
984 4169 1232 4224 suaviter
1269 4175 1439 4239 atque
1470 4176 1666 4225 ornate
1696 4187 1708 4238 ;
1751 4170 1885 4225 licet
1926 4187 1984 4224 se
2014 4188 2118 4226 nec

422 4257 722 4313 rhetoricae
749 4259 880 4328 arti,
902 4272 1005 4314 nec
1026 4259 1464 4328 humanioribus
1495 4260 1695 4315 litteris
1725 4276 1980 4331 unquam
1999 4266 2114 4314 stn-

422 4345 610 4401 duisse
640 4346 1003 4418 praedicaret.
1043 4348 1205 4403 Certe
1236 4347 1469 4420 quidem
1512 4349 1661 4404 felici
1694 4348 1969 4403 memoria
1998 4352 2120 4403 erat

421 4435 715 4504 praeditus,
735 4453 957 4493 necnon
973 4437 1031 4491 in
1054 4445 1353 4493 numerato
1377 4439 1625 4494 habebat
1649 4439 1955 4510 Scriptura:
1972 4438 2118 4493 testi-

421 4523 798 4597 monialonge
827 4525 1094 4597 plurima,
1129 4542 1257 4597 qua:
1285 4542 1494 4597 magna
1526 4526 1737 4598 linguae
1763 4526 2115 4582 volubilitate

421 4611 726 4668 etl'erebat:
760 4618 931 4687 atque
979 4616 1119 4671 adeo
1149 4617 1348 4682 multa,
1382 4632 1562 4687 eaque
1600 4616 1986 4687 pulcherrima
2036 4617 2111 4672 di-

422 4699 604 4769 cebat,
636 4703 731 4757 sed
760 4704 830 4757 ad
860 4720 985 4759 rem
1014 4704 1254 4760 minime
1303 4704 1668 4777 pertinentia.
1732 4704 1889 4759 Unde
1920 4706 2111 4770 ﬁebat,

420 4793 504 4856 ut,
535 4805 665 4844 cum
695 4793 944 4846 multum
992 4793 1430 4860 declamitasset,
1479 4809 1597 4847 non
1644 4792 1892 4848 effecisse
1946 4793 2115 4864 quid—

420 4895 615 4951 quam,
648 4896 835 4951 neque
866 4881 934 4936 ad
976 4881 1325 4956 interrogata
1352 4882 1712 4953 respondisse
1742 4880 2104 4955 reperiretur.

421 4970 533 5023 Hoc
563 4984 621 5022 se
642 4968 711 5023 de
733 4968 1014 5024 industria
1037 4972 1221 5027 facere
1252 4977 1539 5043 postrema
1569 4989 1669 5026 sua
1699 4971 2109 5044 disputatione,

417 5073 590 5128 quam
619 5056 690 5111 ad
719 5057 891 5111 ﬁnem
926 5073 1105 5129 usque
1128 5060 1239 5114 dici
1262 5060 1553 5131 produxit,
1586 5060 1809 5115 abunde
1840 5059 2109 5114 ostendit:

416 5163 536 5202 non
565 5145 718 5201 enim
748 5161 852 5216 per
876 5150 1099 5218 tempus
1128 5147 1289 5203 licuit
1318 5164 1444 5203 eam
1475 5149 1749 5220 relegere,
1801 5154 1862 5203 ut
1891 5148 1962 5203 ab
1991 5152 2109 5202 Au-

412 5237 643 5306 gustino
674 5236 1134 5307 redargueretur.
1161 5237 1269 5292 Sed
1290 5254 1392 5292 nec
1420 5237 1787 5293 Maximinum
1826 5237 2114 5304 inducere,

416 5331 477 5379 ut
503 5326 857 5399 colloquium
914 5325 1007 5381 die
1051 5325 1311 5397 sequenti
1363 5325 1741 5396 continuaret,
1783 5325 2010 5393 licebat,
2044 5342 2110 5381 eo

412 5416 566 5485 quod
619 5432 679 5471 se
736 5414 1141 5487 Carthaginem
1199 5415 1425 5485 urgenti
1465 5415 1800 5470 necessitate
1859 5414 2111 5469 revocari

414 5502 764 5562 obtenderet.
799 5504 1157 5575 Proindeque
1214 5503 1470 5575 oportuit
1523 5519 1638 5559 uno
1679 5504 1851 5557 verbo
1890 5502 1975 5556 illi
2020 5519 2106 5555 re-

1624 250 1791 305 Vl'l‘A
1848 251 1902 305 ὃ.
1966 248 2351 304 AUGUS’l‘lNl
2410 245 2748 302 EPISCOPI.
3760 254 3829 307 itii

2227 370 2504 443 spondere
2534 350 2920 441 Augustinum
2953 383 2966 421 :
3001 382 3196 421 verum
3238 368 3440 439 recepit
3467 370 3601 424 idem
3632 372 3710 426 hic
3739 391 3831 429 sau-

2224 465 2367 527 ctus,
2400 476 2458 513 se
2487 456 2956 527 disceptationem
2988 453 3213 525 scriptis
3244 456 3584 525 traditurum,
3608 476 3667 514 ac
3706 462 3833 517 Maxi-

2229 549 2405 610 mino,
2439 563 2614 619 quam
2642 546 2782 600 falsa
2802 545 3069 616 dogmata
3093 548 3348 598 tueretur
3372 544 3833 605 demonstraturum:

2226 635 2379 707 quod
2411 633 2755 705 promissum
2785 631 3197 702 subscriptione
3223 647 3326 685 sua
3353 633 3595 688 munivit.
3626 636 3835 692 Maximi-

2226 742 2334 779 nus
2364 738 2591 794 qnoque
2621 721 2853 793 propria
2883 736 3058 774 manu
3103 718 3331 790 scripsit
3383 720 3441 774 in
3466 722 3621 792 culpa
3658 726 3762 779 fore
3784 743 3840 794 se,

2228 812 2337 867 nisi
2357 818 2585 883 accepto
2617 811 2771 866 illius
2803 812 2946 864 libro
2979 809 3221 880 singulis
3241 808 3511 879 capitibus
3544 811 3841 869 satisfaceret

2227 901 2578 973 Augustinus
2602 900 2774 955 ﬁdem
2799 898 3060 952 liberavit
3109 913 3297 964 suam,
3343 913 3517 969 eoque
3546 900 3773 971 magis.id
3796 904 3842 957 ιι.
3950 910 3951 919 ‘

2227 991 2347 1044 lum
2373 993 2642 1060 praestare
2674 1002 2969 1042 necessum
2990 985 3118 1055 fuit,
3151 987 3311 1058 quod
3338 1002 3581 1040 reversus
3608 988 3841 1060 Carthagi-

2230 1095 2362 1133 nem
2393 1076 2747 1140 Maximinus,
2781 1092 2812 1129 e
2840 1075 3139 1130 collatione
3182 1075 3454 1128 victorem
3503 1091 3557 1128 se
3591 1076 3846 1132 discessisse

2229 1165 2620 1237 gloriabatur;
2686 1163 2822 1236 quia
2887 1162 3154 1218 videlicet
3219 1162 3337 1216 illic
3413 1179 3469 1216 se
3532 1164 3845 1219 verbosiorem

2230 1254 2563 1309 exhibuerat
2624 1253 2946 1323 (Possidius,
3006 1255 3064 1307 in
3139 1253 3271 1307 Vita
3322 1252 3624 1320 Augustini,
3685 1270 3722 1308 c.
3768 1259 3843 1319 ιη.

2230 1343 2498 1408 Quamvis
2525 1347 2717 1397 autem
2743 1341 2895 1395 illius
2926 1340 3160 1395 victoria
3187 1345 3565 1394 commentum
3595 1346 3740 1407 esset,
3763 1358 3845 1395 nou

2229 1437 2352 1486 erat
2379 1437 2573 1486 tamen
2624 1430 2949 1501 expeditum
2995 1428 3339 1483 tardioribus
3389 1445 3451 1481 ac
3490 1428 3661 1481 minus
3685 1429 3733 1483 in
3755 1431 3847 1499 .tide

2231 1518 2467 1573 eruditis
2506 1518 2576 1572 de
2606 1518 2729 1589 ipsa
2744 1518 3023 1587 judicare.
3068 1516 3307 1588 Scripsit
3334 1516 3521 1587 itaque
3550 1517 3635 1570 Vir
3678 1524 3849 1571 sanctus

2232 1608 2375 1661 duos
2404 1606 2577 1661 libros
2606 1606 2910 1660 admodum
2939 1605 3209 1676 prolixos,
3225 1621 3468 1676 quorum
3494 1605 3667 1675 priore
3682 1605 3739 1658 iis
3759 1622 3847 1677 qua

2230 1695 2472 1768 ipsemet
2496 1700 2891 1767 proposuerat,
2916 1694 3287 1749 Maximinum
3314 1693 3542 1747 minime
3563 1695 3849 1765 respondisse

2230 1785 2471 1856 planum
2500 1784 2632 1839 fecit
2662 1801 2674 1839 :
2710 1784 2768 1839 in
2798 1783 3112 1854 posteriore
3142 1790 3362 1848 autem,
3395 1783 3636 1853 ejusdem
3660 1782 3848 1836 haeretici
3954 1782 3955 1849 ξ

2231 1873 2675 1945 disputationem
2703 1872 3097 1943 prolixiorem,
3128 1872 3223 1925 cui
3268 1871 3329 1924 in
3378 1870 3646 1941 colloquio
3673 1886 3848 1940 respou-

2230 1963 2363 2018 dere
2393 1961 2668 2032 temporis
2700 1960 2966 2031 angustia
2986 1961 3172 2014 fuerat
3199 1958 3535 2031 prohibitus.
3554 1963 3713 2012 totam
3738 1959 3846 2011 refu-

2231 2050 2388 2105 tavit.
2425 2052 2536 2104 Hos
2566 2050 2740 2105 libros
2770 2054 2997 2103 sanctus
3036 2050 3252 2103 Prmsul
3300 2064 3368 2102 eo
3415 2046 3602 2101 reticet
3625 2046 3676 2100 in
3704 2048 3848 2101 Retra-

2232 2139 2594 2208 ctationibus,
2643 2139 2796 2210 quod
2851 2137 2940 2192 his
2992 2138 3111 2209 jam
3169 2140 3305 2191 ante
3356 2151 3626 2190 summam
3676 2150 3849 2188 manum

2230 2233 2593 2299 apposuerat.
2628 2227 2737 2282 Sed
2766 2226 2998 2281 illorum
3027 2224 3087 2279 in
3118 2225 3382 2296 ejusdem
3430 2224 3568 2290 Vita,
3610 2222 3849 2277 necnouin

2232 2316 2423 2370 Indice
2452 2315 2807 2370 mentionem
2826 2314 2957 2368 facit
2978 2312 3271 2367 Possidius
3298 2312 3484 2383 (Ibid,
3511 2317 3558 2365 et
3578 2316 3629 2365 in
3646 2311 3848 2369 Indiculo.

2231 2420 2351 2474 cap.
2384 2409 2457 2468 5).
2509 2404 2668 2459 Dicta
2692 2404 2947 2475 ejusdem
2978 2402 3270 2456 Maximini
3324 2401 3578 2472 quaedam
3617 2399 3846 2470 redarguit

2231 2498 2457 2546 sanctus
2486 2492 2734 2546 Antistes
2762 2491 2823 2544 in
2843 2506 3106 2544 sermone
3137 2490 3209 2543 ad
3236 2490 3485 2561 plebem,
3506 2489 3599 2560 qui
3623 2489 3714 2541 hoc
3731 2488 3849 2541 titulo

2231 2585 2584 2651 praenotatur
2612 2596 2624 2635 :
2651 2581 2849 2637 Contra
2896 2578 3170 2648 quoddam
3202 2578 3407 2632 dictum
3431 2578 3700 2632 Maximini
3714 2576 3849 2645 ,An‘u-

2228 2686 2419 2724 norum
2448 2672 2700 2739 episcopi,
2742 2671 2839 2738 qui
2873 2683 2991 2722 cum
3038 2669 3344 2735 Segisvulto
3386 2668 3567 2721 comite
3600 2666 3849 2719 constitutus

2232 2761 2291 2812 in
2323 2760 2539 2825 Africa,
2572 2757 2977 2827 biasphemabat
2997 2757 3193 2827 (Serm.
3222 2757 3383 2826 140):
3408 2755 3504 2809 sed
3530 2770 3596 2808 an
3621 2751 3850 2807 sermoillc

2232 2847 2583 2919 colloquium
2614 2845 2877 2916 superius
2915 2855 3299 2899 memoratum
3337 2842 3683 2916 praecesserit,
3710 2856 3767 2894 an
3788 2856 3848 2891 se-

2234 2952 2352 3002 cus,
2385 2935 2651 3006 ignotum
2682 2938 2782 2989 est.

2305 3027 2353 3079 3.
2414 3025 2542 3078 Haec
2581 3022 2759 3077 sancti
2786 3020 3068 3077 Antistitis
3113 3037 3244 3076 cum
3290 3019 3583 3077 Maximino
3613 3012 3851 3089 disputatio

2233 3118 2449 3178 monet,
2490 3117 2555 3166 ut
2582 3112 2692 3166 alia
2723 3116 2923 3166 contra
2949 3110 3214 3167 haeresim
3241 3110 3511 3164 Arianam
3541 3104 3788 3179 opuscula,
3807 3117 3851 3153 ea

2232 3200 2549 3279 praesertim
2581 3216 2827 3270 quorum
2850 3205 3076 3271 tempus
3102 3199 3404 3271 explorare
3420 3196 3578 3252 nobis
3599 3210 3701 3250 non
3720 3188 3849 3253 licuit,

2232 3290 2338 3344 hoc
2375 3290 2494 3343 loco
2516 3289 2673 3344 velut
2714 3289 2776 3342 in
2817 3288 3026 3343 fascem
3071 3289 3429 3359 colligamus.
3485 3287 3604 3341 Erat
3642 3280 3851 3337 Maximus

2233 3378 2488 3449 quidam,
2517 3378 2698 3433 dictus
2725 3377 2786 3431 in
2809 3376 3063 3448 antiquis
3091 3376 3386 3431 codicibus
3424 3374 3659 3429 medicus
3693 3364 3848 3422 Theni-

2235 3472 2401 3521 tanus
2435 3462 2880 3530 Eunomianista,
2916 3465 3015 3537 qui
3045 3465 3268 3536 pridem
3303 3464 3550 3519 irretitus
3576 3457 3767 3517 Arianis
3780 3454 3851 3508 do-

2231 3556 2537 3627 gmatibus,
2567 3556 2742 3610 etiam
2768 3571 3045 3625 persuasu
3076 3570 3178 3607 suo
3209 3555 3471 3609 eamdem
3501 3555 3697 3622 pestem
3723 3542 3851 3599 aliise

2229 3644 2445 3699 familia
2474 3660 2575 3698 sua
2605 3643 2893 3697 alflaverat
2922 3645 3118 3712 (Epist.
3155 3643 3278 3709 1⁸70,
3329 3658 3378 3696 η.
3436 3643 3534 3709 l0).
3565 3642 3787 3692 Attamen
3819 3629 3850 3681 is

2223 3732 2343 3803 jam
2374 3732 2560 3802 gravis
2586 3736 2769 3797 astate,
2803 3730 2994 3784 divino
3014 3729 3293 3784 beneﬁcio
3314 3729 3445 3783 inde
3473 3724 3702 3791 emersit,
3719 3730 3847 3789 seque

2230 3821 2523 3875 catholicas
2555 3819 2813 3875 Ecclesiae
2843 3817 3202 3884 consociavit,
3234 3816 3553 3889 Augustino
3580 3817 3729 3883 atque
3753 3806 3849 3874 Aly-

2228 3909 2324 3979 pio
2336 3908 2710 3980 praesentibus
2735 3925 2748 3975 ;
2783 3924 2926 3979 quos
2954 3906 3144 3962 a‘dboc
3170 3923 3406 3978 operam
3438 3919 3590 3959 suam
3608 3894 3850 3955 contulisse

2229 3998 2369 4051 nulli
2410 3997 2760 4051 dubitemus.
2798 3997 3202 4049 Verumtamen
3232 3999 3493 4066 apparet,
3537 3991 3682 4045 illum
3710 3983 3766 4039 ad
3788 3996 3850 4035 re-

2228 4086 2539 4152 ducendos,
2571 4101 2715 4155 quos
2754 4101 2785 4137 a
2831 4083 3063 4137 veritate
3102 4087 3410 4151 averterat,
3468 4085 3626 4150 atque
3676 4072 3789 4128 alios
3829 4083 3850 4117 ε

2226 4174 2362 4241 suis,
2396 4190 2540 4245 quos
2555 4188 2681 4244 spes
2696 4173 2883 4226 fuerat
2910 4171 3089 4243 ipsius
3114 4171 3366 4224 reditum
3388 4173 3679 4230 secuturos,
3707 4158 3849 4214 minus

2224 4265 2535 4319 ferventem
2566 4278 2622 4315 se
2652 4260 2985 4332 praebuisse.
3013 4262 3195 4331 Atque
3234 4258 3346 4313 hoc
3386 4262 3600 4313 sanctos
3623 4247 3846 4306 antistites

2224 4352 2458 4423 impulit
2493 4350 2564 4406 ad
2603 4349 2967 4403 scribendum
2998 4348 3183 4403 eidem
3206 4348 3482 4413 Maximo;
3512 4357 3669 4417 quem
3700 4335 3850 4423 cohor:

2223 4417 2438 4507 tantur,
2470 4444 2534 4493 ut
2562 4438 2692 4493 illos
2720 4442 2940 4509 urgeat,
2969 4453 3074 4508 pro
3106 4437 3218 4491 illis
3246 4443 3390 4504 oret,
3422 4436 3542 4490 illos
3581 4432 3777 4486 demum
3799 4417 3849 4472 ad

2224 4527 2527 4582 Ecclesiam
2557 4508 2818 4582 adducat.
2842 4527 3145 4599 Reliquam
3166 4527 3467 4598 epistolam
3487 4525 3544 4579 in
3580 4508 3849 4604 explicando

2222 4615 2428 4671 divinre
2448 4615 2735 4670 Trinitatis
2766 4616 3057 4687 mysterio,
3087 4620 3148 4670 ut
3171 4616 3477 4670 Maximum
3516 4613 3571 4667 in
3590 4608 3687 4664 ﬁde
3712 4613 3849 4668 111³8³⁵

2220 4719 2284 4758 ac
2316 4704 2494 4775 magis
2523 4705 2948 4771 conﬁrmarent,
2981 4719 3243 4775 posuere.
3280 4700 3640 4773 Peregrinum
3670 4698 3850 4765 (Ῑηοίίυθ

2223 4792 2571 4863 episcOpum,
2601 4792 2832 4847 fortasse
2859 4792 3266 4856 Thenitanum,
3300 4791 3444 4846 datis
3470 4785 3626 4843 simul
3669 4781 3728 4836 ad
3749 4785 3849 4831 eum

2219 4880 2425 4934 litteris
2455 4882 2657 4950 (Epist.
2692 4880 2812 4951 171)
2842 4879 3082 4951 petiere,
3127 4884 3188 4934 ut
3234 4880 3425 4951 prima
3450 4882 3574 4932 nata
3613 4865 3849 4927 occasione

2220 4968 2489 5024 certiores
2562 4968 2717 5040 ipsos
2784 4968 3015 5037 faceret,
3087 4984 3227 5023 num
3288 4967 3581 5040 epistolam
3632 4954 3851 5045 Maximus

2219 5062 2379 5129 grato
2455 5039 2758 5128 accepisset
2820 5055 3032 5125 animo,
3094 5057 3324 5129 suisque
3379 5058 3620 5128 ipsorum
3666 5039 3849 5099 monitis

2219 5149 2692 5220 obtemperasset.
2727 5147 2813 5203 Ad
2846 5148 2968 5202 haec
3014 5147 3287 5203 eumdem
3340 5141 3689 5216 Peregrinum
3728 5131 3848 5220 obse-

2219 5218 2510 5307 crant,—uti
2539 5235 2655 5291 suis
2684 5236 2942 5309 ipsorum
2996 5232 3182 5291 verbis
3233 5236 3319 5291 illi
3360 5232 3626 5307 signiﬁcet
3648 5218 3847 5298 proli!”

2218 5326 2486 5396 epistolas
2515 5326 2586 5380 ad
2611 5324 3085 5380 familiarissimos
3110 5342 3260 5389 suos,
3291 5325 3461 5381 etiam
3484 5320 3548 5376 ad
3585 5314 3843 5396 θρίδθοΡοδζ

2219 5433 2305 5482 ea,
2339 5433 2452 5488 qua
2489 5416 2584 5471 illa
2634 5415 2845 5487 Scripta
2874 5419 3016 5477 erat,
3049 5414 3232 5470 forma
3261 5415 3504 5470 scribere
3530 5425 3583 5463 se
3611 5392 3843 5490 solere,“l

2222 5509 2277 5557 et
2332 5483 2444 5557 cito
2502 5483 2844 5566 scribantur,
2901 5508 2957 5559 et
3015 5503 3208 5557 charta
3262 5507 3518 5558 teneatur
3556 5483 3845 5550 commotiius
