4028 6174
144 250 149 255 _
180 193 276 241 365
1651 193 1852 246 LIBER

2040 192 2225 247 υνυς.

175 326 303 365 eum
338 310 609 382 leguntur
644 326 657 363 :
698 326 779 366 ne
805 316 966 378 forte,
1001 310 1292 383 inquiunt,
1333 315 1497 368 istum
1540 331 1735 370 morem
1771 330 1872 369 no—

172 404 349 455 strum
378 401 637 466 nesciens,
664 402 874 467 factam
902 401 1011 455 sibi
1047 401 1347 457 arbitretur
1373 404 1660 473 injuriam.

241 491 299 544 4.
320 489 571 544 Tametsi
595 488 849 544 haeretici
878 506 943 544 ex
978 490 1188 544 Ariana
1218 496 1366 546 secta
1396 492 1541 547 nulli
1570 493 1709 547 alias
1736 493 1873 564 Hip-

178 594 327 646 pone
359 577 674 649 degerent;
706 579 985 651 quosdam
1021 583 1216 633 tamen
1258 596 1323 634 eo
1362 580 1632 636 intulerat
1660 583 1871 637 adven-

176 664 423 720 tantium
469 665 796 737 frequentia
836 668 921 736 (In
946 667 1103 721 Joan.
1135 669 1346 734 Evang.
1380 673 1536 723 tract.
1571 670 1660 735 40,
1703 686 1756 723 n.
1791 668 1870 738 7).

172 753 256 808 Ibi
284 769 424 824 ergo
468 771 599 808 cum
638 754 967 826 aliquando,
998 770 1150 809 anno
1196 755 1475 823 videlicet,
1524 762 1588 811 ut
1645 774 1711 812 ex
1763 760 1870 813 Be-

167 842 577 898 tractationum
608 844 752 898 serie
786 842 1146 915 intelligitur,
1180 844 1744 917 quadringentesimo
1773 848 1869 903 de-

162 931 316 986 cimo
347 937 564 1000 octavo,
604 933 802 987 Sermo
841 933 1074 1005 quidem
1106 933 1468 1001 Arianorum,
1510 934 1625 989 sive
1660 936 1869 1007 Hippo—

162 1020 463 1084 nensium,
496 1020 612 1076 sive
643 1021 887 1076 aliorum
917 1038 1054 1076 cura
1079 1022 1381 1093 prodiisset
1411 1024 1666 1093 (Retract.
1692 1026 1783 1079 lib.
1813 1030 1867 1092 2,

159 1126 288 1179 cap.
314 1113 426 1176 52),
451 1126 514 1164 ac
531 1115 728 1165 sancto
751 1110 999 1176 Doctori,
1023 1128 1055 1164 a
1076 1111 1341 1166 ﬁdelibus
1356 1112 1646 1166 catholicis
1664 1113 1869 1168 missus

158 1203 339 1263 esset,
371 1198 525 1253 hunc
549 1199 671 1268 ipse
700 1205 917 1271 quanta
946 1199 1244 1270 diligentia
1274 1204 1330 1255 et
1355 1201 1629 1256 brevitate
1659 1203 1867 1273 potuit,

156 1287 523 1353 confutavit;
558 1292 729 1359 atque
773 1304 845 1342 ne
890 1292 1109 1342 textum
1155 1293 1468 1359 cogeretur,
1504 1306 1678 1361 quem
1708 1308 1869 1345 excu-

156 1376 366 1445 tiebat,
407 1377 681 1448 opusculo
727 1393 830 1430 suo
867 1377 1078 1447 passim
1125 1376 1769 1444 iuserere,.Sermonem
1806 1380 1867 1435 in

156 1464 323 1519 illius
370 1466 555 1520 fronte
602 1464 893 1535 integrum
940 1464 1208 1534 praeﬁxit,
1261 1467 1517 1521 numeris
1572 1467 1862 1535 adhibitis,

154 1552 377 1623 quibus
402 1552 761 1606 refutationis
777 1568 893 1607 sua:
915 1552 1021 1607 loci
1043 1553 1254 1625 quique
1284 1555 1671 1609 iudicarentur
1692 1557 1839 1627 (Cont

156 1642 338 1696 Serm.
368 1643 657 1708 Arianor.,
688 1657 808 1713 cap.
842 1642 951 1712 39).

231 1731 287 1783 5.
330 1729 660 1784 Pascentius
699 1730 936 1801 quidam
974 1746 1163 1785 comes
1209 1731 1411 1786 domus
1468 1732 1663 1804 regiae,
1698 1733 1864 1789 addi-

153 1822 285 1875 ctus
336 1817 567 1893 Arianae
621 1818 847 1885 haeresi,
900 1822 1017 1889 qui,
1067 1824 1131 1873 ut
1170 1824 1361 1874 narrat
1410 1820 1719 1891 Possidius,
1766 1840 1863 1893 per

151 1888 541 1963 auctoritatem
562 1923 675 1963 suae
693 1923 936 1978 persona
952 1911 1073 1977 ﬁsci
1098 1909 1591 1964 vehementissimus
1620 1916 1858 1977 exactor,

150 1996 318 2064 ﬁdem
365 1996 687 2050 catholicam
733 1998 988 2051 atrociter
1032 2013 1095 2051 ac
1139 1997 1354 2066 jugiter
1395 1998 1764 2066 oppugnabat,
1812 2004 1863 2053 et

152 2100 325 2154 quam
347 2085 618 2153 plurimos
646 2085 945 2140 sacerdotes
975 2087 1073 2140 Dei
1101 2087 1424 2155 simpliciori
1456 2086 1564 2154 ﬁde
1602 2088 1859 2153 viventes,

153 2174 452 2228 dicacitate
467 2189 531 2228 ac
543 2178 809 2243 potestate
821 2174 1143 2241 exagitabat
1161 2179 1212 2228 et
1230 2174 1584 2243 perturbabat
1604 2174 1832 2243 (Possid.
1843 2216 1859 2238 ,

156 2264 216 2315 in
251 2263 382 2317 Vita
429 2262 692 2329 August.,
724 2279 770 2317 ο.
834 2264 946 2330 l7),
995 2261 1381 2332 Augustinum
1427 2262 1755 2332 provocavit
1790 2264 1860 2318 ad

154 2366 490 2404 sermonem
517 2366 648 2404 eum
673 2351 801 2420 ipso
826 2350 1232 2404 conferendum
1257 2350 1406 2421 apud
1436 2350 1856 2421 Carthaginem,

158 2438 513 2507 interpositis
544 2438 628 2507 (id
657 2444 760 2505 est,
798 2438 1205 2509 praesentibus)
1233 2439 1525 2493 honoratis
1563 2443 1621 2493 et
1651 2440 1857 2494 nobili-

154 2528 260 2582 bus
288 2526 430 2581 viris
461 2530 655 2596 (Epist.
689 2530 812 2591 228,
853 2544 909 2582 n.
945 2529 1017 2598 9).
1059 2528 1166 2584 Sed
1203 2528 1345 2582 idem
1394 2529 1696 2594 haereticus,
1735 2544 1860 2599 per-

152 2614 238 2686 git
266 2614 587 2677 Possidius,
618 2614 833 2670 tabulas
858 2621 1022 2685 atque
1065 2616 1274 2675 stilum,
1310 2614 1370 2668 id
1396 2619 1475 2669 est
1498 2617 1738 2670 notarios
1786 2616 1859 2669 ad

151 2703 559 2773 excipiendum,
580 2703 725 2771 quod
747 2705 1007 2771 magister
1034 2707 1213 2758 noster
1234 2702 1629 2774 (Augustinus)
1655 2709 1706 2758 et
1734 2715 1857 2758 ante

150 2807 499 2860 congressum
541 2796 592 2846 et
633 2794 692 2845 in
722 2806 1007 2859 congressu
1041 2790 1433 2846 instantissime
1478 2794 1599 2861 ﬁeri
1626 2793 1854 2851 volebat.

149 2898 215 2937 ne
247 2881 519 2944 adessent,
554 2882 699 2934 omni
740 2880 893 2934 modo
938 2880 1242 2935 recusabat.
1287 2884 1357 2935 Et
1394 2880 1523 2935 dum
1561 2881 1621 2934 id
1665 2896 1854 2950 perne-

150 2974 360 3038 gasset,
387 2969 571 3023 dicens
600 2968 746 3038 quod
777 2973 919 3023 metu
964 2969 1140 3035 legum
1166 2969 1511 3038 publicarum
1550 2970 1858 3038 periclitari

150 3058 361 3112 tabulis
389 3059 612 3126 scriptis
640 3058 817 3120 nollet,
871 3062 1033 3126 atque
1061 3059 1392 3126 interpositis
1447 3058 1560 3125 (hoc
1588 3062 1689 3126 est,
1714 3074 1855 3127 prse-

149 3144 418 3216 sentibus)
462 3145 522 3199 id
543 3146 757 3214 placere
784 3146 1127 3214 Augustinus
1157 3147 1435 3214 episcopus
1465 3160 1586 3199 cum
1609 3148 1722 3200 suis
1762 3147 1859 3215 qui

150 3237 388 3291 aderant
410 3235 876 3291 consacerdotibus
899 3235 1127 3301 videret,
1148 3241 1208 3290 ut
1228 3236 1429 3303 absque
1449 3236 1562 3289 ulla
1581 3238 1855 3304 scriptura

144 3327 420 3396 privatim
458 3324 822 3393 disputarent,
854 3325 1187 3378 collationem
1214 3316 1484 3393 suscepit;
1532 3324 1852 3394 praedicens,

148 3416 213 3467 ut
244 3410 593 3480 postmodum
642 3412 882 3477 contigit,
924 3409 1069 3479 quod
1113 3414 1237 3480 post
1282 3410 1514 3464 solutum
1544 3414 1855 3465 conventum

148 3514 264 3554 esse
292 3501 550 3567 cuiquam
576 3501 752 3567 posset
780 3498 1005 3552 liberum
1031 3500 1175 3565 forte
1212 3497 1407 3560 dicere,
1439 3498 1587 3552 nullo
1616 3500 1854 3567 scriptu-

148 3604 227 3643 γε
254 3587 591 3652 documento,
624 3603 679 3643 se
722 3587 929 3642 divisse
977 3587 1305 3655 quodforte
1347 3601 1451 3641 non
1500 3586 1727 3653 dixerit,
1773 3589 1856 3641 vel

148 3692 258 3731 non
295 3675 509 3731 dixisse
535 3676 679 3745 quod
703 3675 925 3730 dixerit.
958 3678 1029 3730 Et
1048 3677 1266 3729 miscuit
1295 3690 1412 3729 cum
1449 3674 1629 3729 eodem
1655 3690 1852 3729 sermo-

147 3781 292 3827 nem,
326 3769 491 3833 atque
517 3768 750 3818 asseruit
781 3763 917 3833 quid
944 3764 1199 3828 crederet,
1222 3767 1272 3816 et
1300 3763 1367 3817 ab
1390 3764 1479 3817 illo
1504 3763 1640 3831 quid
1659 3767 1855 3817 teneret

148 3853 239 3925 (id
265 3857 368 3920 est,
400 3853 537 3921 quid
573 3858 760 3908 contra
796 3852 962 3923 ﬁdem
995 3852 1317 3905 catholicam
1362 3852 1607 3920 diceret),
1639 3851 1856 3905 audivit

151 3946 303 4009 (nam
344 3943 556 4010 alioqui
582 3958 616 3995 a
644 3942 922 3996 Pascentio
964 3941 1201 3995 obtinere
1247 3955 1351 3993 non
1382 3943 1578 4009 potuit.
1610 3944 1671 3994 ut
1699 3955 1855 3994 suam

148 4030 316 4098 ﬁdem
337 4029 558 4084 disertis
579 4029 755 4083 verbis
777 4028 1029 4098 diceret);
1053 4033 1104 4082 et
1126 4044 1253 4082 vera
1273 4030 1481 4083 ratione
1504 4035 1668 4097 atque
1682 4033 1855 4084 aucto—

150 4121 323 4173 ritate
353 4118 765 4187 Scripturarum
799 4118 1032 4187 probata
1058 4117 1265 4183 dacuit,
1306 4121 1356 4171 et
1397 4117 1631 4171 ostendit
1658 4122 1854 4171 nostra

148 4207 286 4276 ﬁdei
311 4206 665 4274 ﬁrmamenta
709 4222 722 4260 :
756 4207 905 4261 illius
934 4210 1115 4261 autem
1158 4209 1368 4259 asserta
1407 4205 1560 4258 nulla
1600 4204 1852 4272 veritate,

148 4297 311 4351 nulla
350 4296 760 4364 Scripturarum
805 4298 1120 4348 sanctarum
1150 4295 1471 4347 auctoritate
1508 4293 1737 4362 suffulta
1764 4293 1854 4348 do-

149 4387 288 4447 cuit,
319 4390 368 4438 et
412 4385 728 4450 frustravit.
773 4385 844 4439 Et
874 4388 934 4438 ut
962 4399 998 4437 a
1027 4399 1082 4437 se
1128 4384 1353 4436 invicem
1383 4386 1571 4451 partes
1600 4381 1855 4449 digressa

149 4478 305 4537 sunt,
341 4473 433 4527 ille
479 4476 655 4541 magis
701 4474 984 4542 magisque
1014 4474 1189 4526 iratus
1231 4475 1282 4525 et
1320 4472 1533 4537 furens,
1573 4468 1857 4523 mendacia

150 4563 330 4618 multa
348 4576 454 4632 pro
479 4561 587 4631 ﬁde
609 4576 711 4616 sua
737 4561 889 4628 falsa
904 4559 1173 4629 jactabat,
1208 4561 1408 4613 victum
1435 4573 1545 4612 esse
1577 4573 1612 4610 a
1653 4572 1708 4611 se
1738 4558 1854 4625 ipso

144 4650 499 4719 proclamans
527 4650 815 4704 multorum
854 4664 944 4703 ore
984 4648 1268 4702 laudatum
1298 4647 1685 4715 Augustinum.
1730 4649 1856 4715 Quae

148 4754 273 4792 cum
329 4740 552 4792 minime
600 4739 846 4798 laterent,
890 4740 1104 4792 coactus
1146 4739 1225 4789 est
1277 4735 1351 4789 ad
1392 4737 1572 4804 ipsum
1624 4736 1867 4799 scribere

150 4828 515 4891 Pascentium,
560 4830 787 4895 propter
839 4826 991 4880 illius
1048 4828 1246 4878 metum
1287 4824 1500 4877 omissis
1550 4823 1855 4877 nominibus

151 4916 562 4981 conferentium,
593 4920 643 4968 et
672 4916 732 4967 in
759 4917 835 4968 eis
862 4914 1053 4967 litteris
1084 4912 1357 4981 quidquid
1383 4914 1525 4965 inter
1556 4916 1741 4981 partes
1773 4911 1851 4965 di-

150 5008 305 5059 ctum
323 5004 409 5057 vel
424 5007 633 5069 gestum
658 5006 864 5070 fuerat,
894 5002 1124 5071 ﬁdeliter
1153 5002 1433 5055 intimavit
1460 5016 1472 5053 :
1499 5000 1573 5053 ad
1592 5017 1675 5067 ea,
1708 5002 1758 5054 si
1775 5016 1858 5053 ne-

151 5097 440 5161 garentur,
485 5092 774 5162 probanda
822 5107 1081 5161 magnam
1127 5092 1343 5146 testium
1386 5089 1585 5143 habens
1627 5090 1856 5157 copiam,

150 5183 489 5237 clarissimos
518 5182 718 5236 scilicet
744 5186 908 5251 atque
934 5180 1289 5246 honorabiles,
1322 5181 1419 5249 qui
1456 5185 1581 5233 tunc
1604 5178 1853 5241 aderant,

150 5274 320 5325 viros.
354 5272 538 5340 Atque
578 5271 668 5324 ille
695 5270 770 5325 ad
799 5270 907 5325 duo
938 5270 1047 5325 sibi
1073 5270 1283 5324 directa
1310 5270 1538 5338 scripta,
1568 5283 1733 5321 unum
1763 5271 1857 5321 via:

153 5358 405 5413 reddidit
425 5361 769 5428 rescriptum,
792 5361 851 5413 in
871 5375 975 5429 quo
993 5361 1170 5428 magis
1191 5359 1457 5429 injuriam
1475 5360 1671 5423 facere,
1695 5372 1858 5424 quam

153 5462 269 5501 suae
296 5451 465 5503 sectae,
502 5450 766 5502 rationem
808 5449 984 5502 valuit
1029 5448 1325 5503 declarare.
1373 5447 1529 5512 Quod
1559 5462 1592 5498 ιι
1628 5446 1857 5523 volenti:

3584 206 3684 257 566

1990 315 2087 370 bus
2141 320 2191 369 et
2237 332 2269 369 ιι
2327 318 2628 373 valentibus
2687 321 2859 389 legere
2908 323 3285 390 comprobatur
3352 325 3577 395 (Possid,
3629 330 3685 381 in

1995 405 2121 459 Vita
2151 406 2411 474 August.,
2444 422 2487 461 c.
2528 409 2629 474 l7).

2060 496 2090 547 6
2143 493 2301 548 Idem
2332 494 2614 550 Possidius
2653 495 2951 566 epistolam
2993 516 3223 572 quoque
3256 501 3324 555 ad
3374 501 3681 571 Elpidium,

1986 581 2133 636 inter
2160 599 2335 654 opera
2360 585 2625 639 adversus
2654 586 2892 640 Arianos
2916 593 3174 659 suscepta
3200 590 3374 644 refert
3405 591 3598 658 (Idem,
3626 592 3685 644 in

1986 670 2180 737 Indic.,
2212 688 2330 741 cap.
2366 673 2435 737 5).
2470 674 2541 728 Et
2569 689 2703 727 sane
2736 674 2826 728 hic
2858 675 3108 746 Elpidius
3139 676 3197 730 in
3224 677 3500 731 Triuitate
3531 694 3684 732 erra-

1987 757 2103 823 bat,
2134 775 2198 812 ac
2229 759 2433 815 Filium
2468 763 2614 815 Patri
2638 763 2918 833 aequalem
2948 764 3155 829 dicere,
3183 767 3418 819 stultum
3444 766 3685 821 ducebat

1982 847 2186 916 (Epist.
2219 850 2342 913 24:,
2375 865 2430 901 η.
2464 850 2534 919 2).
2572 852 2624 904 Is
2664 868 2958 921 nunquam
3000 853 3216 907 viderat
3255 854 3633 924 Augustinum
3665 872 3677 908 :

1984 940 2233 989 attamen
2265 936 2317 990 ei
2347 938 2500 992 venit
2528 939 2587 992 in
2616 946 2865 994 mentem
2889 940 3050 994 illum
3080 942 3489 996 benevolentiae
3521 960 3678 1013 ergo,

1984 1028 2046 1077 ut
2074 1024 2433 1094 praedicabat,
2472 1027 2542 1081 ab
2568 1044 2758 1082 errore
2808 1029 2951 1083 velle
2992 1046 3254 1083 revocare
3284 1029 3475 1101 (lbid.,
3512 1046 3565 1084 n.
3610 1031 3673 1096 Ι).

1985 1113 2119 1166 Eam
2150 1114 2222 1166 ob
2255 1131 2371 1168 rem
2424 1115 2718 1186 cujusdam
2759 1116 3009 1187 episcopi
3055 1135 3170 1171 suae
3205 1122 3370 1173 secta:
3419 1118 3674 1172 libellum

1981 1198 2065 1254 illi
2098 1201 2433 1268 transmisit,
2465 1205 2837 1275 hortatusque
2863 1210 2946 1258 est
2977 1206 3043 1260 ad
3070 1223 3223 1260 mare
3256 1205 3675 1277 trajicieudum,

1982 1294 2045 1344 ut
2068 1291 2355 1344 Bonosum
2385 1308 2449 1344 ac
2476 1293 2739 1346 Iasonem
2772 1292 3127 1347 doctissimos
3154 1294 3324 1360 viros,
3358 1311 3601 1366 quorum
3646 1312 3675 1347 c

1980 1378 2265 1449 colloquio
2297 1380 2498 1433 uberes
2530 1380 2743 1435 fructus
2792 1387 2936 1435 esset
2979 1388 3388 1452 reportaturus,
3431 1383 3672 1436 audiret.

1977 1459 2688 1531 Quantumvis'ridiculum
2719 1474 2863 1523 esset
2891 1470 3104 1540 Elpidii
3140 1471 3463 1535 consilium,
3502 1470 3553 1524 ci
3598 1475 3679 1524 ta-

1978 1572 2107 1608 men
2136 1561 2363 1610 sanctus
2402 1557 2606 1610 Doctor
2633 1574 2762 1611 cum
2787 1557 3141 1628 benignitate
3173 1559 3483 1629 respondit,
3520 1559 3672 1628 quod

1978 1644 2039 1697 in
2069 1661 2126 1698 sc
2158 1644 2612 1699 benevolentiam
2640 1650 2961 1712 testaretur,
2993 1664 3167 1717 seque
3201 1647 3271 1701 ab
3304 1664 3497 1701 errore
3541 1647 3677 1701 libe-

1976 1736 2162 1786 ratum
2204 1733 2390 1799 vellet,
2422 1733 2662 1805 gratiam
2706 1734 2911 1789 debere
2952 1752 3009 1789 se
3039 1752 3102 1789 ac
3134 1736 3396 1806 proﬁteri
3428 1753 3440 1790 :
3476 1752 3673 1790 verum

1974 1823 2107 1874 uter
2134 1837 2333 1874 eorum
2358 1827 2510 1875 erret
2541 1821 2601 1875 in
2633 1822 2745 1875 tide
2771 1824 2855 1877 vel
2886 1822 2947 1876 in
2979 1823 3319 1894 cognitione.
3354 1823 3669 1887 Trinitatis,

1974 1908 2146 1962 aliam
2167 1910 2541 1980 quaestionem
2564 1926 2683 1965 esse
2706 1910 2844 1964 dicit
2863 1928 2875 1977 ;
2892 1916 3161 1982 optatque
3179 1927 3345 1966 nosse
3369 1928 3501 1965 eum
3524 1913 3672 1965 Deus

1973 1997 2164 2063 faciat,
2191 1998 2341 2069 quod
2373 2015 2540 2052 nosse
2571 2015 2628 2053 se
2658 2004 2844 2070 putat.
2894 1999 2969 2054 De
3001 1998 3193 2053 libello
3225 2003 3416 2054 autem
3445 2001 3515 2054 ab
3547 2000 3666 2069 cpi-

1973 2101 2144 2156 scopo
2176 2085 2380 2157 Elpidii
2410 2086 2584 2153 edito,
2618 2104 2739 2141 sese
2765 2088 3013 2141 auctoris
3036 2088 3342 2141 vanitatem
3366 2087 3668 2143 inﬁrmita-

1971 2177 2205 2245 temque
2233 2175 2478 2245 spondet
2502 2180 2886 2245 ostensurum,
2921 2175 2968 2229 si
2988 2192 3091 2247 per
3120 2176 3300 2230 otium
3335 2175 3667 2245 singillatim

1973 2262 2137 2316 illum
2182 2268 2445 2317 excutere
2500 2264 2607 2317 sibi
2658 2264 2731 2317 sit
2782 2264 3025 2317 liberum
3057 2264 3244 2333 (lbid.,
3306 2280 3358 2318 η.
3394 2267 3462 2332 5).
3505 2264 3670 2334 Atqui

1973 2350 2278 2422 quominus
2318 2351 2373 2405 id
2426 2352 2616 2422 operis
2664 2352 3092 2422 aggrederetur,
3145 2351 3493 2422 prohibuere
3550 2350 3670 2404 sine

1970 2439 2143 2493 dubio
2187 2439 2344 2493 varia
2375 2440 2472 2493 illa
2497 2439 2746 2511 negotia,
2780 2440 2993 2510 quibus
3025 2440 3336 2493 distentum
3367 2455 3425 2492 se
3458 2438 3671 2510 passim

1969 2527 2357 2599 conqueritur.

2018 2598 2037 2614 '
2100 2598 2103 2599 ⁷
2655 2617 2881 2670 CAPUT
2921 2618 2980 2670 Χ.

1974 2706 2019 2756 l.
2052 2705 2112 2757 In
2131 2704 2627 2772 prazdestinationis
2657 2708 2707 2756 et
2734 2706 2928 2772 gratia:
2963 2703 3265 2757 doctrinam
3300 2704 3670 2773 superioribus

2039 2792 2193 2845 libris
2226 2791 2294 2844 ab
2336 2792 2641 2858 Augustino
2671 2793 2999 2861 explicatam
3045 2793 3336 2859 insurgunt
3363 2794 3666 2846 Massilien-

2038 2895 2118 2933 ses
2138 2883 2188 2933 et
2216 2881 2318 2933 alii
2344 2880 2569 2948 quidam
2600 2883 2657 2933 in
2682 2881 2856 2936 Gallis
2887 2880 3036 2934 haud
3071 2882 3128 2932 in
3156 2884 3326 2933 totum
3355 2896 3388 2933 a
3416 2881 3665 2949 Pelagia-

2038 2969 2121 3020 nis
2147 2966 2512 3020 abhorrentes.
2541 2970 2574 3020 2
2609 2968 2940 3023 Catholicam
2962 2967 3123 3038 ﬁdem
3151 2971 3337 3021 contra
3366 2982 3449 3021 eos
3488 2966 3666 3034 defen-

2038 3056 2122 3108 dit
2153 3056 2492 3122 Augustinus
2529 3057 2750 3124 scriptis
2805 3057 3056 3125 Prosperi
3082 3059 3133 3108 et
3178 3056 3388 3110 Hilarii
3428 3056 3667 3124 impulsu

2038 3144 2190 3197 libris
2236 3144 2302 3198 de
2347 3144 2828 3200 Prazdestinatione
2882 3149 3208 3198 sanctorum.
3270 3147 3299 3199 3
3366 3143 3664 3210 Quodvult-

2036 3232 2165 3287 deus
2205 3238 2361 3300 rogat
2388 3237 2633 3287 sanctum
2673 3235 2967 3300 Doctorem,
3008 3238 3068 3288 ut
3092 3233 3157 3287 de
3196 3232 3485 3287 haeresibus
3525 3234 3665 3286 scri-

2038 3322 2148 3377 bat.
2198 3324 2232 3376 4
2281 3324 2506 3388 Urgente
2562 3322 2930 3387 Quodvultdeo
2971 3324 3313 3391 Augustinus
3350 3322 3669 3389 aggreditur

2035 3426 2168 3480 opus
2197 3411 2263 3464 de
2307 3411 2630 3476 Haeresibus,
2664 3410 2809 3480 quod
2850 3413 3222 3478 imperfectum
3265 3410 3564 3478 relinquere
3588 3424 3671 3462 co-

2035 3502 2203 3568 gitur.
2247 3504 2277 3553 5
2304 3502 2544 3554 Dioscori
2572 3498 2961 3552 conversionem
2998 3499 3278 3551 miraculis
3303 3498 3517 3566 plenam
3543 3512 3668 3550 nar-

2033 3592 2122 3640 rat
2150 3603 2247 3656 per
2277 3588 2490 3640 litteras
2514 3587 2717 3654 Alypio
2747 3587 2880 3640 seni.

2045 3679 2088 3730 ι.
2136 3676 2344 3729 Verum
2382 3678 2849 3746 quantacumque
2887 3688 3153 3727 curarum
3199 3688 3332 3726 eum
3363 3671 3665 3725 multitudo

1964 3767 2270 3833 premeret,
2302 3779 2414 3816 non
2444 3765 2751 3833 propterea
2796 3762 3120 3832 deponebat
3148 3777 3179 3815 e
3220 3759 3499 3815 memoria
3530 3776 3665 3813 san-

1962 3858 2087 3907 ctus
2115 3854 2343 3918 Doctor,
2380 3851 2490 3906 sibi
2515 3850 2889 3905 defendenda:
2917 3850 3115 3922 gratiae
3135 3849 3462 3920 impositam
3489 3864 3609 3902 esse
3635 3865 3669 3902 a

1964 3943 2081 3997 Deo
2111 3940 2489 4011 provinciam.
2512 3941 2712 4012 Itaque
2733 3943 3115 4011 praeterquam
3146 3940 3298 4009 quod
3330 3938 3457 3992 stilo
3480 3938 3667 3992 decer-

1962 4036 2084 4085 tare
2109 4046 2238 4085 cum
2264 4030 2489 4086 Iuliano
2520 4030 2588 4084 ad
2611 4034 2923 4084 extremam
2956 4045 3134 4099 usque
3155 4028 3329 4082 vitam
3359 4044 3474 4082 non
3496 4026 3666 4081 desti-

1963 4120 2053 4183 tit,
2084 4119 2242 4174 novis
2272 4120 2457 4175 adhuc
2489 4135 2604 4172 non
2650 4119 2823 4191 longo
2871 4123 3002 4172 ante
3043 4122 3287 4172 mortem
3319 4115 3498 4187 ipsius
3526 4120 3670 4168 tem-

1962 4224 2100 4279 pore
2131 4206 2498 4277 surgentibus
2528 4205 2728 4277 gratiae
2768 4205 3018 4261 inimicis
3059 4220 3180 4258 sese
3210 4204 3330 4256 sine
3371 4218 3533 4256 mora
3565 4200 3666 4255 ob-

1956 4296 2114 4367 jecit.
2150 4295 2311 4349 Multi
2340 4294 2615 4349 nimirum
2650 4310 2954 4348 servorum
2984 4292 3211 4355 Christi,
3243 4292 3298 4345 id
3324 4295 3427 4355 est,
3461 4305 3663 4344 mona—

1964 4386 2222 4447 chorum,
2277 4382 2376 4453 qui
2415 4383 2475 4436 in
2523 4381 2852 4438 Massiliensi
2887 4382 3029 4436 urbe
3056 4379 3438 4435 consistebant
3467 4377 3662 4448 (Epist.

1962 4477 2089 4538 225,
2138 4488 2195 4526 n.
2230 4471 2305 4542 2),
2335 4470 2548 4542 aliique
2579 4472 2637 4525 in
2669 4470 2795 4525 aliis
2824 4469 3132 4525 Galliarum
3154 4467 3289 4521 locis
3322 4469 3515 4537 (Epist.
3540 4469 3664 4532 226,

1961 4578 2018 4616 η.
2052 4563 2108 4629 2)
2138 4560 2402 4615 nonnulli
2446 4559 2750 4631 Augustini
2780 4559 2989 4630 scripta
3017 4558 3358 4625 evolventes,
3388 4554 3668 4627 quidquid

1966 4649 2027 4704 in
2053 4650 2134 4703 eis
2164 4649 2233 4704 de
2263 4648 2559 4703 vocatione
2590 4649 2899 4702 electorum
2938 4644 3249 4700 secundum
3283 4644 3380 4699 Dei
3405 4643 3667 4716 proposi-

1964 4743 2089 4792 tum
2120 4737 2456 4808 disputabat
2475 4740 2701 4791 sanctus
2727 4738 2953 4801 Doctor,
2985 4734 3123 4788 illud
3156 4736 3390 4788 Patrum
3411 4732 3670 4804 opinioni

1965 4832 2023 4881 et
2051 4826 2428 4880 ecclesiastico
2468 4824 2658 4879 sensui
2687 4823 3039 4877 contrarium
3081 4821 3417 4877 dictitabant
3448 4837 3461 4875 :
3496 4826 3667 4891 atque

1965 4917 2075 4971 hoc
2102 4915 2464 4986 propositum
2497 4912 2807 4967 vocationis
2839 4911 2957 4977 Dei,
3010 4928 3124 4983 quo
3173 4911 3261 4965 vel
3302 4915 3431 4965 ante
3469 4908 3665 4964 mundi

1969 5004 2217 5070 initium,
2247 5004 2334 5057 vel
2361 5003 2421 5056 in
2446 5002 2569 5073 ipsa
2589 5000 2915 5056 conditione
2936 5000 3163 5072 generis
3190 4998 3428 5055 humani
3457 4998 3666 5067 eligen-

1968 5094 2174 5149 dorum
2208 5095 2264 5146 et
2303 5091 2743 5162 rejiciendorum
2775 5090 2983 5144 dicitur
3010 5091 3156 5144 facta
3181 5087 3469 5149 discretio,
3500 5090 3556 5138 et
3584 5084 3664 5136 la-

1968 5182 2084 5253 psis
2109 5197 2305 5235 curam
2329 5180 2664 5250 resurgendi
2688 5178 2961 5245 adimere,
2992 5184 3048 5233 et
3079 5177 3285 5231 sanctis
3314 5173 3666 5229 occasionem

1968 5270 2243 5341 temporis
2289 5269 2491 5323 afferre
2542 5284 2557 5322 :
2595 5258 2801 5323 deinde
2853 5268 2957 5323 sub
3004 5267 3113 5322 hoc
3155 5259 3667 5337 praedestinationis

1971 5356 2203 5412 nomine
2238 5357 2465 5410 fatalem
2495 5356 2804 5428 quamdam
2848 5355 3043 5411 induci
3072 5350 3470 5407 necessitatem
3502 5368 3514 5401 :
3549 5364 3668 5402 uno

1973 5447 2169 5514 verbo,
2218 5445 2499 5516 quidquid
2546 5444 2654 5500 sibi
2704 5444 3060 5515 Augustinus
3099 5455 3166 5494 ex
3226 5438 3459 5491 adversa
3509 5441 3666 5507 parte
