4026 6180
410 265 514 318 567

411 387 649 458 opponit
679 387 739 439 iu
772 387 914 441 libro
939 387 1008 441 de
1040 388 1409 458 Correptione
1439 392 1494 440 et
1521 387 1734 455 Gratia,
1755 386 1848 438 vel
1872 385 1932 438 in
1957 383 2116 438 libris

413 480 614 529 contra
639 475 966 542 lulianum;
999 476 1107 530 hoc
1137 481 1318 530 totum
1366 476 1473 546 ipsi
1521 493 1624 548 pro
1666 493 1725 530 se
1774 475 2118 545 regerebant

413 579 638 618 summa
663 565 1024 618 contentione
1056 581 1118 618 ac
1163 581 1359 636 pugna
1396 581 1409 618 :
1442 571 1567 619 tum
1607 560 1926 620 doctrinam
1958 563 2116 617 illam

413 650 776 705 aaditicationi
835 651 1192 706 audientium
1253 651 1599 706 contrariam
1659 667 1779 705 esse
1830 649 2114 715 dicebant,

409 743 582 810 atque
613 754 681 792 ea
705 744 958 809 propter,
1001 739 1223 793 etiamsi
1265 756 1398 792 vera
1427 739 1521 806 sit,
1553 755 1668 793 non
1715 738 2114 809 promendam.

413 827 696 882 Caeterum
728 826 1173 880 obstinationem
1212 843 1374 881 suam
1423 827 1719 882 vetustatis
1749 827 1984 882 nomine
2021 827 2116 880 de-

411 915 1196 980 fendentes,‘contendebant
1243 915 1507 984 Paulum,
1564 917 1728 985 cujus
1780 915 2117 970 auctoritate

411 1002 613 1058 nititur
642 1002 1020 1074 Augustinus,
1074 1019 1106 1055 a
1165 1003 1320 1056 nullo
1360 1003 1635 1058 hactenus
1682 1003 1760 1058 ita
1809 1019 1929 1058 esse
1961 1003 2119 1056 intel-

414 1092 642 1144 lectum.
685 1089 844 1154 Quod
882 1089 955 1143 ad
995 1090 1261 1160 parvulos
1293 1095 1528 1160 spectat,
1563 1089 1624 1143 in
1678 1090 1888 1160 quibus
1927 1089 2122 1144 divina

413 1178 599 1232 elucet
627 1177 1078 1248 prwdestinatio,
1116 1179 1255 1231 tales
1284 1178 1514 1232 aiebant
1542 1179 1707 1248 perdi
1737 1180 1988 1250 talesque
2018 1178 2122 1232 sal-

416 1265 553 1332 vari,
587 1267 782 1336 quales
812 1265 1036 1320 futuros
1092 1265 1220 1319 illos
1261 1266 1322 1319 in
1363 1266 1568 1336 majori
1601 1271 1787 1332 aetate,
1822 1267 1867 1320 si
1898 1267 1968 1320 ad
1996 1283 2121 1320 eam

413 1354 801 1424 pervenirent,
846 1353 1082 1407 scientia
1125 1353 1320 1407 divina
1366 1354 1718 1424 praevidisset
1747 1357 1948 1424 (Epist.
1995 1358 2117 1420 225,

412 1459 470 1496 n.
505 1444 575 1510 ὅ).
613 1443 725 1496 Nec
769 1441 1112 1496 absimiliter
1141 1442 1520 1512 quaestionem
1550 1443 1618 1497 de
1657 1443 1990 1513 majoribus,
2023 1458 2124 1496 cur

412 1531 786 1600 Evangelium
819 1546 938 1584 non
969 1529 1236 1584 omnibus
1281 1531 1644 1600 praedicetur,
1673 1531 2031 1595 enodabant;
2067 1530 2122 1584 id

413 1619 764 1673 affirmantes
794 1617 1176 1688 praescientiaz
1205 1635 1328 1671 esse
1358 1617 1587 1684 divinm,
1631 1624 1695 1672 ut
1725 1619 1854 1673 ideo
1887 1619 2121 1689 quibus-

415 1707 549 1761 dam
601 1707 832 1777 populis
885 1722 1004 1760 non
1054 1705 1418 1776 prazdicetur,
1465 1707 1619 1777 quod
1671 1708 1813 1762 illud
1846 1723 1962 1761 non
2013 1707 2123 1760 sint

414 1795 700 1865 recepturi
733 1795 922 1863 (Ibid.,
958 1800 1008 1848 et
1033 1797 1212 1864 Epist.
1247 1798 1369 1859 226,
1403 1812 1460 1849 n.
1503 1799 1575 1857 3).
1611 1797 1892 1850 Praeterea
1924 1795 2122 1849 discri-

417 1898 545 1937 men
578 1881 958 1936 constitutum
991 1881 1061 1936 ab
1103 1882 1424 1952 Augustino
1459 1881 1606 1936 inter
1637 1884 1880 1953 gratiam
1909 1886 2123 1937 Adamo

416 1971 626 2037 datam,
674 1975 732 2025 et
775 1986 902 2025 eam
943 1986 1073 2041 quae
1122 1970 1286 2024 nobis
1340 1971 1528 2036 datur,
1585 1972 1822 2026 moleste
1863 1972 2125 2026 ferebant

417 2062 614 2129 (Epist.
648 2063 776 2126 226,
816 2077 870 2114 η.
914 2059 985 2129 6).
1021 2061 1134 2113 Nec
1173 2059 1438 2113 volebant
1484 2059 1752 2131 cuiquam
1797 2061 1968 2115 talem
2001 2060 2124 2115 dari

419 2147 920 2218 perseverantiam,
955 2164 988 2201 a
1024 2163 1137 2218 qua
1176 2163 1295 2201 non
1325 2147 1694 2218 permittatur
1740 2149 2123 2219 praevaricari,

415 2235 517 2290 sed
550 2253 581 2289 a
622 2252 737 2306 qua
765 2235 946 2306 possit
974 2251 1077 2289 sua
1122 2236 1414 2289 voluntate
1454 2237 1718 2302 deficere,
1775 2243 1832 2291 et
1876 2254 2006 2308 quae
2038 2240 2123 2292 vel

422 2323 758 2394 suppliciter
813 2323 1075 2392 emereri,
1123 2324 1206 2378 vel
1258 2324 1444 2377 amitti
1497 2325 1912 2379 contumaciter
1951 2327 2127 2397 possit

418 2413 621 2478 (Ibid.,
651 2429 712 2466 η.
752 2412 834 2479 4).
885 2411 1129 2476 Quidam
1178 2411 1352 2465 etiam
1383 2427 1446 2465 ex
1493 2411 1698 2466 iisdem
1743 2413 1914 2468 Gallis
1944 2413 2126 2467 adhuc

418 2500 657 2570 propius
705 2518 737 2553 a
776 2499 1080 2570 Pelagiana
1112 2499 1315 2552 haeresi
1357 2499 1706 2566 recedentes,
1740 2502 1979 2571 gratiam
2011 2504 2125 2555 sal-

417 2594 654 2642 vantem
680 2587 1109 2658 distinguebant
1148 2587 1216 2641 ab
1246 2587 1450 2641 initiali
1484 2589 1690 2658 gratia,
1726 2594 1782 2643 et
1809 2590 1957 2643 hanc
1980 2590 2127 2655 nihil

421 2677 580 2731 aliud
611 2693 732 2730 esse
758 2676 1070 2746 ponebant,
1098 2691 1274 2746 quam
1304 2676 1588 2730 rationem
1616 2683 1672 2731 et
1697 2677 1942 2732 liberum
1977 2679 2124 2733 arbi-

420 2766 596 2820 trium
622 2765 839 2819 homini
874 2764 1014 2818 nihil
1044 2763 1204 2834 prius
1234 2765 1498 2827 merenti,
1535 2765 1668 2829 quia
1700 2782 1802 2819 nec
1836 2766 2124 2833 existenti,

423 2854 704 2909 Creatoris
732 2853 1010 2908 beneficio
1045 2869 1411 2921 concessum;
1442 2859 1614 2924 atque
1645 2855 1768 2926 ejus
1799 2871 1903 2926 ope
1926 2855 2128 2909 nihilo-

422 2944 615 2997 minus
651 2941 968 3008 hominem,
1018 2943 1157 2996 dum
1189 2941 1340 2996 bono
1382 2948 1600 2997 natura:
1643 2943 1790 2998 bene
1818 2943 2021 3014 utitur,
2055 2946 2126 2999 ad

425 3031 735 3084 salvantem
766 3031 1011 3099 gratiam
1067 3031 1368 3100 pervenire
1410 3033 1609 3101 (Epist.
1645 3035 1771 3099 225,
1817 3049 1872 3087 n.
1923 3034 1998 3103 4).
2050 3037 2128 3087 Ac

425 3117 503 3170 sic
533 3132 660 3170 cum
693 3117 752 3169 in
780 3116 1116 3185 majoribus,
1141 3117 1242 3187 qui
1271 3118 1450 3172 libero
1473 3123 1717 3172 utuntur
1732 3120 1990 3191 arbitrio,
2012 3122 2125 3176 duo

425 3204 538 3256 sint
577 3220 707 3274 qua:
749 3203 1064 3256 humanam
1105 3209 1416 3274 operantur
1461 3206 1724 3273 salutem,
1777 3207 1876 3261 Dei
1916 3209 2129 3263 scilicet

427 3291 630 3363 gratia,
672 3296 723 3344 et
760 3291 1009 3344 hominis
1038 3291 1396 3358 obedientia;
1423 3295 1676 3364 priorem
1707 3297 1970 3351 volebant
1993 3298 2128 3352 obe-

426 3379 703 3434 dientiam
735 3395 878 3445 esse,
911 3395 1084 3450 quam
1113 3379 1376 3450 gratiam,
1412 3386 1473 3436 ut
1499 3382 1728 3436 initium
1751 3385 1947 3438 salutis
1973 3402 2039 3440 ex
2060 3403 2126 3441 eo

426 3468 527 3540 qui
558 3469 827 3533 salvetur,
861 3483 977 3522 non
1017 3485 1084 3522 ex
1114 3484 1181 3522 eo
1216 3468 1565 3524 credendum
1595 3471 1668 3525 sit
1713 3479 1863 3526 stare
1893 3475 1994 3544 qui
2024 3476 2128 3530 sal-

427 3562 548 3624 vat;
581 3562 639 3612 et
683 3557 945 3612 voluntas
986 3556 1238 3612 hominis
1286 3557 1493 3613 divina:
1531 3560 1731 3631 gratia:
1789 3561 1895 3615 sibi
1942 3564 2128 3633 pariat

427 3663 620 3718 opem,
651 3663 765 3701 non
791 3646 973 3717 gratia
1003 3646 1110 3701 sibi
1140 3646 1454 3702 humanam
1483 3649 1744 3720 subjiciat
1777 3651 2126 3706 voluntatem

425 3736 615 3802 (Ibid.,
645 3751 700 3790 η.
746 3736 820 3803 6).
852 3735 1107 3789 Tandem
1151 3741 1432 3805 quantum
1479 3737 1722 3809 quisque
1770 3740 1842 3794 ad
1887 3741 2123 3809 malum,

430 3827 652 3876 tantum
682 3821 893 3875 habere
923 3822 1203 3876 facultatis
1232 3824 1302 3876 ad
1334 3824 1550 3878 bonum
1581 3827 2002 3895 praadicabant;
2035 3845 2128 3900 pa-

430 3909 593 3979 rique
624 3912 916 3962 momento
947 3910 1204 3963 animum
1237 3927 1293 3963 se
1311 3911 1399 3964 vel
1423 3913 1492 3965 ad
1515 3913 1650 3966 vitia
1673 3915 1759 3968 vel
1793 3915 1864 3969 ad
1892 3917 2128 3971 virtutes

427 4011 680 4062 movere,
719 4010 892 4066 quem
939 3995 1091 4050 bona
1135 4002 1500 4067 appetentem
1554 4001 1736 4071 gratia
1780 4003 1878 4056 Dei
1922 4004 2125 4071 foveat,

415 4083 580 4138 mala
609 4087 922 4138 sectantem
953 4084 1244 4140 damnatio
1267 4087 1425 4157 justa
1455 4089 1724 4160 suscipiat
1745 4091 1911 4162 (Ibid.
1929 4133 1942 4160 ,
1965 4109 2022 4148 ri.
2047 4094 2123 4164 4).

432 4174 559 4228 Htec
589 4171 814 4244 aliaque
845 4177 1042 4226 contra
1073 4173 1248 4228 tidem
1297 4175 1813 4244 praedestinationis
1845 4183 1900 4233 et
1929 4181 2128 4250 gratiae

421 4262 788 4332 jactabantur
819 4278 852 4316 a
882 4261 1015 4316 viris
1052 4263 1153 4334 qui
1185 4263 1314 4317 vita:
1343 4265 1544 4318 merito
1573 4267 1660 4320 vel
1689 4267 1775 4321 sui
1805 4267 1864 4322 in
1888 4269 2130 4322 Ecclesia

429 4350 641 4420 gradus
681 4349 962 4420 dignitate
1008 4355 1233 4405 tantum
1291 4354 1659 4422 praestabant,
1710 4361 1772 4410 ut
1809 4373 1926 4412 non
1967 4358 2129 4412 facile

429 4437 754 4508 quisquam,
789 4442 1000 4509 praeter
1033 4453 1242 4509 paucos
1272 4439 1536 4510 perfectae
1587 4443 1786 4514 gratia).
1815 4444 2130 4516 intrepidos

430 4530 730 4593 amatores,
783 4527 1060 4581 obsistere
1112 4543 1309 4581 eorum
1363 4527 1845 4600 disputationibus
1897 4535 2132 4589 auderet

431 4613 614 4681 (Ibid.,
656 4629 711 4667 η.
770 4615 824 4684 7)
873 4632 885 4669 :
929 4632 994 4669 ac
1040 4615 1283 4686 proinde
1323 4618 1705 4672 necessarium
1736 4621 2132 4677 existimarunt

433 4701 675 4771 Prosper
713 4706 768 4756 et
826 4703 1091 4771 Hilarius,
1150 4705 1234 4759 vir
1293 4709 1535 4777 uterque
1601 4708 1797 4775 laicus,
1859 4713 2127 4782 Augusti-

433 4803 574 4842 num
599 4804 702 4858 per
728 4789 944 4845 litteras
972 4793 1300 4862 admonere,
1335 4800 1396 4849 ut
1425 4811 1586 4850 suam
1615 4795 1793 4867 ipsius
1825 4801 2129 4855 auctorita-

431 4881 544 4930 tem
577 4875 689 4930 illis
737 4877 1030 4949 objiciens,
1063 4898 1192 4954 quae
1221 4882 1280 4937 in
1321 4883 1443 4938 istis
1473 4885 1890 4955 quaestionibus
1931 4888 2130 4943 obscu-

431 4965 585 5020 riora
613 4969 747 5019 sunt
775 4970 831 5020 et
856 4967 928 5020 ad
956 4970 1389 5040 percipiendum
1419 4974 1762 5042 difﬁciliora,
1795 4992 1968 5047 quam
1997 4978 2131 5031 luci-

433 5053 683 5109 dissimis
747 5055 1196 5125 expositionibus
1257 5061 1479 5131 aperire
1541 5079 1658 5117 non
1716 5068 2048 5134 gravaretur
2114 5081 2126 5118 :

432 5142 647 5215 quippe
690 5143 789 5214 qui
833 5149 1146 5214 sperarent,
1192 5163 1309 5202 non
1349 5151 1531 5205 solum
1575 5168 1633 5204 se
1682 5151 2130 5223 disputationum

430 5232 554 5303 ejus
584 5231 848 5304 praesidio
874 5233 1245 5302 roborandos,
1273 5236 1370 5290 sed
1399 5238 1570 5293 etiam
1599 5239 1750 5311 ipsos
1780 5240 2132 5295 adversarios

432 5319 928 5374 defmcatissimum
961 5321 1156 5374 lumen
1185 5323 1383 5392 gratia:
1413 5331 1739 5398 recepturos
1769 5328 2027 5395 (Ibid.,u.
2051 5328 2127 5398 9).

433 5407 739 5476 Quidquid,
770 5409 851 5463 ait
880 5407 1145 5476 Hilarius,
1176 5425 1275 5479 pro
1319 5427 1380 5464 ea
1417 5417 1624 5484 gratia,
1658 5433 1821 5485 quam
1852 5419 1908 5470 in
1942 5423 1990 5471 te
2023 5434 2128 5488 pu-

430 5495 543 5548 silli
565 5512 684 5551 cum
705 5500 921 5566 magnis
942 5501 1228 5560 miramur,
1251 5500 1486 5555 volueris
1517 5508 1613 5556 aut
1631 5507 1889 5572 ualueris,
1919 5509 2124 5574 gratis-

1661 265 1818 317 VI'I‘A
1860 264 1912 316 s.
1956 261 2330 315 AL‘GUSTINI
2379 260 2716 313 EPISCUI’I.
3755 274 3827 320 δη,

2225 385 2361 438 sime
2389 385 2730 452 accipiemus,
2781 388 3060 450 tamquam
3095 399 3128 435 α
3159 384 3307 436 nobis
3345 385 3633 439 charissima
3659 405 3712 441 ac
3736 400 3841 442 rere

2225 471 2554 526 rendissima
2599 473 2926 525 auctoritate
2963 471 3234 524 decretum
3287 471 3477 540 (Epist.
3519 476 3628 539 2‘26,
3671 490 3720 529 η.
3762 482 3837 542 to}.

2231 560 2421 613 Eidem
2458 558 2761 630 signiticat,
2791 575 2823 612 a
2853 560 3129 628 Prospero
3163 573 3220 611 se
3260 558 3551 613 obtinuisse
3575 561 3842 632 epistolam.

2227 664 2400 719 quam
2445 663 2561 702 suae
2599 647 2964 717 conjunctam
3007 647 3092 700 illi
3137 645 3332 714 mittit,
3363 663 3469 718 qua
3495 647 3603 718 ipse
3631 651 3843 721 Prosper,

2187 806 2193 811 _
2228 741 2508 806 quantum
2563 735 2624 790 in
2655 751 2712 789 se
2759 735 2888 794 fuit,
2931 735 3385 789 adversariorum
3415 735 3656 805 dogmata
3682 739 3846 808 princi-

2228 825 2438 895 piaque
2466 823 2656 878 omnia
2687 828 3017 894 comptuus
3039 828 3147 878 est.
3190 823 3468 893 Hujusille
3490 825 3634 878 initio
3651 827 3847 881 declarat

2229 919 2422 967 sancto
2451 912 2702 980 Doctori,
2732 913 2850 983 jam
2878 928 2995 966 non
3026 912 3147 965 solo
3171 910 3502 966 urbanitatis
3529 911 3714 979 ofﬁcio,
3735 919 3788 966 ut
3807 914 3847 966 in

2229 1001 2418 1071 priore
2450 1001 2694 1071 quadam
2750 991 2990 1070 epistola
3029 1000 3258 1063 fecerat,
3291 998 3359 1052 ad
3387 1014 3511 1052 eum
3553 1000 3765 1053 scribere
3788 1018 3845 1064 se,

2230 1089 2327 1142 sed
2367 1104 2561 1142 amore
2592 1087 2746 1156 fidei,
2779 1103 2892 1158 qua
2923 1086 3168 1141 Ecclesia
3199 1085 3352 1140 vivit.
3402 1086 3688 1140 Excubaute
3726 1091 3846 1142 enim.

2231 1177 2419 1247 inquit
2444 1193 2548 1246 pro
2589 1178 2858 1230 universis
2888 1175 3137 1229 membris
3178 1176 3412 1242 corporis
3459 1175 3646 1229 Christi
3673 1177 3849 1242 rigilau-

2233 1269 2438 1320 tissimo
2467 1266 2745 1319 industria
2772 1269 2885 1328 tua,
2905 1269 2954 1318 et
2982 1262 3242 1317 adversus
3265 1263 3618 1316 haereticarum
3641 1263 3851 1317 doctrina-

2230 1370 2351 1407 rum
2382 1353 2612 1406 insidias
2639 1355 2887 1406 veritatis
2912 1353 3112 1404 virtute
3123 1355 3419 1419 pugnante,
3440 1351 3578 1404 nullo
3596 1352 3730 1404 modo
3754 1356 3852 1404 mihi

2231 1442 2523 1496 verendum
2549 1444 2763 1510 putavi,
2809 1456 2874 1493 ne
2911 1455 3160 1494 onerosus
3202 1439 3305 1492 tibi
3347 1444 3440 1491 aut
3477 1440 3774 1507 importunus
3803 1456 3851 1491 es-

2231 1546 2340 1585 sem
2367 1532 2426 1583 in
2454 1545 2530 1596 eo,
2579 1530 2722 1598 quod
2756 1529 2830 1582 ad
2871 1529 3161 1581 multorum
3201 1528 3448 1592 salutem,
3479 1543 3537 1580 ac
3584 1528 3777 1596 perinde
3804 1530 3854 1579 ειει

2226 1620 2483 1688 pietatem
2514 1622 2661 1670 tuam
2690 1619 2923 1685 pertinet
2955 1633 2970 1667 :
3002 1632 3120 1668 cum
3158 1617 3340 1684 potius
3370 1631 3513 1668 reum
3541 1617 3758 1680 futurum
3778 1632 3854 1670 esse

2230 1723 2312 1760 me
2341 1705 2627 1772 crederem,
2657 1707 2709 1760 si
2742 1721 2806 1758 ea
2843 1719 2962 1772 quae
2992 1703 3150 1757 valde
3191 1705 3496 1772 perniciosa
3525 1718 3626 1756 esse
3653 1706 3854 1770 intelligo.

2233 1795 2307 1849 ad
2333 1795 2618 1863 specialem
2649 1799 2945 1863 patronum
2987 1792 3121 1861 ﬁdei
3150 1809 3252 1846 non
3289 1793 3539 1858 referrem
3568 1793 3740 1862 (Epist.
3767 1795 3854 1852 225,

2232 1901 2287 1939 τι.
2338 1884 2407 1953 1).
3584 1933 3608 1950 ,

2305 1974 2358 2023 2.
2405 1969 2634 2023 Moleste
2665 1969 2795 2023 tulit
2823 1969 3198 2040 Augustinus,
3233 1969 3392 2039 quod
3421 1968 3615 2023 divinis
3649 1969 3854 2039 eloquiis.

2233 2056 2440 2128 quibus
2466 2056 2566 2110 Dei
2596 2055 2780 2125 gratia
2807 2057 3170 2128 praedicatur,
3212 2073 3345 2128 qua:
3365 2058 3592 2114 omnino
3629 2057 3762 2111 nulla
3784 2063 3856 2118 est,

2234 2146 2282 2198 si
2319 2145 2634 2199 secundum
2665 2145 2868 2199 merita
2898 2149 3094 2200 nostra
3135 2146 3324 2212 datur,
3365 2151 3480 2200 tam
3510 2146 3686 2200 multis
3725 2146 3858 2198 mani-

2236 2233 2506 2303 festisque
2542 2249 2660 2287 non
2703 2233 3046 2288 cederetur:
3107 2235 3370 2304 Prosperi
3415 2240 3600 2288 tamen
3644 2238 3692 2288 et
3717 2232 3858 2287 Hilarii

2237 2321 2442 2388 studio,
2474 2339 2536 2376 ac
2574 2322 2671 2392 pia
2699 2338 2832 2392 erga
2871 2327 3127 2376 errantes
3168 2338 3306 2376 cura
3337 2327 3524 2376 motus
3553 2325 3647 2386 est,
3678 2325 3729 2373 ut
3763 2320 3859 2372 isto-

2236 2426 2367 2464 rum
2403 2426 2594 2476 causa,
2629 2415 2761 2480 post
2779 2415 2864 2463 tot
2894 2410 3069 2464 libros
3099 2414 3155 2464 et
3181 2411 3454 2481 epistolas
3477 2410 3544 2464 de
3569 2411 3662 2463 hac
3687 2424 3735 2462 re

2237 2500 2420 2553 adhuc
2458 2505 2674 2570 ageret,
2715 2499 2865 2570 quod
2897 2515 2956 2552 se
2985 2499 3120 2552 satis
3150 2499 3336 2569 egisse
3367 2499 3623 2554 credebat
3657 2500 3737 2566 (De
3760 2497 3859 2550 Pra-

2237 2589 2375 2641 dest.
2415 2593 2612 2655 sanct.,
2644 2589 2736 2642 lib.
2774 2594 2824 2656 1,
2855 2603 2945 2641 nn.
2987 2591 3035 2652 1,
3068 2589 3142 2657 2).
3183 2589 3334 2641 Duos
3365 2589 3555 2659 itaque
3609 2587 3671 2641 ad
3695 2585 3860 2640 eosdem

2237 2677 2582 2746 Prosperum
2611 2680 2666 2730 et
2688 2676 2966 2730 Hilarium
2994 2677 3168 2730 libros
3202 2680 3274 2730 De
3303 2677 3751 2732 Praedestinatioue
3772 2689 3860 2726 san-

2236 2769 2440 2818 ctorum
2469 2764 2711 2835 scripsit,
2746 2764 2851 2818 hoc
2889 2766 3085 2818 ambos
3116 2764 3280 2818 titulo
3314 2765 3598 2836 (quamvis
3626 2764 3793 2817 horum
3815 2759 3863 2810 al-

2236 2857 2323 2906 ter
2356 2868 2508 2906 nunc
2535 2853 2704 2924 vulgo
2743 2856 2814 2906 De
2854 2857 2998 2908 Dono
3024 2857 3448 2922 perseverantiae
3476 2853 3747 2914 vocitetur)
3786 2862 3864 2902 nun

2237 2940 2448 3009 injuria
2500 2945 2850 3010 praenotatos
2907 2942 3164 3010 (Admon.
3215 2943 3272 2994 in
3325 2943 3426 2996 lib.
3481 2944 3513 2994 2
3565 2941 3625 2994 de
3672 2937 3867 2993 Przdest.

2237 3034 2434 3098 sanct.,
2462 3034 2512 3083 et
2542 3031 2769 3097 Pravfat.
2797 3029 2854 3083 in
2885 3035 3012 3085 tom.
3066 3032 3148 3094 10,
3191 3045 3312 3098 cap.
3349 3031 3439 3100 29)
3475 3047 3487 3083 :
3521 3045 3640 3084 cum
3669 3027 3722 3081 in
3763 3029 3866 3078 utre

2239 3133 2351 3188 que
2381 3122 2575 3171 sancto
2614 3117 2842 3171 Doctori
2872 3134 3077 3188 scopus
3110 3119 3202 3184 sit,
3230 3119 3498 3173 Ecclesiae
3537 3115 3788 3172 catholica:
3823 3111 3869 3163 de

2237 3207 2764 3277 praedestinatione,
2799 3223 2914 3278 qua
2946 3223 3051 3262 nos
3088 3209 3236 3262 Deus
3265 3209 3468 3278 elegit,
3498 3224 3608 3262 non
3636 3204 3752 3276 quia
3784 3215 3869 3254 san-

2238 3295 2314 3349 cti
2342 3295 2519 3350 futuri
2564 3312 2811 3362 eramus,
2855 3295 2951 3350 sed
3000 3297 3494 3366 quemadmodum
3523 3292 3790 3366 Apostolus
3809 3290 3872 3342 do-

2238 3388 2345 3449 cet,
2379 3387 2443 3437 ut
2471 3384 2651 3438 sancti
2681 3399 2934 3438 essemus
2969 3385 3190 3454 (Ephes.
3234 3402 3271 3448 ι,
3331 3385 3414 3454 4),
3453 3383 3743 3439 doctrinam
3766 3375 3867 3431 tueri

2242 3474 2337 3539 (De
2380 3473 2635 3526 Praedest.
2681 3477 2878 3539 sanct.,
2913 3489 2966 3527 η.
3029 3475 3210 3538 35-39,
3252 3477 3302 3526 et
3356 3476 3430 3528 De
3464 3476 3605 3528 Dono
3647 3481 3870 3540 persevera

2239 3576 2330 3614 nn.
2377 3563 2466 3624 34,
2509 3563 2786 3630 48,ί>ιο.);
2837 3561 3096 3632 duosque
3154 3565 3361 3614 contra
3413 3561 3567 3614 illam
3607 3552 3869 3628 singillatim

2237 3649 2553 3702 convellere
2577 3664 2798 3702 errores
2839 3649 3150 3717 Gallorum,
3185 3648 3284 3720 qui
3315 3654 3386 3703 ut
3416 3666 3485 3703 ex
3515 3643 3751 3718 Prosperi
3771 3640 3871 3696 Hila~

2237 3737 2422 3808 riique
2453 3737 2659 3791 litteris
2684 3737 3001 3807 intelligere
3028 3742 3169 3806 erat,
3203 3742 3258 3792 et
3284 3737 3524 3792 initium
3552 3735 3692 3799 tidei,
3713 3737 3759 3786 et
3772 3742 3872 3800 pre-

2238 3831 2390 3880 terea
2429 3841 2609 3896 usque
2647 3825 2707 3879 in
2759 3825 2934 3880 tinem
2986 3825 3502 3896 perseverantiam,
3543 3823 3697 3878 sicin
3733 3820 3872 3874 nostra

2237 3913 2660 3968 constituebant
2687 3919 2989 3985 potestate,
3039 3919 3102 3968 ut
3149 3914 3248 3968 Dei
3277 3915 3438 3970 dona
3483 3930 3600 3970 esse
3627 3928 3726 3966 non
3753 3910 3872 3979 ρυιιο

2239 4008 2406 4069 rent;
2444 4019 2631 4073 neque
2663 4003 2731 4056 ad
2763 4003 2882 4056 haec
2933 4003 3198 4057 habenda
3225 4009 3406 4074 atque
3437 4000 3720 4057 retinenda
3744 3997 3873 4050 Deum

2239 4090 2464 4162 operari
2495 4095 2714 4144 nostras
2742 4091 3118 4160 cogitationes
3149 4096 3204 4145 et
3231 4091 3558 4146 voluntates
3583 4107 3595 4144 :
3618 4087 3710 4143 etsi
3727 4087 3873 4139 cetera

2239 4180 2429 4250 ipsum
2460 4179 2595 4234 dare
2626 4179 3024 4248 concederent,
3054 4195 3185 4233 cum
3208 4180 3277 4233 ab
3308 4180 3411 4235 illo
3450 4175 3776 4234 credentium
3798 4167 3873 4223 tide

2240 4268 2622 4338 impetrantur
2671 4270 2763 4337 (De
2793 4271 2934 4322 Dono
2977 4284 3271 4337 persever.,
3299 4285 3356 4323 η.
3386 4270 3498 4337 42).
3532 4260 3877 4330 Primo-iga“!r

2239 4357 2385 4411 libro
2423 4357 2589 4411 docet
2626 4357 2996 4427 Augustinus,
3043 4358 3260 4411 donum
3295 4359 3398 4412 Dei
3448 4374 3567 4411 esse
3597 4370 3701 4409 non
3739 4349 3875 4403 solum

2238 4445 2675 4511 incrementum,
2709 4446 2805 4500 sed
2832 4445 3003 4500 etiam
3045 4445 3278 4500 initium
3307 4445 3451 4501 ﬁdei
3504 4463 3517 4500 :
3568 4441 3734 4516 gratia
3764 4435 3878 4491 duri-

2237 4531 2377 4584 tiam
2430 4532 2615 4586 cordis
2645 4533 2894 4596 auferri;
2944 4540 3001 4589 et
3047 4534 3117 4588 ad
3145 4534 3438 4590 Christum
3485 4533 3668 4588 venire
3711 4538 3875 4582 omnes,

2239 4619 2338 4690 qui
2365 4636 2398 4673 a
2423 4621 2590 4674 Patre
2636 4620 2910 4676 docentur
2950 4627 3013 4676 ut
3041 4623 3275 4677 veniant
3306 4640 3319 4677 :
3351 4640 3503 4695 quos
3533 4626 3713 4677 autem
3741 4615 3878 4672 docet.

2237 4707 2630 4763 misericordia
2649 4709 2848 4764 docere
2868 4727 2882 4777 ;
2906 4715 2964 4764 et
2983 4727 3127 4782 quos
3144 4727 3260 4765 non
3273 4712 3463 4778 docet,
3473 4710 3683 4783 judicio
3703 4718 3800 4760 non
3815 4700 3881 4753 d0-

2237 4812 2384 4851 cere.
2411 4796 2816 4869 Ostenditquid
2829 4798 3053 4853 intersit
3071 4798 3221 4854 inter
3236 4801 3490 4870 gratiam
3509 4790 3882 4871 et'prusdestim'

2235 4884 2454 4939 tionem
2481 4901 2494 4939 :
2528 4902 2699 4958 porro
2730 4887 3234 4957 praedestinatione
3267 4889 3455 4944 Deum
3485 4905 3553 4942 ea
3580 4879 3880 4959 praescivisse.

2237 4989 2366 5044 qum
2395 4980 2542 5029 esset
2570 4973 2693 5045 ipse
2715 4975 2987 5030 facturus.
3012 4977 3547 5032 Praedestinationis
3567 4966 3882 5029 adversarios:

2238 5063 2341 5132 qui
2361 5079 2419 5116 se
2439 5063 2511 5116 ad
2531 5062 2814 5118 incertum
2831 5064 3139 5118 voluntatis
3153 5065 3253 5120 Dei
3269 5065 3477 5120 deduci
3493 5066 3642 5118 nolle
3653 5061 3883 5140 dicuntur.

2240 5151 2482 5206 miratur
2506 5153 2679 5207 malle
2706 5169 2764 5206 se
2793 5152 2946 5224 ipsos
2965 5153 3289 5208 inﬁrmitati
3319 5170 3462 5216 suae,
3499 5166 3664 5224 quam
3681 5142 3885 5202 ﬁrmitatil

2238 5240 2635 5312 promissionis
2663 5241 2763 5296 Dei
2784 5241 3162 5298 committere.
3188 5241 3394 5298 Gratiae
3421 5246 3478 5295 et
3498 5228 3888 5312 praedestinatio‘

2238 5329 2328 5384 nis
2359 5329 2654 5384 veritatem
2681 5330 2847 5385 docet
2869 5331 3122 5384 relucere
3142 5329 3201 5384 in
3220 5329 3477 5401 parvulis
3505 5328 3603 5400 qui
3631 5323 3884 5379 salvantur.

2238 5417 2413 5472 nullis
2446 5417 2564 5471 suis
2585 5418 2806 5473 meritis
2835 5417 3064 5473 discreti
3082 5436 3115 5472 a
3142 5419 3362 5474 caeteris
3387 5418 3489 5488 qui
3522 5417 3776 5487 pereunt;
3801 5419 3883 5460 no"

2241 5505 2394 5560 enim
2425 5505 2576 5560 inter
2623 5522 2716 5560 eos
2765 5506 3009 5561 discerni
3064 5522 3130 5560 ex
3180 5505 3540 5578 praescientia
3581 5501 3882 5557 meritorum.
