4028 6174
185 258 285 306 .‘jmt
1640 257 1702 310 Ll
1715 258 1850 312 BER

2054 260 2255 314 A\'L'S.
3116 336 3123 341 _
3596 278 3697 328 τίτί)

183 391 315 444 quae
348 373 393 427 si
434 372 645 427 diutius
675 374 946 437 viverent,
979 373 1205 427 fuerant
1234 374 1485 429 habituri
1521 394 1531 430 :
1565 380 1879 447 praeclaris-

182 464 393 517 simum
432 466 623 516 autem
671 463 997 532 exemplum
1037 462 1557 533 przedestinationis
1599 470 1654 519 et
1683 468 1883 537 gratiae

183 569 308 606 esse
338 538 524 621 ipsum
571 552 939 605 Salvatorem.
984 550 1240 622 Denique
1273 552 1703 623 praedestinatos
1750 562 1883 610 ante

184 640 383 695 mundi
424 638 889 694 constitutionem
941 640 1151 693 electos
1198 656 1340 706 esse,
1376 657 1492 695 non
1532 642 1667 712 quia
1698 644 1881 698 credi-

178 730 298 784 turi
328 728 772 799 praesciebantnr
818 733 872 781 et
902 728 1080 782 futuri
1128 729 1327 797 sancti,
1382 730 1479 783 sed
1514 736 1574 783 ut
1605 732 1743 784 tales
1793 748 1883 785 es-

171 823 309 872 sent
336 833 437 887 per
463 817 802 871 electionem
846 817 1062 887 gratim.
1098 818 1165 870 In
1201 818 1448 872 secundo
1481 818 1626 872 libro
1677 821 1884 889 probat

167 906 660 977 perseverantiam
690 904 870 971 illam,
912 905 1105 975 quain
1135 905 1355 959 Christo
1393 923 1574 976 usque
1614 907 1672 961 in
1702 910 1875 973 ﬁnem

166 1000 590 1063 perseveratur,
634 1010 754 1047 esse
775 994 989 1047 donum
1040 994 1138 1047 Dei
1170 1011 1181 1047 :
1216 995 1368 1063 quod
1402 995 1633 1066 quidem
1665 996 1879 1051 donum

165 1082 516 1152 suppliciter
554 1082 799 1135 emereri
852 1088 1055 1152 potest,
1108 1084 1207 1136 sed
1255 1099 1385 1136 cum
1436 1083 1636 1138 datum
1684 1084 1878 1149 fuerit,

163 1170 366 1225 amitti
396 1171 804 1224 contumaciter
828 1187 947 1224 non
1003 1174 1205 1241 potest.
1241 1172 1384 1226 Illud
1420 1188 1537 1226 non
1567 1174 1882 1228 secundum

162 1258 578 1328 accipientium
610 1258 834 1324 merita,
868 1259 965 1313 sed
1016 1259 1139 1313 aliis
1170 1260 1268 1313 Dei
1315 1260 1706 1316 misericordia
1735 1262 1879 1329 dari,

162 1346 306 1401 aliis
328 1348 482 1418 justo
507 1347 628 1417 ejus
647 1347 859 1417 judicio
892 1363 1005 1401 non
1027 1348 1171 1401 dari.
1205 1350 1316 1401 Cur
1347 1365 1414 1402 ex
1446 1350 1760 1420 majoribus
1786 1351 1881 1404 ille

160 1434 369 1504 potius
408 1450 583 1505 quam
614 1434 720 1488 iste
759 1439 1008 1499 vocetur,
1041 1434 1527 1505 quemadmodum
1557 1442 1613 1489 et
1640 1453 1709 1491 ex
1740 1437 1883 1491 duo—

160 1520 276 1572 bus
328 1518 604 1588 parvulis,
661 1534 762 1572 cur
816 1518 919 1571 iste
958 1524 1299 1585 assumatur,
1348 1519 1441 1573 ille
1496 1520 1881 1591 relinquatur,

160 1607 575 1672 inscrutabile;
610 1606 1033 1660 inscrutabilius
1063 1624 1213 1674 vero,
1256 1624 1357 1660 cur
1383 1624 1447 1661 ex
1478 1609 1701 1662 duobus
1746 1609 1876 1679 piis,

160 1695 305 1750 huic
333 1711 699 1766 perseverare
743 1696 1007 1759 donetur,
1067 1712 1183 1749 non
1230 1696 1311 1749 illi
1336 1713 1349 1749 '.
1376 1697 1473 1750 sed
1513 1698 1654 1750 illud
1688 1704 1881 1751 tamen

160 1785 575 1850 certissunum,
610 1784 764 1838 hunc
793 1800 915 1837 esse
964 1800 1027 1837 ex
1078 1784 1518 1854 praedestinatis,
1554 1786 1718 1839 illum
1768 1803 1881 1839 non

161 1888 320 1926 esse.
360 1874 567 1926 Postea
597 1873 804 1927 refellit
848 1873 1003 1943 quod
1046 1872 1355 1927 adversarii
1396 1874 1636 1943 jactant,
1668 1876 1877 1942 praede-

160 1961 498 2015 stinationis
519 1961 915 2015 deﬁnitionem
961 1977 1080 2015 esse
1110 1961 1339 2015 utilitati
1370 1962 1791 2015 exhortationis
1823 1968 1879 2016 et

161 2049 559 2119 correptionis
586 2051 884 2104 adversam
912 2066 925 2103 :
968 2050 1171 2103 asserit
1194 2055 1393 2103 contra
1418 2050 1876 2119 praedestinatio-

163 2154 304 2192 nem
338 2138 564 2193 utiliter
593 2138 914 2210 praedicari,
957 2143 1022 2192 nt
1057 2138 1230 2192 homo
1261 2154 1379 2192 non
1409 2139 1469 2191 in
1500 2155 1559 2191 se
1605 2138 1751 2209 ipso,
1780 2140 1878 2193 sed

163 2228 226 2281 in
259 2228 505 2281 Domino
532 2227 827 2297 glorietur.
859 2226 996 2290 Quae
1024 2227 1096 2281 ab
1124 2226 1236 2280 illis
1278 2232 1474 2281 contra
1505 2228 1877 2298 praedestina-

163 2317 396 2370 tionem
424 2316 805 2385 objectantur,
838 2315 1039 2369 eadem
1068 2316 1156 2369 vel
1200 2320 1397 2369 contra
1430 2316 1529 2370 Dei
1572 2316 1876 2386 praescien-

163 2406 332 2469 tiam,
365 2405 454 2457 vel
485 2408 682 2458 contra
728 2404 973 2475 gratiam
1018 2404 1194 2468 illam,
1231 2420 1405 2475 quam
1436 2410 1670 2474 excepto
1710 2405 1876 2458 initio

165 2493 301 2547 ﬁdei
335 2499 395 2547 et
435 2493 873 2563 perseverantiae
921 2492 1292 2563 perfectione,
1336 2492 1711 2548 necessariam
1756 2510 1877 2547 esse

164 2581 563 2648 consentiunt,
590 2597 756 2652 posse
781 2581 1074 2652 objectari.
1117 2581 1687 2636 Praedestinationem
1720 2582 1875 2635 enim

163 2675 499 2724 sanctorum
531 2670 677 2724 nihil
703 2670 857 2724 aliud
890 2686 1031 2735 esse,
1062 2686 1236 2741 quam
1268 2670 1747 2740 praeparationem
1776 2672 1875 2725 be-

163 2758 512 2812 neﬁciorum
539 2758 656 2825 Dei,
682 2758 888 2827 quibus
914 2758 1226 2812 certissime
1257 2758 1595 2822 liberantur,
1620 2760 1877 2829 quicum-

163 2864 278 2919 que
312 2848 649 2902 liberantur.
686 2849 893 2901 Verum
921 2847 1483 2917 prmdestinationem
1512 2863 1765 2917 congrua
1794 2864 1878 2902 ra-

162 2937 326 2990 tione
372 2936 673 3006 praedicari
700 2935 885 3005 jubet,
929 2951 991 2988 ac
1021 2952 1135 2989 non
1174 2952 1240 2989 eo
1276 2941 1461 3006 pacto,
1498 2942 1557 2989 ut
1587 2936 1738 3006 apud
1768 2936 1875 2989 im-

164 3026 415 3096 peritam
447 3024 854 3079 multitudinen
885 3024 1149 3095 redargui
1178 3024 1303 3095 ipsa
1339 3024 1754 3095 praedicatione
1793 3026 1873 3079 vi-

165 3116 391 3170 deatur.
469 3116 761 3169 Postremo
816 3114 1288 3169 inlustrissimum
1360 3114 1876 3185 praedestinationis

164 3204 498 3274 exemplum
532 3203 694 3256 nobis
721 3202 973 3273 positum
1006 3202 1077 3256 ob
1115 3203 1312 3256 oculos
1341 3202 1654 3257 Dominum
1683 3203 1875 3256 Jesum

166 3308 369 3347 rursus
400 3291 781 3345 commendat.
826 3290 920 3344 His
967 3290 1287 3361 praesertim
1330 3306 1399 3345 ex
1439 3290 1600 3344 libris
1647 3291 1877 3360 agnosci

164 3379 349 3434 voluit
399 3379 723 3433 Hormisdas
793 3394 959 3449 papa,
999 3378 1138 3449 quid
1196 3380 1452 3433 Romana
1500 3383 1555 3432 et
1602 3379 1879 3433 catholica

168 3469 420 3524 Ecclesia
460 3469 531 3522 de
572 3469 752 3522 libero
768 3469 1006 3523 arbitrio
1050 3473 1105 3522 et
1147 3470 1331 3539 gratia
1362 3469 1461 3523 Dei
1488 3470 1827 3540 proﬁteatur
1860 3486 1873 3523 :

166 3558 334 3629 cujus
363 3557 703 3611 auctoritate
736 3557 911 3611 libros
941 3557 1172 3610 eosdem
1199 3556 1453 3627 episcopi
1481 3557 1733 3611 Africani
1773 3575 1875 3629 pro

168 3648 280 3701 ﬁde
312 3647 372 3701 in
398 3646 661 3701 Sardinia
690 3646 912 3699 exsules
938 3646 1187 3699 maxime
1216 3647 1629 3701 commendant
1655 3647 1713 3700 in
1754 3647 1873 3717 epi-

167 3736 312 3789 stola
351 3734 634 3804 synodica.
667 3736 786 3788 Prae
814 3733 1081 3801 omnibus,
1117 3733 1669 3806 inquiunt,studium
1686 3738 1874 3803 gerite,

166 3824 334 3878 libros
359 3826 536 3877 sancti
559 3825 883 3892 Augustini,
916 3838 1047 3891 quos
1073 3824 1147 3876 ad
1172 3826 1494 3893 Prosperum
1524 3829 1574 3877 et
1602 3826 1877 3878 Hilarium

166 3915 411 3982 scripsit,
464 3915 769 3966 memoratis
791 3912 1065 3978 fratribus
1123 3912 1369 3980 tegendos
1426 3915 1685 3979 ingerere.
1734 3913 1873 3978 Quo-

166 4017 285 4055 rum
306 4004 623 4055 mentionem
649 4001 1113 4067 beatae?me
1142 4001 1434 4054 Hermisda
1476 4001 1632 4055 Sedis
1659 4006 1874 4068 aposto-

166 4092 280 4144 lica:
304 4092 571 4156 gloriosus
602 4092 848 4153 antistes,
898 4092 955 4142 in
999 4090 1229 4158 epistola
1280 4105 1443 4157 quam
1489 4091 1788 4142 consulenti
1822 4106 1876 4143 se

163 4185 351 4233 sancto
378 4181 554 4245 fratri
582 4179 1051 4246 consaeerdotique
1096 4183 1279 4232 nostro
1325 4180 1637 4231 Possessori
1685 4180 1875 4231 reseri-

164 4273 294 4339 psit,
339 4286 462 4324 eum
501 4286 694 4337 magno
744 4272 1012 4338 praeconio
1056 4270 1332 4323 catholica:
1383 4268 1562 4321 laudis
1614 4270 1866 4321 inseruit.

160 4361 327 4428 Cujus
342 4361 453 4413 haec
470 4360 634 4413 verba
654 4363 814 4413 sunt:
850 4378 875 4407 «
910 4358 991 4411 De
1016 4358 1249 4411 arbitrio
1277 4362 1456 4411 tamen
1475 4358 1641 4409 libero
1666 4362 1716 4409 et
1740 4372 1873 4423 gra-

166 4450 245 4501 tia
282 4450 383 4502 Dei
412 4450 549 4516 quid
591 4450 850 4508 Romana,
900 4448 994 4501 hoc
1046 4451 1144 4511 est,
1199 4446 1464 4499 catholica
1515 4449 1777 4513 sequatur
1827 4454 1875 4498 et

162 4543 334 4591 servet
363 4538 624 4596 Ecclesia,
657 4538 777 4590 licet
818 4539 875 4589 in
902 4538 1075 4589 variis
1097 4536 1252 4588 libris
1294 4534 1439 4588 beati
1468 4535 1785 4601 Augustini,
1826 4538 1877 4587 et

164 4628 406 4680 mime
433 4626 508 4678 ad
518 4628 839 4694 Prosperum
859 4631 908 4679 et
924 4625 1199 4679 Hilarium
1225 4624 1623 4691 abundepossit
1634 4628 1871 4691 agnosci,

164 4721 342 4767 tamen
364 4719 415 4767 et
443 4717 500 4766 in
523 4716 740 4767 scriniis
755 4714 1131 4767 ecclesiasticis
1159 4728 1417 4781 expressa
1447 4714 1689 4780 capitula
1710 4714 1876 4765 centi-

160 4807 359 4855 nentur
382 4821 410 4853 io
444 4801 723 4871 (Append.
760 4803 889 4856 tomi
916 4804 1000 4867 lO,
1018 4800 1458 4872 episc.African.
1480 4799 1746 4870 epist.,n.
1768 4804 1870 4864 l7).

164 4890 277 4945 illis
316 4890 612 4959 Pelagiani
652 4890 861 4945 erroris
890 4889 1153 4960 reliquiis
1181 4905 1297 4944 non
1332 4890 1661 4943 recordatur
1688 4892 1877 4959 Augu-

162 4978 346 5032 stinus
378 4978 438 5031 in
468 4978 613 5032 libro
644 4979 713 5032 de
754 4979 1073 5033 Haeresibus
1101 4994 1115 5031 :
1148 4977 1283 5049 quia
1311 4983 1531 5048 partem
1562 4977 1709 5031 hanc
1739 4992 1873 5046 ope-

165 5068 241 5121 ris
290 5068 365 5122 ad
400 5067 882 5131 Quodvultdeum,
930 5066 1082 5139 quod
1131 5068 1311 5120 altero
1343 5066 1527 5121 adhuc
1557 5066 1701 5120 libro
1744 5082 1877 5119 con-

165 5160 314 5210 stare
344 5154 609 5221 dedebat,
650 5156 773 5225 jam
811 5156 1049 5210 fortasse
1090 5156 1159 5209 ad
1180 5155 1517 5210 umbilicum
1543 5154 1869 5221 adduxerat,

163 5258 298 5296 cum
339 5243 607 5313 Prosperi
646 5249 703 5298 et
733 5244 928 5298 Hilarii
956 5244 1178 5298 litteras
1210 5244 1443 5315 accepit.

237 5336 292 5387 5.
348 5332 492 5386 Cum
533 5332 726 5386 animo
774 5338 1064 5404 reputaret
1113 5330 1539 5397 Quodvultdeus
1585 5332 1874 5403 Carthagi-

169 5420 360 5474 nensis
406 5421 701 5487 diaconus,
763 5428 976 5492 quanta
1024 5423 1209 5493 gratia
1253 5424 1401 5477 Deus
1448 5422 1872 5493 Hipponensem

169 5512 506 5582 Episcopum
537 5518 604 5564 ad
637 5512 778 5565 alios
803 5512 1184 5566 instituendos
1216 5512 1562 5577 donaverat;
1604 5510 1870 5581 interpel-

1996 385 2112 438 lare
2155 388 2439 453 eumdem,
2483 391 2638 444 senio
2682 392 2808 445 licet
2854 398 2909 446 et
2940 394 3272 450 inﬁrmitate
3322 400 3575 468 Corporis
3616 402 3693 454 la-

1992 474 2308 543 borantem,
2368 478 2676 545 constituit,
2737 488 3040 551 rogaturus
3092 489 3151 538 ut
3194 484 3263 538 de
3310 487 3575 540 omnibus
3623 490 3692 542 ab

1992 564 2233 619 Ecclesia
2268 566 2497 621 condita
2536 569 2682 623 natis
2719 570 3028 624 lneresibus
3076 574 3462 628 narrationem
3501 581 3689 641 texat;

1992 652 2089 706 ubi
2123 669 2251 724 quae
2290 656 2403 708 sint
2442 656 2669 710 illarum
2699 659 2988 728 dogmata,
3024 661 3229 730 quibus
3262 663 3629 733 opinionibus
3662 685 3692 720 a

1990 741 2224 796 veritate
2273 741 2633 813 dissentiant,
2688 748 2962 816 quidnam
3007 750 3077 803 ad
3128 750 3280 819 ipsas
3325 753 3693 808 revincendas

1991 830 2282 901 Scriptura
2311 840 2367 885 et
2397 833 2542 887 ratio
2570 840 2859 905 suggerat,
2890 854 3004 907 qua
3034 839 3253 893 ratione
3286 840 3385 911 qui
3416 858 3507 894 eas
3539 843 3695 913 abju-

1990 923 2139 986 rant,
2182 920 2426 974 Ecclesia
2468 923 2755 993 suscipiat,
2798 942 3040 995 quarum
3081 927 3327 998 denique
3369 929 3465 983 illa
3504 932 3690 1001 Bapti-

1991 1022 2178 1060 smum
2223 1008 2488 1064 admittat
2530 1012 2617 1064 vel
2666 1019 2915 1082 respuat,
2970 1015 3038 1069 ab
3097 1016 3296 1070 eodem
3354 1025 3687 1088 exponatur.

1990 1096 2270 1159 Quoniam
2293 1103 2482 1153 autem
2506 1101 2820 1171 Augustino
2843 1105 3033 1157 futura
3053 1110 3175 1158 erat
3196 1104 3465 1159 immensi
3486 1106 3692 1161 laboris

1991 1184 2282 1254 provincia
2320 1186 2611 1242 universas
2645 1190 2888 1243 haereses
2936 1192 3234 1257 refellere;
3271 1195 3421 1265 cogit
3465 1212 3521 1249 se
3558 1214 3689 1249 con-

1991 1272 2151 1326 tinuo
2205 1273 2354 1327 intra
2407 1276 2692 1331 breviores
2745 1277 2951 1333 limites
3020 1280 3470 1352 Quodvultdeus,
3519 1302 3691 1356 seque

1989 1365 2321 1416 contentum
2368 1363 2489 1417 fore
2525 1369 2783 1432 testatur,
2822 1368 2989 1421 modo
3025 1368 3121 1422 ille
3147 1385 3250 1438 per
3289 1374 3691 1441 compendium

1990 1452 2243 1517 adnotet,
2284 1452 2603 1521 cujusmodi
2644 1454 2758 1509 sint
2796 1471 2993 1509 earum
3028 1458 3255 1527 placita,
3293 1476 3535 1528 quamve
3585 1463 3689 1515 do-

1988 1539 2229 1594 ctrinam
2262 1542 2535 1595 catholica
2577 1543 2821 1597 Ecclesia
2861 1544 3128 1599 adversus
3168 1546 3397 1601 easdem
3429 1553 3689 1615 tueatur;

1989 1629 2087 1700 qui
2118 1631 2458 1700 ampliorem
2488 1632 2869 1702 cognitionem
2904 1639 3195 1704 cuperent,
3223 1634 3497 1689 mittendo
3526 1635 3593 1687 ad
3630 1634 3693 1687 il-

1987 1718 2070 1771 las
2115 1718 2545 1789 disputationes,
2597 1736 2737 1791 quas
2775 1722 2863 1775 vel
2899 1722 3018 1793 ipse
3051 1723 3146 1775 Vir
3184 1728 3435 1789 sanctus,
3481 1725 3567 1777 vel
3600 1724 3694 1777 alii

1988 1822 2160 1876 super
2214 1808 2417 1861 eodem
2471 1814 2810 1878 argumento
2870 1810 3329 1865 lucubraverant.
3386 1811 3484 1866 Hic
3535 1812 3694 1865 labor

1988 1896 2138 1949 haud
2179 1895 2349 1950 dubie
2394 1901 2617 1968 poterat
2652 1898 2956 1951 utilitatem
2995 1914 3113 1951 non
3163 1899 3528 1963 medioerem,
3569 1904 3693 1952 tum

1987 1983 2246 2051 rudibus,
2274 1989 2397 2038 tum
2421 1984 2556 2055 ipsis
2582 1984 2751 2039 etiam
2795 1985 3031 2039 eruditis
3063 1985 3266 2039 afferre
3286 2006 3302 2039 :
3335 1987 3599 2058 quocirca
3623 1986 3690 2040 il-

1986 2072 2107 2125 lum
2140 2076 2202 2125 ut
2222 2078 2448 2126 sanctus
2488 2074 2695 2127 Doctor
2722 2089 2793 2127 ne
2834 2074 3127 2140 detrectet,
3173 2090 3301 2128 eum
3343 2091 3447 2145 per
3486 2074 3692 2130 Christi

1986 2175 2220 2226 nomen,
2254 2160 2351 2231 qui
2384 2161 2611 2215 doctum
2652 2161 2774 2215 sine
2805 2160 3122 2215 invidentia
3155 2178 3275 2216 esse
3317 2162 3427 2232 ipsi
3466 2177 3691 2216 conces-

1988 2253 2155 2314 serat,
2184 2250 2517 2303 obtestatur.
2556 2250 2677 2303 Non
2712 2248 2991 2304 difﬁtetur
3028 2249 3260 2320 quidem
3290 2250 3691 2320 gravissimum

1988 2354 2130 2390 ouus
2174 2338 2469 2407 imponere
2514 2355 2593 2404 se,
2644 2338 2884 2392 meliora
2931 2338 3224 2407 cogitanti,
3271 2343 3329 2392 et
3366 2338 3692 2409 diSponen'ti

1987 2410 2207 2477 majora
2258 2413 2448 2462 sancto
2500 2409 2641 2474 seni,
2683 2416 2738 2463 et
2767 2410 3027 2479 querelas
3066 2410 3323 2481 corporis
3367 2410 3689 2463 sustinenti.

1988 2498 2093 2552 Sed
2119 2513 2200 2550 me
2227 2500 2513 2562 animavit,
2545 2498 2627 2551 ait
2658 2498 2774 2566 ille,
2807 2498 3170 2552 Beatitudinis
3202 2503 3306 2553 tua:
3336 2500 3695 2553 benevolentia

1987 2587 2229 2641 omnibus
2273 2586 2650 2655 comprobata:
2701 2603 2864 2656 quam
2905 2587 3034 2641 dum
3074 2588 3367 2652 considero,
3402 2590 3576 2655 magis
3624 2590 3695 2641 ti-

1988 2678 2116 2740 mui,
2149 2691 2214 2728 ne
2251 2691 2356 2728 non
2388 2675 2616 2743 petendo
2655 2676 2937 2743 superbus,
2988 2692 3095 2729 non
3119 2676 3403 2745 quaerme
3451 2677 3690 2730 desidio-

1985 2778 2096 2829 sus,
2146 2779 2251 2816 non
2294 2763 2565 2831 pulsando
2604 2765 2763 2831 piger
2801 2780 2833 2816 a
2881 2766 3103 2817 Domino
3142 2764 3428 2831 judicarer
3476 2763 3685 2833 (Epist.

1983 2854 2110 2919 ‘22],
2149 2868 2204 2904 τι.
2254 2852 2323 2919 1).
2362 2851 2722 2921 Cogitaverat
2753 2851 3095 2921 jamdudum
3135 2850 3506 2920 Augustinus,
3538 2851 3690 2904 hunc

1984 2939 2147 2993 illum
2185 2939 2440 2993 laborem
2482 2937 2801 3009 suscipere;
2836 2955 2901 2992 ac
2940 2955 3071 2992 eum
3101 2938 3300 3009 utique
3330 2937 3685 3008 suscepisset,

1984 3027 2093 3081 nisi
2131 3042 2413 3097 perpensa
2456 3026 2537 3080 rei
2576 3026 2932 3093 difﬁcultate,
2975 3026 3114 3081 illud
3149 3026 3336 3080 oneris
3377 3026 3523 3080 vires
3562 3043 3691 3080 suas

1985 3116 2154 3185 longe
2196 3129 2465 3184 superare
2506 3117 2652 3167 esset
2691 3113 2993 3168 arbritatus
3032 3116 3128 3182 (De
3148 3115 3381 3178 Haeres”
3418 3114 3685 3182 prerat).

1986 3202 2190 3255 Nactus
2226 3200 2401 3272 igitur
2437 3200 2927 3272 opportunitatem
2976 3200 3356 3270 Hipponensis
3393 3200 3689 3269 cujusdam

1986 3290 2243 3361 primarii
2273 3291 2427 3356 civis,
2456 3290 2549 3344 cui
2575 3306 2786 3344 nomen
2812 3290 3098 3343 Philocalo
3134 3292 3147 3356 (
3173 3292 3346 3358 Epist.
3380 3292 3501 3352 2‘22,
3534 3304 3590 3345 n.
3622 3294 3687 3354 l),

1985 3380 2285 3434 confestim
2316 3381 2385 3434 ad
2416 3379 2878 3443 Quodvultdeum
2900 3378 3223 3449 epistolam,
3257 3395 3385 3448 quae
3416 3377 3691 3447 temporis

1985 3468 2197 3539 injuria
2239 3470 2460 3539 perdita
2499 3472 2602 3533 est,
2638 3467 2809 3533 misit,
2861 3483 2974 3537 qua
3016 3467 3101 3520 illi
3139 3467 3493 3537 postulatum
3530 3466 3691 3519 nimii

1984 3558 2197 3613 laboris
2227 3574 2290 3611 ac
2318 3557 2535 3628 negotii
2567 3573 2685 3611 esse
2717 3557 2789 3611 ob
2821 3556 3014 3611 oculos
3044 3554 3312 3625 ponebat.
3354 3554 3493 3607 Huic
3518 3554 3687 3607 aliam

1985 3646 2178 3716 paucis
2208 3651 2337 3717 post
2359 3645 2561 3699 diebus
2592 3644 2796 3715 adjecit
2834 3660 2937 3713 per
2973 3659 3138 3697 suum
3166 3642 3475 3713 quemdam
3504 3644 3687 3713 hypo-

1985 3735 2310 3800 diaconum,
2356 3750 2527 3805 quem
2575 3732 2975 3803 Carthaginem
3019 3730 3299 3802 proﬁcisci
3328 3747 3494 3784 causa
3525 3746 3687 3801 quie-

1983 3824 2139 3899 piam_
2182 3822 2466 3892 adigebat.
2519 3821 2678 3876 Hisce
2730 3820 2933 3875 litteris
2994 3820 3279 3874 hteresum
3327 3819 3611 3888 catalogos
3659 3837 3692 3872 a

1984 3912 2283 3966 Philastrio
2343 3916 2514 3982 atque
2570 3907 2887 3981 Epiphanio
2928 3908 3051 3978 jam
3096 3906 3462 3961 concinnatos
3516 3904 3689 3959 fuisse

1982 4005 2251 4066 testatur;
2287 4015 2532 4070 quarum
2564 3998 2612 4052 si
2646 3997 2930 4051 minorem
2964 4011 3272 4051 numerum
3306 3995 3687 4065 Epiphanius,

1984 4090 2284 4143 Philastrio
2330 4090 2497 4158 longe
2544 4086 2784 4152 doctior,
2832 4086 3223 4149 constitueret,
3278 4083 3335 4137 id
3382 4083 3517 4137 hinc
3542 4082 3685 4147 ﬁeri,

1984 4178 2137 4247 quod
2168 4178 2242 4231 sit
2272 4175 2760 4246 operosissimum,
2804 4174 3081 4245 quidnam
3117 4189 3221 4243 pro
3245 4172 3449 4226 haeresi
3492 4171 3689 4225 haberi

1982 4265 2204 4329 debeat,
2263 4264 2634 4333 pronuntiare
2687 4262 2890 4332 (Ibid.,
2942 4278 2995 4315 n.
3054 4260 3129 4330 ‘2).
3185 4260 3453 4312 Paratum
3496 4274 3554 4309 se
3603 4256 3688 4310 di-

1983 4353 2059 4406 cit
2091 4353 2164 4407 ad
2197 4368 2327 4406 eum
2367 4351 2753 4405 transmittere
2802 4348 3107 4421 Epiphanii
3152 4347 3387 4411 librum,
3435 4362 3684 4416 graecum

1984 4442 2145 4495 illum
2178 4440 2431 4512 quidem,
2468 4440 2564 4493 sed
2594 4454 2767 4509 quem
2796 4438 2972 4493 latine
3007 4436 3107 4508 qui
3132 4434 3415 4499 redderet,
3449 4435 3689 4489 Cartha-

1984 4530 2116 4600 gine
2147 4529 2306 4583 nullo
2326 4528 2556 4599 negotio
2582 4528 2878 4598 reperiret.
2914 4525 3062 4580 Petit.
3093 4540 3127 4577 a
3154 4522 3547 4587 Quodvultdeo
3579 4528 3690 4579 Au-

1984 4619 2269 4689 gustinus,
2329 4623 2392 4673 ut
2450 4617 2559 4671 sibi
2611 4617 2681 4672 de
2738 4614 3071 4680 Theodosio,
3132 4612 3317 4682 deque
3368 4612 3689 4668 Manichaeis

1983 4725 2124 4779 quos
2191 4708 2280 4761 hic
2335 4707 2685 4778 prodiderat,
2734 4720 2798 4758 ac
2846 4704 2914 4757 de
2953 4700 3307 4771 profectione
3357 4707 3683 4757 sanctorum

1985 4798 2382 4869 episcoporum
2423 4796 2648 4850 scribat.
2698 4794 2775 4847 De
2818 4791 3133 4846 Theodosio
3192 4790 3301 4845 isto
3350 4807 3523 4862 supra
3566 4792 3688 4861 egi-

1983 4903 2113 4941 mus
2159 4887 2295 4951 (Lib.
2346 4889 2399 4951 8,
2446 4900 2565 4955 cap.
2600 4887 2652 4949 3,
2684 4899 2739 4936 n.
2790 4882 2870 4951 l):
2902 4880 3057 4951 quod
3095 4896 3229 4935 vero
3272 4881 3341 4935 ad
3391 4879 3684 4951 episcopo-

1983 4992 2112 5030 rum
2158 4975 2281 5035 iter,
2323 4974 2465 5028 illud
2528 4988 2594 5027 eo
2648 4976 2902 5042 spectare
2946 4974 3151 5037 potest,
3213 4969 3366 5041 quod
3417 4968 3685 5039 Alypium

1986 5066 2178 5120 Romae
2210 5079 2361 5117 anno
2398 5058 2965 5133 quadringentesimo
2995 5058 3274 5130 vigesimo
3306 5061 3500 5111 octavo
3531 5069 3682 5108 com-

1985 5158 2271 5209 moratum
2319 5166 2440 5205 esse
2486 5147 2909 5204 observavimus
2944 5146 3157 5218 (Ibid.,
3209 5162 3329 5215 cap.
3382 5148 3434 5209 9,
3480 5158 3536 5195 η.
3588 5143 3683 5210 l);

1984 5242 2199 5315 quippe
2231 5243 2360 5294 ante
2386 5240 2493 5293 hoc
2523 5238 2750 5309 tempus
2779 5252 2907 5291 eam
2934 5234 3241 5308 Augustini
3270 5231 3564 5303 epistolam
3592 5230 3685 5283 da-

1984 5338 2101 5385 tam
2133 5329 2304 5384 fuisse
2338 5327 2480 5382 nihil
2508 5332 2679 5382 vetat.

2054 5422 2107 5473 4.
2147 5417 2574 5482 Quodvultdeus
2602 5417 2840 5471 alteram
2868 5416 3017 5470 hanc
3045 5414 3114 5469 ad
3143 5407 3524 5480 Augustinum
3556 5406 3683 5479 epi-

1984 5510 2184 5562 stolam
2215 5511 2435 5561 tantnm
2466 5510 2773 5577 receperat,
2796 5521 2924 5559 cum
2952 5500 3339 5557 infelicitatem
3371 5513 3528 5550 suam
3561 5497 3685 5550 aliis
