4028 6174
393 250 487 302 5n
1394 289 1409 299 ,
1604 239 1775 294 Vl'l‘A
1834 241 1887 294 s.
1963 226 2346 295 AUGUSTINI
2404 237 2743 295 EPISCOPI.
3752 251 3826 299 δη

376 371 597 427 litteris
629 382 761 425 cum
798 369 965 423 beato
1009 368 1247 421 Doctore
1286 368 1632 437 conquestus
1670 368 1773 428 est,
1816 363 1970 434 quod
2020 360 2099 414 vi-

392 460 616 526 delicet,
664 474 739 513 ne
793 472 916 512 rem
967 460 1143 511 tanta:
1192 454 1456 510 utilitatis
1512 452 1790 508 universa:
1846 449 2102 506 Ecclesia:

394 549 646 604 futuram
684 545 1038 617 impetraret,
1081 560 1186 615 per
1215 560 1317 597 sua
1357 542 1534 613 ipsius
1566 545 1797 612 peccata
1831 538 2098 593 stetisset.

394 636 599 692 Aiebat
624 634 1001 690 nihilominus
1022 650 1053 687 e
1078 631 1283 688 Christi
1314 629 1699 685 misericordia
1732 634 1789 683 et
1817 626 1898 682 eis
1925 627 2101 681 visce-

395 725 553 780 ribus
578 722 827 795 pietatis,
852 721 1060 793 quibus
1078 720 1147 774 ad
1166 719 1312 774 bene
1342 719 1412 773 de
1443 718 1569 772 aliis
1599 717 1936 772 merendum
1957 732 2102 770 nun-

397 828 572 884 quam
610 815 848 882 paratus
878 826 994 863 non
1024 812 1149 867 erat
1188 806 1283 861 Vir
1320 810 1567 874 sanctus,
1607 822 1835 877 sperare
1863 822 1921 859 se
1959 806 2102 870 fore,

392 907 461 956 ut
495 901 854 967 alimentum,
881 899 1033 969 quod
1082 896 1190 951 sibi
1236 900 1407 967 atque
1459 896 1585 950 aliis
1625 895 1969 967 postulabat,
2004 895 2100 948 ille

394 1006 512 1045 non
538 993 793 1058 negaret.
829 987 960 1057 Ejus
984 985 1223 1055 epistola
1260 984 1478 1039 caeteris
1514 983 1814 1055 capitibus,
1856 999 2099 1055 quorum

392 1078 452 1132 in
483 1093 584 1129 sua
605 1074 955 1130 mentionem
978 1073 1330 1144 Augustinus
1349 1072 1578 1135 fecerat,
1602 1072 1840 1126 minime
1868 1088 2101 1143 respon-

392 1167 518 1221 det:
579 1169 639 1219 at
678 1163 848 1235 hujus
891 1162 975 1216 rei
1020 1163 1246 1217 videtur
1291 1163 1411 1216 haec
1455 1178 1579 1215 esse
1618 1178 1805 1229 causa,
1850 1161 2003 1232 quod
2036 1177 2100 1214 ex

394 1253 767 1325 scriptoribus
806 1252 1020 1323 placuit
1045 1269 1111 1305 ea
1165 1266 1438 1317 resecare,
1491 1254 1554 1304 ut
1581 1266 1710 1321 quae
1736 1249 2103 1319 pertinebant

392 1344 463 1398 ad
492 1342 707 1397 librum
739 1342 808 1395 de
834 1339 1180 1407 Haeresibus,
1209 1340 1330 1393 sola
1358 1344 1726 1409 ponerentur.
1776 1338 1999 1392 Etenim
2031 1355 2102 1393 ne

389 1430 489 1485 illa
512 1428 749 1501 quidem
771 1427 1229 1493 salutatiuncula,
1260 1442 1433 1499 quam
1456 1426 1516 1480 in
1545 1426 1660 1480 ﬁne
1685 1426 1895 1481 addere
1926 1442 2099 1480 manu

389 1517 629 1588 propria
660 1517 914 1570 solemne
946 1521 1086 1580 erat,
1119 1520 1337 1570 servata
1364 1520 1467 1569 est.
1497 1515 1713 1571 Ibidem
1743 1520 1936 1586 aperte
1966 1532 2097 1585 pro-

391 1607 608 1673 fitetur,
644 1603 1017 1660 nihilominus
1047 1604 1097 1658 ei
1116 1621 1186 1658 se
1219 1605 1521 1659 molestum
1557 1610 1671 1658 tam
1705 1604 1799 1659 diu
1834 1604 2099 1659 futurum

393 1711 539 1760 esse,
564 1694 751 1764 quoad
772 1692 1175 1764 sibipostulata
1194 1692 1287 1747 ille
1313 1692 1719 1746 concessisset:
1750 1698 1812 1747 ut
1832 1694 2099 1762 quodnon

397 1787 655 1855 impetrat
673 1784 1043 1854 privilegium,
1070 1783 1168 1837 ubi
1184 1784 1391 1837 nullum
1423 1787 1502 1837 est
1524 1784 1797 1851 meritum,
1819 1782 2008 1837 saltem
2024 1785 2098 1837 in-

395 1873 610 1939 defessa
630 1873 1016 1940 importunitas
1036 1876 1306 1925 mereatur
1329 1871 1529 1941 (Epist.
1559 1874 1683 1937 1'23,
1704 1886 1761 1925 n.
1793 1871 1866 1939 3).
1883 1869 2098 1925 Asserit

390 1959 768 2031 Augustinus,
819 1960 889 2013 ab
937 1959 1035 2013 illo
1080 1977 1138 2013 se
1195 1959 1678 2014 crebrescentibus
1726 1958 2095 2032 petitionibus

389 2052 666 2113 coactum,
703 2064 766 2101 ac
800 2048 1169 2102 vehementer
1195 2053 1439 2119 urgente
1469 2048 1568 2101 illo
1597 2048 1705 2102 hoc
1733 2064 1877 2119 opus
1907 2064 2094 2102 susce-

385 2138 563 2208 pisse,
596 2152 700 2191 nec
730 2136 840 2191 sibi
870 2153 1124 2208 unquam
1169 2137 1345 2191 alium
1377 2137 1557 2191 ullum
1589 2140 1888 2207 tantopere
1931 2135 2091 2190 insti-

389 2225 527 2281 tisse
571 2225 879 2297 poscendo.
922 2225 1103 2296 Igitur
1139 2225 1456 2280 cedendum
1503 2225 1736 2279 tandem
1788 2225 2093 2296 aliquando

390 2314 647 2386 putavit;
680 2313 741 2369 in
771 2330 885 2385 quo
918 2313 1086 2368 etiam
1119 2314 1315 2369 divina
1342 2314 1655 2379 voluntate,
1679 2314 2093 2385 quamnomine

391 2402 517 2473 ipso
560 2402 709 2457 idem
742 2402 1018 2457 diaconus
1062 2402 1440 2473 signiﬁcabat,
1484 2407 1703 2456 motum
1734 2418 1793 2456 se
1830 2401 1968 2456 dicit
2000 2401 2095 2470 (De

393 2493 633 2559 Heress,
659 2490 908 2561 praefat.)
939 2491 1122 2554 Quare
1153 2504 1284 2545 cum
1315 2492 1459 2545 forte
1488 2492 1716 2544 fortuna
1747 2490 2095 2545 Fussalensis

396 2579 695 2651 presbyter
740 2579 1142 2649 Carthaginem
1198 2584 1344 2634 esset
1402 2580 1787 2651 profecturus,
1846 2580 2093 2649 primam

389 2667 775 2733 Quodvultdei
803 2666 1105 2738 epistolam
1151 2668 1247 2722 Vir
1293 2674 1519 2723 sanctus
1560 2668 1785 2739 relegit,
1831 2669 2091 2723 lucubra-

386 2756 603 2811 tionem
634 2756 780 2811 hanc
803 2757 1003 2811 saltem
1035 2757 1285 2812 exordiri
1306 2758 1579 2829 cogitans,
1613 2763 1679 2812 ut
1706 2758 1867 2830 quasi
1904 2758 2091 2829 speci-

385 2844 543 2900 mine
573 2844 908 2901 transmisso
945 2862 1077 2901 eum
1106 2847 1353 2914 doceret,
1388 2863 1562 2918 quam
1582 2847 1813 2902 difﬁcile
1834 2865 1976 2902 onus
1996 2848 2092 2903 ille

387 2934 497 2990 sibi
541 2936 712 2990 vellet
750 2934 1106 3006 impositum.
1156 2935 1333 3006 Atqui
1386 2935 1531 2990 nihil
1567 2936 1801 2991 omnino
1848 2937 2092 2992 scribere

385 3023 578 3093 potuit
608 3023 681 3077 ob
721 3028 1081 3093 emergentes
1105 3023 1527 3094 occupationes,
1550 3041 1679 3095 quae
1699 3026 1892 3091 etiam,
1911 3031 1976 3080 ut
2002 3043 2091 3081 re-

390 3127 664 3180 sponsum
691 3110 762 3164 ad
788 3100 1078 3165 lulianum
1102 3111 1522 3177 intermitteret,
1547 3112 1607 3166 in
1637 3130 1803 3167 causa
1839 3115 2087 3170 fuerunt.

386 3200 541 3252 Tunc
573 3213 709 3267 ergo
751 3197 896 3251 nihil
939 3198 1094 3253 aliud
1134 3216 1309 3270 quam
1360 3202 1748 3255 Fussalensem
1797 3203 2091 3273 presbyte-

390 3301 543 3351 rum,
601 3286 839 3356 ejusque
886 3302 1114 3340 causam
1169 3288 1562 3352 Quodvultdeo
1630 3290 2087 3357 commendavit;

393 3373 609 3430 addens
636 3372 1011 3429 nihilominus
1061 3391 1290 3446 sperare
1320 3393 1378 3429 se
1408 3376 1554 3444 fore,
1587 3382 1650 3431 ut
1679 3394 1809 3432 cum
1839 3377 2088 3448 primum

395 3479 524 3535 quae
554 3481 613 3518 se
648 3462 996 3519 distinebant
1038 3463 1398 3537 expediisset,
1439 3481 1662 3522 necnon
1706 3466 1960 3538 quinque
1988 3468 2090 3521 Ju-

387 3553 533 3608 liani
552 3553 713 3609 libris
769 3554 1178 3625 respondisset,
1219 3555 1397 3626 operi,
1429 3557 1582 3627 quod
1632 3557 1729 3611 ille
1766 3558 2087 3627 expetebat,

395 3643 770 3710 incumberet,
799 3660 864 3697 ac
900 3643 1075 3699 simul
1119 3644 1356 3717 reliquis
1393 3645 1765 3700 retractandis
1803 3646 2091 3716 opusculis

397 3731 538 3800 suis,
560 3737 786 3785 noctem
807 3730 933 3797 uni,
982 3732 1146 3787 alteri
1177 3732 1330 3787 diem
1355 3733 1743 3803 impendendo
1776 3749 1791 3787 :
1824 3734 1870 3788 si
1898 3739 2091 3790 tamen

390 3824 509 3874 tres
534 3819 748 3874 Juliani
770 3818 902 3872 libri
918 3820 989 3874 ad
1012 3836 1069 3873 se
1090 3821 1251 3890 prius
1270 3821 1427 3874 allati
1463 3837 1579 3875 non
1619 3821 1858 3876 fuissent
1884 3825 2085 3907 (Epist.

387 3910 514 3972 224,
545 3924 603 3974 n,
636 3909 707 3976 t).
740 3907 936 3961 Fidem
964 3924 1129 3961 suam
1165 3909 1398 3963 demum
1446 3909 1791 3964 liberaturus
1820 3912 1928 3965 hoc
1956 3929 2086 3966 ver-

382 3999 561 4051 tente‘
589 4011 741 4049 anno
785 3995 1352 4067 quadringentesimo
1408 3997 1684 4068 vigesimo
1748 4004 1942 4053 octavo
1999 4001 2084 4054 vel

381 4084 618 4139 ineunte
648 4083 909 4155 sequenti
951 4089 1187 4138 manum
1234 4086 1486 4141 admovit
1531 4086 1729 4158 operi;
1761 4088 1921 4159 cujus
1960 4089 2088 4160 qui-

382 4173 515 4228 dem
544 4172 707 4227 binas
725 4176 914 4244 partes
934 4173 1120 4227 facere
1143 4172 1464 4243 cogitabat;
1491 4174 1705 4246 primas
1737 4175 1995 4231 videlicet
2019 4178 2088 4233 de

379 4261 693 4317 hmresibus
723 4277 854 4333 qua).
904 4266 1034 4334 post
1072 4262 1279 4318 Christi
1330 4263 1640 4318 adventum
1688 4269 1746 4319 et
1792 4282 2087 4319 ascensum

382 4352 651 4406 adversus
674 4351 991 4406 doctrinam
1013 4352 1194 4423 ipsius
1225 4354 1601 4408 exstiterunt:
1632 4355 1979 4425 posteriores
2018 4355 2088 4410 de

382 4441 701 4510 quaestione
716 4456 998 4512 perquam
1021 4441 1169 4508 utili,
1185 4440 1396 4496 scilicet
1408 4441 1543 4513 quid
1557 4442 2085 4514 faciathiereticum;

382 4533 448 4583 ut
465 4528 739 4584 nimirum
759 4545 931 4585 omne
952 4546 1132 4601 genus
1158 4530 1400 4585 haereses
1417 4531 1532 4587 sive
1555 4536 1719 4587 notas
1735 4533 1852 4587 sive
1867 4533 2090 4605 ignotas

385 4616 691 4685 declinare,
721 4619 907 4691 deque
944 4619 1211 4675 omnibus
1244 4636 1375 4692 quas
1413 4626 1780 4676 nascerentur
1804 4621 1862 4676 in
1892 4628 2089 4693 poste-

382 4719 536 4768 rum,
561 4706 901 4760 sententiam
940 4707 1090 4762 ferre
1129 4708 1190 4762 in
1226 4713 1500 4780 promptu
1538 4712 1685 4763 esset
1723 4710 1816 4771 (De
1851 4713 2051 4766 Haeres.
2072 4752 2085 4779 ,

381 4794 652 4862 Prae/tit).
684 4793 749 4848 Id
779 4794 1003 4850 consilii
1031 4812 1299 4868 magnam
1327 4813 1461 4852 sane
1490 4797 1791 4853 utilitatem
1822 4800 2086 4871 praefere-

379 4884 496 4945 bat,
530 4880 812 4952 siquidem
851 4883 992 4939 illud
1035 4886 1241 4940 adduci
1269 4886 1545 4957 potuisset
1588 4886 1661 4942 ad
1707 4888 1953 4944 exitum:
1988 4891 2085 4946 sed

385 4986 476 5025 res
501 4975 623 5026 erat
658 4970 992 5042 plenissima
1032 4973 1403 5043 difﬁcultatis,
1440 4992 1569 5030 cum
1613 4977 1896 5048 generalis
1930 4979 2090 5033 nulla

379 5061 600 5132 regula,
645 5059 773 5131 quis
818 5060 1174 5117 deﬁniendus
1205 5062 1287 5131 sit
1313 5064 1618 5119 haereticus
1666 5066 1962 5121 ostendere
1992 5083 2087 5122 va-

384 5150 518 5217 leat,
552 5164 621 5204 eo
653 5148 805 5220 quod
835 5164 951 5203 non
999 5165 1530 5207 omnemerrorem
1577 5154 1789 5209 habere
1831 5158 2092 5225 oporteat

378 5254 485 5309 pro
511 5237 738 5295 haeresi.
766 5240 814 5293 A
833 5236 1055 5293 Christo
1074 5254 1240 5310 passo
1271 5240 1341 5296 ad
1364 5243 1526 5297 suam
1550 5258 1731 5315 usque
1750 5244 2088 5299 memoriam

388 5329 680 5401 octoginta
701 5333 826 5384 octo
853 5328 1099 5384 hereses
1117 5328 1177 5382 in
1210 5329 1398 5401 primo
1427 5332 1573 5387 libro
1605 5338 1941 5389 enumerat:
1992 5350 2087 5389 ne-

382 5433 495 5487 que
535 5418 774 5488 proinde
834 5421 1120 5492 quotquot
1160 5434 1222 5471 re
1283 5430 1558 5490 unquam,
1609 5425 1725 5477 aut
1771 5438 1970 5477 earum
2009 5423 2079 5478 de

386 5504 597 5575 quibus
622 5508 904 5577 loquitur,
932 5509 1206 5580 dogmata
1249 5509 1445 5563 omnia
1473 5526 1533 5565 se
1581 5511 1930 5567 recensuisse
1976 5511 2082 5566 sibi

2210 361 2536 432 persuadet,
2570 360 2724 432 quod
2754 376 3026 431 superare
3047 361 3358 415 humanam
3388 365 3541 432 putat
3564 365 3829 423 facilitatem

2214 449 2400 521 (lbid.,
2424 450 2715 521 perorat).
2754 451 2892 514 Quae
2914 447 3066 514 dicit,
3091 465 3159 503 ea
3183 448 3530 520 potissimum
3552 467 3611 507 ex
3636 450 3831 525 Epipha-

2212 540 2332 608 nio,
2363 556 2535 611 quem
2558 544 2754 593 tamen
2768 555 2885 594 non
2899 554 3311 610 usquequaque
3337 538 3595 610 sequitur,
3613 540 3830 598 desumit.

2213 627 2354 683 Huic
2387 626 2755 683 Philastrium
2790 643 3023 699 quoque
3049 644 3114 681 ac
3144 627 3450 681 Eusebium
3478 644 3508 681 a
3534 629 3719 683 Ruﬁno
3743 648 3837 684 con-

2211 732 2460 784 versum,
2492 732 2666 787 quem
2699 715 2893 770 dedita
2923 731 3099 786 opera
3126 715 3354 770 videtur
3382 716 3453 770 ob
3479 716 3579 771 hoc
3602 716 3764 789 ipsum
3783 720 3836 773 le-

2212 815 2383 885 gisse,
2413 814 2717 885 adjungit;
2752 813 2821 868 iis
2849 817 3130 885 praeterea
3158 812 3427 868 adhibitis
3461 814 3837 883 cognitionibus,

2211 920 2349 975 quas
2383 918 2485 974 per
2513 920 2572 956 se
2600 902 2710 957 sibi
2738 905 3187 973 comparaverat.
3225 903 3510 955 Postremo
3531 902 3643 956 loco
3668 919 3839 957 memo-

2212 997 2297 1046 rat
2326 990 2660 1061 Pelagianos
2693 1007 2706 1043 :
2740 990 2995 1045 nondum
3015 990 3152 1043 satis
3183 991 3526 1060 exploratam
3546 990 3735 1046 habens
3759 1009 3838 1045 no-

2209 1095 2338 1134 vam
2368 1079 2630 1134 hwresim
2700 1078 3186 1133 Nestorianorum.
3226 1078 3457 1132 Librum
3486 1095 3659 1144 suum,
3688 1083 3834 1133 statim

2210 1173 2378 1240 atque
2403 1167 2666 1222 ultimam
2692 1168 2776 1222 illi
2798 1183 3035 1221 manum
3052 1167 3341 1238 apposuit,
3357 1167 3425 1221 ad
3450 1168 3835 1232 Quodvultdcmn

2211 1276 2279 1313 eo
2309 1257 2683 1313 deferendum
2707 1256 2944 1322 curavit,
2975 1260 3041 1309 ut
3068 1272 3199 1309 cum
3222 1256 3345 1323 ille,
3364 1260 3485 1309 tum
3504 1254 3595 1308 alii
3617 1255 3707 1325 qui
3722 1272 3837 1309 eum-

2209 1346 2341 1400 dem
2387 1352 2541 1400 esset
2582 1344 2803 1410 lecturi,
2852 1344 2985 1399 inde
3036 1343 3430 1398 vehementius
3467 1344 3838 1397 accenderentur

2208 1434 2276 1488 ad
2306 1433 2727 1504 implorandam
2759 1450 2789 1487 a
2834 1434 2947 1487 Deo
2991 1432 3239 1504 gratiam
3271 1448 3334 1486 ac
3366 1433 3564 1500 lucem,
3614 1432 3761 1502 queis’
3788 1433 3838 1485 ad

2206 1522 2445 1577 alteram
2472 1528 2714 1593 partem,
2751 1522 2914 1592 cujus
2952 1526 3108 1575 tanta
3146 1525 3267 1574 erat
3298 1520 3507 1575 utilitas
3549 1521 3734 1583 futura,
3768 1521 3839 1575 ab-

2207 1611 2535 1670 solvendam
2567 1627 2712 1682 opus
2763 1610 3031 1666 habebat.
3066 1610 3172 1665 Sed
3227 1610 3386 1664 illam
3438 1615 3499 1664 ut
3526 1609 3842 1664 conscriberet

2207 1701 2292 1754 vel
2317 1699 2636 1771 perﬁceret,
2663 1699 2923 1753 divinum
2976 1699 3284 1753 consilium
3325 1715 3439 1752 non
3476 1698 3726 1768 concessit
3753 1713 3765 1751 :
3789 1698 3840 1753 ob

2204 1789 2533 1861 idqueliber
2546 1789 2617 1845 de
2648 1788 2970 1845 Haaresibus
2999 1806 3032 1843 a
3060 1788 3322 1844 Possidio
3340 1787 3710 1859 imperfectum
3733 1803 3840 1858 opus

2205 1880 2546 1950 appellatur.

2275 1971 2326 2022 5.
2360 1967 2609 2038 Epistola
2636 1983 2764 2038 quae
2811 1965 3086 2036 inscripta
3134 1969 3242 2032 est,
3291 1966 3494 2035 Alypio
3521 1968 3645 2031 seni,
3679 1964 3741 2018 ad
3763 1964 3840 2017 hoc

2202 2057 2321 2113 fere
2349 2060 2581 2127 tempus
2610 2054 2863 2127 pertinet
2895 2071 2908 2109 :
2942 2054 3049 2109 nisi
3070 2055 3219 2109 forte
3261 2053 3409 2108 alius
3438 2053 3541 2107 iste
3568 2052 3636 2106 sit
3664 2053 3726 2107 ab
3750 2051 3839 2121 epi-

2204 2162 2377 2218 scopo
2406 2144 2758 2216 Tagastensi,
2791 2143 2891 2215 qui
2919 2143 3174 2214 profecto
3204 2143 3278 2197 ad
3297 2142 3596 2214 provinciae
3616 2139 3839 2195 Numidia

2203 2236 2544 2290 decanatum
2588 2249 2686 2288 seu
2718 2231 3035 2303 primatum
3067 2232 3174 2286 hac
3223 2232 3461 2286 demum
3497 2234 3647 2285 aetate
3685 2242 3839 2301 perve-

2202 2323 2376 2390 nisse,
2402 2338 2517 2377 non
2547 2327 2764 2376 temere
2785 2319 3162 2375 existimetur.
3189 2322 3471 2376 Ceterum
3494 2334 3704 2391 quoquo
3726 2332 3838 2371 anno

2204 2415 2431 2466 exarata
2442 2409 2616 2466 fuerit
2638 2409 2900 2481 epistola,
2925 2426 3045 2464 rem
3072 2409 3355 2464 memoria
3373 2409 3599 2477 dignam
3620 2406 3718 2462 illic
3739 2406 3837 2475 Aly-

2201 2501 2297 2572 pio
2328 2503 2520 2554 narrat
2546 2500 2896 2569 Augustinus
2924 2498 2983 2552 in
3013 2499 3136 2553 haec
3163 2498 3341 2553 verba
3371 2514 3386 2554 :
3416 2497 3685 2553 Archiater
3716 2498 3835 2549 etiam

2202 2592 2490 2645 Dioscorus
2514 2589 2844 2642 Christianus
2871 2588 3045 2656 ﬁdelis
3073 2591 3171 2652 est,
3205 2587 3372 2641 simul
3395 2588 3624 2653 gratiam
3653 2597 3839 2637 consecu-

2205 2683 2326 2742 tus;
2356 2677 2494 2731 audi
2532 2679 2695 2730 etiam
2723 2675 3174 2744 quemadmodum
3202 2690 3216 2729 :
3244 2690 3418 2743 neque
3458 2675 3593 2729 enim
3631 2671 3838 2728 cervicula

2202 2766 2301 2818 illa
2323 2765 2408 2818 vel
2447 2766 2658 2832 lingua,
2698 2766 2811 2819 nisi
2852 2765 3036 2832 aliquo
3079 2764 3339 2834 prodigio
3380 2764 3690 2818 demoretur.
3730 2759 3837 2815 Filia
3940 2764 3945 2775 ’

2202 2854 2318 2921 ejus
2344 2856 2404 2907 in
2422 2850 2542 2921 qua
2569 2854 2733 2907 unica
2766 2852 3155 2921 acquiescebat,
3194 2853 3512 2921 aegrotabat,
3538 2855 3587 2906 et
3615 2864 3757 2918 usque
3785 2845 3839 2900 ad

2204 2946 2369 2996 totam
2398 2944 2825 3010 desperationem
2853 2942 3049 2997 salutis
3079 2941 3417 3011 temporalis,
3448 2926 3617 2995 eodem
3642 2940 3741 3007 ipso
3757 2950 3837 3004 pa-

2203 3035 2285 3085 tre
2307 3031 2672 3095 renuntiante,
2700 3032 2968 3099 pervenit.
3000 3031 3217 3084 Dicitur
3244 3045 3392 3099 ergo,
3423 3033 3475 3084 et
3503 3029 3723 3092 constat;
3751 3036 3836 3077 cum

2200 3121 2338 3173 mihi
2359 3120 2452 3173 hoc
2480 3124 2530 3172 et
2552 3123 2677 3172 ante
2695 3120 2897 3184 fratris
2930 3118 3089 3172 Pauli
3109 3118 3351 3172 reditum
3371 3132 3535 3173 comes
3549 3115 3833 3182 Peregrinus,

2200 3211 2293 3264 vir
2304 3207 2601 3262 laudabilis
2612 3212 2663 3260 et
2679 3207 2805 3261 bene
2822 3209 3177 3275 christianus,
3203 3210 3305 3276 qui
3331 3223 3451 3261 cum
3471 3207 3543 3260 eis
3565 3204 3728 3260 eadem
3743 3206 3836 3255 tem-

2196 3313 2329 3367 pore
2375 3297 2687 3366 baptizatus
2728 3300 2825 3362 est,
2868 3296 3133 3350 indicarit
3163 3312 3174 3348 :
3208 3295 3418 3350 dicitur
3456 3308 3574 3360 ergo
3610 3292 3689 3346 ille
3718 3303 3839 3344 um

2206 3387 2422 3441 tandem
2461 3401 2742 3441 conversus
2790 3384 2865 3438 ad
2901 3384 3311 3454 implorandum
3359 3384 3557 3441 Christi
3588 3381 3837 3435 misericor-

2200 3476 2373 3543 diam,
2403 3479 2525 3528 voto
2560 3488 2615 3527 se
2642 3473 2928 3540 obligasse,
2974 3474 3339 3528 christianum
3365 3475 3502 3539 fore,
3531 3474 3578 3525 si
3604 3470 3736 3524 illam
3756 3465 3836 3519 sal-

2199 3579 2324 3618 vam
2352 3562 2574 3617 videret.
2608 3564 2828 3618 Factum
2847 3566 2945 3616 est.
2977 3562 3053 3616 At
3078 3563 3169 3616 ille
3200 3561 3349 3630 quod
3378 3563 3607 3624 voverat,
3634 3557 3837 3610 dissimu-

2202 3650 2357 3707 labat
2386 3651 2686 3705 emsolvere:
2716 3650 2812 3705 sed
2837 3650 3017 3704 adhuc
3046 3664 3239 3704 manus
3274 3650 3499 3704 excelsa.
3529 3649 3660 3704 Nam
3691 3656 3835 3712 repen-

2202 3743 2318 3794 tina
2354 3741 2590 3794 caecitate
2628 3739 2970 3808 sufunditur
2989 3753 3006 3808 ;
3053 3741 3353 3809 statimque
3392 3740 3533 3792 venit
3568 3738 3622 3789 in
3661 3734 3836 3787 mentem

2197 3827 2340 3882 unde
2385 3827 2528 3881 illud
2556 3831 2671 3881 est:
2705 3828 3031 3881 exclamavit
3052 3829 3341 3895 confitens,
3374 3831 3536 3894 atque
3573 3825 3741 3878 iterum
3767 3830 3836 3870 vo-

2197 3918 2299 3982 vit,
2333 3931 2388 3970 sc
2416 3920 2625 3985 recepto
2673 3915 2874 3969 lumine
2912 3915 3261 3983 impleturum
3309 3929 3420 3969 esse
3472 3910 3611 3981 quod
3647 3904 3833 3961 voverat.

2198 4008 2436 4075 Recepit,
2468 4006 2744 4074 implevit;
2786 4010 2837 4059 et
2866 4004 3045 4058 adhuc
3076 4019 3269 4058 manus
3303 4004 3530 4058 excelsa.
3584 3993 3835 4067 ngbollmI

2195 4108 2302 4147 non
2348 4097 2607 4157 tenuerat,
2633 4096 2730 4147 aut
2767 4094 3002 4159 fortasse
3024 4096 3198 4146 tenere
3221 4093 3584 4155 recusaverat,
3624 4091 3669 4139 et
3693 4098 3738 4138 se
3760 4092 3835 4133 non

2192 4184 2435 4252 potuisse
2462 4186 2814 4236 accusaverat
2843 4199 2860 4235 :
2890 4184 3031 4235 Deus
3059 4180 3296 4235 viderat.
3318 4183 3440 4235 Jam
3469 4183 3578 4234 tum
3602 4176 3709 4245 post
3728 4170 3835 4236 [θεία

2200 4272 2383 4325 omnia
2409 4272 2730 4339 receptionis
2760 4285 2889 4335 sua,
2949 4272 3006 4323 in
3028 4271 3338 4338 paralysim
3370 4269 3591 4324 solvitur
3614 4260 3771 4318 multis
3792 4268 3836 4306 ac

2193 4374 2328 4428 pene
2351 4358 2595 4413 omnibus
2632 4358 2903 4426 membris,
2946 4363 2995 4411 et
3034 4359 3198 4413 etiam
3241 4358 3453 4426 lingua.
3502 4357 3637 4410 Tunc
3676 4343 3835 4403 somnio

2198 4448 2508 4515 admonitus
2532 4449 2814 4515 conﬁtetur
2840 4462 2937 4516 per
2956 4448 3312 4516 scripturam,
3346 4447 3410 4501 ob
3441 4447 3533 4499 hoc
3559 4441 3657 4497 sibi
3676 4437 3835 4491 dictum

2197 4551 2308 4591 esse
2336 4536 2618 4603 accidisse,
2640 4535 2786 4605 quod
2803 4535 3104 4605 symbolum
3122 4551 3227 4589 non
3250 4534 3570 4590 reddiderit.
3598 4529 3705 4584 Post
3721 4522 3835 4577 illam

2197 4627 2579 4692 confessionem
2627 4624 2933 4679 redduntur
2983 4627 3168 4693 ofﬁcia
3228 4626 3465 4678 omnium
3519 4616 3834 4675 memmi

2194 4715 2307 4769 nisi
2321 4712 2526 4780 lingua:
2554 4714 2757 4769 solius:
2790 4728 2846 4767 se
2888 4717 3065 4768 tamen
3101 4713 3360 4768 didicisse
3386 4709 3682 4780 symbolum.
3718 4697 3835 4752 ἱάεο·

2198 4819 2300 4873 que
2327 4804 2581 4857 memoria
2591 4803 2715 4872 jam
2727 4807 2919 4865 tenere,
2950 4803 3309 4857 nihilominus
3339 4804 3399 4855 in
3414 4798 3591 4854 eadem
3602 4788 3837 4848 imitatione

2196 4892 2395 4947 litteris
2418 4893 2605 4957 fassus
2633 4895 2712 4946 est
2741 4908 2756 4944 :
2783 4892 2965 4960 sicque
2989 4892 3160 4945 omnis
3189 4894 3267 4944 est
3305 4890 3373 4943 ab
3417 4903 3475 4943 eo
3500 4885 3662 4940 deleta
3700 4885 3835 4939 ’ταῦθ’

2198 4982 2368 5047 citas;
2403 4995 2542 5050 qua,
2564 4984 2624 5033 ut
2649 4981 2774 5045 scis,
2796 4980 3025 5034 multum
3046 4978 3384 5033 decolorabat
3398 4972 3683 5030 naturalem
3697 4973 3837 5057 quiutt

2198 5069 2326 5123 dam
2351 5069 2469 5137 ejus
2496 5068 2901 5137 benignitatem,
2933 5083 3156 5137 eumque
3184 5069 3533 5121 insultantem
3561 5053 3835 5117 Chrile

2194 5158 2436 5224 faciebat
2461 5157 2620 5212 valde
2637 5157 2961 5225 sacrilegum
2988 5159 3187 5226 (Epist.
3216 5157 3366 5223 227).

2861 5246 3091 5302 CAPUT
3141 5246 3231 5302 XI.

2202 5338 2221 5389 t
2250 5336 2569 5402 Bonifacius
2582 5349 2701 5389 cum
2721 5333 2971 5390 Placidia
2999 5335 3059 5388 in
3081 5335 3321 5401 gratiam
3348 5331 3489 5386 redit
3500 5326 3697 5397 filique,
3720 5325 3834 5411 pr?-

2270 5430 2350 5481 ter
2377 5427 2538 5493 alios,
2588 5429 2798 5491 agente,
2847 5429 2909 5479 ut
2945 5424 3240 5492 videbatur,
3289 5423 3452 5478 Dario
3474 5418 3647 5474 comite
3673 5427 3685 5477 ;
3711 5413 3833 5497 cf]?

2277 5489 2577 5568 amicitiam
2875 5489 3238 5579 Augustinus.
3285 5515 3319 5566 2
3341 5513 3526 5565 Victus
3550 5520 3584 5558 α
3612 5489 3833 5557 νωιάαιίε
