4028 6174
185 229 244 275 δῖ
261 229 290 275 3

259 345 567 410 Bonifacius
598 345 1166 414 Hipponem—Regium
1201 363 1255 400 se
1285 350 1504 418 recipit:
1539 365 1594 403 eo
1655 349 1893 403 Vandali

260 433 338 487 ad
362 449 471 487 eum
498 432 852 486 obsidendum
886 433 1204 487 admovent:
1240 437 1443 489 interea
1483 438 1663 493 morbo
1717 441 1892 493 corri-

253 525 414 592 pitur
431 521 791 589 Augustinus.
828 526 856 575 3
880 523 1155 577 Sanitates
1185 523 1452 579 divinitus
1477 529 1638 592 facta:
1666 527 1740 580 ad
1769 528 1891 582 Au-

253 610 464 677 gustini
485 624 670 678 preces
696 624 708 661 :
739 612 918 663 animo
962 615 1066 665 toto
1094 627 1150 664 se
1187 614 1438 680 lacrymis
1486 619 1536 668 et
1560 618 1893 684 paenitentia:

249 697 426 764 dedit,
465 703 525 751 ut
553 697 628 750 ad
647 700 854 751 exitum
883 715 936 752 se
963 706 1268 769 comparet:
1301 695 1564 766 moritur;
1607 720 1669 758 ac
1715 705 1890 758 oblato

239 802 346 854 pro
359 786 784 840 commendanda
797 802 913 856 ejus
937 788 1268 856 depositione
1295 790 1583 860 sacri/icio,
1606 793 1884 860 sepelitur.

241 877 276 929 4
311 885 519 929 Annus
548 876 723 929 obitus
757 879 1054 943 Augustini
1077 893 1089 930 :
1123 879 1217 932 hoc
1246 881 1363 948 ipso
1393 895 1534 932 anno
1560 879 1633 932 ad
1661 881 1886 949 Ephesi-

239 979 377 1017 nam
433 964 700 1034 synodum
759 981 790 1016 a
837 965 1126 1020 Theodosio
1177 968 1488 1022 vocabatur.
1541 971 1570 1020 5
1621 969 1888 1036 Hippone-

242 1054 418 1120 Regio
450 1053 580 1106 urbe
624 1054 908 1121 aliquanto
946 1061 1070 1122 post
1099 1061 1332 1124 tempore
1372 1056 1618 1110 incendio
1647 1061 1884 1121 vastata,

238 1146 642 1194 conservantur
668 1143 1019 1196 nihilominus
1042 1143 1240 1197 ibidem
1268 1147 1442 1213 ipsius
1471 1147 1678 1214 scripta
1702 1161 1715 1198 :
1749 1161 1886 1214 quo-

239 1244 367 1282 rum
414 1230 718 1284 indiculum
762 1231 1038 1285 Possidius
1100 1234 1230 1286 Vita:
1266 1233 1559 1301 cjusdema
1603 1249 1658 1286 se
1694 1234 1886 1287 litteris

239 1318 634 1372 commendata:
663 1317 944 1387 adjunwit.
992 1320 1134 1390 (\"id.
1171 1325 1308 1374 tom.
1341 1322 1439 1374 ult.
1487 1321 1656 1392 hujus
1699 1322 1880 1391 edit).

245 1409 296 1459 Ι.
351 1406 658 1476 Superiori
688 1423 838 1460 anno
895 1408 1247 1462 Bonifacium
1299 1409 1586 1476 comitem,
1642 1411 1883 1463 fortunae

169 1495 514 1564 temporalis
544 1496 833 1549 servanda:
861 1513 1047 1562 causa,
1083 1497 1412 1551 societatem
1440 1515 1570 1552 cum
1622 1495 1885 1552 Vandalis

165 1582 367 1636 iniisse
424 1583 709 1637 vidimus:
752 1588 1000 1638 attamen
1029 1586 1176 1638 Deus
1198 1585 1332 1638 satis
1366 1587 1586 1655 habuit,
1629 1587 1883 1641 decretas

166 1689 368 1742 poenas
397 1673 471 1727 ab
499 1673 690 1728 Africa
739 1692 841 1744 per
866 1675 1124 1746 iniquam
1155 1676 1391 1744 hujusce
1421 1677 1647 1730 comitis
1682 1679 1881 1730 volun-

169 1767 341 1815 tatem
376 1763 638 1833 exegisse
664 1779 678 1815 :
713 1779 846 1816 usus
886 1764 1039 1816 enim
1073 1770 1156 1817 est
1183 1764 1451 1818 adversus
1481 1781 1613 1818 eum
1643 1767 1883 1819 clemen-

167 1849 263 1913 tia,
290 1849 474 1921 eique
503 1850 752 1904 admissa
774 1867 872 1904 sua
905 1856 1210 1924 utcumque
1231 1852 1536 1921 reparandi
1556 1853 1881 1907 facultatem

166 1937 341 2002 dedit,
413 1938 604 2007 ipsum
659 1954 788 1991 cum
840 1939 1086 1992 Placidia
1133 1939 1524 1993 reconcilians.
1576 1941 1882 2010 Procopius

169 2025 454 2080 Bonifacii
485 2026 734 2080 reditum
773 2026 832 2078 in
863 2027 1103 2096 gratiam
1135 2032 1424 2097 acceptum
1459 2029 1630 2082 refert
1659 2045 1880 2094 eorum,

166 2131 306 2184 quos
336 2114 500 2169 idem
535 2114 593 2168 in
629 2114 774 2169 Urbe
796 2115 1059 2181 habebat,
1093 2115 1406 2170 amicorum
1437 2116 1658 2170 ofﬁciis.
1701 2116 1880 2170 Placi-

167 2201 257 2255 dia
291 2202 458 2256 Darii
482 2203 705 2256 comitis
739 2203 973 2258 forsitan
999 2220 1171 2274 opera
1197 2205 1254 2257 in
1288 2205 1458 2258 hocce
1507 2205 1734 2276 negotio
1782 2222 1882 2258 usa

168 2297 263 2344 est.
304 2293 361 2345 Is
411 2307 662 2362 namque
700 2297 832 2362 post
863 2293 1081 2346 editum
1112 2310 1263 2346 anno
1313 2294 1879 2364 quadringentesimo

170 2380 451 2450 vigesimo
483 2381 670 2450 primo
725 2381 1092 2436 Enchiridion
1127 2383 1194 2436 de
1228 2383 1382 2448 Fide,
1436 2384 1564 2454 Spe,
1598 2388 1654 2437 et
1685 2384 1876 2438 Chari-

172 2475 303 2538 tate,
334 2474 514 2540 atque
545 2470 746 2524 ultima
777 2470 1081 2540 Augustini
1111 2476 1274 2524 aetate
1315 2472 1464 2525 venit
1518 2471 1576 2525 in
1634 2471 1876 2526 Africam

169 2561 365 2627 (Epist.
405 2557 534 2627 231,
566 2576 620 2614 n.
656 2563 684 2612 7
711 2579 728 2625 ;
752 2563 929 2628 Epist.
953 2562 1078 2626 229,
1119 2577 1173 2613 n.
1213 2563 1292 2627 1);
1329 2568 1384 2614 et
1414 2578 1480 2614 eo
1515 2560 1717 2615 missus
1759 2567 1881 2615 erat

168 2647 234 2700 ad
264 2646 690 2700 consiliandam
725 2664 942 2718 pacem,
987 2648 1057 2702 ad
1092 2648 1305 2702 bellum
1347 2665 1481 2702 voce
1535 2663 1878 2718 componen-

165 2735 325 2803 dum,
351 2750 420 2787 ac
451 2750 869 2805 necupisquam
903 2735 1133 2806 sanguis
1163 2742 1553 2806 quaereretur:
1585 2753 1699 2806 qua
1729 2735 1784 2788 in
1819 2752 1878 2789 re

166 2822 332 2876 illum
365 2823 567 2876 asserit
591 2824 946 2894 Augustinus
967 2825 1148 2894 gloria
1169 2825 1524 2894 superiorem
1547 2841 1668 2877 esse
1697 2824 1880 2878 fortis-

168 2911 327 2965 simis
387 2916 442 2964 et
469 2911 814 2965 ﬁdelissimis
841 2911 1232 2978 bellatoribus,
1283 2912 1383 2982 qui
1428 2913 1541 2966 Deo
1579 2912 1694 2965 suis
1725 2913 1876 2982 ipso-

169 3016 295 3053 rum
331 2999 509 3053 armis
541 2999 877 3070 opitulante,
925 3002 1224 3071 fregerunt
1251 3000 1473 3053 hostem
1505 3000 1874 3065 indomitum,

167 3104 228 3142 ac
303 3087 641 3157 reipublica:
707 3087 1133 3159 provinciisque
1195 3088 1448 3159 quietem
1529 3093 1879 3160 pepererunt

171 3180 372 3247 (Epist.
407 3179 531 3242 229,
574 3193 610 3229 η
637 3179 713 3246 2).
747 3176 1100 3230 Bonifacium
1130 3183 1281 3230 certe
1330 3193 1460 3230 cum
1501 3177 1746 3246 Imperio
1792 3194 1879 3230 re-

169 3264 543 3318 conciliatum
575 3281 694 3318 esse
724 3271 964 3334 constat,
998 3282 1112 3319 non
1139 3281 1202 3318 ex
1234 3266 1510 3336 Procopio
1542 3265 1748 3328 solum,
1783 3282 1876 3319 ve-

171 3367 298 3405 rum
329 3352 504 3405 etiam
529 3368 595 3406 ex
617 3351 889 3418 Possidio,
911 3351 1180 3422 aquoille
1203 3369 1234 3405 a
1253 3352 1537 3420 Vandalis,
1562 3369 1712 3405 anno
1738 3352 1880 3405 vide-

169 3440 299 3494 licet
314 3439 886 3511 quadringentesimo
906 3440 1220 3511 trigesimo,
1243 3440 1387 3494 intra
1412 3441 1878 3512 Hipponis—Regii

170 3544 370 3582 muros
399 3527 662 3581 obsessus
679 3527 886 3582 dicitur
906 3530 1119 3598 (Possid
1149 3571 1161 3595 ,
1186 3531 1243 3582 in
1274 3531 1402 3584 Vita
1420 3531 1678 3598 August,
1707 3532 1874 3598 c.28).

173 3617 368 3687 Neque
401 3615 573 3669 etiam
603 3615 841 3670 dubium
888 3621 991 3679 est,
1034 3617 1249 3670 bellum
1279 3633 1310 3669 a
1353 3615 1542 3678 Dario,
1575 3617 1662 3670 sin
1688 3617 1878 3670 minus

170 3706 536 3771 exstinctum,
569 3707 768 3758 saltem
791 3704 1030 3758 dilatum
1055 3705 1247 3771 fuisse,
1275 3722 1337 3758 ac
1371 3705 1540 3775 mala,
1575 3722 1703 3777 quas
1741 3711 1874 3760 tunc

171 3795 238 3847 ad
271 3793 661 3847 calamitatum
696 3793 992 3847 cumulum
1022 3794 1388 3862 devenerant,
1438 3793 1624 3864 sopita
1675 3796 1872 3864 (Epist.

168 3885 296 3945 230,
331 3898 386 3935 n.
414 3883 484 3945 3).
507 3882 591 3936 Ab
609 3897 755 3935 anno
794 3886 982 3935 autem
1010 3881 1576 3953 quadringentesimo
1602 3882 1876 3953 vigesimo

170 3971 360 4040 primo
425 3972 580 4024 nulla
638 3971 854 4024 occasio
894 3971 1055 4024 nobis
1096 3971 1360 4039 occurrit,
1421 3971 1477 4024 in
1510 3988 1681 4042 quam
1735 3971 1875 4026 illud

170 4067 345 4130 queat
376 4068 507 4129 apte
540 4059 842 4130 quadrare,
898 4059 1008 4112 nisi
1060 4060 1312 4113 dicamus
1344 4060 1556 4113 huncce
1587 4061 1872 4127 comitem,

171 4149 308 4201 dum
332 4147 536 4218 agebat
557 4163 687 4201 cum
715 4147 1020 4213 Bonifacio,
1043 4147 1213 4201 simul
1246 4147 1418 4200 etiam
1451 4164 1577 4202 cum
1613 4149 1876 4202 Vandalis

171 4237 372 4307 egisse,
421 4253 642 4290 necnon
690 4253 818 4290 cum
876 4236 958 4290 eis
1010 4237 1206 4290 fecisse
1255 4237 1552 4290 inducias:
1585 4237 1690 4290 hac
1723 4238 1874 4292 enim

170 4325 304 4380 belli
336 4326 610 4380 dilatione
636 4326 782 4380 nihil
814 4325 969 4380 aliud
1007 4325 1234 4379 videtur
1280 4325 1608 4395 signiﬁcari.
1645 4327 1877 4396 Accepit

173 4414 373 4468 Darius
403 4414 557 4485 pacis
585 4415 842 4469 obsidem
873 4413 1181 4485 quemdam
1231 4413 1618 4480 Verimodum,
1667 4414 1873 4484 patria,

170 4509 452 4575 quantum
509 4506 837 4573 conjectura
897 4502 1027 4556 licet
1079 4502 1325 4573 assequi,
1385 4503 1728 4568 Romanum,
1779 4507 1875 4556 aut

170 4594 366 4646 saltem
389 4593 667 4647 afﬁnitate
701 4610 829 4646 cum
861 4591 1148 4646 Bonifacio
1185 4593 1445 4662 junctum
1471 4605 1483 4646 ε
1509 4592 1872 4663 quandoqui-

169 4682 296 4735 dem
327 4683 401 4735 ab
432 4682 752 4751 Augustino
784 4683 1084 4748 salutatur,
1119 4697 1289 4751 quem
1321 4685 1377 4734 et
1407 4680 1501 4735 ille
1552 4685 1752 4734 mutuo
1785 4697 1873 4734 re-

168 4772 398 4835 salutat,
417 4771 683 4841 quodque
697 4771 787 4825 sui
819 4769 1199 4838 meminisset,
1224 4769 1517 4840 impendio
1539 4771 1786 4840 gaudere
1815 4788 1874 4823 se

165 4859 503 4914 testiﬁcatur
527 4860 690 4928 (Ibid.
725 4866 774 4914 et
803 4863 987 4930 Epist.
1022 4862 1150 4928 229,
1184 4875 1240 4912 n.
1280 4863 1312 4912 2
1336 4861 1534 4929 ;Epist.
1557 4863 1682 4929 231,
1713 4876 1770 4912 η.
1791 4861 1869 4929 7).

169 4949 372 5002 Darius
398 4949 771 5002 christianam
803 4948 1146 5020 religionem
1167 4947 1276 5002 sibi
1296 4963 1328 5001 a
1347 4947 1658 5018 majoribus
1687 4953 1870 5001 trans—

165 5039 402 5091 missam
442 5038 860 5108 proﬁtebatur;
894 5054 998 5092 nec
1046 5043 1240 5092 tamen
1272 5056 1304 5092 a
1341 5055 1485 5092 vana
1513 5039 1871 5110 Paganornm

161 5126 567 5196 superstitione
615 5126 750 5180 satis
779 5127 1154 5182 abhorrebat:
1189 5128 1285 5181 sed
1319 5127 1464 5181 lecto
1496 5127 1731 5181 demum
1759 5129 1872 5180 Au-

163 5215 421 5287 gustino,
455 5215 697 5286 gentiles
719 5215 883 5284 ritus,
908 5220 971 5268 ut
986 5231 1281 5287 nunquam
1309 5217 1464 5282 alias,
1489 5215 1714 5271 abunde
1738 5215 1873 5270 affa-

161 5304 383 5375 timque
415 5305 762 5375 contempsit
795 5307 992 5374 (Epist.
1024 5307 1147 5372 230,
1188 5322 1240 5360 n.
1275 5307 1350 5376 4).
1397 5304 1545 5370 Quin
1586 5304 1757 5358 etiam
1799 5305 1868 5359 ad

139 5393 296 5446 ‘eum
326 5393 557 5462 pietatis
599 5393 841 5463 gradum
892 5394 1171 5463 pervenit,
1210 5397 1274 5447 ut
1301 5398 1527 5448 sanctus
1557 5394 1770 5448 Prmsul
1801 5393 1869 5448 de

163 5481 365 5533 eodem
391 5482 611 5534 locutus
632 5481 970 5550 reperiatur,
997 5486 1270 5551 tanquam
1301 5481 1370 5535 de
1390 5497 1601 5552 magno
1616 5482 1866 5552 quodam

1815 225 2024 280 LIBER
2083 226 2428 282 OCTAVUS.

3596 240 3698 294 574

2002 349 2140 413 viro,
2176 366 2208 401 a
2235 366 2348 420 quo
2378 350 2594 404 laudari
2615 369 2673 405 se
2705 352 2831 406 ideo
2864 355 3167 425 gaudebat,
3199 359 3353 428 quod
3386 360 3431 412 si
3462 369 3698 431 propter

2001 437 2288 492 Christum
2319 438 2579 510 diligeret
2604 457 2792 495 servos
2824 442 2946 511 ejus
2973 458 2985 507 ;
3019 459 3239 497 necnon
3269 445 3356 497 vir
3407 437 3610 513 bon-us,
3645 454 3701 501 et

1999 541 2116 579 non
2169 526 2226 580 in
2285 527 2604 597 superﬁcie,
2661 528 2755 583 sed
2791 528 2846 583 in
2879 530 3187 586 christiana
3239 533 3510 587 charitate
3555 541 3700 588 esset

1999 613 2340 668 ehristianus
2357 616 2560 686 (Epist.
2584 621 2709 683 231,
2738 635 2829 672 nn.
2849 623 2902 684 2,
2919 623 2989 684 6).
3011 620 3369 691 Quapropter
3387 621 3695 676 amicitiam

1998 704 2119 774 ejus
2159 703 2266 758 sibi
2297 721 2629 775 comparare
2682 712 2907 760 sanctus
2941 708 3039 761 Vir
3089 709 3284 779 magni
3315 712 3570 781 putabat.
3609 712 3698 766 Illi

1997 793 2066 845 de
2098 808 2235 862 pace
2265 792 2380 846 sive
2420 792 2683 858 induciis,
2719 812 2859 865 quas
2905 796 3135 862 fecerat,
3178 799 3529 868 gratulatum
3560 799 3696 852 scri-

1997 879 2109 950 psit
2141 880 2340 948 (Epist.
2366 881 2512 952 229),
2541 883 2891 952 voluptatem
2923 885 3171 937 fortassis
3203 885 3275 939 ob
3305 886 3363 938 id
3388 886 3695 942 maximam

2000 984 2112 1038 prie
2145 983 2204 1021 se
2226 968 2434 1033 ferens,
2461 970 2615 1040 quod
2633 971 2916 1024 resamico
2947 987 3050 1024 suo
3085 973 3371 1026 Bonifacio
3401 973 3697 1044 obtigisset

1994 1056 2166 1126 longe
2198 1057 2537 1124 gratissima.
2574 1058 2650 1110 De
2682 1058 2841 1111 libris
2872 1063 3061 1112 autem
3093 1061 3229 1127 suis,
3261 1061 3389 1114 illos
3419 1062 3555 1114 dicit
3586 1063 3695 1115 fur-

1995 1144 2140 1197 sitan
2189 1145 2298 1216 ipsi
2327 1162 2440 1199 non
2495 1145 2872 1216 displicuisse,
2904 1147 3218 1202 dummodo
3268 1149 3379 1203 illis
3428 1152 3692 1205 evolven-

1994 1232 2079 1286 dis
2135 1233 2263 1302 plus
2331 1233 2622 1287 charitatis
2678 1235 3047 1301 adhibuisset,
3106 1253 3280 1306 quam
3359 1239 3688 1293 severitatis.

1994 1320 2075 1374 Ad
2100 1326 2417 1374 extremum
2437 1327 2500 1375 ut
2529 1339 2585 1375 se
2610 1339 2711 1375 sua
2741 1323 2937 1393 aliqua
2967 1323 3208 1393 epistola
3237 1324 3506 1395 dignetur
3533 1328 3690 1398 petit.

1997 1409 2194 1462 Darius
2225 1409 2376 1463 illius
2405 1410 2685 1463 voluntati
2724 1427 2941 1464 morem
2985 1413 3193 1482 gessit:
3242 1431 3304 1467 ac
3350 1415 3694 1469 benevolen-

1992 1497 2130 1550 tiam
2163 1514 2294 1568 erga
2333 1499 2517 1551 virum
2545 1505 2801 1553 sanctum
2836 1517 2898 1553 ac
2930 1501 3353 1555 venerationem
3381 1505 3548 1572 plane
3580 1504 3692 1556 sin-

1991 1585 2252 1654 gularem
2279 1585 2481 1638 litteris
2511 1585 2876 1655 amplissimis
2908 1590 3144 1639 testatus
3185 1592 3268 1640 est
3304 1589 3498 1658 (Epist.
3550 1577 3690 1644 230).

1994 1674 2077 1727 lbi
2106 1690 2235 1744 quae
2265 1674 2334 1728 ad
2366 1689 2564 1743 pacem
2597 1675 3009 1728 conciliandam
3041 1682 3312 1746 gesserat,
3347 1677 3429 1730 illi
3474 1679 3697 1749 signiﬁ«

1991 1766 2099 1827 cat,
2132 1761 2347 1815 addens
2377 1777 2604 1832 sperare
2636 1779 2714 1826 se,
2748 1767 3006 1816 votorum
3046 1765 3303 1834 ejusdem
3350 1771 3520 1836 atque
3564 1785 3692 1820 ora-

1990 1850 2210 1903 tionum
2241 1849 2506 1920 prazsidio
2536 1851 2680 1918 fore,
2711 1856 2775 1904 ut
2817 1851 3035 1904 bellum
3063 1853 3217 1922 quod
3253 1853 3373 1922 ipse
3419 1854 3695 1909 duntaxat

1992 1937 2321 2003 distulisset,
2363 1937 2592 2008 penitus
2658 1939 2973 1992 tolleretur.
3029 1941 3104 1992 De
3162 1940 3402 1995 historia
3446 1943 3692 2012 Abagari

1991 2027 2340 2080 mentionem
2357 2026 2514 2091 facit;
2541 2031 2598 2080 et
2639 2031 2893 2080 sanctum
2915 2027 3239 2082 Antistitem
3270 2029 3604 2094 obtestatur,
3630 2037 3694 2084 ut

1991 2113 2060 2166 ad
2092 2129 2149 2167 se
2177 2114 2404 2180 scribat,
2429 2113 2714 2185 librosque
2737 2116 3168 2170 Confessionum
3198 2119 3688 2172 unatransmittat.

1993 2203 2116 2271 Ipse
2165 2218 2300 2255 vero
2353 2217 2456 2272 per
2511 2203 2784 2256 Lazarum
2837 2203 3232 2275 presbyterum
3275 2205 3585 2260 deferenda
3623 2207 3691 2260 ad

1991 2306 2121 2343 eum
2153 2290 2370 2343 curavit
2397 2290 2660 2360 quadam
2694 2291 3128 2357 medicamenta,
3158 2309 3286 2363 quae
3319 2294 3576 2364 ejusdem
3608 2312 3696 2348 va-

1988 2379 2302 2432 letudinem
2327 2380 2510 2432 levare
2547 2396 2711 2450 posse
2745 2380 3372 2436 medicus-afﬁrmaret:
3405 2383 3492 2437 his
3522 2399 3694 2453 pecu-

1989 2466 2146 2521 niam
2188 2483 2419 2539 quoque
2451 2467 2720 2537 adjecisse
2755 2468 2977 2522 videtur
3006 2510 3021 2539 ,
3051 2469 3121 2523 ad
3155 2471 3497 2524 coemendos
3540 2471 3695 2525 illius

1990 2556 2350 2610 bibliotheca:
2392 2556 2601 2622 libros;
2636 2557 2860 2610 tametsi
2892 2558 3000 2611 hoc
3052 2558 3280 2612 silentio
3333 2559 3692 2630 praeterierit.

1990 2645 2225 2698 Comitis
2255 2645 2399 2698 dona
2455 2649 2511 2698 et
2549 2645 2749 2698 laudes
2799 2650 2960 2715 grato
3002 2645 3192 2699 animo
3222 2647 3319 2700 Vir
3347 2653 3572 2702 sanctus
3602 2664 3692 2701 ac-

1989 2733 2177 2804 cepit;
2210 2733 2345 2804 quia
2373 2733 2584 2786 bonam
2607 2733 2793 2786 dantis
2823 2738 2878 2786 et
2899 2733 3186 2787 laudantis
3213 2739 3464 2789 mentem
3495 2753 3694 2806 argue-

1987 2822 2164 2875 bant:
2195 2821 2460 2892 quocirca
2489 2820 2538 2873 ei
2572 2826 2688 2873 tam
2720 2820 2953 2874 incitato
2993 2825 3224 2892 tamque
3263 2827 3460 2876 tenero
3489 2825 3690 2877 affectu

1989 2909 2298 2980 respondit,
2334 2907 2479 2962 utin
2505 2908 2609 2961 hoc
2640 2924 2672 2960 a
2713 2925 2814 2961 suo
2853 2923 3010 2961 more
3058 2908 3178 2979 ipse
3219 2910 3524 2964 recederet.
3572 2912 3692 2966 Non

1990 2997 2134 3050 solas
2173 2996 2569 3052 Confessiones
2602 2997 2672 3050 ad
2703 3012 2834 3050 eum
2855 2995 3044 3065 misit;
3068 2998 3164 3051 sed
3191 2997 3310 3068 ejus
3340 2999 3692 3068 postulatum

1987 3102 2256 3156 superare
2273 3085 2526 3155 cupiens,
2552 3085 2757 3156 adjecit
2778 3091 3028 3156 quatuor
3047 3089 3340 3152 tractatus,
3363 3087 3692 3158 quoslibros

1990 3182 2170 3242 vocat,
2198 3181 2271 3231 De
2297 3177 2408 3248 [ide
2436 3194 2615 3231 rerum
2637 3193 2756 3246 qua:
2777 3193 2881 3231 non
2905 3177 3178 3244 videntur,
3203 3179 3267 3231 de
3296 3180 3591 3246 Patientia,
3623 3182 3693 3233 Dc

1989 3267 2346 3332 Continentia,
2380 3269 2451 3318 De
2477 3265 2848 3332 Providentia,
2874 3282 3094 3320 necnon
3117 3267 3332 3335 grande
3353 3283 3498 3336 opus
3519 3270 3592 3321 De
3611 3269 3695 3321 Fi-

1987 3355 2071 3421 de,
2095 3357 2198 3425 Spe
2212 3360 2262 3408 et
2288 3354 2585 3420 Charitate,
2610 3354 2765 3425 quod
2788 3355 2955 3424 vulgo
2976 3354 3344 3408 Enchiridion
3366 3355 3694 3425 appellatur

1990 3446 2183 3512 (Epist.
2214 3446 2340 3508 231,
2373 3460 2426 3496 n.
2456 3445 2536 3510 7).
2572 3443 2770 3513 Rogat,
2804 3448 2868 3496 ut
2896 3443 3004 3496 sibi
3034 3459 3204 3496 suum
3231 3443 3299 3497 de
3329 3443 3481 3496 hisce
3525 3445 3692 3496 lucu-

1989 3531 2345 3585 brationibus
2365 3531 2672 3601 judicium,
2703 3531 2990 3602 siquidem
3021 3531 3146 3584 illas
3185 3532 3346 3602 prius
3373 3533 3558 3602 legere
3587 3547 3690 3600 po-

1992 3620 2182 3686 tuerit,
2214 3635 2383 3691 quam
2415 3618 2806 3690 proﬁciscatur
2855 3635 2919 3672 ex
2983 3619 3186 3687 Africa,
3237 3619 3544 3673 rescribat:
3606 3619 3691 3673 sin

1987 3712 2182 3762 autem
2212 3723 2392 3774 secus,
2420 3708 2560 3761 illud
2587 3708 2928 3778 Carthagine
2961 3709 3270 3779 relinquat,
3300 3709 3454 3762 unde
3500 3708 3687 3778 ipsum

1986 3797 2249 3851 Aurelius
2286 3795 2553 3851 dominus
2579 3813 2714 3850 suus
2743 3813 2808 3850 ac
2836 3797 3010 3850 frater
3038 3797 3106 3850 ad
3140 3813 3198 3851 se
3229 3797 3438 3851 deferri
3467 3797 3687 3868 jubeat.

2055 3889 2111 3940 2.
2147 3886 2466 3940 Bonifacius
2495 3886 2556 3938 in
2585 3885 2828 3956 gratiam
2880 3889 3140 3955 receptus
3187 3903 3220 3939 a
3251 3885 3516 3952 Placidia,
3551 3886 3686 3940 nihil

1987 3974 2335 4028 intentatum
2391 3974 2660 4044 reliquit,
2721 3979 2784 4027 ut
2829 3975 3134 4042 Vandalos,
3166 3991 3295 4028 cum
3337 3974 3544 4044 quibus
3576 3982 3688 4028 tam

1985 4062 2236 4116 strictam
2259 4062 2452 4116 iniisse
2467 4062 2797 4114 societatem
2815 4077 2947 4115 eum
2965 4062 3146 4115 serius
3168 4079 3333 4132 sequo
3355 4063 3686 4132 poenitebat,

1985 4168 2099 4222 qua
2150 4150 2440 4222 precibus,
2497 4167 2610 4221 qua
2667 4150 2988 4220 promissis,
3037 4151 3103 4205 ad
3173 4151 3554 4204 excedendum
3621 4167 3685 4203 ex

1984 4239 2177 4294 Africa
2208 4239 2566 4309 impelleret:
2602 4238 2698 4292 sed
2730 4239 2940 4292 frustra
2987 4239 3130 4304 fuit;
3181 4254 3354 4308 seque
3395 4237 3586 4291 deludi
3620 4239 3688 4292 ab

1985 4345 2050 4381 eo
2101 4327 2332 4382 Barbari
2378 4326 2674 4397 conquesti
2723 4331 2855 4380 sunt
2897 4328 3253 4395 (Procopius).
3301 4327 3497 4395 Itaque
3529 4342 3688 4380 arma

1983 4432 2204 4487 capere,
2239 4420 2408 4488 atque
2439 4415 2510 4470 ad
2562 4431 2658 4469 eos
2691 4415 2744 4469 vi
2792 4433 2856 4470 ac
2895 4415 3045 4469 ferro
3091 4413 3402 4484 ejiciendos
3449 4415 3687 4486 aggredi

1983 4511 2209 4559 coactus
2238 4510 2340 4559 est.
2392 4505 2600 4558 Verum
2631 4520 2762 4558 cum
2792 4519 3015 4568 manus,
3070 4503 3216 4555 forte
3259 4501 3381 4571 jam
3434 4503 3504 4556 ab
3549 4504 3685 4558 anni

1981 4591 2533 4664 quadringentesimi
2563 4590 2825 4662 vigesiini
2858 4591 2992 4643 noni
3033 4589 3210 4651 exitu,
3245 4605 3374 4643 cum
3404 4589 3518 4643 illis
3547 4609 3683 4646 con—

1984 4681 2272 4748 seruisset,
2327 4681 2528 4747 victus,
2573 4686 2745 4750 atque
2795 4678 3140 4748 Hipponem,
3184 4694 3311 4748 qua:
3362 4680 3495 4734 urbs
3549 4686 3685 4735 tunc

1983 4770 2255 4842 temporis
2287 4769 2470 4824 valida
2508 4773 2648 4834 erat,
2686 4784 2751 4820 ex
2793 4768 2927 4837 fuga
2984 4770 3178 4837 petere
3219 4768 3550 4838 compulsus
3577 4775 3680 4824 est.

1984 4862 2095 4914 Hoc
2113 4859 2282 4915 modo
2309 4861 2456 4914 Deus
2473 4873 2604 4912 eum
2617 4854 2936 4925 Augustino
2963 4871 2992 4908 e
3011 4854 3149 4908 vivis
3176 4854 3326 4909 haud
3356 4857 3538 4910 multo
3559 4863 3686 4928 post

1981 4950 2198 5004 exituro
2223 4947 2503 5003 reddidit:
2535 4943 2687 4999 unde
2717 4943 2848 4997 licet
2875 4942 3180 5010 existimes,
3220 4945 3368 4998 hanc
3408 4944 3518 5015 ipsi
3549 4961 3682 5015 gra-

1979 5038 2118 5092 tiam
2151 5039 2328 5092 Deum
2362 5034 2712 5106 impertitum
2747 5048 2889 5096 esse,
2921 5032 3075 5105 quod
3116 5033 3404 5101 eumdem,
3437 5033 3520 5086 uti
3559 5033 3682 5102 jam

1980 5142 2111 5180 cum
2145 5125 2412 5197 Imperio,
2441 5123 2520 5177 ita
2545 5137 2739 5176 secum
2766 5121 3133 5176 reconciliare
3164 5121 3538 5176 decrevisset:
3571 5120 3681 5174 sal-

1978 5221 2094 5270 tem
2136 5231 2253 5269 non
2281 5219 2383 5280 est,
2420 5229 2521 5268 cur
2550 5216 2808 5267 sanctum
2845 5215 3153 5267 Prsesulem
3186 5213 3356 5283 hujus
3385 5209 3466 5264 rei
3515 5225 3684 5264 causa

1981 5303 2138 5357 omni
2168 5319 2274 5374 ope
2301 5307 2586 5368 conatum,
2620 5319 2682 5355 ac
2711 5302 2999 5372 sapienter
3028 5308 3144 5356 tam
3175 5304 3497 5370 opportuna
3527 5314 3679 5352 occa-

1979 5394 2136 5447 sione
2164 5407 2330 5446 usum
2353 5389 2523 5445 fuisse
2554 5390 2869 5445 addubites.
2903 5392 3223 5461 Hipponem
3250 5403 3479 5457 quoque
3502 5387 3681 5441 Possi-

1979 5483 2109 5536 dius
2137 5485 2307 5551 atque
2334 5479 2430 5532 alii
2459 5480 2782 5550 complures
2827 5495 2856 5532 e
2887 5478 3084 5531 vicinis
3107 5475 3451 5529 antistitibus
3481 5477 3677 5529 confu-
