4028 6174
227 241 326 289 575

225 377 380 433 gere.
409 363 473 415 In
527 374 699 415 causa
749 358 861 414 fuit
914 357 1011 412 hic
1055 352 1329 411 Bonifacii
1379 368 1640 444 receptus
1688 372 1749 426 in
1808 388 1934 426 eam

230 450 454 515 urbem,
507 464 610 503 cur
657 449 817 504 illam
848 451 1085 507 Vandali
1139 456 1243 511 sub
1299 474 1435 529 rege
1484 476 1586 514 suo
1633 461 1937 519 Genserico

231 537 524 591 obsessum
574 537 836 592 venerint
888 538 1139 611 (Possid.,
1198 546 1257 598 in
1307 546 1435 600 Vita
1475 549 1733 615 August.,
1768 564 1815 602 c.
1846 547 1936 617 ‘28)

235 641 388 680 anno
421 624 986 697 quadringentesimo
1017 630 1335 700 trigesimo,
1387 635 1491 690 sub
1534 635 1747 690 exitum
1779 652 1938 690 men-

234 713 309 768 sis
338 713 478 767 maii
499 714 587 768 vel
612 714 765 784 junii
792 714 1047 778 initium,
1078 721 1307 788 quando
1339 721 1540 778 beatus
1559 724 1936 795 Augustinus,

237 801 340 873 qui
390 803 459 856 ad
507 818 743 872 superos
782 803 982 874 quinto
1012 806 1286 863 kalendas
1315 813 1654 881 septembris
1681 814 1938 885 ejusdem

239 890 377 943 anni
420 889 705 959 migravit,
739 892 905 945 tertio
938 894 1255 950 obsidionis
1288 914 1484 955 mense
1529 901 1588 955 in
1620 908 1939 963 extremum

238 977 443 1031 incidit
471 977 761 1046 morbum,
794 996 966 1049 quem
1015 982 1155 1037 duas
1198 990 1380 1041 tresve
1422 988 1828 1059 hebdomadas,
1878 999 1942 1047 ut

241 1067 409 1135 solet,
440 1066 674 1121 durasse
704 1068 1012 1124 verisimile
1040 1077 1124 1126 est
1146 1093 1161 1140 ;
1183 1090 1311 1128 cum
1340 1075 1387 1130 is
1417 1093 1604 1148 neque
1634 1077 1941 1132 diuturnus

233 1170 421 1225 neque
451 1154 677 1210 brevior
724 1157 897 1212 fuisse
939 1160 1446 1231 animadvertatur,
1492 1170 1664 1236 atque
1694 1164 1934 1219 aliunde

231 1247 452 1297 certum
508 1244 582 1298 sit
633 1246 899 1300 eumdem
960 1249 1108 1303 ultra
1157 1251 1354 1305 decem
1412 1253 1534 1307 dies
1596 1253 1941 1324 productum

230 1331 394 1403 (Ibid.
426 1349 470 1386 c.
508 1332 624 1403 3t).
686 1335 904 1403 Dolori,
936 1353 1109 1408 quem
1155 1346 1382 1396 sanctus
1435 1342 1648 1396 Prmsul
1693 1358 1759 1396 ex
1802 1342 1943 1396 alia-

231 1435 364 1475 rum
397 1420 602 1475 Al'ricae
628 1421 919 1477 civitatum
951 1425 1122 1479 ruina
1141 1434 1387 1499 ceperat,
1408 1434 1630 1485 tantum
1651 1429 1944 1500 augmenti

234 1524 299 1562 ex
350 1509 607 1580 proprias
663 1528 781 1566 sum
827 1513 986 1567 urbis
1026 1515 1323 1571 obsidione
1369 1520 1618 1586 accessit,
1665 1523 1942 1590 quantum

238 1596 402 1651 facile
476 1614 669 1653 secum
741 1601 981 1671 quilibet
1050 1604 1332 1675 conjiciat.
1388 1611 1557 1670 Tunc,
1622 1607 1702 1662 ait
1754 1607 1945 1661 Victor

235 1684 499 1753 Vitensis,
562 1688 705 1741 illud
759 1691 1090 1759 eloquentiae,
1146 1696 1291 1762 quod
1334 1696 1563 1750 ubertim
1614 1713 1715 1766 per
1767 1711 1943 1750 omnes

238 1790 452 1844 campos
504 1776 756 1831 Ecclesiae
801 1778 1139 1846 decurrebat,
1193 1785 1310 1852 ipso
1360 1789 1505 1839 metu
1557 1786 1821 1839 siccatum
1866 1788 1944 1839 est

232 1865 465 1930 ﬂumen;
529 1868 692 1932 atque
738 1865 961 1921 dulcedo
1015 1873 1308 1926 suavitatis
1354 1873 1566 1928 dulcius
1618 1875 1940 1943 propinata,

233 1953 294 2004 in
323 1951 746 2007 amaritudinem
758 1954 1024 2010 absinthii
1049 1973 1204 2013 versa
1235 1962 1554 2031 est(Victor.
1584 1963 1841 2027 Vitensis,
1867 1965 1939 2017 De

240 2040 450 2095 Perseo.
495 2040 735 2095 Vandal.
765 2043 857 2097 lib.
896 2048 946 2114 1,
971 2062 1026 2100 n.
1049 2048 1120 2116 3).
1146 2048 1420 2104 Eumdem
1439 2050 1712 2105 continuo
1734 2066 1945 2105 recrea-

232 2127 316 2181 vit
343 2127 455 2182 hoc
483 2129 771 2197 solatium,
803 2133 957 2202 quod
979 2139 1115 2189 tunc
1134 2137 1327 2207 plures
1343 2138 1663 2208 episcopos,
1686 2138 1943 2210 inqueiis

234 2216 583 2287 Possidium,
606 2218 1507 2293 discipulorumillustrissimum,
1521 2242 1714 2281 secum
1732 2228 1943 2282 habue-

233 2302 331 2357 rit.
361 2304 670 2372 Nobiscum,
704 2306 786 2361 ait
814 2307 928 2368 ille.
964 2310 1253 2381 super'his
1289 2313 1617 2369 infortuniis
1648 2317 1943 2384 saepissime

238 2392 693 2461 colloquebamur,
724 2399 777 2449 et
802 2398 900 2450 Dei
938 2401 1209 2454 tremenda
1223 2400 1439 2469 judicia
1471 2419 1590 2472 prae
1645 2405 1813 2457 oculis
1840 2419 1937 2457 no-

237 2482 370 2534 stris
399 2482 581 2549 posita
627 2484 1101 2541 considerabamus
1148 2488 1417 2544 dicentes:
1456 2510 1481 2540 ‹‹
1505 2494 1691 2546 Justus
1732 2508 1804 2558 es,
1851 2495 1943 2547 Do-

238 2568 399 2633 mine,
432 2573 482 2623 et
519 2575 723 2625 rectum
758 2572 1034 2641 judicium
1087 2580 1238 2630 tuum
1267 2596 1296 2628 »
1350 2578 1518 2649 (Psal,
1563 2595 1743 2645 cxviu,
1798 2579 1939 2649 137).

236 2658 562 2727 Pariterque
628 2659 883 2728 dolentes,
933 2671 1218 2731 gementes,
1295 2671 1345 2721 et
1398 2670 1579 2734 [lentes
1656 2670 1944 2722 orabamus

236 2748 650 2802 miserationum
702 2755 917 2818 patrem
975 2758 1023 2806 et
1088 2757 1255 2808 Deum
1325 2759 1496 2810 omnis
1543 2758 1943 2826 consolationis,

235 2839 295 2888 ut
339 2837 399 2889 in
451 2835 635 2890 eadem
685 2852 782 2893 nos
855 2840 1204 2897 tribulatione
1266 2844 1545 2899 sublevare
1599 2845 1940 2911 dignaretur.

237 2925 307 2979 Et
355 2925 500 2989 forte
538 2929 809 2994 provenit,
842 2932 904 2983 ut
943 2944 1055 2983 una
1095 2946 1214 2985 cum
1243 2932 1421 2986 eodem
1447 2932 1522 2986 ad
1548 2948 1786 2987 mensam
1814 2949 1945 2988 con-

232 3014 464 3079 stitutis,
498 3017 549 3067 et
604 3015 729 3068 inde
785 3018 1281 3086 confabulantibus,
1335 3021 1490 3075 nobis
1536 3021 1775 3076 diceret:
1835 3024 1945 3079 No-

234 3101 423 3154 veritis
452 3116 536 3154 me
562 3102 659 3155 hoc
684 3106 917 3173 tempore
951 3111 1149 3162 nostra:
1172 3109 1503 3163 calamitatis
1544 3109 1606 3162 id
1646 3112 1812 3164 Deum
1857 3126 1945 3164 ro-

234 3202 385 3255 gare,
441 3192 501 3241 ut
558 3192 657 3243 aut
689 3190 830 3244 hanc
858 3194 1131 3247 civitatem
1176 3195 1244 3248 ab
1272 3196 1510 3251 hostibus
1554 3197 1947 3251 circumdatam

236 3275 469 3329 liberare
500 3276 779 3343 dignetur,
808 3285 906 3334 aut
926 3283 975 3335 si
998 3283 1154 3337 aliud
1182 3284 1232 3337 ei
1252 3283 1489 3349 videtur,
1522 3300 1644 3339 suos
1676 3300 1853 3341 seruos
1873 3287 1949 3340 ad

231 3364 618 3432 perferendam
641 3381 797 3421 suam
824 3369 1152 3425 voluntatem
1169 3373 1339 3438 fortes
1365 3374 1562 3437 faciat,
1594 3377 1689 3427 aut
1718 3379 1856 3428 certe
1887 3380 1949 3428 ut

238 3467 321 3506 me
342 3452 409 3507 de
433 3453 528 3508 hoc
556 3455 749 3510 saeculo
778 3456 853 3510 ad
880 3472 937 3511 se
957 3461 1211 3528 accipiat.
1246 3459 1375 3525 Qua
1398 3458 1490 3515 ille
1515 3460 1717 3525 dicens,
1748 3477 1949 3531 nosque

242 3543 535 3609 instruens,
561 3542 812 3616 deinceps
844 3560 963 3600 cum
1009 3547 1189 3601 eodem
1218 3551 1269 3602 et
1294 3563 1410 3614 nos,
1442 3553 1494 3604 et
1536 3551 1712 3604 nostri
1748 3565 1946 3617 omnes,

236 3635 286 3685 et
333 3633 446 3701 ipsi
472 3635 572 3702 qui
611 3633 796 3689 eadem
823 3636 1048 3702 fuerant
1071 3639 1309 3701 civitate,
1342 3653 1377 3691 a
1407 3653 1613 3693 summo
1656 3640 1760 3693 Deo
1794 3641 1947 3693 simi-

241 3720 369 3773 liter
410 3722 737 3791 petebamus.
778 3726 849 3779 Et
876 3740 990 3778 ecce
1030 3728 1188 3780 tertio
1237 3727 1387 3781 illius
1436 3727 1732 3782 obsidionis
1773 3742 1951 3782 mense

237 3807 489 3863 decubuit
516 3810 762 3876 febribus
801 3814 1090 3879 fatigatus,
1139 3818 1189 3867 et
1237 3816 1337 3868 illa
1361 3816 1555 3869 ultima
1603 3817 1951 3870 exercebatur

241 3896 584 3962 aegritudine.
632 3900 739 3953 Nec
776 3914 933 3953 suum
974 3916 1104 3954 sane
1133 3905 1391 3957 Dominus
1439 3904 1711 3968 famulum
1763 3905 1950 3969 fructu

239 3998 351 4038 suae
364 3987 545 4053 precis
575 3984 888 4052 fraudavit.
918 3988 1060 4043 Nam
1079 3993 1130 4041 et
1156 3989 1264 4043 sibi
1291 3992 1417 4059 ipsi,
1445 3995 1495 4044 et
1518 3990 1689 4044 eidem
1714 3993 1945 4058 civitati,

243 4071 390 4141 quod
418 4072 735 4141 lacrymosis
777 4074 1083 4143 depoposcit
1118 4077 1387 4145 precibus.
1419 4080 1480 4131 in
1518 4083 1756 4147 tempore
1784 4081 1948 4148 impe-

243 4163 413 4216 travit
436 4161 692 4231 (Possid,
720 4164 779 4217 in
806 4164 936 4218 Vita
954 4164 1214 4231 August,
1237 4181 1311 4220 cc.
1334 4168 1423 4233 28,
1445 4168 1564 4236 29).
1595 4165 1811 4230 Quibus
1829 4182 1949 4220 ver-

243 4248 333 4304 bis
362 4250 422 4306 id
443 4249 696 4305 indicare
726 4250 952 4306 videtur
970 4252 1277 4321 Possidius,
1300 4254 1453 4325 quod
1472 4272 1503 4310 a
1528 4255 1805 4326 Procopio
1831 4260 1946 4309 tra-

254 4337 428 4407 ditur,
444 4339 624 4394 fessos
645 4339 993 4395 obsessionis
1029 4356 1191 4396 mora
1214 4342 1502 4407 Barbaros,
1541 4343 1614 4399 ab
1636 4359 1705 4398 ea
1718 4342 1949 4399 tandem

241 4427 539 4482 recessisse
563 4444 576 4484 :
608 4444 739 4499 qna:
771 4444 862 4484 res
885 4428 1099 4484 civibus
1126 4430 1449 4486 deserendae
1469 4431 1647 4497 urbis,
1675 4432 1828 4502 quod
1851 4448 1949 4485 eos

240 4515 440 4571 fecisse
472 4517 763 4573 Possidius
791 4517 892 4584 ait,
919 4534 983 4573 ac
999 4518 1199 4573 salutis
1229 4535 1348 4574 suae
1375 4520 1695 4575 asserenda;
1722 4520 1953 4576 faculta-

236 4607 354 4657 tem
378 4604 554 4660 dedit.

312 4695 363 4747 3.
405 4693 528 4747 Non
559 4693 804 4751 dubium
852 4700 938 4751 est
977 4695 1118 4769 quin
1179 4696 1465 4752 Possidius
1520 4697 1591 4752 ad
1635 4701 1953 4753 extremum

254 4780 408 4836 hunc
435 4782 702 4837 morbum
733 4785 913 4840 relata
941 4771 1184 4841 voluerit
1209 4802 1295 4853 ea,
1335 4802 1465 4858 qua).
1494 4785 1689 4858 paucis
1716 4786 1955 4858 interje-

247 4869 349 4924 ctis
380 4868 612 4939 subjicit
640 4871 701 4925 in
732 4872 854 4927 haec
882 4875 1057 4929 verba
1081 4891 1094 4929 :
1125 4876 1362 4945 Itemque
1392 4876 1574 4945 (novi),
1604 4874 1679 4929 ad
1695 4880 1958 4945 aegrotan-

247 4964 351 5013 tem
368 4962 420 5013 et
447 4958 577 5012 lecto
603 4964 884 5015 vacantem
912 4963 1211 5030 quemdam
1231 4978 1351 5017 cum
1379 4978 1475 5018 suo
1503 4967 1702 5031 aegroto
1729 4966 1952 5028 venisse,

244 5052 299 5103 et
324 5048 623 5117 rogavisse,
647 5053 713 5103 ut
740 5048 912 5104 eidem
935 5067 1156 5106 manum
1186 5053 1499 5122 imponeret,
1527 5067 1632 5122 quo
1654 5067 1821 5108 sanus
1847 5068 1959 5108 esse

146 5206 155 5211 ,
241 5142 456 5208 posset:
509 5152 736 5206 eumque
782 5138 1142 5207 respondisse,
1174 5142 1226 5195 si
1265 5141 1483 5209 aliquid
1528 5144 1589 5195 in
1641 5141 1726 5195 his
1756 5144 1955 5210 posset,

249 5228 359 5283 sibi
376 5228 472 5282 hoc
495 5227 684 5295 utique
704 5227 971 5295 primitus
994 5230 1371 5296 praestitisset:
1390 5233 1439 5284 et
1456 5231 1613 5284 illum
1629 5228 1854 5296 dixisse,
1875 5230 1957 5281 vi-

254 5317 481 5371 sitatum
533 5331 589 5371 se
632 5316 824 5383 fuisse,
876 5314 1089 5385 sibique
1114 5332 1214 5386 per
1257 5320 1528 5373 somnium
1575 5317 1782 5373 dictum
1809 5332 1953 5372 esse:

183 5460 193 5470 ,
254 5405 402 5459 Vade
433 5404 509 5459 ad
542 5404 915 5474 Augustinum
959 5406 1284 5473 episcopum.
1312 5410 1372 5460 ut
1412 5406 1582 5461 eidem
1606 5421 1827 5461 manum
1855 5407 1957 5459 im-

246 5496 441 5559 ponat,
475 5495 525 5546 et
544 5494 729 5549 salvus
752 5494 875 5548 erit.
904 5491 1062 5558 Quod
1085 5490 1215 5546 dum
1244 5497 1597 5563 comperisset.
1639 5496 1819 5561 facere
1856 5507 1961 5548 non

1450 233 1605 285 Vl'l‘A
1643 231 1698 282 S.
1740 230 2113 286 AUGUSTINI
2157 230 2484 285 EPISCOPI.

3648 240 3758 287 5Ἰῆ

2049 352 2295 416 distulit;
2328 358 2379 407 et
2407 354 2562 407 illum
2587 356 2861 421 inﬁrmum
2883 357 3133 409 continuo
3163 357 3418 411 Dominus
3450 372 3651 411 sanum
3690 357 3762 409 ab

2047 441 2225 496 eodem
2271 441 2545 495 discedere
2566 443 2703 508 fecit
2729 442 2919 509 (Ibid.,
2951 459 2997 497 c.
3030 443 3139 512 29).
3171 443 3367 499 Visum
3411 450 3499 498 est
3545 444 3765 499 divina:

2049 530 2369 584 clementia:
2396 530 2506 583 hoc
2535 530 2834 598 miraculo,
2861 533 3014 603 quod
3037 548 3141 603 per
3160 548 3293 586 eum
3314 532 3375 587 in
3400 534 3608 588 ultimo
3628 532 3767 590 vita

2048 620 2330 673 curriculo
2370 620 2740 690 perpetravit,
2779 623 2903 691 ejus
2931 622 2992 675 in
3039 621 3261 692 agendo
3292 622 3769 686 sanctimoniam,

2050 724 2274 765 necnon
2301 708 2360 762 in
2390 708 2688 762 scribendo
2721 709 3036 763 doctrinam
3068 726 3133 763 ac
3159 710 3429 781 pietatem
3467 712 3634 782 quasi
3667 712 3774 765 ob-

2049 796 2293 867 signare.
2352 799 2491 851 Nori
2543 812 2771 866 quoque,
2822 797 2903 852 ait
2943 798 3097 852 idem
3145 804 3359 860 auctor.
3415 801 3663 855 eumdem
3720 806 3774 854 et

2045 886 2423 956 presbyterum
2452 891 2503 939 et
2530 888 2855 956 episcopum,
2886 903 2988 956 pro
3019 888 3345 956 quibusdam
3385 891 3776 958 energumenis

2046 973 2387 1042 patientibus
2416 977 2477 1026 ut
2503 978 3224 1044 orarel,rogatum,eumque
3235 977 3294 1029 in
3318 980 3561 1031 oratione
3585 979 3700 1031 lacr
3714 995 3777 1044 y~

2050 1076 2168 1115 mas
2190 1061 2509 1127 fundentem
2538 1064 2703 1115 Deum
2726 1077 2962 1130 rogasse,
2988 1068 3039 1116 et
3067 1063 3327 1119 daemones
3357 1064 3424 1118 ab
3454 1065 3779 1119 hominibus

2052 1152 2330 1204 recessisse
2350 1148 2569 1219 (Ibid.).
2604 1150 3054 1204 Ethaecomnino
3076 1151 3146 1205 de
3172 1151 3548 1206 exterioribus
3568 1154 3775 1207 Sancti

2050 1237 2223 1308 hujus
2252 1237 2435 1291 nostri
2472 1237 2765 1292 miraculis
2813 1239 3089 1308 reperias.
3145 1241 3335 1295 Dicere
3372 1246 3547 1295 autem
3578 1242 3775 1299 nobis.

2048 1325 2239 1397 inquit
2296 1326 2604 1395 Possidius,
2658 1329 2799 1380 inter
2841 1329 3155 1394 familiaria
3199 1330 3462 1398 colloquia
3528 1345 3779 1384 consue-

2053 1420 2227 1481 verat,
2263 1421 2389 1485 post
2415 1422 2725 1485 perceptum
2752 1417 3112 1485 Baptismum,
3130 1421 3294 1471 etiam
3326 1419 3577 1472 laudatos
3598 1419 3777 1475 Chri-

2049 1506 2257 1559 stianos
2295 1510 2345 1558 et
2373 1504 2674 1559 sacerdotes
2715 1504 2918 1573 absque
2946 1505 3115 1572 digna
3145 1511 3195 1559 et
3242 1511 3556 1575 competenti
3578 1510 3787 1577 pmi—

2051 1596 2223 1648 tentia
2273 1596 2423 1646 earire
2451 1594 2517 1647 de
2565 1608 2782 1662 corpore
2826 1609 2931 1647 non
2983 1593 3189 1648 debere.
3219 1594 3371 1660 Quod
3398 1601 3447 1649 et
3485 1598 3603 1665 ipse
3628 1597 3789 1662 fecit

2050 1682 2270 1747 ultima,
2300 1696 2410 1748 qua
2440 1680 2728 1746 defunctus
2748 1685 2845 1747 est,
2860 1682 3220 1747 aegritudine:
3250 1698 3374 1735 nam
3400 1684 3505 1736 sibi
3513 1684 3791 1752 jusserat

2063 1770 2309 1824 Psalmos
2354 1768 2663 1830 Daridicos,
2710 1771 2809 1838 qui
2835 1775 2961 1823 sunt
2986 1772 3303 1838 paucissimi
3332 1771 3397 1825 de
3416 1775 3787 1841 panitentia,

2053 1858 2241 1924 scribi,
2273 1859 2527 1927 ipsosque
2562 1859 2942 1925 quaterniones
2964 1858 3153 1927 jacens
3184 1862 3243 1912 in
3269 1860 3397 1914 lecto
3429 1867 3619 1914 contra
3676 1876 3797 1928 pa-

2053 1948 2241 2000 rietem
2272 1949 2473 2015 positos
2504 1945 2691 1999 diebus
2716 1961 2827 2001 suae
2856 1949 3194 2015 inﬁrmitatis
3214 1949 3523 2003 intuebatur
3550 1954 3604 2002 et
3632 1951 3799 2019 lege-

2058 2036 2170 2101 bat,
2218 2039 2268 2088 et
2309 2034 2524 2103 jugiter
2564 2049 2627 2087 ac
2665 2034 2895 2088 ubertim
2922 2035 3114 2102 flebat:
3159 2040 3293 2090 etne
3328 2039 3551 2091 intentio
3579 2038 3719 2107 ejus
3756 2055 3797 2092 α

2055 2138 2325 2192 quoquam
2349 2123 2726 2192 impediretur,
2742 2127 2866 2177 ante
2887 2123 3174 2189 diesferme
3191 2125 3388 2194 decem,
3408 2141 3573 2195 quam
3595 2130 3797 2181 εει-ἱνα

2055 2212 2121 2266 de
2149 2226 2394 2281 corpore,
2434 2228 2468 2265 a
2504 2212 2658 2266 nobis
2680 2213 2979 2281 postulavit
2997 2214 3374 2283 praesentibus,
3426 2230 3491 2268 ne
3518 2218 3646 2284 quis
3707 2216 3799 2269 ad

2061 2316 2179 2355 eum
2210 2301 2606 2368 ingrederetur,
2633 2302 2745 2355 nisi
2771 2302 2841 2355 iis
2872 2306 3083 2355 tantum
3131 2303 3280 2356 horis
3331 2304 3524 2372 quibus
3570 2304 3800 2358 medici

2052 2389 2127 2442 ad
2166 2388 2564 2458 inspiciendum
2589 2392 2877 2452 intrarent,
2894 2391 2978 2443 cel
3000 2405 3119 2444 cum
3144 2394 3192 2443 ei
3207 2392 3426 2456 refectio
3446 2395 3796 2458 inferretur.

2057 2480 2127 2531 Et
2161 2478 2241 2530 ita
2265 2476 2605 2530 obseruatum
2635 2493 2697 2531 ac
2743 2480 2951 2543 factum
2980 2484 3086 2542 est;
3119 2484 3167 2531 et
3219 2481 3366 2533 omni
3398 2480 3486 2534 illo
3533 2487 3802 2552 tempore

2057 2565 2296 2621 orationi
2325 2564 2579 2618 uacabat.
2635 2566 2865 2619 Verbum
2897 2568 3014 2632 Dei,
3064 2582 3234 2636 usque
3281 2584 3344 2622 ac
3396 2571 3576 2638 ipsam
3613 2584 3800 2624 suam

2058 2656 2361 2706 extremam
2389 2651 2793 2721 azg-ritudinem,
2815 2656 3269 2724 impraetemiisse,
3290 2657 3546 2711 alacriter
3572 2664 3626 2712 et
3654 2661 3798 2725 for—

2056 2742 2182 2793 titer
2207 2754 2344 2793 sana
2367 2744 2540 2793 mente
2559 2755 2797 2809 sonoque
2816 2743 3039 2797 consilio
3076 2746 3135 2796 in
3158 2744 3398 2798 Ecclesia
3418 2745 3797 2813 praedicavit.

2062 2828 2317 2884 Membris
2340 2828 2584 2883 omnibus
2605 2832 2694 2883 sui
2714 2834 2952 2900 corporis
2981 2834 3284 2899 incolumis,
3315 2835 3804 2908 integrolaspectu

2062 2923 2228 2986 atque
2250 2918 2471 2984 auditu,
2502 2923 2572 2984 et,
2604 2923 2665 2973 ut
2694 2923 2958 2989 scriptum
2987 2928 3084 2987 est,
3116 2924 3268 2978 nobis
3296 2924 3604 2978 astantibus
3623 2929 3685 2979 et
3708 2928 3809 2979 ti-

2066 3005 2340 3071 dentibus,
2395 3012 2446 3059 et
2477 3022 2595 3060 cum
2634 3023 2691 3061 eo
2722 3011 2938 3077 pariter
2967 3010 3270 3075 orantibus,
3301 3010 3627 3066 obdormiuit
3654 3027 3805 3067 cum

2058 3094 2317 3163 patribus
2370 3097 2506 3161 suis,
2564 3098 2834 3150 enutritus
2886 3100 2954 3161 in,
2992 3099 3130 3152 bona
3175 3105 3474 3163 senectute;
3511 3106 3567 3154 et
3617 3103 3805 3155 nobis

2058 3198 2239 3237 coram
2306 3199 2411 3252 pro
2484 3184 2601 3252 ejus
2668 3186 3093 3239 commendanda
3147 3191 3387 3256 corporis
3440 3188 3808 3257 depositiame

2059 3274 2391 3340 sacriﬁcium
2446 3274 2550 3327 Deo
2604 3273 2843 3327 oblatum
2902 3279 3000 3341 est,
3057 3280 3109 3329 et
3159 3277 3401 3344 sepultus
3447 3280 3523 3331 est
3577 3278 3801 3340 (Ibid.

2056 3375 2099 3413 c.
2131 3361 2241 3428 3t).
2275 3362 2520 3430 Prosper
2549 3360 2619 3415 ad
2641 3377 2858 3415 annum
2898 3363 3107 3417 Christi
3139 3363 3801 3435 quadringentesimum

2058 3448 2440 3517 trigesimum,
2486 3448 2703 3504 scilicet
2740 3450 3060 3505 Theodosio
3109 3452 3399 3507 decimum
3445 3453 3693 3509 tertium
3732 3463 3803 3510 et

2063 3535 2465 3589 Valentiniano
2511 3537 2745 3591 tertium
2791 3539 3141 3608 consulibus,
3178 3540 3399 3596 obitum
3428 3542 3552 3611 ejus
3590 3544 3801 3598 refert

2058 3623 2149 3679 his
2180 3624 2365 3679 verbis
2392 3641 2404 3679 :
2436 3626 2780 3696 Augustinus
2812 3631 3091 3698 episcopus
3118 3645 3216 3699 per
3234 3645 3416 3684 omnia
3432 3632 3800 3689 excellentis-

2059 3715 2230 3768 simus
2259 3716 2491 3769 moritur
2517 3717 2706 3784 quinto
2738 3717 2994 3772 kalendas
3018 3718 3357 3787 septembris,
3382 3719 3535 3773 libris
3551 3720 3807 3776 Iuliani

2059 3805 2204 3856 inter
2250 3804 2465 3871 inpetus
2500 3804 2862 3860 obsidentium
2908 3806 3279 3861 Vandalorum
3312 3810 3369 3862 in
3398 3810 3512 3877 ipso
3554 3807 3797 3863 dierum

2061 3907 2279 3946 suorum
2313 3896 2419 3961 ﬁne
2471 3894 2819 3963 respondens,
2848 3900 2897 3949 et
2921 3897 3152 3962 gloriose
3180 3899 3240 3950 in
3268 3896 3573 3963 defensione
3617 3896 3802 3952 chri—

2061 3982 2254 4035 stians.v
2283 3984 2478 4047 gratia:
2512 3997 2858 4052 perseverans
2889 3983 3166 4054 (Prosper,
3198 3986 3257 4038 in
3285 3986 3478 4041 Chron.
3529 3984 3610 4038 ad
3637 4000 3798 4041 ann.

2058 4068 2204 4136 430).
2239 4070 2281 4123 Ε
2330 4068 2446 4123 vita
2500 4070 2773 4141 migravit
2799 4088 2982 4125 annos
3028 4078 3199 4127 natus
3253 4072 3611 4144 septuaginta
3652 4091 3800 4133 sex.

2066 4172 2317 4227 quorum
2349 4173 2534 4212 serme
2564 4159 2943 4230 quadraginta
2964 4160 3024 4214 in
3057 4160 3470 4215 obeundistum
3484 4162 3809 4233 presbyte.

2061 4249 2221 4299 ratus
2252 4250 2376 4300 tum
2411 4246 2774 4317 episcopatus
2803 4248 3007 4302 ofﬁciis
3030 4254 3311 4320 exegerat,
3334 4267 3367 4303 a
3397 4251 3531 4316 Deo,
3567 4250 3802 4306 videli-

2059 4339 2149 4389 cet
2177 4340 2295 4389 tam
2327 4335 2607 4405 producta
2645 4342 2810 4391 aetate
2836 4338 3104 4404 donatus,
3147 4344 3211 4393 ut
3238 4339 3495 4394 Ecclesiae
3530 4340 3803 4396 utilitati

2061 4430 2119 4480 et
2147 4425 2406 4480 felicitati
2456 4425 2711 4481 serviret.
2772 4430 3184 4496 Testamentum,
3233 4430 3420 4501 pergit
3455 4430 3800 4497 Possidius,

2059 4515 2273 4570 nullum
2297 4515 2465 4580 fecit;
2500 4518 2633 4585 quia
2657 4516 2799 4571 unde
2815 4520 3041 4583 faceret,
3064 4534 3279 4586 pauper
3305 4521 3404 4572 Dei
3426 4533 3529 4571 non
3551 4518 3795 4595 habuit.

2068 4605 2316 4659 Ecclesiae
2404 4603 2800 4671 bibliothecam,
2867 4620 3149 4674 omnesque
3212 4606 3415 4660 codices
3481 4605 3807 4675 diligenter

2060 4695 2296 4764 posteris
2322 4693 2698 4749 custodiendos
2718 4709 2926 4763 semper
2942 4694 3187 4763 jubebat.
3222 4695 3285 4751 Si
3310 4695 3449 4765 quid
3473 4710 3600 4749 vero
3618 4697 3805 4751 secta»

2063 4782 2151 4834 sia
2176 4779 2259 4834 vel
2288 4782 2347 4834 in
2390 4781 2698 4851 sumptibus
2742 4784 2799 4835 in
2850 4785 3177 4837 ornamentis
3235 4784 3445 4849 habuit,
3489 4782 3621 4852 ﬁdei
3642 4800 3799 4852 pre-

2064 4869 2290 4937 sbyteri,
2323 4871 2422 4938 qui
2451 4869 2550 4925 sub
2589 4870 2770 4925 eodem
2807 4871 2996 4926 domus
3034 4873 3281 4927 Ecclesiae
3308 4887 3495 4926 curam
3528 4873 3799 4942 gerebat,

2066 4957 2298 5023 dimisit,
2338 4972 2432 5012 nec
2465 4972 2590 5013 suos
2637 4962 3078 5028 consanguineos,
3122 4960 3207 5015 vel
3248 4962 3307 5015 in
3349 4962 3651 5031 proposito,
3700 4966 3805 5017 ττι

2066 5049 2227 5101 extra
2253 5048 2590 5110 constitutos,
2622 5050 2683 5101 in
2711 5062 2813 5102 sua
2840 5050 2963 5104 vita
2997 5054 3045 5102 et
3071 5053 3241 5103 morte
3283 5050 3438 5117 vulgi
3477 5062 3623 5104 more
3653 5055 3796 5106 tra—

2065 5137 2235 5190 ctavit
2263 5150 2278 5189 :
2310 5135 2528 5205 quibus,
2573 5135 2703 5190 dum
2731 5137 2909 5191 adhuc
2937 5141 3255 5206 superesset,
3287 5136 3347 5190 id
3382 5139 3433 5192 si
3473 5152 3608 5207 apus
3636 5139 3797 5206 fuit,

2068 5225 2214 5295 quod
2241 5229 2293 5279 et
2319 5227 2523 5280 caeteris
2548 5226 2805 5294 erogavit,
2831 5241 2939 5280 non
2958 5232 3017 5281 ut
3039 5226 3267 5280 divitias
3296 5225 3571 5288 haberent,
3589 5226 3691 5280 sed
3725 5235 3798 5283 ut

2066 5320 2165 5370 aut
2190 5331 2318 5382 non,
2350 5321 2446 5371 aut
2474 5330 2654 5370 minus
2697 5321 2927 5385 egerent.
2979 5317 3190 5374 Clerum
3227 5317 3790 5386 sufﬁcientissimum,

2068 5408 2118 5458 et
2145 5407 2475 5460 monasteria
2500 5406 2741 5459 uirorum
2770 5420 2833 5459 ac
2850 5407 3201 5471 feminarum,
3232 5404 3628 5459 continentibus
3650 5419 3792 5461 cum

2069 5495 2184 5547 suis
2207 5495 2519 5563 prapositis
2545 5493 2726 5562 plena,
2754 5493 3003 5549 Ecclesiae
3031 5493 3261 5559 dimisit,
3292 5508 3404 5547 una
3427 5508 3548 5548 cum
3575 5491 3786 5547 biblio-
