4028 6174
177 327 266 375 ζίἷῖ
1608 324 1768 378 LIBE

1608 324 1817 379 LIBER
1887 326 2069 381 ()tl'l‘A
2081 325 2237 382 VUS.

174 447 352 511 thecis,
377 441 542 497 libros
570 448 618 497 et
649 448 912 497 tractat-us
943 443 1026 496 vel
1052 458 1175 497 suos
1201 445 1284 497 vel
1304 447 1534 500 aliorum
1558 453 1865 502 sanctorum.

176 533 484 588 habentibus
507 531 819 600 (Possidius,
843 534 902 584 in
939 533 1062 586 Vita
1090 533 1407 600 Augustini,
1433 551 1478 589 c.
1505 536 1617 606 3|).

243 624 291 674 4.
341 621 694 674 Marcellinus
751 620 1057 690 Augustini
1111 621 1333 676 obitum
1389 639 1541 676 anno
1593 624 1868 695 quadrin-

175 709 485 782 gentesimo
539 709 814 779 vigesimo
864 725 1017 762 nono
1065 710 1421 780 consignavit
1472 714 1757 782 (Marcell.,
1813 717 1871 768 in

172 801 392 866 Chron.)
412 798 539 852 :sed
564 799 839 867 Prospero
863 813 992 851 eum
1009 814 1157 851 anno
1180 799 1749 870 quadringentesimo
1774 803 1871 855 tri-

168 888 382 958 gesimo
415 887 777 940 adscribendi
808 885 1220 946 testimonium.
1255 904 1368 958 quo
1396 888 1558 942 nobis
1589 890 1656 944 ad
1693 891 1870 944 sancti

171 977 433 1030 Praesulis
463 975 912 1030 consecrandam
941 976 1280 1030 memoriam
1311 993 1382 1030 ne
1416 978 1604 1047 optari
1635 979 1870 1050 quidem

169 1065 342 1135 possit
373 1067 557 1118 ullum
613 1065 767 1119 aliud
815 1065 1188 1134 splendidius,
1247 1067 1610 1136 suffragatur.
1649 1068 1872 1123 Etenim

169 1170 294 1208 cum
339 1154 811 1208 Nestorianorum
872 1153 1104 1206 haeresis
1148 1155 1531 1209 Theodosium
1573 1156 1867 1225 juniorem

169 1241 510 1311 impulisset,
532 1247 597 1295 ut
613 1240 1022 1296 mcumenicam
1041 1242 1322 1312 synodum
1346 1243 1634 1313 Ephesum
1665 1261 1869 1299 convo-

171 1335 335 1387 caret.
369 1347 616 1401 eamque
649 1331 720 1384 ob
753 1347 874 1384 rem
901 1330 1115 1384 litteras
1145 1331 1305 1385 daret
1335 1333 1404 1385 ad
1438 1349 1637 1386 omnes
1669 1338 1874 1387 metro-

170 1419 451 1486 politanos
481 1435 494 1485 ;
529 1419 870 1472 misitetiam
892 1420 949 1472 in
964 1419 1211 1474 Africam
1226 1421 1651 1492 perquemdam
1684 1422 1873 1493 magi-

171 1506 471 1567 strianum.
500 1508 592 1560 cui
621 1523 832 1561 nomen
865 1507 1116 1577 Ebagnio
1150 1509 1404 1573 (Liberat.
1440 1509 1610 1576 brev.,
1645 1526 1764 1580 cap.
1797 1513 1872 1580 ὅ),

171 1611 388 1648 sacrum
425 1595 762 1665 rescriptum
785 1595 1102 1666 Augustino
1136 1597 1445 1668 praecipue,
1470 1597 1526 1651 id
1553 1603 1657 1665 est,
1683 1599 1872 1668 potius

172 1700 338 1754 quam
357 1685 790 1755 Capreolotunc
807 1684 1081 1755 temporis
1097 1685 1551 1756 Carthaginiensi
1574 1688 1871 1758 episcopo,

172 1774 816 1841 destinatum(Caprcol.,
836 1775 1014 1842 Epist.
1047 1773 1121 1826 ad
1150 1774 1353 1840 Synod.
1384 1777 1608 1844 Ephcs.,
1633 1781 1793 1845 parte
1817 1778 1872 1842 2,

172 1867 270 1914 act.
306 1863 354 1930 l)
381 1878 395 1914 :
425 1877 544 1932 quo
576 1862 850 1931 rescripto
882 1861 1066 1927 illum,
1093 1866 1149 1914 ut
1173 1861 1437 1916 accedere
1468 1864 1539 1917 ad
1566 1864 1872 1917 concilium

172 1951 527 2021 dignaretur,
559 1950 832 2020 peculiari
852 1949 1075 2004 ratione
1117 1951 1351 2020 rogabat
1381 1952 1718 2021 Imperator.
1753 1952 1873 2016 Quo

175 2039 257 2092 hic
286 2040 406 2092 loco
450 2038 842 2108 Augustinum
886 2037 1143 2103 haberet,
1199 2037 1309 2091 alia
1357 2054 1590 2108 quoque
1623 2039 1874 2092 declarat

177 2127 423 2198 epistola,
459 2126 552 2180 his
583 2125 720 2197 ipsis
773 2125 1250 2196 metropolitanis,
1281 2142 1424 2196 quos
1474 2127 1544 2180 ad
1575 2127 1873 2181 concilium

178 2217 529 2277 invitaverat.
570 2231 764 2269 mense
791 2215 936 2285 julio
966 2215 1101 2268 anni
1143 2215 1434 2285 sequentis
1465 2215 1639 2269 missa
1671 2217 1871 2285 (Naris,

180 2306 309 2359 Hist.
336 2306 525 2371 Pelag.
556 2307 650 2358 lib.
684 2307 737 2370 2,
771 2304 991 2374 capiti).
1013 2304 1110 2357 Hic
1127 2303 1280 2358 enim
1294 2303 1641 2357 clarissimus
1664 2303 1873 2358 Praesul

178 2395 420 2464 proxime
448 2393 1156 2464 postThessalonicensem
1170 2391 1506 2460 antistitem,
1531 2397 1662 2446 ante
1677 2408 1876 2446 omnes

180 2485 351 2537 nudos
382 2481 883 2552 metropolitanos,
916 2481 1240 2535 collocatur.
1291 2481 1458 2535 Sacra
1510 2481 1875 2551 Imperatoris

181 2573 244 2625 ad
273 2570 765 2641 metropolitanos,
790 2570 1050 2639 signatur
1072 2570 1292 2623 decimo
1309 2570 1478 2623 tertio
1493 2569 1768 2623 kalendas
1783 2571 1876 2624 de-

181 2661 409 2715 cembris
441 2660 585 2715 anni
615 2658 1163 2731 quadringentesimi
1187 2659 1466 2728 trigesimi
1493 2659 1624 2713 data
1647 2659 1870 2728 (Concil.

180 2751 362 2818 Ephes.
416 2756 585 2819 parte
633 2753 680 2818 l,
725 2765 845 2804 can.
901 2750 1024 2814 32);
1083 2748 1439 2818 proindeque
1488 2747 1873 2818 Augustinum

169 2839 369 2908 ‘quinto
417 2839 700 2892 kalendas
749 2836 1089 2908 septembris
1137 2837 1273 2890 anni
1322 2836 1872 2906 quadringentesimi

183 2929 424 2999 vigesimi
456 2928 595 2982 noni
619 2927 847 2994 obiisse,
877 2928 1006 2996 jure
1040 2926 1246 2980 dixerit
1271 2941 1462 2979 nemo.

245 3019 438 3071 5.Post
460 3014 1110 3086 Augustinitransitum,
1139 3013 1574 3084 Hippo—Regius
1604 3013 1877 3067 Vandalo-

181 3121 300 3159 rum
329 3106 615 3160 sustinere
646 3104 895 3175 impetus
914 3103 1292 3173 perseveravit
1315 3119 1330 3157 :
1356 3101 1876 3172 etquamvisiipor-

185 3198 294 3247 tum
321 3192 976 3264 ipsuminterclusissent
1005 3191 1332 3260 (Possidius,
1359 3193 1415 3244 in
1454 3191 1578 3244 Vita
1608 3191 1872 3257 August.,

183 3296 222 3334 c.
249 3282 356 3350 28),
387 3297 690 3351 nunquam
718 3283 910 3332 tamen
942 3280 1164 3344 urbem,
1190 3295 1375 3348 neque
1402 3277 1474 3344 vi,
1508 3294 1697 3349 neque
1727 3278 1877 3332 dedi-

185 3368 326 3422 tione
351 3386 558 3441 capere
589 3374 903 3439 potuerunt
929 3385 940 3422 :
968 3368 1047 3422 ita
1076 3372 1139 3420 ut
1176 3372 1304 3438 post
1345 3367 1587 3437 longum
1619 3366 1869 3436 spatium

186 3458 246 3511 ad
274 3459 392 3529 ejus
415 3475 613 3512 muros
652 3459 809 3512 nullo
840 3473 1030 3528 operae
1076 3456 1279 3526 praetio
1311 3459 1738 3526 consumptum,
1777 3455 1875 3508 ob-

186 3548 485 3600 sessionem
515 3551 664 3600 totos
703 3547 882 3600 ferme
918 3544 1353 3616 quatuordecim
1405 3560 1628 3597 menses
1660 3543 1874 3614 produ—

185 3641 340 3702 ctam,
363 3636 640 3690 solverint
670 3636 1021 3704 (Procopius).
1083 3633 1239 3687 Haud
1290 3634 1469 3686 multo
1515 3637 1642 3702 post
1672 3632 1876 3685 libera-

187 3729 290 3777 tam
322 3725 623 3787 obsidione
657 3724 998 3794 Hipponem.
1035 3721 1352 3775 Bonifacius
1367 3727 1596 3790 accepto
1615 3720 1792 3774 Roma
1821 3724 1881 3774 et

188 3812 671 3884 Constantinopoli
696 3813 890 3867 valido’
904 3811 1179 3878 subsidio,
1210 3811 1429 3864 collatis
1459 3809 1638 3880 signis
1669 3809 1878 3863 iterum

186 3916 305 3955 cum
340 3902 608 3956 Vandalis
658 3901 953 3972 pugnavit,
985 3900 1080 3954 sed
1112 3916 1276 3969 mque
1322 3898 1537 3952 infelici
1569 3914 1828 3952 successu
1861 3915 1873 3951 :

185 3991 472 4061 proﬂigati
497 3990 733 4044 omnino
763 3991 920 4043 fuere
945 3988 1188 4043 Romani
1217 4005 1229 4054 ;
1265 3988 1408 4041 alius
1432 3987 1543 4041 alio
1572 3987 1771 4057 fugam
1794 4003 1880 4040 ca-

187 4079 430 4147 pessivit;
481 4079 804 4132 Bonifacius
851 4093 984 4131 vero
1033 4077 1094 4130 in
1143 4077 1367 4130 Italiam
1411 4078 1534 4130 vela
1569 4076 1700 4129 fecit
1731 4092 1880 4129 anno

188 4167 368 4221 salutis
398 4167 970 4239 quadringentesimo
1007 4165 1306 4235 trigesimo
1355 4164 1618 4218 secundo.
1665 4164 1878 4234 Hippo-

188 4268 377 4309 nenses
403 4257 569 4310 omni
599 4273 696 4325 spe
726 4253 1071 4309 defensionis
1099 4260 1223 4307 tum
1255 4253 1509 4317 demum,
1544 4257 1604 4305 ut.
1634 4269 1766 4306 vero
1798 4257 1882 4306 est

188 4342 381 4411 simile,
412 4344 694 4412 destituti,
725 4344 922 4397 urbem
958 4359 1117 4395 suam
1150 4343 1474 4394 deseruere.
1509 4341 1663 4393 Hanc
1688 4339 1881 4393 hostes

190 4427 439 4487 incendio
474 4433 824 4498 deleverunt,
867 4438 1093 4502 excepta
1132 4436 1346 4495 tamen,
1402 4445 1573 4500 quam
1623 4429 1879 4482 Ecclesite

189 4518 274 4572 Vir
310 4528 538 4576 sanctus
575 4521 902 4592 reliquerat,
962 4520 1328 4585 bibliotheca,
1383 4534 1512 4588 quae
1572 4517 1775 4571 mediis
1822 4517 1882 4572 in

192 4605 436 4663 flammis
457 4609 798 4680 Arianisque
831 4608 1090 4663 Barbaris
1121 4613 1453 4661 conservata
1485 4610 1605 4672 est;
1649 4607 1880 4677 quando

190 4695 469 4752 Possidius
494 4715 609 4764 eos,
642 4699 853 4770 quibus
883 4697 1039 4751 cordi
1061 4697 1232 4750 fuerit
1253 4695 1649 4751 cmendatiora
1678 4697 1882 4763 Augu-

189 4783 313 4839 stini
340 4787 693 4857 exemplaria
723 4789 908 4857 legere
939 4787 1026 4840 vel
1047 4785 1444 4850 transcribere,
1467 4785 1534 4838 ad
1563 4783 1884 4854 Hipponen-

190 4887 300 4926 sem
327 4877 503 4930 mittit
528 4875 930 4929 bibliothecam
963 4875 1281 4943 (Possidius,
1321 4876 1377 4926 in
1408 4875 1532 4927 Vita
1559 4874 1880 4939 Augustini,

189 4975 229 5013 c.
263 4965 344 5032 18)
377 4981 389 5017 :
426 4970 483 5018 et
521 4966 630 5018 hoc
657 4963 856 5035 utique
879 4963 1025 5029 fieri,
1057 4963 1167 5016 nisi
1190 4961 1463 5032 singulari
1496 4961 1594 5015 Dei
1614 4959 1882 5032 praesidio

191 5063 297 5102 non
326 5055 510 5122 potuit
541 5055 845 5119 (Baronius,
876 5052 950 5106 ad
975 5068 1106 5119 ann,
1153 5053 1280 5119 430,
1307 5056 1358 5104 et
1405 5053 1618 5116 Rivius,
1651 5053 1711 5102 in
1757 5051 1885 5103 Vita

192 5136 243 5191 S.
274 5139 510 5206 August.
541 5141 637 5194 lib.
668 5141 721 5204 4,
755 5157 875 5209 cap.
915 5144 999 5207 ll,
1031 5141 1057 5206 §
1089 5139 1410 5211 8).Invidus
1440 5138 1720 5200 diabolus,
1754 5153 1884 5191 cum

3577 339 3677 388 2378

1976 450 2122 503 tanti
2137 451 2390 504 Doctoris
2402 467 2574 520 opera
2585 467 2688 520 per
2705 453 2978 506 Vandalos
2991 454 3218 507 abolere
3232 455 3680 526 haudquaquam

1977 536 2264 604 valuisset,
2297 543 2360 592 ut
2378 555 2580 594 eorum
2609 541 2811 594 saltem
2837 541 3236 594 auctoritatem
3263 558 3330 595 ac
3360 542 3677 598 doctrinam

1981 617 2361 692 labefactaret,
2393 626 2577 680 varias
2607 632 2752 682 artes
2783 632 2840 682 et
2872 629 3186 683 caltunnias
3215 628 3493 696 adhibuit,
3538 647 3682 701 quas

1983 714 2173 767 multis
2202 714 2264 768 in
2287 715 2420 768 locis
2448 716 2682 770 diversis
2702 716 3031 771 horninibus
3059 717 3292 771 afﬂavit.
3317 717 3528 771 Verum
3560 735 3677 772 non

1980 801 2262 856 credimus
2285 804 2462 857 nostri
2494 820 2612 857 esse
2635 804 2902 870 instituti,
2927 821 2992 858 ea
3025 806 3092 859 de
3119 822 3178 858 re
3191 806 3297 859 hoc
3326 807 3449 860 loco
3480 806 3685 878 dispu-

1980 894 2119 956 tare,
2141 906 2617 962 neque_exponere
2640 893 3132 963 quemadmodum
3156 895 3208 947 ei
3226 895 3685 964 praestantissimi

1981 979 2306 1034 defensores
2335 980 2604 1035 contintto
2633 981 2693 1035 in
2724 983 3025 1053 Prospero,
3057 982 3369 1047 Hilario,ac
3384 983 3684 1038 leestino

1980 1083 2130 1137 papa
2150 1067 2421 1121 divinitus
2451 1068 2673 1123 excitati
2705 1075 2871 1134 sunt;
2907 1069 3059 1123 sicut
3087 1087 3190 1124 nec
3224 1071 3438 1136 laudes,
3474 1071 3686 1142 quibus

1982 1156 2247 1209 eumdem
2278 1161 2334 1210 et
2361 1156 2554 1210 vivum
2585 1161 2639 1210 et
2677 1163 2971 1211 mortuum
2999 1157 3104 1211 viri
3136 1159 3194 1212 in
3228 1159 3468 1213 Ecclesia
3496 1159 3686 1213 claris-

1982 1242 2111 1296 simi
2134 1243 2566 1310 decoraverunt,
2591 1245 2701 1298 huc
2733 1245 2792 1298 in
2823 1261 3087 1299 acervum
3123 1263 3457 1317 congerere.
3496 1248 3683 1301 Possi-

1981 1330 2107 1384 dius
2137 1332 2482 1386 Calamensis
2523 1332 2843 1402 episcopus,
2902 1333 3001 1404 qui
3039 1335 3163 1404 ejus
3207 1335 3269 1388 in
3310 1335 3685 1390 contubernio

1982 1435 2159 1472 annos
2183 1419 2361 1473 ferme
2383 1409 2766 1489 quadraginta
2790 1421 3009 1474 vixerat
3040 1422 3289 1490 (Possid,
3323 1425 3382 1476 in
3421 1425 3547 1478 Vita
3568 1424 3689 1477 Au-

1979 1513 2148 1576 gusl.,
2170 1524 2215 1561 c.
2251 1511 2359 1573 3t),
2392 1507 2649 1578 ejusdem
2675 1513 2833 1578 gesta
2853 1525 2918 1562 ex
2950 1509 3030 1561 eis
3047 1526 3176 1579 quae
3200 1515 3324 1563 tum
3355 1510 3474 1580 ipse
3496 1527 3598 1580 per
3621 1527 3679 1564 se

1983 1597 2396 1663 observaverat,
2428 1601 2551 1649 tum
2582 1597 2641 1650 in
2656 1596 2922 1650 familiari
2943 1613 3246 1667 congressu
3274 1598 3344 1652 ab
3373 1599 3470 1651 illo
3483 1598 3678 1652 audie-

1983 1690 2090 1752 rat,
2124 1684 2418 1738 memoriae
2449 1684 2739 1754 prodidit;
2783 1689 2938 1739 ratus
2967 1685 3246 1739 nimirum
3283 1687 3428 1740 hanc
3463 1686 3532 1740 ad
3565 1701 3685 1739 rem

1983 1773 2332 1826 adhibendas
2362 1788 2500 1833 esse,
2520 1788 2659 1842 quas
2673 1772 2864 1825 divino
2880 1789 3114 1827 munere
3131 1777 3446 1843 acceperat,
3464 1773 3681 1843 ingenii

1984 1867 2040 1915 et
2069 1861 2342 1914 sermonis
2375 1860 2686 1924 facultates,
2730 1865 2793 1913 ut
2820 1860 2890 1913 ad
2923 1860 3181 1914 Ecclesiae
3225 1861 3518 1915 catholicae
3549 1863 3684 1915 mdi-

1983 1949 2304 2003 ﬁcationem
2348 1948 2567 2019 aliquid
2621 1947 2920 2001 conferret.
2971 1947 3120 2010 Quin
3163 1948 3338 2002 etiam
3386 1953 3451 2002 ut
3496 1952 3689 2002 sancta

1982 2037 2208 2092 veritati
2232 2037 2498 2091 aviditate
2546 2037 2827 2090 succensis
2877 2037 3034 2090 omni
3064 2037 3286 2091 ratione
3314 2036 3680 2102 satisfaceret,

1986 2126 2137 2180 idem
2168 2125 2348 2180 sancti
2384 2125 2637 2180 Doctoris
2665 2126 2795 2180 vitae
2815 2124 3054 2179 attexuit
3082 2141 3322 2195 operum
3354 2125 3504 2179 illius
3536 2124 3684 2180 indi-

1984 2216 2198 2280 culum,
2226 2214 2288 2268 in
2313 2230 2428 2284 quo
2458 2215 2558 2285 qui
2588 2215 2829 2268 terrenis
2858 2214 3060 2284 opibus
3105 2213 3358 2268 divinam
3387 2213 3687 2267 veritatem

1985 2309 2360 2373 anteponunt,
2390 2303 2541 2357 inter
2559 2302 2955 2357 incredibilem
2986 2302 3144 2357 illam
3176 2302 3517 2372 scriptorum
3544 2303 3688 2354 mul-

1985 2390 2310 2456 titudinem,
2342 2405 2469 2460 quae
2520 2388 2627 2442 sibi
2675 2388 2859 2458 magis
2910 2387 3294 2442 conducibilia
3347 2387 3687 2458 judicarent,

1988 2480 2248 2550 seligere,
2280 2495 2343 2532 ac
2373 2479 2492 2532 sine
2523 2477 2840 2532 invidentia
2886 2476 3309 2531 communicare
3355 2491 3486 2530 cum
3536 2475 3688 2530 indi-

1983 2568 2251 2638 gentibus
2280 2571 2511 2637 possent
2533 2566 2717 2635 (lbid.,
2741 2581 2786 2619 c.
2817 2567 2924 2634 l8).
2951 2563 3466 2619 Elucubravitillud
3489 2562 3677 2634 operis

1977 2659 2096 2728 jam
2111 2657 2356 2726 collapso
2384 2655 2442 2708 in
2457 2652 3184 2723 cinereslIippone-Regio,
3213 2657 3576 2728 mortuoque,
3601 2651 3684 2705 uti

1985 2724 2226 2810 videtur,
2256 2724 2550 2797 Eonifacio
2575 2742 2759 2812 (Ibid,
2792 2757 2837 2794 c.
2870 2743 2979 2808 28),
3011 2747 3137 2811 post
3166 2756 3382 2793 annum
3424 2724 3686 2794 videlicet

1986 2831 2618 2906 quadringentesimum
2674 2829 3034 2900 trigesimum
3089 2828 3449 2882 secundum:
3492 2843 3688 2880 verum

1986 2927 2115 2977 ante
2141 2936 2359 2975 annum
2384 2917 3019 2990 quadringentesimum
3050 2915 3414 2985 trigesimum
3444 2930 3687 2978 nonum,

1984 3028 2097 3083 quo
2128 3017 2454 3080 expugnata
2480 3007 2587 3062 fuit
2613 3006 2892 3076 Carthago
2925 3023 2957 3059 a
2983 3004 3267 3067 Vandalis,
3303 3002 3686 3073 conscriptum

1986 3100 2157 3154 fuisse
2187 3098 2553 3153 manifestum
2569 3101 2653 3150 est
2668 3093 3166 3166 ;quandoquidem
3182 3091 3425 3147 necdum
3446 3091 3681 3145 Cartha-

1987 3189 2181 3260 ginem
2212 3193 2267 3242 et
2297 3187 2511 3242 Cirtam
2561 3184 2771 3239 excisas
2819 3200 2960 3249 esse,
2994 3181 3092 3236 sed
3123 3181 3316 3235 divino
3346 3185 3404 3234 et
3429 3179 3683 3233 humano

1985 3279 2156 3332 fultas
2185 3275 2476 3348 praesidio,
2507 3273 2680 3329 etiam
2713 3279 2850 3328 tunc
2879 3277 3027 3326 stare
3065 3270 3370 3342 signiﬁcat.
3404 3268 3687 3333 Caeterum

1988 3366 2171 3438 qualis
2194 3366 2344 3419 dono
2370 3364 2486 3428 Dei,
2505 3361 2940 3435 quantusquein
2963 3359 3202 3414 Ecclesia
3216 3357 3515 3422 exstiterit,
3531 3357 3691 3426 cujus

1988 3473 2078 3510 res
2106 3460 2289 3526 gestas
2321 3454 2614 3509 memoriae
2645 3470 2709 3506 ac
2738 3451 2936 3506 litteris
2969 3449 3221 3514 mandat,
3253 3447 3434 3501 videri
3473 3447 3593 3500 vult
3629 3446 3689 3498 in

1987 3545 2168 3615 ipsius
2197 3561 2302 3614 pro
2343 3544 2442 3597 illa
2489 3542 2655 3597 editis
2689 3539 2850 3594 libris
2879 3543 2936 3592 et
2964 3536 3292 3592 tractatibus
3321 3552 3333 3588 :
3369 3535 3427 3588 in
3457 3534 3690 3604 quibus,

1992 3633 2074 3687 uti
2105 3633 2374 3699 affirmat,
2408 3645 2634 3700 semper
2654 3629 2839 3681 vivere
2863 3644 2896 3680 a
2914 3625 3181 3680 fidelibus
3206 3622 3520 3677 invenitur.
3542 3624 3614 3676 Et
3634 3624 3690 3674 in

1988 3723 2100 3776 suis
2115 3720 2331 3790 quidem
2347 3721 2590 3788 scriptis,
2603 3716 2794 3788 pergit
2819 3715 2972 3769 idem
2997 3713 3286 3768 Possidius
3308 3711 3686 3780 (lbid.,c.18),

1987 3811 2078 3864 ille
2109 3813 2210 3864 Deo
2241 3811 2488 3876 acceptus
2531 3811 2579 3860 et
2631 3809 2828 3860 charus
2859 3803 3132 3871 sacerdos,
3181 3806 3443 3870 quantum
3487 3800 3691 3854 lucente

1989 3901 2215 3953 veritate
2240 3897 2422 3952 videre
2451 3896 2781 3961 conceditur,
2819 3897 2977 3947 rectae
3007 3908 3070 3946 ac
3109 3906 3255 3945 sanae
3290 3889 3439 3958 ﬁdei,
3474 3889 3611 3957 spei,
3644 3892 3693 3940 et

1973 3989 2296 4052 .charitatis,
2321 3986 2595 4040 catholica:
2618 3986 2868 4038 Ecclesiae
2881 3984 3082 4036 vicisse
3099 3982 3488 4046 manifestatur
3511 3993 3524 4031 :
3549 3976 3695 4045 quod

1989 4080 2304 4142 agnoscunt,
2343 4076 2440 4143 qui
2468 4089 2586 4127 eum
2617 4074 2681 4127 dc
2709 4073 2915 4126 divinis
2945 4071 3264 4125 scribentem
3295 4069 3524 4133 legentes
3559 4080 3690 4134 pro-

1987 4167 2192 4233 ﬁciunt.
2227 4163 2332 4219 Sed
2353 4179 2445 4230 ego
2475 4163 2734 4226 arbitror,
2759 4162 2886 4230 plus
2939 4175 3007 4214 ex
3053 4173 3110 4212 eo
3144 4160 3402 4226 pro/icere
3426 4155 3689 4223 potuisse,

1990 4255 2087 4322 qui
2114 4268 2230 4306 eum
2260 4257 2309 4305 et
2340 4250 2641 4319 loquentem
2684 4252 2743 4302 in
2789 4250 3028 4303 Ecclesia
3064 4249 3379 4314 praesentem
3422 4241 3618 4295 audire
3645 4246 3695 4293 et

1994 4341 2175 4395 videre
2198 4343 2578 4410 potuerunt,et
2601 4339 2715 4405 ejus
2739 4338 3042 4406 praesertim
3059 4336 3200 4387 inter
3223 4334 3459 4385 homines
3488 4344 3695 4383 conver-

1989 4432 2249 4484 sationem
2278 4443 2384 4482 non
2409 4430 2817 4494 ignoravcrunt.
2838 4429 2974 4480 Erat
2996 4424 3137 4476 enim
3157 4435 3264 4474 non
3293 4419 3466 4472 solum
3497 4416 3681 4470 erudi-

1994 4523 2078 4572 tus
2105 4519 2285 4572 scriba
2314 4521 2371 4570 in
2397 4531 2562 4585 regno
2600 4517 2867 4578 culorum,
2901 4513 2965 4566 de
3006 4513 3254 4564 thesauro
3293 4523 3388 4561 suo
3413 4508 3694 4575 proferens

1992 4622 2130 4660 nova
2150 4611 2200 4660 et
2227 4612 2441 4671 cetera;
2472 4611 2522 4659 et
2543 4621 2682 4659 unus
2712 4603 3124 4669 negotiatorum,
3159 4599 3255 4666 qui
3287 4598 3559 4649 inventam
3577 4611 3698 4664 pre-

1994 4698 2187 4750 tiosam
2215 4696 2596 4762 margaritam,
2639 4707 2756 4761 quae
2790 4689 3018 4743 habebat
3059 4686 3318 4745 venditis.
3359 4686 3697 4753 comparavit

1997 4785 2214 4851 (Matth.
2270 4800 2389 4848 xm,
2443 4784 2534 4850 45,
2593 4782 2681 4851 46)
2715 4795 2726 4834 :
2760 4793 2945 4832 verum
2997 4778 3160 4831 etiam
3205 4791 3273 4828 ea:
3326 4775 3397 4828 iis
3446 4773 3520 4827 ad
3566 4786 3696 4841 quos

1992 4875 2255 4941 scriptum
2293 4877 2389 4936 est,
2448 4889 2476 4922 α
2524 4871 2612 4925 Sic
2664 4868 2970 4935 loquimini,
3017 4870 3066 4918 et
3112 4867 3188 4920 sic
3230 4865 3398 4930 facile
3435 4881 3462 4912 ι)
3496 4862 3698 4925 (Jacobi

1997 4977 2056 5023 η,
2092 4959 2174 5029 l2)
2203 4980 2218 5026 -,
2248 4965 2299 5013 et
2325 4960 2390 5012 de
2415 4957 2612 5026 quibus
2649 4957 2904 5011 Salvator
2940 4954 3095 5019 dicit,
3128 4971 3155 5003 ιι
3183 4952 3287 5018 Qui
3313 4952 3505 5018 fecerit
3533 4954 3584 5003 et
3613 4948 3698 5001 do-

1995 5050 2166 5102 cuerit
2195 5049 2273 5101 sic
2303 5048 2561 5113 homines,
2591 5045 2674 5098 hic
2706 5058 2935 5109 magnus
2966 5041 3249 5098 vocabitur
3276 5042 3335 5094 in
3368 5053 3532 5107 regno
3559 5037 3698 5089 caelo-

1993 5152 2116 5191 rum
2152 5158 2172 5180 ι
2202 5135 2416 5207 (Matth.
2444 5149 2498 5199 v,
2526 5136 2636 5202 19).
