  <div class='ocr_page' id='page_1' title='image "/cluster/home/n/w/nwhite01/storage/ocr_20150623/32/hvd.32044096580550/309.png"; bbox 0 0 4028 6174; ppageno 0'>
   <div class='ocr_carea' id='block_1_1' title="bbox 1344 549 2971 679">
    <p class='ocr_par' dir='ltr' id='par_1_1' title="bbox 1344 549 2971 679">
     <span class='ocr_line' id='line_1_1' title="bbox 1344 549 2971 679; baseline -0.002 -2"><span class='ocrx_word' id='word_1_1' title='bbox 1344 555 1517 679; x_wconf 92' lang='grc' dir='ltr'>ΙΝ</span> <span class='ocrx_word' id='word_1_2' title='bbox 1604 552 2278 676; x_wconf 84' lang='lat' dir='ltr'>PRIMUM</span> <span class='ocrx_word' id='word_1_3' title='bbox 2361 549 2971 676; x_wconf 89' lang='lat' dir='ltr'><strong>TOMUM</strong></span> 
     </span>
    </p>
   </div>
   <div class='ocr_carea' id='block_1_2' title="bbox 1853 771 2478 865">
    <p class='ocr_par' dir='ltr' id='par_1_2' title="bbox 1853 771 2478 865">
     <span class='ocr_line' id='line_1_2' title="bbox 1853 771 2478 865; baseline 0.002 -4"><span class='ocrx_word' id='word_1_4' title='bbox 1853 784 2361 865; x_wconf 41' lang='lat' dir='ltr'>PRJEFATlO</span> <span class='ocrx_word' id='word_1_5' title='bbox 2399 771 2478 848; x_wconf 54' lang='grc' dir='ltr'>(υ.</span> 
     </span>
    </p>
   </div>
   <div class='ocr_carea' id='block_1_3' title="bbox 493 1104 3843 1180">
    <p class='ocr_par' dir='ltr' id='par_1_3' title="bbox 493 1104 3843 1180">
     <span class='ocr_line' id='line_1_3' title="bbox 493 1104 3843 1180; baseline -0.001 -15"><span class='ocrx_word' id='word_1_6' title='bbox 493 1114 566 1165; x_wconf 91' lang='lat' dir='ltr'>De</span> <span class='ocrx_word' id='word_1_7' title='bbox 595 1111 830 1180; x_wconf 85' lang='lat' dir='ltr'>hujusce</span> <span class='ocrx_word' id='word_1_8' title='bbox 861 1108 1006 1162; x_wconf 91' lang='lat' dir='ltr'>tomi</span> <span class='ocrx_word' id='word_1_9' title='bbox 1026 1108 1294 1172; x_wconf 86' lang='lat' dir='ltr'>editione,</span> <span class='ocrx_word' id='word_1_10' title='bbox 1327 1106 1555 1160; x_wconf 89' lang='lat' dir='ltr'>Erudite</span> <span class='ocrx_word' id='word_1_11' title='bbox 1581 1107 1925 1172; x_wconf 86' lang='lat' dir='ltr'>Lector,non</span> <span class='ocrx_word' id='word_1_12' title='bbox 1955 1110 2037 1160; x_wconf 88' lang='lat' dir='ltr'>est</span> <span class='ocrx_word' id='word_1_13' title='bbox 2062 1123 2095 1159; x_wconf 91' lang='lat' dir='ltr'>a</span> <span class='ocrx_word' id='word_1_14' title='bbox 2125 1105 2288 1160; x_wconf 89' lang='lat' dir='ltr'>nobis</span> <span class='ocrx_word' id='word_1_15' title='bbox 2317 1105 2667 1159; x_wconf 88' lang='lat' dir='ltr'>instituenda</span> <span class='ocrx_word' id='word_1_16' title='bbox 2691 1105 2861 1176; x_wconf 90' lang='lat' dir='ltr'>longa</span> <span class='ocrx_word' id='word_1_17' title='bbox 2890 1104 3168 1175; x_wconf 64' lang='lat' dir='ltr'>praefatio.</span> <span class='ocrx_word' id='word_1_18' title='bbox 3206 1105 3603 1176; x_wconf 89' lang='lat' dir='ltr'>Complectitur</span> <span class='ocrx_word' id='word_1_19' title='bbox 3625 1106 3727 1160; x_wconf 76' lang='lat' dir='ltr'>haec</span> <span class='ocrx_word' id='word_1_20' title='bbox 3750 1125 3843 1178; x_wconf 80' lang='lat' dir='ltr'>pars</span> 
     </span>
    </p>
   </div>
   <div class='ocr_carea' id='block_1_4' title="bbox 424 1193 3843 1265">
    <p class='ocr_par' dir='ltr' id='par_1_4' title="bbox 424 1193 3843 1265">
     <span class='ocr_line' id='line_1_4' title="bbox 424 1193 3843 1265; baseline -0.001 -11"><span class='ocrx_word' id='word_1_21' title='bbox 424 1201 620 1254; x_wconf 89' lang='lat' dir='ltr'>eadem</span> <span class='ocrx_word' id='word_1_22' title='bbox 652 1199 887 1252; x_wconf 87' lang='lat' dir='ltr'>omnino</span> <span class='ocrx_word' id='word_1_23' title='bbox 914 1196 1216 1264; x_wconf 76' lang='lat' dir='ltr'>Augustini</span> <span class='ocrx_word' id='word_1_24' title='bbox 1247 1196 1542 1265; x_wconf 88' lang='lat' dir='ltr'>opuscula,</span> <span class='ocrx_word' id='word_1_25' title='bbox 1576 1211 1703 1264; x_wconf 74' lang='lat' dir='ltr'>quae</span> <span class='ocrx_word' id='word_1_26' title='bbox 1730 1195 1879 1264; x_wconf 89' lang='lat' dir='ltr'>apud</span> <span class='ocrx_word' id='word_1_27' title='bbox 1912 1195 2207 1249; x_wconf 82' lang='lat' dir='ltr'>Erasmum</span> <span class='ocrx_word' id='word_1_28' title='bbox 2239 1201 2295 1248; x_wconf 90' lang='lat' dir='ltr'>et</span> <span class='ocrx_word' id='word_1_29' title='bbox 2324 1195 2700 1248; x_wconf 80' lang='lat' dir='ltr'>Lovanienses</span> <span class='ocrx_word' id='word_1_30' title='bbox 2747 1193 3208 1248; x_wconf 81' lang='lat' dir='ltr'>continebantur.</span> <span class='ocrx_word' id='word_1_31' title='bbox 3243 1194 3388 1247; x_wconf 90' lang='lat' dir='ltr'>Illud</span> <span class='ocrx_word' id='word_1_32' title='bbox 3421 1198 3626 1248; x_wconf 88' lang='lat' dir='ltr'>tantum</span> <span class='ocrx_word' id='word_1_33' title='bbox 3664 1197 3843 1250; x_wconf 77' lang='lat' dir='ltr'>interest</span> 
     </span>
    </p>
   </div>
   <div class='ocr_carea' id='block_1_5' title="bbox 415 1282 3840 1355">
    <p class='ocr_par' dir='ltr' id='par_1_5' title="bbox 415 1282 3840 1355">
     <span class='ocr_line' id='line_1_5' title="bbox 415 1282 3840 1355; baseline -0.001 -13"><span class='ocrx_word' id='word_1_34' title='bbox 415 1287 776 1352; x_wconf 83' lang='lat' dir='ltr'>discriminis,</span> <span class='ocrx_word' id='word_1_35' title='bbox 807 1286 958 1355; x_wconf 94' lang='lat' dir='ltr'>quod</span> <span class='ocrx_word' id='word_1_36' title='bbox 981 1285 1039 1338; x_wconf 93' lang='lat' dir='ltr'>in</span> <span class='ocrx_word' id='word_1_37' title='bbox 1071 1284 1456 1354; x_wconf 90' lang='lat' dir='ltr'>Appendicem</span> <span class='ocrx_word' id='word_1_38' title='bbox 1491 1283 1789 1352; x_wconf 89' lang='lat' dir='ltr'>rejecimus</span> <span class='ocrx_word' id='word_1_39' title='bbox 1819 1282 2112 1346; x_wconf 87' lang='lat' dir='ltr'>nonnulla,</span> <span class='ocrx_word' id='word_1_40' title='bbox 2146 1299 2273 1353; x_wconf 71' lang='lat' dir='ltr'>quas</span> <span class='ocrx_word' id='word_1_41' title='bbox 2316 1299 2416 1354; x_wconf 88' lang='lat' dir='ltr'>pro</span> <span class='ocrx_word' id='word_1_42' title='bbox 2447 1282 2710 1353; x_wconf 85' lang='lat' dir='ltr'>genuinis</span> <span class='ocrx_word' id='word_1_43' title='bbox 2738 1282 3044 1354; x_wconf 84' lang='lat' dir='ltr'>Augustini</span> <span class='ocrx_word' id='word_1_44' title='bbox 3073 1283 3558 1337; x_wconf 79' lang='lat' dir='ltr'>lucubrationibus</span> <span class='ocrx_word' id='word_1_45' title='bbox 3583 1284 3840 1338; x_wconf 85' lang='lat' dir='ltr'>habuerant</span> 
     </span>
    </p>
   </div>
   <div class='ocr_carea' id='block_1_6' title="bbox 412 1370 3842 1443">
    <p class='ocr_par' dir='ltr' id='par_1_6' title="bbox 412 1370 3842 1443">
     <span class='ocr_line' id='line_1_6' title="bbox 412 1370 3842 1443; baseline -0.001 -14"><span class='ocrx_word' id='word_1_46' title='bbox 412 1376 521 1429; x_wconf 91' lang='lat' dir='ltr'>viri</span> <span class='ocrx_word' id='word_1_47' title='bbox 560 1374 798 1439; x_wconf 86' lang='lat' dir='ltr'>eruditi;</span> <span class='ocrx_word' id='word_1_48' title='bbox 835 1378 891 1428; x_wconf 92' lang='lat' dir='ltr'>et</span> <span class='ocrx_word' id='word_1_49' title='bbox 918 1372 1070 1443; x_wconf 91' lang='lat' dir='ltr'>quod</span> <span class='ocrx_word' id='word_1_50' title='bbox 1095 1371 1360 1442; x_wconf 71' lang='lat' dir='ltr'>quaedam</span> <span class='ocrx_word' id='word_1_51' title='bbox 1390 1371 1443 1425; x_wconf 88' lang='lat' dir='ltr'>S.</span> <span class='ocrx_word' id='word_1_52' title='bbox 1483 1371 1737 1424; x_wconf 90' lang='lat' dir='ltr'>Doctoris</span> <span class='ocrx_word' id='word_1_53' title='bbox 1769 1386 1944 1440; x_wconf 82' lang='lat' dir='ltr'>opera</span> <span class='ocrx_word' id='word_1_54' title='bbox 1966 1370 2087 1423; x_wconf 92' lang='lat' dir='ltr'>loco</span> <span class='ocrx_word' id='word_1_55' title='bbox 2113 1371 2390 1440; x_wconf 79' lang='lat' dir='ltr'>tantisper</span> <span class='ocrx_word' id='word_1_56' title='bbox 2418 1371 2718 1436; x_wconf 80' lang='lat' dir='ltr'>movimus,</span> <span class='ocrx_word' id='word_1_57' title='bbox 2752 1378 2812 1425; x_wconf 92' lang='lat' dir='ltr'>ut</span> <span class='ocrx_word' id='word_1_58' title='bbox 2841 1373 3047 1426; x_wconf 89' lang='lat' dir='ltr'>seriem</span> <span class='ocrx_word' id='word_1_59' title='bbox 3071 1373 3447 1443; x_wconf 86' lang='lat' dir='ltr'>ordinemque</span> <span class='ocrx_word' id='word_1_60' title='bbox 3476 1373 3740 1442; x_wconf 86' lang='lat' dir='ltr'>temporis,</span> <span class='ocrx_word' id='word_1_61' title='bbox 3761 1390 3842 1443; x_wconf 86' lang='lat' dir='ltr'>quo</span> 
     </span>
    </p>
   </div>
   <div class='ocr_carea' id='block_1_7' title="bbox 418 1458 3845 1534">
    <p class='ocr_par' dir='ltr' id='par_1_7' title="bbox 418 1458 3845 1534">
     <span class='ocr_line' id='line_1_7' title="bbox 418 1458 3845 1534; baseline -0.002 -15"><span class='ocrx_word' id='word_1_62' title='bbox 418 1464 866 1534; x_wconf 87' lang='lat' dir='ltr'>unumquodque</span> <span class='ocrx_word' id='word_1_63' title='bbox 900 1479 1043 1532; x_wconf 89' lang='lat' dir='ltr'>opus</span> <span class='ocrx_word' id='word_1_64' title='bbox 1075 1463 1142 1514; x_wconf 91' lang='lat' dir='ltr'>ab</span> <span class='ocrx_word' id='word_1_65' title='bbox 1171 1465 1410 1514; x_wconf 88' lang='lat' dir='ltr'>Auctore</span> <span class='ocrx_word' id='word_1_66' title='bbox 1442 1460 1674 1529; x_wconf 87' lang='lat' dir='ltr'>prodiit,</span> <span class='ocrx_word' id='word_1_67' title='bbox 1709 1459 1891 1530; x_wconf 87' lang='lat' dir='ltr'>quoad</span> <span class='ocrx_word' id='word_1_68' title='bbox 1924 1460 2043 1528; x_wconf 81' lang='lat' dir='ltr'>ejus</span> <span class='ocrx_word' id='word_1_69' title='bbox 2069 1458 2193 1512; x_wconf 81' lang='lat' dir='ltr'>fieri</span> <span class='ocrx_word' id='word_1_70' title='bbox 2217 1460 2424 1530; x_wconf 88' lang='lat' dir='ltr'>potuit,</span> <span class='ocrx_word' id='word_1_71' title='bbox 2447 1477 2820 1514; x_wconf 85' lang='lat' dir='ltr'>servaremus.</span> <span class='ocrx_word' id='word_1_72' title='bbox 2851 1462 2915 1514; x_wconf 85' lang='lat' dir='ltr'>Et</span> <span class='ocrx_word' id='word_1_73' title='bbox 2945 1461 3178 1530; x_wconf 86' lang='lat' dir='ltr'>quidem</span> <span class='ocrx_word' id='word_1_74' title='bbox 3198 1467 3516 1531; x_wconf 83' lang='lat' dir='ltr'>opportune</span> <span class='ocrx_word' id='word_1_75' title='bbox 3544 1461 3598 1513; x_wconf 90' lang='lat' dir='ltr'>in</span> <span class='ocrx_word' id='word_1_76' title='bbox 3625 1462 3714 1512; x_wconf 89' lang='lat' dir='ltr'>hoc</span> <span class='ocrx_word' id='word_1_77' title='bbox 3735 1466 3845 1514; x_wconf 82' lang='lat' dir='ltr'>lomo</span> 
     </span>
    </p>
   </div>
   <div class='ocr_carea' id='block_1_8' title="bbox 417 1541 3844 1623">
    <p class='ocr_par' dir='ltr' id='par_1_8' title="bbox 417 1541 3844 1623">
     <span class='ocr_line' id='line_1_8' title="bbox 417 1541 3844 1623; baseline -0.002 -17"><span class='ocrx_word' id='word_1_78' title='bbox 417 1553 693 1623; x_wconf 88' lang='lat' dir='ltr'>disposita</span> <span class='ocrx_word' id='word_1_79' title='bbox 719 1557 851 1604; x_wconf 89' lang='lat' dir='ltr'>sunt</span> <span class='ocrx_word' id='word_1_80' title='bbox 879 1567 965 1615; x_wconf 85' lang='lat' dir='ltr'>ea,</span> <span class='ocrx_word' id='word_1_81' title='bbox 999 1541 1124 1620; x_wconf 78' lang='lat' dir='ltr'>quae.</span> <span class='ocrx_word' id='word_1_82' title='bbox 1154 1549 1505 1619; x_wconf 76' lang='lat' dir='ltr'>Augustinus</span> <span class='ocrx_word' id='word_1_83' title='bbox 1529 1549 1755 1617; x_wconf 77' lang='lat' dir='ltr'>juvenis</span> <span class='ocrx_word' id='word_1_84' title='bbox 1784 1564 1847 1600; x_wconf 90' lang='lat' dir='ltr'>ac</span> <span class='ocrx_word' id='word_1_85' title='bbox 1873 1548 2128 1601; x_wconf 90' lang='lat' dir='ltr'>nondum</span> <span class='ocrx_word' id='word_1_86' title='bbox 2158 1549 2457 1618; x_wconf 76' lang='lat' dir='ltr'>presbyter</span> <span class='ocrx_word' id='word_1_87' title='bbox 2487 1549 2711 1617; x_wconf 83' lang='lat' dir='ltr'>scripsit</span> <span class='ocrx_word' id='word_1_88' title='bbox 2740 1570 2754 1613; x_wconf 91' lang='lat'><strong>;</strong></span> <span class='ocrx_word' id='word_1_89' title='bbox 2783 1549 2859 1604; x_wconf 87' lang='lat' dir='ltr'>ita</span> <span class='ocrx_word' id='word_1_90' title='bbox 2889 1556 3080 1604; x_wconf 88' lang='lat' dir='ltr'>tamen</span> <span class='ocrx_word' id='word_1_91' title='bbox 3111 1557 3174 1604; x_wconf 88' lang='lat' dir='ltr'>ut</span> <span class='ocrx_word' id='word_1_92' title='bbox 3196 1550 3448 1620; x_wconf 89' lang='lat' dir='ltr'>primum</span> <span class='ocrx_word' id='word_1_93' title='bbox 3477 1553 3646 1602; x_wconf 90' lang='lat' dir='ltr'>locum</span> <span class='ocrx_word' id='word_1_94' title='bbox 3671 1549 3844 1602; x_wconf 86' lang='lat' dir='ltr'>obtine-</span> 
     </span>
    </p>
   </div>
   <div class='ocr_carea' id='block_1_9' title="bbox 416 1636 3847 1707">
    <p class='ocr_par' dir='ltr' id='par_1_9' title="bbox 416 1636 3847 1707">
     <span class='ocr_line' id='line_1_9' title="bbox 416 1636 3847 1707; baseline -0.002 -13"><span class='ocrx_word' id='word_1_95' title='bbox 416 1647 546 1695; x_wconf 82' lang='lat' dir='ltr'>rent</span> <span class='ocrx_word' id='word_1_96' title='bbox 577 1641 705 1694; x_wconf 88' lang='lat' dir='ltr'>libri</span> <span class='ocrx_word' id='word_1_97' title='bbox 742 1639 1242 1703; x_wconf 86' lang='lat' dir='ltr'>Retractationum,</span> <span class='ocrx_word' id='word_1_98' title='bbox 1277 1654 1419 1707; x_wconf 88' lang='lat' dir='ltr'>quos</span> <span class='ocrx_word' id='word_1_99' title='bbox 1460 1637 1639 1690; x_wconf 84' lang='lat' dir='ltr'>edidit</span> <span class='ocrx_word' id='word_1_100' title='bbox 1677 1652 1866 1698; x_wconf 86' lang='lat' dir='ltr'>senex,</span> <span class='ocrx_word' id='word_1_101' title='bbox 1913 1636 2072 1706; x_wconf 89' lang='lat' dir='ltr'>quasi</span> <span class='ocrx_word' id='word_1_102' title='bbox 2113 1637 2383 1707; x_wconf 67' lang='lat' dir='ltr'>prmviam</span> <span class='ocrx_word' id='word_1_103' title='bbox 2433 1637 2906 1691; x_wconf 87' lang='lat' dir='ltr'>introductionem</span> <span class='ocrx_word' id='word_1_104' title='bbox 2958 1639 3026 1692; x_wconf 88' lang='lat' dir='ltr'>ad</span> <span class='ocrx_word' id='word_1_105' title='bbox 3058 1639 3200 1692; x_wconf 88' lang='lat' dir='ltr'>alios</span> <span class='ocrx_word' id='word_1_106' title='bbox 3251 1637 3443 1691; x_wconf 89' lang='lat' dir='ltr'>libros.</span> <span class='ocrx_word' id='word_1_107' title='bbox 3479 1636 3847 1690; x_wconf 74' lang='lat' dir='ltr'>Retractationes</span> 
     </span>
    </p>
   </div>
   <div class='ocr_carea' id='block_1_10' title="bbox 418 1723 3845 1800">
    <p class='ocr_par' dir='ltr' id='par_1_10' title="bbox 418 1723 3845 1800">
     <span class='ocr_line' id='line_1_10' title="bbox 418 1723 3845 1800; baseline -0.002 -18"><span class='ocrx_word' id='word_1_108' title='bbox 418 1746 588 1800; x_wconf 91' lang='lat' dir='ltr'>porro</span> <span class='ocrx_word' id='word_1_109' title='bbox 619 1728 1053 1784; x_wconf 85' lang='lat' dir='ltr'>Confessionum</span> <span class='ocrx_word' id='word_1_110' title='bbox 1086 1727 1235 1788; x_wconf 92' lang='lat' dir='ltr'>libri,</span> <span class='ocrx_word' id='word_1_111' title='bbox 1267 1742 1410 1796; x_wconf 82' lang='lat' dir='ltr'>quos</span> <span class='ocrx_word' id='word_1_112' title='bbox 1440 1726 1741 1795; x_wconf 88' lang='lat' dir='ltr'>episcopus</span> <span class='ocrx_word' id='word_1_113' title='bbox 1772 1725 2045 1792; x_wconf 84' lang='lat' dir='ltr'>vulgavit,</span> <span class='ocrx_word' id='word_1_114' title='bbox 2072 1739 2188 1776; x_wconf 91' lang='lat' dir='ltr'>non</span> <span class='ocrx_word' id='word_1_115' title='bbox 2217 1723 2500 1777; x_wconf 89' lang='lat' dir='ltr'>immerito</span> <span class='ocrx_word' id='word_1_116' title='bbox 2531 1732 2958 1796; x_wconf 87' lang='lat' dir='ltr'>consequuntur</span> <span class='ocrx_word' id='word_1_117' title='bbox 2991 1744 3002 1780; x_wconf 96' lang='lat'>:</span> <span class='ocrx_word' id='word_1_118' title='bbox 3038 1727 3173 1797; x_wconf 83' lang='lat' dir='ltr'>quia</span> <span class='ocrx_word' id='word_1_119' title='bbox 3203 1727 3351 1780; x_wconf 88' lang='lat' dir='ltr'>sicut</span> <span class='ocrx_word' id='word_1_120' title='bbox 3385 1727 3443 1778; x_wconf 88' lang='lat' dir='ltr'>in</span> <span class='ocrx_word' id='word_1_121' title='bbox 3474 1725 3677 1794; x_wconf 85' lang='lat' dir='ltr'>scriptis</span> <span class='ocrx_word' id='word_1_122' title='bbox 3702 1725 3792 1777; x_wconf 83' lang='lat' dir='ltr'>suis</span> <span class='ocrx_word' id='word_1_123' title='bbox 3816 1727 3845 1777; x_wconf 87' lang='lat' dir='ltr'>si</span> 
     </span>
    </p>
   </div>
   <div class='ocr_carea' id='block_1_11' title="bbox 417 1812 3846 1889">
    <p class='ocr_par' dir='ltr' id='par_1_11' title="bbox 417 1812 3846 1889">
     <span class='ocr_line' id='line_1_11' title="bbox 417 1812 3846 1889; baseline -0.002 -18"><span class='ocrx_word' id='word_1_124' title='bbox 417 1818 556 1889; x_wconf 92' lang='lat' dir='ltr'>quid</span> <span class='ocrx_word' id='word_1_125' title='bbox 586 1819 910 1880; x_wconf 90' lang='lat' dir='ltr'>obscurum,</span> <span class='ocrx_word' id='word_1_126' title='bbox 941 1815 988 1868; x_wconf 87' lang='lat' dir='ltr'>si</span> <span class='ocrx_word' id='word_1_127' title='bbox 1014 1815 1150 1886; x_wconf 88' lang='lat' dir='ltr'>quid</span> <span class='ocrx_word' id='word_1_128' title='bbox 1175 1815 1431 1872; x_wconf 87' lang='lat' dir='ltr'>dubium.</span> <span class='ocrx_word' id='word_1_129' title='bbox 1449 1814 1494 1865; x_wconf 88' lang='lat' dir='ltr'>si</span> <span class='ocrx_word' id='word_1_130' title='bbox 1515 1813 1651 1884; x_wconf 88' lang='lat' dir='ltr'>quid</span> <span class='ocrx_word' id='word_1_131' title='bbox 1667 1813 1882 1866; x_wconf 82' lang='lat' dir='ltr'>veritati</span> <span class='ocrx_word' id='word_1_132' title='bbox 1909 1830 2024 1866; x_wconf 90' lang='lat' dir='ltr'>non</span> <span class='ocrx_word' id='word_1_133' title='bbox 2049 1812 2180 1865; x_wconf 85' lang='lat' dir='ltr'>satis</span> <span class='ocrx_word' id='word_1_134' title='bbox 2197 1829 2510 1867; x_wconf 89' lang='lat' dir='ltr'>consonum</span> <span class='ocrx_word' id='word_1_135' title='bbox 2531 1815 2855 1885; x_wconf 86' lang='lat' dir='ltr'>irrepserat,</span> <span class='ocrx_word' id='word_1_136' title='bbox 2879 1818 3237 1870; x_wconf 89' lang='lat' dir='ltr'>retractando</span> <span class='ocrx_word' id='word_1_137' title='bbox 3266 1817 3597 1886; x_wconf 77' lang='lat' dir='ltr'>explanavit.</span> <span class='ocrx_word' id='word_1_138' title='bbox 3625 1813 3846 1875; x_wconf 83' lang='lat' dir='ltr'>enodavit,</span> 
     </span>
    </p>
   </div>
   <div class='ocr_carea' id='block_1_12' title="bbox 418 1900 3847 1975">
    <p class='ocr_par' dir='ltr' id='par_1_12' title="bbox 418 1900 3847 1975">
     <span class='ocr_line' id='line_1_12' title="bbox 418 1900 3847 1975; baseline -0.002 -17"><span class='ocrx_word' id='word_1_139' title='bbox 418 1905 892 1975; x_wconf 88' lang='lat' dir='ltr'>emendavitque;</span> <span class='ocrx_word' id='word_1_140' title='bbox 922 1905 1002 1956; x_wconf 87' lang='lat' dir='ltr'>ita</span> <span class='ocrx_word' id='word_1_141' title='bbox 1042 1903 1101 1956; x_wconf 88' lang='lat' dir='ltr'>in</span> <span class='ocrx_word' id='word_1_142' title='bbox 1147 1903 1578 1957; x_wconf 83' lang='lat' dir='ltr'>Confessionum</span> <span class='ocrx_word' id='word_1_143' title='bbox 1611 1902 1764 1955; x_wconf 86' lang='lat' dir='ltr'>libris</span> <span class='ocrx_word' id='word_1_144' title='bbox 1794 1902 1838 1954; x_wconf 84' lang='lat' dir='ltr'>si</span> <span class='ocrx_word' id='word_1_145' title='bbox 1871 1902 2007 1972; x_wconf 91' lang='lat' dir='ltr'>quid</span> <span class='ocrx_word' id='word_1_146' title='bbox 2038 1901 2099 1954; x_wconf 88' lang='lat' dir='ltr'>in</span> <span class='ocrx_word' id='word_1_147' title='bbox 2131 1900 2384 1954; x_wconf 87' lang='lat' dir='ltr'>moribus</span> <span class='ocrx_word' id='word_1_148' title='bbox 2417 1918 2478 1954; x_wconf 90' lang='lat' dir='ltr'>ac</span> <span class='ocrx_word' id='word_1_149' title='bbox 2505 1903 2615 1956; x_wconf 84' lang='lat' dir='ltr'>vita</span> <span class='ocrx_word' id='word_1_150' title='bbox 2646 1921 2747 1956; x_wconf 87' lang='lat' dir='ltr'>sua</span> <span class='ocrx_word' id='word_1_151' title='bbox 2771 1921 2800 1957; x_wconf 89' lang='lat' dir='ltr'>a</span> <span class='ocrx_word' id='word_1_152' title='bbox 2833 1921 2979 1958; x_wconf 70' lang='lat' dir='ltr'>vera!</span> <span class='ocrx_word' id='word_1_153' title='bbox 3024 1921 3199 1974; x_wconf 87' lang='lat' dir='ltr'>quam</span> <span class='ocrx_word' id='word_1_154' title='bbox 3247 1903 3419 1958; x_wconf 81' lang='lat' dir='ltr'>tradit</span> <span class='ocrx_word' id='word_1_155' title='bbox 3448 1900 3655 1972; x_wconf 86' lang='lat' dir='ltr'>pietatis</span> <span class='ocrx_word' id='word_1_156' title='bbox 3680 1903 3847 1954; x_wconf 80' lang='lat' dir='ltr'>tramite</span> 
     </span>
    </p>
   </div>
   <div class='ocr_carea' id='block_1_13' title="bbox 417 1989 3845 2063">
    <p class='ocr_par' dir='ltr' id='par_1_13' title="bbox 417 1989 3845 2063">
     <span class='ocr_line' id='line_1_13' title="bbox 417 1989 3845 2063; baseline -0.002 -16"><span class='ocrx_word' id='word_1_157' title='bbox 417 1995 794 2059; x_wconf 88' lang='lat' dir='ltr'>aberraverat,</span> <span class='ocrx_word' id='word_1_158' title='bbox 824 1992 1098 2063; x_wconf 87' lang='lat' dir='ltr'>piaculari</span> <span class='ocrx_word' id='word_1_159' title='bbox 1137 1992 1493 2045; x_wconf 87' lang='lat' dir='ltr'>confessione</span> <span class='ocrx_word' id='word_1_160' title='bbox 1532 1991 1794 2061; x_wconf 88' lang='lat' dir='ltr'>expiavit.</span> <span class='ocrx_word' id='word_1_161' title='bbox 1855 1990 2059 2060; x_wconf 87' lang='lat' dir='ltr'>Sicque</span> <span class='ocrx_word' id='word_1_162' title='bbox 2109 1989 2168 2042; x_wconf 90' lang='lat' dir='ltr'>in</span> <span class='ocrx_word' id='word_1_163' title='bbox 2215 1989 2374 2043; x_wconf 86' lang='lat' dir='ltr'>libris</span> <span class='ocrx_word' id='word_1_164' title='bbox 2424 1992 2917 2048; x_wconf 83' lang='lat' dir='ltr'>Retractationum</span> <span class='ocrx_word' id='word_1_165' title='bbox 2948 1994 3235 2048; x_wconf 88' lang='lat' dir='ltr'>sincerum</span> <span class='ocrx_word' id='word_1_166' title='bbox 3279 2011 3343 2046; x_wconf 88' lang='lat' dir='ltr'>ac</span> <span class='ocrx_word' id='word_1_167' title='bbox 3385 1992 3608 2046; x_wconf 90' lang='lat' dir='ltr'>minime</span> <span class='ocrx_word' id='word_1_168' title='bbox 3653 1992 3845 2044; x_wconf 81' lang='lat' dir='ltr'>fucatam</span> 
     </span>
    </p>
   </div>
   <div class='ocr_carea' id='block_1_14' title="bbox 412 2077 3846 2152">
    <p class='ocr_par' dir='ltr' id='par_1_14' title="bbox 412 2077 3846 2152">
     <span class='ocr_line' id='line_1_14' title="bbox 412 2077 3846 2152; baseline -0.001 -18"><span class='ocrx_word' id='word_1_169' title='bbox 412 2082 664 2136; x_wconf 86' lang='lat' dir='ltr'>veritatis</span> <span class='ocrx_word' id='word_1_170' title='bbox 692 2097 949 2135; x_wconf 89' lang='lat' dir='ltr'>amorem</span> <span class='ocrx_word' id='word_1_171' title='bbox 973 2097 1101 2135; x_wconf 90' lang='lat' dir='ltr'>cum</span> <span class='ocrx_word' id='word_1_172' title='bbox 1126 2080 1403 2150; x_wconf 78' lang='lat' dir='ltr'>singulari</span> <span class='ocrx_word' id='word_1_173' title='bbox 1435 2080 1712 2133; x_wconf 79' lang='lat' dir='ltr'>modestia</span> <span class='ocrx_word' id='word_1_174' title='bbox 1754 2079 2010 2147; x_wconf 87' lang='lat' dir='ltr'>inspirat,</span> <span class='ocrx_word' id='word_1_175' title='bbox 2047 2078 2104 2131; x_wconf 90' lang='lat' dir='ltr'>in</span> <span class='ocrx_word' id='word_1_176' title='bbox 2129 2077 2592 2132; x_wconf 82' lang='lat' dir='ltr'>Confessionibus</span> <span class='ocrx_word' id='word_1_177' title='bbox 2631 2097 2823 2134; x_wconf 87' lang='lat' dir='ltr'>veram</span> <span class='ocrx_word' id='word_1_178' title='bbox 2869 2082 3142 2151; x_wconf 86' lang='lat' dir='ltr'>pietatem</span> <span class='ocrx_word' id='word_1_179' title='bbox 3189 2088 3246 2135; x_wconf 89' lang='lat' dir='ltr'>et</span> <span class='ocrx_word' id='word_1_180' title='bbox 3276 2080 3621 2152; x_wconf 89' lang='lat' dir='ltr'>disciplinam</span> <span class='ocrx_word' id='word_1_181' title='bbox 3653 2095 3665 2132; x_wconf 85' lang='lat'><strong>:</strong></span> <span class='ocrx_word' id='word_1_182' title='bbox 3695 2078 3846 2150; x_wconf 70' lang='lat' dir='ltr'>quibus</span> 
     </span>
    </p>
   </div>
   <div class='ocr_carea' id='block_1_15' title="bbox 417 2166 2988 2238">
    <p class='ocr_par' dir='ltr' id='par_1_15' title="bbox 417 2166 2988 2238">
     <span class='ocr_line' id='line_1_15' title="bbox 417 2166 2988 2238; baseline 0 -14"><span class='ocrx_word' id='word_1_183' title='bbox 417 2171 645 2224; x_wconf 87' lang='lat' dir='ltr'>dotibus</span> <span class='ocrx_word' id='word_1_184' title='bbox 670 2170 1006 2223; x_wconf 89' lang='lat' dir='ltr'>instructum</span> <span class='ocrx_word' id='word_1_185' title='bbox 1038 2185 1158 2222; x_wconf 86' lang='lat' dir='ltr'>esse</span> <span class='ocrx_word' id='word_1_186' title='bbox 1188 2172 1412 2238; x_wconf 84' lang='lat' dir='ltr'>oportet</span> <span class='ocrx_word' id='word_1_187' title='bbox 1441 2184 1596 2234; x_wconf 90' lang='lat' dir='ltr'>eum,</span> <span class='ocrx_word' id='word_1_188' title='bbox 1624 2167 1720 2237; x_wconf 92' lang='lat' dir='ltr'>qui</span> <span class='ocrx_word' id='word_1_189' title='bbox 1754 2167 1819 2220; x_wconf 85' lang='lat' dir='ltr'>ad</span> <span class='ocrx_word' id='word_1_190' title='bbox 1857 2167 1978 2236; x_wconf 83' lang='lat' dir='ltr'>ejus</span> <span class='ocrx_word' id='word_1_191' title='bbox 2009 2166 2322 2220; x_wconf 85' lang='lat' dir='ltr'>doctrinam</span> <span class='ocrx_word' id='word_1_192' title='bbox 2355 2169 2645 2223; x_wconf 89' lang='lat' dir='ltr'>contendit</span> <span class='ocrx_word' id='word_1_193' title='bbox 2674 2187 2740 2224; x_wconf 82' lang='lat' dir='ltr'>ex</span> <span class='ocrx_word' id='word_1_194' title='bbox 2773 2171 2988 2224; x_wconf 90' lang='lat' dir='ltr'>animo.</span> 
     </span>
    </p>
   </div>
   <div class='ocr_carea' id='block_1_16' title="bbox 491 2255 3847 2329">
    <p class='ocr_par' dir='ltr' id='par_1_16' title="bbox 491 2255 3847 2329">
     <span class='ocr_line' id='line_1_16' title="bbox 491 2255 3847 2329; baseline -0.002 -19"><span class='ocrx_word' id='word_1_195' title='bbox 491 2257 606 2310; x_wconf 85' lang='lat' dir='ltr'>Illis</span> <span class='ocrx_word' id='word_1_196' title='bbox 626 2272 743 2310; x_wconf 90' lang='lat' dir='ltr'>non</span> <span class='ocrx_word' id='word_1_197' title='bbox 774 2255 895 2310; x_wconf 91' lang='lat' dir='ltr'>sine</span> <span class='ocrx_word' id='word_1_198' title='bbox 923 2256 1086 2309; x_wconf 88' lang='lat' dir='ltr'>uberi</span> <span class='ocrx_word' id='word_1_199' title='bbox 1125 2256 1331 2321; x_wconf 88' lang='lat' dir='ltr'>fructu,</span> <span class='ocrx_word' id='word_1_200' title='bbox 1384 2256 1679 2324; x_wconf 87' lang='lat' dir='ltr'>multoque</span> <span class='ocrx_word' id='word_1_201' title='bbox 1725 2255 2028 2324; x_wconf 81' lang='lat' dir='ltr'>voluptatis</span> <span class='ocrx_word' id='word_1_202' title='bbox 2067 2271 2236 2308; x_wconf 89' lang='lat' dir='ltr'>sensu</span> <span class='ocrx_word' id='word_1_203' title='bbox 2258 2256 2528 2321; x_wconf 82' lang='lat' dir='ltr'>decursis,</span> <span class='ocrx_word' id='word_1_204' title='bbox 2558 2258 2934 2312; x_wconf 88' lang='lat' dir='ltr'>succedebant</span> <span class='ocrx_word' id='word_1_205' title='bbox 2962 2260 3110 2329; x_wconf 84' lang='lat' dir='ltr'>apud</span> <span class='ocrx_word' id='word_1_206' title='bbox 3145 2260 3438 2313; x_wconf 89' lang='lat' dir='ltr'>Erasmum</span> <span class='ocrx_word' id='word_1_207' title='bbox 3471 2261 3524 2308; x_wconf 91' lang='lat' dir='ltr'>et</span> <span class='ocrx_word' id='word_1_208' title='bbox 3549 2256 3847 2308; x_wconf 79' lang='lat' dir='ltr'>Lovanienses</span> 
     </span>
    </p>
   </div>
   <div class='ocr_carea' id='block_1_17' title="bbox 420 2342 3845 2417">
    <p class='ocr_par' dir='ltr' id='par_1_17' title="bbox 420 2342 3845 2417">
     <span class='ocr_line' id='line_1_17' title="bbox 420 2342 3845 2417; baseline -0.001 -20"><span class='ocrx_word' id='word_1_209' title='bbox 420 2345 692 2415; x_wconf 90' lang='lat' dir='ltr'>opuscula</span> <span class='ocrx_word' id='word_1_210' title='bbox 721 2343 1010 2414; x_wconf 64' lang='lat' dir='ltr'>quaedam,</span> <span class='ocrx_word' id='word_1_211' title='bbox 1041 2343 1316 2396; x_wconf 88' lang='lat' dir='ltr'>nimirum</span> <span class='ocrx_word' id='word_1_212' title='bbox 1346 2343 1415 2396; x_wconf 91' lang='lat' dir='ltr'>de</span> <span class='ocrx_word' id='word_1_213' title='bbox 1447 2343 1846 2406; x_wconf 87' lang='lat' dir='ltr'>Grammatica,</span> <span class='ocrx_word' id='word_1_214' title='bbox 1881 2342 2210 2411; x_wconf 75' lang='lat' dir='ltr'>Categoriae,</span> <span class='ocrx_word' id='word_1_215' title='bbox 2247 2344 2529 2414; x_wconf 65' lang='lat' dir='ltr'>Principia</span> <span class='ocrx_word' id='word_1_216' title='bbox 2558 2346 2870 2399; x_wconf 64' lang='lat' dir='ltr'>Dialecticaa</span> <span class='ocrx_word' id='word_1_217' title='bbox 2901 2352 2957 2400; x_wconf 91' lang='lat' dir='ltr'>et</span> <span class='ocrx_word' id='word_1_218' title='bbox 2988 2346 3273 2417; x_wconf 84' lang='lat' dir='ltr'>Principia</span> <span class='ocrx_word' id='word_1_219' title='bbox 3305 2345 3640 2408; x_wconf 60' lang='lat' dir='ltr'>Rhetorice;</span> <span class='ocrx_word' id='word_1_220' title='bbox 3677 2344 3726 2397; x_wconf 92' lang='lat' dir='ltr'>in</span> <span class='ocrx_word' id='word_1_221' title='bbox 3755 2343 3845 2412; x_wconf 84' lang='lat' dir='ltr'>qui-</span> 
     </span>
    </p>
   </div>
   <div class='ocr_carea' id='block_1_18' title="bbox 419 2431 3845 2506">
    <p class='ocr_par' dir='ltr' id='par_1_18' title="bbox 419 2431 3845 2506">
     <span class='ocr_line' id='line_1_18' title="bbox 419 2431 3845 2506; baseline -0.001 -19"><span class='ocrx_word' id='word_1_222' title='bbox 419 2435 526 2488; x_wconf 88' lang='lat' dir='ltr'>bus</span> <span class='ocrx_word' id='word_1_223' title='bbox 551 2432 950 2495; x_wconf 85' lang='lat' dir='ltr'>eruditionem,</span> <span class='ocrx_word' id='word_1_224' title='bbox 986 2431 1285 2501; x_wconf 88' lang='lat' dir='ltr'>ingenium</span> <span class='ocrx_word' id='word_1_225' title='bbox 1317 2431 1720 2502; x_wconf 86' lang='lat' dir='ltr'>solertiamque</span> <span class='ocrx_word' id='word_1_226' title='bbox 1751 2431 2056 2501; x_wconf 82' lang='lat' dir='ltr'>Augustini</span> <span class='ocrx_word' id='word_1_227' title='bbox 2084 2431 2481 2486; x_wconf 85' lang='lat' dir='ltr'>desiderabant</span> <span class='ocrx_word' id='word_1_228' title='bbox 2515 2435 2730 2488; x_wconf 89' lang='lat' dir='ltr'>cordati</span> <span class='ocrx_word' id='word_1_229' title='bbox 2770 2435 3026 2499; x_wconf 89' lang='lat' dir='ltr'>lectores,</span> <span class='ocrx_word' id='word_1_230' title='bbox 3061 2435 3159 2505; x_wconf 87' lang='lat' dir='ltr'>qui</span> <span class='ocrx_word' id='word_1_231' title='bbox 3190 2436 3260 2489; x_wconf 90' lang='lat' dir='ltr'>ab</span> <span class='ocrx_word' id='word_1_232' title='bbox 3293 2436 3414 2506; x_wconf 91' lang='lat' dir='ltr'>ipso</span> <span class='ocrx_word' id='word_1_233' title='bbox 3445 2435 3627 2487; x_wconf 87' lang='lat' dir='ltr'>limine</span> <span class='ocrx_word' id='word_1_234' title='bbox 3662 2449 3689 2485; x_wconf 90' lang='lat' dir='ltr'>a</span> <span class='ocrx_word' id='word_1_235' title='bbox 3712 2431 3845 2501; x_wconf 86' lang='lat' dir='ltr'>perle-</span> 
     </span>
    </p>
   </div>
   <div class='ocr_carea' id='block_1_19' title="bbox 421 2519 3848 2594">
    <p class='ocr_par' dir='ltr' id='par_1_19' title="bbox 421 2519 3848 2594">
     <span class='ocr_line' id='line_1_19' title="bbox 421 2519 3848 2594; baseline -0.001 -20"><span class='ocrx_word' id='word_1_236' title='bbox 421 2521 626 2587; x_wconf 86' lang='lat' dir='ltr'>gendis</span> <span class='ocrx_word' id='word_1_237' title='bbox 657 2520 800 2574; x_wconf 91' lang='lat' dir='ltr'>tomi</span> <span class='ocrx_word' id='word_1_238' title='bbox 829 2519 1005 2589; x_wconf 87' lang='lat' dir='ltr'>primi</span> <span class='ocrx_word' id='word_1_239' title='bbox 1047 2519 1312 2589; x_wconf 86' lang='lat' dir='ltr'>operibus</span> <span class='ocrx_word' id='word_1_240' title='bbox 1347 2519 1669 2573; x_wconf 84' lang='lat' dir='ltr'>referebant</span> <span class='ocrx_word' id='word_1_241' title='bbox 1707 2519 1933 2589; x_wconf 79' lang='lat' dir='ltr'>pedem,</span> <span class='ocrx_word' id='word_1_242' title='bbox 1962 2519 2124 2589; x_wconf 84' lang='lat' dir='ltr'>quasi</span> <span class='ocrx_word' id='word_1_243' title='bbox 2154 2519 2407 2588; x_wconf 82' lang='lat' dir='ltr'>ejusdem</span> <span class='ocrx_word' id='word_1_244' title='bbox 2434 2521 2629 2574; x_wconf 86' lang='lat' dir='ltr'>farinae</span> <span class='ocrx_word' id='word_1_245' title='bbox 2661 2523 2771 2575; x_wconf 89' lang='lat' dir='ltr'>alia</span> <span class='ocrx_word' id='word_1_246' title='bbox 2808 2524 3314 2594; x_wconf 84' lang='lat' dir='ltr'>subsequerentur.</span> <span class='ocrx_word' id='word_1_247' title='bbox 3344 2521 3717 2591; x_wconf 84' lang='lat' dir='ltr'>Athujusmodi</span> <span class='ocrx_word' id='word_1_248' title='bbox 3743 2519 3848 2589; x_wconf 82' lang='lat' dir='ltr'>quis-</span> 
     </span>
    </p>
   </div>
   <div class='ocr_carea' id='block_1_20' title="bbox 418 2607 3847 2682">
    <p class='ocr_par' dir='ltr' id='par_1_20' title="bbox 418 2607 3847 2682">
     <span class='ocr_line' id='line_1_20' title="bbox 418 2607 3847 2682; baseline -0.001 -20"><span class='ocrx_word' id='word_1_249' title='bbox 418 2609 624 2679; x_wconf 88' lang='lat' dir='ltr'>quilias</span> <span class='ocrx_word' id='word_1_250' title='bbox 653 2608 889 2680; x_wconf 88' lang='lat' dir='ltr'>propius</span> <span class='ocrx_word' id='word_1_251' title='bbox 920 2608 1306 2679; x_wconf 87' lang='lat' dir='ltr'>inspicientes,</span> <span class='ocrx_word' id='word_1_252' title='bbox 1338 2624 1467 2661; x_wconf 91' lang='lat' dir='ltr'>cum</span> <span class='ocrx_word' id='word_1_253' title='bbox 1499 2607 1664 2661; x_wconf 88' lang='lat' dir='ltr'>certis</span> <span class='ocrx_word' id='word_1_254' title='bbox 1694 2608 2046 2678; x_wconf 86' lang='lat' dir='ltr'>argumentis</span> <span class='ocrx_word' id='word_1_255' title='bbox 2072 2608 2646 2677; x_wconf 82' lang='lat' dir='ltr'>deprehendissemus</span> <span class='ocrx_word' id='word_1_256' title='bbox 2678 2628 2790 2665; x_wconf 91' lang='lat' dir='ltr'>non</span> <span class='ocrx_word' id='word_1_257' title='bbox 2816 2611 3104 2680; x_wconf 82' lang='lat' dir='ltr'>pertinere</span> <span class='ocrx_word' id='word_1_258' title='bbox 3133 2613 3203 2667; x_wconf 88' lang='lat' dir='ltr'>ad</span> <span class='ocrx_word' id='word_1_259' title='bbox 3233 2611 3631 2682; x_wconf 83' lang='lat' dir='ltr'>Augustinum,</span> <span class='ocrx_word' id='word_1_260' title='bbox 3656 2607 3762 2660; x_wconf 88' lang='lat' dir='ltr'>inde</span> <span class='ocrx_word' id='word_1_261' title='bbox 3782 2622 3847 2658; x_wconf 80' lang='lat' dir='ltr'>eas</span> 
     </span>
    </p>
   </div>
   <div class='ocr_carea' id='block_1_21' title="bbox 418 2695 3850 2771">
    <p class='ocr_par' dir='ltr' id='par_1_21' title="bbox 418 2695 3850 2771">
     <span class='ocr_line' id='line_1_21' title="bbox 418 2695 3850 2771; baseline -0.002 -21"><span class='ocrx_word' id='word_1_262' title='bbox 418 2698 476 2751; x_wconf 88' lang='lat' dir='ltr'>in</span> <span class='ocrx_word' id='word_1_263' title='bbox 500 2697 829 2768; x_wconf 88' lang='lat' dir='ltr'>spuriorum</span> <span class='ocrx_word' id='word_1_264' title='bbox 861 2697 1207 2768; x_wconf 90' lang='lat' dir='ltr'>scriptorum</span> <span class='ocrx_word' id='word_1_265' title='bbox 1239 2698 1476 2750; x_wconf 90' lang='lat' dir='ltr'>classem</span> <span class='ocrx_word' id='word_1_266' title='bbox 1509 2696 1938 2750; x_wconf 88' lang='lat' dir='ltr'>amandavimus</span> <span class='ocrx_word' id='word_1_267' title='bbox 1958 2717 1974 2762; x_wconf 87' lang='lat'><strong>;</strong></span> <span class='ocrx_word' id='word_1_268' title='bbox 1995 2700 2058 2749; x_wconf 92' lang='lat' dir='ltr'>ut</span> <span class='ocrx_word' id='word_1_269' title='bbox 2084 2700 2208 2767; x_wconf 90' lang='lat' dir='ltr'>post</span> <span class='ocrx_word' id='word_1_270' title='bbox 2230 2697 2717 2753; x_wconf 78' lang='lat' dir='ltr'>Retractationum</span> <span class='ocrx_word' id='word_1_271' title='bbox 2737 2700 3286 2771; x_wconf 85' lang='lat' dir='ltr'>Confessionumque</span> <span class='ocrx_word' id='word_1_272' title='bbox 3310 2699 3604 2755; x_wconf 87' lang='lat' dir='ltr'>lectionem</span> <span class='ocrx_word' id='word_1_273' title='bbox 3632 2695 3850 2751; x_wconf 72' lang='lat' dir='ltr'>studiosos</span> 
     </span>
    </p>
   </div>
   <div class='ocr_carea' id='block_1_22' title="bbox 418 2786 3096 2856">
    <p class='ocr_par' dir='ltr' id='par_1_22' title="bbox 418 2786 3096 2856">
     <span class='ocr_line' id='line_1_22' title="bbox 418 2786 3096 2856; baseline 0.001 -17"><span class='ocrx_word' id='word_1_274' title='bbox 418 2787 561 2840; x_wconf 86' lang='lat' dir='ltr'>nihil</span> <span class='ocrx_word' id='word_1_275' title='bbox 589 2791 912 2841; x_wconf 90' lang='lat' dir='ltr'>remoretur</span> <span class='ocrx_word' id='word_1_276' title='bbox 941 2803 973 2840; x_wconf 91' lang='lat' dir='ltr'>a</span> <span class='ocrx_word' id='word_1_277' title='bbox 1005 2786 1248 2840; x_wconf 90' lang='lat' dir='ltr'>lectione</span> <span class='ocrx_word' id='word_1_278' title='bbox 1277 2786 1576 2852; x_wconf 90' lang='lat' dir='ltr'>librorum,</span> <span class='ocrx_word' id='word_1_279' title='bbox 1611 2802 1752 2856; x_wconf 90' lang='lat' dir='ltr'>quos</span> <span class='ocrx_word' id='word_1_280' title='bbox 1781 2787 2131 2854; x_wconf 77' lang='lat' dir='ltr'>Augustinus</span> <span class='ocrx_word' id='word_1_281' title='bbox 2158 2802 2353 2840; x_wconf 90' lang='lat' dir='ltr'>recens</span> <span class='ocrx_word' id='word_1_282' title='bbox 2384 2803 2687 2840; x_wconf 84' lang='lat' dir='ltr'>conversus</span> <span class='ocrx_word' id='word_1_283' title='bbox 2721 2789 3096 2843; x_wconf 84' lang='lat' dir='ltr'>elucubravit.</span> 
     </span>
    </p>
   </div>
   <div class='ocr_carea' id='block_1_23' title="bbox 488 2870 3846 2948">
    <p class='ocr_par' dir='ltr' id='par_1_23' title="bbox 488 2870 3846 2948">
     <span class='ocr_line' id='line_1_23' title="bbox 488 2870 3846 2948; baseline -0.002 -20"><span class='ocrx_word' id='word_1_284' title='bbox 488 2876 680 2946; x_wconf 88' lang='lat' dir='ltr'>Neque</span> <span class='ocrx_word' id='word_1_285' title='bbox 709 2890 844 2928; x_wconf 83' lang='lat' dir='ltr'>vero</span> <span class='ocrx_word' id='word_1_286' title='bbox 875 2879 1180 2946; x_wconf 83' lang='lat' dir='ltr'>prOpterea</span> <span class='ocrx_word' id='word_1_287' title='bbox 1209 2874 1471 2938; x_wconf 82' lang='lat' dir='ltr'>strictim,</span> <span class='ocrx_word' id='word_1_288' title='bbox 1503 2878 1567 2927; x_wconf 90' lang='lat' dir='ltr'>ut</span> <span class='ocrx_word' id='word_1_289' title='bbox 1596 2872 1857 2944; x_wconf 85' lang='lat' dir='ltr'>pluribus</span> <span class='ocrx_word' id='word_1_290' title='bbox 1888 2873 1948 2926; x_wconf 89' lang='lat' dir='ltr'>in</span> <span class='ocrx_word' id='word_1_291' title='bbox 1976 2879 2228 2928; x_wconf 90' lang='lat' dir='ltr'>mentem</span> <span class='ocrx_word' id='word_1_292' title='bbox 2259 2873 2447 2926; x_wconf 91' lang='lat' dir='ltr'>venire</span> <span class='ocrx_word' id='word_1_293' title='bbox 2497 2876 2658 2938; x_wconf 89' lang='lat' dir='ltr'>solet,</span> <span class='ocrx_word' id='word_1_294' title='bbox 2711 2877 3132 2945; x_wconf 62' lang='lat' dir='ltr'>praetereunda,</span> <span class='ocrx_word' id='word_1_295' title='bbox 3167 2882 3271 2931; x_wconf 87' lang='lat' dir='ltr'>aut</span> <span class='ocrx_word' id='word_1_296' title='bbox 3313 2876 3473 2948; x_wconf 89' lang='lat' dir='ltr'>quasi</span> <span class='ocrx_word' id='word_1_297' title='bbox 3495 2893 3523 2929; x_wconf 90' lang='lat' dir='ltr'>e</span> <span class='ocrx_word' id='word_1_298' title='bbox 3553 2875 3722 2929; x_wconf 89' lang='lat' dir='ltr'>limine</span> <span class='ocrx_word' id='word_1_299' title='bbox 3743 2870 3846 2924; x_wconf 84' lang='lat' dir='ltr'>salu-</span> 
     </span>
    </p>
   </div>
   <div class='ocr_carea' id='block_1_24' title="bbox 415 2962 3847 3036">
    <p class='ocr_par' dir='ltr' id='par_1_24' title="bbox 415 2962 3847 3036">
     <span class='ocr_line' id='line_1_24' title="bbox 415 2962 3847 3036; baseline -0.002 -20"><span class='ocrx_word' id='word_1_300' title='bbox 415 2963 590 3018; x_wconf 87' lang='lat' dir='ltr'>tanda</span> <span class='ocrx_word' id='word_1_301' title='bbox 619 2968 754 3017; x_wconf 90' lang='lat' dir='ltr'>sunt</span> <span class='ocrx_word' id='word_1_302' title='bbox 782 2963 989 3018; x_wconf 88' lang='lat' dir='ltr'>nobilis</span> <span class='ocrx_word' id='word_1_303' title='bbox 1019 2963 1234 3029; x_wconf 78' lang='lat' dir='ltr'>ingenii</span> <span class='ocrx_word' id='word_1_304' title='bbox 1268 2963 1456 3033; x_wconf 87' lang='lat' dir='ltr'>prima</span> <span class='ocrx_word' id='word_1_305' title='bbox 1486 2966 1881 3024; x_wconf 88' lang='lat' dir='ltr'>monumenta,</span> <span class='ocrx_word' id='word_1_306' title='bbox 1913 2962 2075 3032; x_wconf 91' lang='lat' dir='ltr'>quasi</span> <span class='ocrx_word' id='word_1_307' title='bbox 2103 2962 2242 3015; x_wconf 90' lang='lat' dir='ltr'>nihil</span> <span class='ocrx_word' id='word_1_308' title='bbox 2276 2963 2578 3015; x_wconf 56' lang='lat' dir='ltr'>reconditae</span> <span class='ocrx_word' id='word_1_309' title='bbox 2607 2964 2880 3017; x_wconf 62' lang='lat' dir='ltr'>doctrinae</span> <span class='ocrx_word' id='word_1_310' title='bbox 2911 2965 3268 3033; x_wconf 88' lang='lat' dir='ltr'>contineant,</span> <span class='ocrx_word' id='word_1_311' title='bbox 3302 2982 3431 3036; x_wconf 76' lang='lat' dir='ltr'>quae</span> <span class='ocrx_word' id='word_1_312' title='bbox 3463 2981 3495 3017; x_wconf 91' lang='lat' dir='ltr'>a</span> <span class='ocrx_word' id='word_1_313' title='bbox 3520 2962 3847 3018; x_wconf 85' lang='lat' dir='ltr'>catechumeno</span> 
     </span>
    </p>
   </div>
   <div class='ocr_carea' id='block_1_25' title="bbox 416 3047 3845 3126">
    <p class='ocr_par' dir='ltr' id='par_1_25' title="bbox 416 3047 3845 3126">
     <span class='ocr_line' id='line_1_25' title="bbox 416 3047 3845 3126; baseline -0.001 -22"><span class='ocrx_word' id='word_1_314' title='bbox 416 3053 838 3123; x_wconf 81' lang='lat' dir='ltr'>neophytoque,</span> <span class='ocrx_word' id='word_1_315' title='bbox 869 3052 996 3105; x_wconf 91' lang='lat' dir='ltr'>stilo</span> <span class='ocrx_word' id='word_1_316' title='bbox 1025 3053 1308 3122; x_wconf 89' lang='lat' dir='ltr'>perpolito</span> <span class='ocrx_word' id='word_1_317' title='bbox 1333 3052 1391 3104; x_wconf 90' lang='lat' dir='ltr'>iu</span> <span class='ocrx_word' id='word_1_318' title='bbox 1422 3051 1782 3120; x_wconf 87' lang='lat' dir='ltr'>dialogorum</span> <span class='ocrx_word' id='word_1_319' title='bbox 1815 3051 2056 3104; x_wconf 89' lang='lat' dir='ltr'>formam</span> <span class='ocrx_word' id='word_1_320' title='bbox 2088 3052 2334 3120; x_wconf 85' lang='lat' dir='ltr'>perfecta</span> <span class='ocrx_word' id='word_1_321' title='bbox 2361 3057 2511 3106; x_wconf 89' lang='lat' dir='ltr'>sunt.</span> <span class='ocrx_word' id='word_1_322' title='bbox 2547 3056 2707 3107; x_wconf 74' lang='lat' dir='ltr'>(lerte</span> <span class='ocrx_word' id='word_1_323' title='bbox 2734 3055 2886 3107; x_wconf 84' lang='lat' dir='ltr'>enim</span> <span class='ocrx_word' id='word_1_324' title='bbox 2920 3055 3271 3126; x_wconf 66' lang='lat' dir='ltr'>quaestiones</span> <span class='ocrx_word' id='word_1_325' title='bbox 3318 3055 3432 3108; x_wconf 89' lang='lat' dir='ltr'>illic</span> <span class='ocrx_word' id='word_1_326' title='bbox 3461 3066 3712 3124; x_wconf 86' lang='lat' dir='ltr'>perquam</span> <span class='ocrx_word' id='word_1_327' title='bbox 3741 3047 3845 3102; x_wconf 86' lang='lat' dir='ltr'>dilli-</span> 
     </span>
    </p>
   </div>
   <div class='ocr_carea' id='block_1_26' title="bbox 413 3137 3848 3212">
    <p class='ocr_par' dir='ltr' id='par_1_26' title="bbox 413 3137 3848 3212">
     <span class='ocr_line' id='line_1_26' title="bbox 413 3137 3848 3212; baseline -0.001 -21"><span class='ocrx_word' id='word_1_328' title='bbox 413 3139 568 3203; x_wconf 89' lang='lat' dir='ltr'>ciles,</span> <span class='ocrx_word' id='word_1_329' title='bbox 601 3140 660 3192; x_wconf 92' lang='lat' dir='ltr'>in</span> <span class='ocrx_word' id='word_1_330' title='bbox 687 3138 894 3208; x_wconf 87' lang='lat' dir='ltr'>quibus</span> <span class='ocrx_word' id='word_1_331' title='bbox 933 3139 1068 3191; x_wconf 88' lang='lat' dir='ltr'>olim</span> <span class='ocrx_word' id='word_1_332' title='bbox 1104 3139 1354 3192; x_wconf 88' lang='lat' dir='ltr'>maxima</span> <span class='ocrx_word' id='word_1_333' title='bbox 1383 3155 1625 3208; x_wconf 67' lang='lat' dir='ltr'>quaeque</span> <span class='ocrx_word' id='word_1_334' title='bbox 1653 3137 1881 3206; x_wconf 85' lang='lat' dir='ltr'>ingenia</span> <span class='ocrx_word' id='word_1_335' title='bbox 1899 3138 2269 3204; x_wconf 88' lang='lat' dir='ltr'>desudarunt,</span> <span class='ocrx_word' id='word_1_336' title='bbox 2301 3141 2764 3209; x_wconf 88' lang='lat' dir='ltr'>defeceruntque,</span> <span class='ocrx_word' id='word_1_337' title='bbox 2792 3141 3020 3196; x_wconf 90' lang='lat' dir='ltr'>discutit</span> <span class='ocrx_word' id='word_1_338' title='bbox 3042 3145 3159 3212; x_wconf 90' lang='lat' dir='ltr'>ipse</span> <span class='ocrx_word' id='word_1_339' title='bbox 3182 3143 3463 3209; x_wconf 85' lang='lat' dir='ltr'>gnaviter,</span> <span class='ocrx_word' id='word_1_340' title='bbox 3489 3159 3549 3195; x_wconf 90' lang='lat' dir='ltr'>ac</span> <span class='ocrx_word' id='word_1_341' title='bbox 3563 3137 3848 3209; x_wconf 82' lang='lat' dir='ltr'>sagacissime</span> 
     </span>
    </p>
   </div>
   <div class='ocr_carea' id='block_1_27' title="bbox 415 3223 3846 3298">
    <p class='ocr_par' dir='ltr' id='par_1_27' title="bbox 415 3223 3846 3298">
     <span class='ocr_line' id='line_1_27' title="bbox 415 3223 3846 3298; baseline -0.001 -18"><span class='ocrx_word' id='word_1_342' title='bbox 415 3227 666 3280; x_wconf 88' lang='lat' dir='ltr'>resolvit.</span> <span class='ocrx_word' id='word_1_343' title='bbox 707 3223 888 3289; x_wconf 85' lang='lat' dir='ltr'>Quam</span> <span class='ocrx_word' id='word_1_344' title='bbox 917 3227 1263 3296; x_wconf 86' lang='lat' dir='ltr'>gravissimis</span> <span class='ocrx_word' id='word_1_345' title='bbox 1292 3225 1580 3279; x_wconf 89' lang='lat' dir='ltr'>rationum</span> <span class='ocrx_word' id='word_1_346' title='bbox 1613 3226 1917 3279; x_wconf 91' lang='lat' dir='ltr'>momentis</span> <span class='ocrx_word' id='word_1_347' title='bbox 1955 3227 2022 3280; x_wconf 90' lang='lat' dir='ltr'>de</span> <span class='ocrx_word' id='word_1_348' title='bbox 2061 3226 2312 3280; x_wconf 88' lang='lat' dir='ltr'>veritatis</span> <span class='ocrx_word' id='word_1_349' title='bbox 2359 3230 2726 3298; x_wconf 88' lang='lat' dir='ltr'>perceptione</span> <span class='ocrx_word' id='word_1_350' title='bbox 2784 3235 2982 3284; x_wconf 90' lang='lat' dir='ltr'>contra</span> <span class='ocrx_word' id='word_1_351' title='bbox 3027 3231 3415 3292; x_wconf 85' lang='lat' dir='ltr'>Academicos,</span> <span class='ocrx_word' id='word_1_352' title='bbox 3462 3235 3576 3283; x_wconf 87' lang='lat' dir='ltr'>tum</span> <span class='ocrx_word' id='word_1_353' title='bbox 3628 3228 3687 3282; x_wconf 85' lang='lat' dir='ltr'>de</span> <span class='ocrx_word' id='word_1_354' title='bbox 3728 3225 3846 3278; x_wconf 77' lang='lat' dir='ltr'>Beata</span> 
     </span>
    </p>
   </div>
   <div class='ocr_carea' id='block_1_28' title="bbox 415 3312 3846 3388">
    <p class='ocr_par' dir='ltr' id='par_1_28' title="bbox 415 3312 3846 3388">
     <span class='ocr_line' id='line_1_28' title="bbox 415 3312 3846 3388; baseline -0.001 -21"><span class='ocrx_word' id='word_1_355' title='bbox 415 3315 551 3380; x_wconf 89' lang='lat' dir='ltr'>vita,</span> <span class='ocrx_word' id='word_1_356' title='bbox 584 3314 653 3368; x_wconf 92' lang='lat' dir='ltr'>de</span> <span class='ocrx_word' id='word_1_357' title='bbox 684 3314 895 3369; x_wconf 90' lang='lat' dir='ltr'>Ordine</span> <span class='ocrx_word' id='word_1_358' title='bbox 926 3330 1141 3383; x_wconf 89' lang='lat' dir='ltr'>rerum,</span> <span class='ocrx_word' id='word_1_359' title='bbox 1174 3314 1243 3368; x_wconf 82' lang='lat' dir='ltr'>de</span> <span class='ocrx_word' id='word_1_360' title='bbox 1274 3314 1493 3368; x_wconf 72' lang='lat' dir='ltr'>Anima:</span> <span class='ocrx_word' id='word_1_361' title='bbox 1525 3315 1838 3385; x_wconf 85' lang='lat' dir='ltr'>quantitate</span> <span class='ocrx_word' id='word_1_362' title='bbox 1867 3318 1920 3368; x_wconf 92' lang='lat' dir='ltr'>et</span> <span class='ocrx_word' id='word_1_363' title='bbox 1950 3316 2397 3381; x_wconf 88' lang='lat' dir='ltr'>immortalitate,</span> <span class='ocrx_word' id='word_1_364' title='bbox 2429 3317 2613 3387; x_wconf 85' lang='lat' dir='ltr'>deque</span> <span class='ocrx_word' id='word_1_365' title='bbox 2655 3317 2778 3370; x_wconf 90' lang='lat' dir='ltr'>aliis</span> <span class='ocrx_word' id='word_1_366' title='bbox 2808 3317 3003 3388; x_wconf 84' lang='lat' dir='ltr'>magni</span> <span class='ocrx_word' id='word_1_367' title='bbox 3033 3319 3316 3372; x_wconf 90' lang='lat' dir='ltr'>momenti</span> <span class='ocrx_word' id='word_1_368' title='bbox 3356 3318 3521 3372; x_wconf 88' lang='lat' dir='ltr'>rebus</span> <span class='ocrx_word' id='word_1_369' title='bbox 3549 3316 3682 3370; x_wconf 87' lang='lat' dir='ltr'>inter</span> <span class='ocrx_word' id='word_1_370' title='bbox 3705 3312 3846 3382; x_wconf 82' lang='lat' dir='ltr'>dispu-</span> 
     </span>
    </p>
   </div>
   <div class='ocr_carea' id='block_1_29' title="bbox 416 3402 3847 3477">
    <p class='ocr_par' dir='ltr' id='par_1_29' title="bbox 416 3402 3847 3477">
     <span class='ocr_line' id='line_1_29' title="bbox 416 3402 3847 3477; baseline -0 -21"><span class='ocrx_word' id='word_1_371' title='bbox 416 3403 655 3458; x_wconf 90' lang='lat' dir='ltr'>tandum</span> <span class='ocrx_word' id='word_1_372' title='bbox 686 3403 1113 3466; x_wconf 84' lang='lat' dir='ltr'>occurrentibus</span> <span class='ocrx_word' id='word_1_373' title='bbox 1144 3408 1293 3473; x_wconf 87' lang='lat' dir='ltr'>agat,</span> <span class='ocrx_word' id='word_1_374' title='bbox 1323 3403 1450 3473; x_wconf 87' lang='lat' dir='ltr'>quis</span> <span class='ocrx_word' id='word_1_375' title='bbox 1480 3419 1595 3456; x_wconf 90' lang='lat' dir='ltr'>non</span> <span class='ocrx_word' id='word_1_376' title='bbox 1627 3402 1981 3457; x_wconf 87' lang='lat' dir='ltr'>admiretur?</span> <span class='ocrx_word' id='word_1_377' title='bbox 2004 3404 2215 3459; x_wconf 88' lang='lat' dir='ltr'>Deinde</span> <span class='ocrx_word' id='word_1_378' title='bbox 2245 3406 2303 3458; x_wconf 91' lang='lat' dir='ltr'>in</span> <span class='ocrx_word' id='word_1_379' title='bbox 2337 3406 2588 3476; x_wconf 89' lang='lat' dir='ltr'>quinque</span> <span class='ocrx_word' id='word_1_380' title='bbox 2639 3407 2940 3476; x_wconf 90' lang='lat' dir='ltr'>postremis</span> <span class='ocrx_word' id='word_1_381' title='bbox 2968 3408 3109 3460; x_wconf 90' lang='lat' dir='ltr'>tomi</span> <span class='ocrx_word' id='word_1_382' title='bbox 3139 3408 3402 3477; x_wconf 84' lang='lat' dir='ltr'>ejusdem</span> <span class='ocrx_word' id='word_1_383' title='bbox 3435 3404 3716 3476; x_wconf 89' lang='lat' dir='ltr'>opusculis,</span> <span class='ocrx_word' id='word_1_384' title='bbox 3758 3413 3847 3469; x_wconf 63' lang='lat' dir='ltr'>qui?</span> 
     </span>
    </p>
   </div>
   <div class='ocr_carea' id='block_1_30' title="bbox 414 3485 3847 3565">
    <p class='ocr_par' dir='ltr' id='par_1_30' title="bbox 414 3485 3847 3565">
     <span class='ocr_line' id='line_1_30' title="bbox 414 3485 3847 3565; baseline -0.003 -19"><span class='ocrx_word' id='word_1_385' title='bbox 414 3491 688 3546; x_wconf 88' lang='lat' dir='ltr'>adversus</span> <span class='ocrx_word' id='word_1_386' title='bbox 715 3491 1053 3546; x_wconf 67' lang='lat' dir='ltr'>Manichaeos</span> <span class='ocrx_word' id='word_1_387' title='bbox 1085 3490 1334 3556; x_wconf 89' lang='lat' dir='ltr'>dictavit,</span> <span class='ocrx_word' id='word_1_388' title='bbox 1365 3507 1538 3561; x_wconf 84' lang='lat' dir='ltr'>quam</span> <span class='ocrx_word' id='word_1_389' title='bbox 1567 3491 1737 3546; x_wconf 88' lang='lat' dir='ltr'>variis</span> <span class='ocrx_word' id='word_1_390' title='bbox 1766 3495 1822 3544; x_wconf 91' lang='lat' dir='ltr'>et</span> <span class='ocrx_word' id='word_1_391' title='bbox 1843 3491 2251 3562; x_wconf 87' lang='lat' dir='ltr'>multiplicibus</span> <span class='ocrx_word' id='word_1_392' title='bbox 2274 3508 2472 3546; x_wconf 89' lang='lat' dir='ltr'>eorum</span> <span class='ocrx_word' id='word_1_393' title='bbox 2505 3493 2789 3561; x_wconf 77' lang='lat' dir='ltr'>haeresim,</span> <span class='ocrx_word' id='word_1_394' title='bbox 2822 3511 2993 3565; x_wconf 88' lang='lat' dir='ltr'>quam</span> <span class='ocrx_word' id='word_1_395' title='bbox 3019 3493 3218 3549; x_wconf 89' lang='lat' dir='ltr'>validis</span> <span class='ocrx_word' id='word_1_396' title='bbox 3241 3513 3309 3550; x_wconf 86' lang='lat' dir='ltr'>ac</span> <span class='ocrx_word' id='word_1_397' title='bbox 3334 3495 3549 3550; x_wconf 87' lang='lat' dir='ltr'>invictis</span> <span class='ocrx_word' id='word_1_398' title='bbox 3567 3485 3847 3562; x_wconf 74' lang='lat' dir='ltr'>argumentis</span> 
     </span>
    </p>
   </div>
   <div class='ocr_carea' id='block_1_31' title="bbox 411 3577 3847 3651">
    <p class='ocr_par' dir='ltr' id='par_1_31' title="bbox 411 3577 3847 3651">
     <span class='ocr_line' id='line_1_31' title="bbox 411 3577 3847 3651; baseline -0.003 -17"><span class='ocrx_word' id='word_1_399' title='bbox 411 3579 714 3635; x_wconf 81' lang='lat' dir='ltr'>labefactat</span> <span class='ocrx_word' id='word_1_400' title='bbox 739 3584 796 3634; x_wconf 89' lang='lat' dir='ltr'>et</span> <span class='ocrx_word' id='word_1_401' title='bbox 825 3581 1066 3634; x_wconf 87' lang='lat' dir='ltr'>evertit?</span> <span class='ocrx_word' id='word_1_402' title='bbox 1098 3596 1225 3650; x_wconf 57' lang='lat' dir='ltr'>qua!</span> <span class='ocrx_word' id='word_1_403' title='bbox 1258 3580 1532 3634; x_wconf 88' lang='lat' dir='ltr'>nimirum</span> <span class='ocrx_word' id='word_1_404' title='bbox 1557 3580 1830 3650; x_wconf 90' lang='lat' dir='ltr'>opuscula</span> <span class='ocrx_word' id='word_1_405' title='bbox 1855 3580 1932 3633; x_wconf 90' lang='lat' dir='ltr'>ita</span> <span class='ocrx_word' id='word_1_406' title='bbox 1962 3579 2158 3634; x_wconf 87' lang='lat' dir='ltr'>mirari</span> <span class='ocrx_word' id='word_1_407' title='bbox 2188 3597 2244 3633; x_wconf 88' lang='lat' dir='ltr'>se</span> <span class='ocrx_word' id='word_1_408' title='bbox 2267 3585 2437 3651; x_wconf 91' lang='lat' dir='ltr'>atque</span> <span class='ocrx_word' id='word_1_409' title='bbox 2467 3582 2748 3651; x_wconf 88' lang='lat' dir='ltr'>suspicere</span> <span class='ocrx_word' id='word_1_410' title='bbox 2779 3582 3003 3637; x_wconf 88' lang='lat' dir='ltr'>dicebat</span> <span class='ocrx_word' id='word_1_411' title='bbox 3033 3584 3088 3638; x_wconf 88' lang='lat' dir='ltr'>S.</span> <span class='ocrx_word' id='word_1_412' title='bbox 3123 3585 3417 3648; x_wconf 87' lang='lat' dir='ltr'>Paulinus,</span> <span class='ocrx_word' id='word_1_413' title='bbox 3447 3589 3504 3637; x_wconf 80' lang='lat' dir='ltr'>ut</span> <span class='ocrx_word' id='word_1_414' title='bbox 3530 3583 3715 3636; x_wconf 79' lang='lat' dir='ltr'>dictata</span> <span class='ocrx_word' id='word_1_415' title='bbox 3740 3577 3847 3629; x_wconf 76' lang='lat' dir='ltr'>diri-</span> 
     </span>
    </p>
   </div>
   <div class='ocr_carea' id='block_1_32' title="bbox 412 3661 3846 3742">
    <p class='ocr_par' dir='ltr' id='par_1_32' title="bbox 412 3661 3846 3742">
     <span class='ocr_line' id='line_1_32' title="bbox 412 3661 3846 3742; baseline -0.003 -20"><span class='ocrx_word' id='word_1_416' title='bbox 412 3671 561 3723; x_wconf 81' lang='lat' dir='ltr'>m’tus</span> <span class='ocrx_word' id='word_1_417' title='bbox 589 3669 755 3736; x_wconf 78' lang='lat' dir='ltr'>verba</span> <span class='ocrx_word' id='word_1_418' title='bbox 785 3669 1041 3722; x_wconf 87' lang='lat' dir='ltr'>crederet</span> <span class='ocrx_word' id='word_1_419' title='bbox 1065 3667 1262 3738; x_wconf 79' lang='lat' dir='ltr'>(Epist.</span> <span class='ocrx_word' id='word_1_420' title='bbox 1295 3669 1384 3732; x_wconf 72' lang='grc'>24,</span> <span class='ocrx_word' id='word_1_421' title='bbox 1407 3684 1461 3721; x_wconf 73' lang='grc' dir='ltr'>τι.</span> <span class='ocrx_word' id='word_1_422' title='bbox 1493 3669 1566 3739; x_wconf 73' lang='lat'>2).</span> <span class='ocrx_word' id='word_1_423' title='bbox 1604 3668 1856 3738; x_wconf 84' lang='lat' dir='ltr'>Denique</span> <span class='ocrx_word' id='word_1_424' title='bbox 1887 3668 2023 3721; x_wconf 90' lang='lat' dir='ltr'>dum</span> <span class='ocrx_word' id='word_1_425' title='bbox 2055 3667 2301 3721; x_wconf 86' lang='lat' dir='ltr'>tirocinii</span> <span class='ocrx_word' id='word_1_426' title='bbox 2330 3667 2417 3721; x_wconf 89' lang='lat' dir='ltr'>sui</span> <span class='ocrx_word' id='word_1_427' title='bbox 2448 3675 2636 3738; x_wconf 89' lang='lat' dir='ltr'>partes</span> <span class='ocrx_word' id='word_1_428' title='bbox 2667 3670 2888 3741; x_wconf 86' lang='lat' dir='ltr'>implet,</span> <span class='ocrx_word' id='word_1_429' title='bbox 2923 3676 3094 3741; x_wconf 87' lang='lat' dir='ltr'>atque</span> <span class='ocrx_word' id='word_1_430' title='bbox 3123 3672 3385 3727; x_wconf 89' lang='lat' dir='ltr'>animum</span> <span class='ocrx_word' id='word_1_431' title='bbox 3419 3687 3593 3742; x_wconf 84' lang='lat' dir='ltr'>nuper</span> <span class='ocrx_word' id='word_1_432' title='bbox 3619 3668 3677 3721; x_wconf 86' lang='lat' dir='ltr'>ab</span> <span class='ocrx_word' id='word_1_433' title='bbox 3700 3661 3846 3718; x_wconf 70' lang='lat' dir='ltr'>lueresi</span> 
     </span>
    </p>
   </div>
   <div class='ocr_carea' id='block_1_33' title="bbox 412 3754 3845 3832">
    <p class='ocr_par' dir='ltr' id='par_1_33' title="bbox 412 3754 3845 3832">
     <span class='ocr_line' id='line_1_33' title="bbox 412 3754 3845 3832; baseline -0.002 -22"><span class='ocrx_word' id='word_1_434' title='bbox 412 3772 753 3811; x_wconf 88' lang='lat' dir='ltr'>conversum</span> <span class='ocrx_word' id='word_1_435' title='bbox 783 3755 1077 3809; x_wconf 65' lang='lat' dir='ltr'>catholicae</span> <span class='ocrx_word' id='word_1_436' title='bbox 1111 3755 1245 3809; x_wconf 78' lang='lat' dir='ltr'>fidei</span> <span class='ocrx_word' id='word_1_437' title='bbox 1270 3754 1500 3824; x_wconf 89' lang='lat' dir='ltr'>penitus</span> <span class='ocrx_word' id='word_1_438' title='bbox 1540 3755 1911 3824; x_wconf 87' lang='lat' dir='ltr'>subigit,nibil</span> <span class='ocrx_word' id='word_1_439' title='bbox 1943 3755 2178 3809; x_wconf 90' lang='lat' dir='ltr'>omnino</span> <span class='ocrx_word' id='word_1_440' title='bbox 2210 3758 2615 3826; x_wconf 62' lang='lat' dir='ltr'>praetermittit,</span> <span class='ocrx_word' id='word_1_441' title='bbox 2645 3776 2758 3830; x_wconf 90' lang='lat' dir='ltr'>quo</span> <span class='ocrx_word' id='word_1_442' title='bbox 2781 3759 2922 3814; x_wconf 89' lang='lat' dir='ltr'>alios</span> <span class='ocrx_word' id='word_1_443' title='bbox 2956 3761 3162 3814; x_wconf 88' lang='lat' dir='ltr'>liberet</span> <span class='ocrx_word' id='word_1_444' title='bbox 3193 3778 3224 3814; x_wconf 88' lang='lat' dir='ltr'>a</span> <span class='ocrx_word' id='word_1_445' title='bbox 3255 3760 3581 3832; x_wconf 89' lang='lat' dir='ltr'>perniciosis</span> <span class='ocrx_word' id='word_1_446' title='bbox 3615 3757 3711 3810; x_wconf 90' lang='lat' dir='ltr'>illis</span> <span class='ocrx_word' id='word_1_447' title='bbox 3732 3767 3845 3807; x_wconf 86' lang='lat' dir='ltr'>erro-</span> 
     </span>
    </p>
   </div>
   <div class='ocr_carea' id='block_1_34' title="bbox 411 3838 3845 3919">
    <p class='ocr_par' dir='ltr' id='par_1_34' title="bbox 411 3838 3845 3919">
     <span class='ocr_line' id='line_1_34' title="bbox 411 3838 3845 3919; baseline -0.001 -22"><span class='ocrx_word' id='word_1_448' title='bbox 411 3845 589 3910; x_wconf 88' lang='lat' dir='ltr'>ribus,</span> <span class='ocrx_word' id='word_1_449' title='bbox 624 3845 682 3898; x_wconf 91' lang='lat' dir='ltr'>in</span> <span class='ocrx_word' id='word_1_450' title='bbox 715 3861 856 3914; x_wconf 85' lang='lat' dir='ltr'>quos</span> <span class='ocrx_word' id='word_1_451' title='bbox 879 3844 1180 3897; x_wconf 82' lang='lat' dir='ltr'>infeliciter</span> <span class='ocrx_word' id='word_1_452' title='bbox 1211 3844 1546 3896; x_wconf 87' lang='lat' dir='ltr'>incurrerat.</span> <span class='ocrx_word' id='word_1_453' title='bbox 1583 3845 1644 3896; x_wconf 87' lang='lat' dir='ltr'>Et</span> <span class='ocrx_word' id='word_1_454' title='bbox 1670 3843 1783 3897; x_wconf 90' lang='lat' dir='ltr'>sive</span> <span class='ocrx_word' id='word_1_455' title='bbox 1812 3844 1880 3897; x_wconf 92' lang='lat' dir='ltr'>de</span> <span class='ocrx_word' id='word_1_456' title='bbox 1906 3844 2281 3915; x_wconf 86' lang='lat' dir='ltr'>Philosopbis,</span> <span class='ocrx_word' id='word_1_457' title='bbox 2315 3845 2428 3898; x_wconf 92' lang='lat' dir='ltr'>sive</span> <span class='ocrx_word' id='word_1_458' title='bbox 2451 3846 2518 3899; x_wconf 81' lang='lat' dir='ltr'>(le</span> <span class='ocrx_word' id='word_1_459' title='bbox 2537 3847 2858 3901; x_wconf 71' lang='lat' dir='ltr'>Manicbazis</span> <span class='ocrx_word' id='word_1_460' title='bbox 2877 3864 3071 3918; x_wconf 62' lang='lat' dir='ltr'>pennas</span> <span class='ocrx_word' id='word_1_461' title='bbox 3102 3850 3332 3919; x_wconf 90' lang='lat' dir='ltr'>repetit,</span> <span class='ocrx_word' id='word_1_462' title='bbox 3365 3854 3556 3903; x_wconf 89' lang='lat' dir='ltr'>contra</span> <span class='ocrx_word' id='word_1_463' title='bbox 3579 3838 3845 3901; x_wconf 78' lang='lat' dir='ltr'>earumdem</span> 
     </span>
    </p>
   </div>
   <div class='ocr_carea' id='block_1_35' title="bbox 408 3924 3846 4003">
    <p class='ocr_par' dir='ltr' id='par_1_35' title="bbox 408 3924 3846 4003">
     <span class='ocr_line' id='line_1_35' title="bbox 408 3924 3846 4003; baseline 0.002 -18"><span class='ocrx_word' id='word_1_464' title='bbox 408 3947 629 3986; x_wconf 88' lang='lat' dir='ltr'>errores</span> <span class='ocrx_word' id='word_1_465' title='bbox 654 3931 973 3986; x_wconf 89' lang='lat' dir='ltr'>communit</span> <span class='ocrx_word' id='word_1_466' title='bbox 1000 3931 1229 3985; x_wconf 87' lang='lat' dir='ltr'>lectoris</span> <span class='ocrx_word' id='word_1_467' title='bbox 1259 3932 1818 3998; x_wconf 84' lang='lat' dir='ltr'>animum,veraeque</span> <span class='ocrx_word' id='word_1_468' title='bbox 1841 3931 1974 3985; x_wconf 81' lang='lat' dir='ltr'>fidei</span> <span class='ocrx_word' id='word_1_469' title='bbox 1995 3949 2057 3985; x_wconf 85' lang='lat' dir='ltr'>ac</span> <span class='ocrx_word' id='word_1_470' title='bbox 2085 3933 2376 4003; x_wconf 86' lang='lat' dir='ltr'>religionis</span> <span class='ocrx_word' id='word_1_471' title='bbox 2395 3933 2728 3989; x_wconf 68' lang='lat' dir='ltr'>Christianae</span> <span class='ocrx_word' id='word_1_472' title='bbox 2755 3935 3129 3991; x_wconf 90' lang='lat' dir='ltr'>fundamenta</span> <span class='ocrx_word' id='word_1_473' title='bbox 3154 3939 3338 3992; x_wconf 86' lang='lat' dir='ltr'>menti</span> <span class='ocrx_word' id='word_1_474' title='bbox 3361 3938 3524 3992; x_wconf 87' lang='lat' dir='ltr'>altius</span> <span class='ocrx_word' id='word_1_475' title='bbox 3546 3932 3724 4003; x_wconf 82' lang='lat' dir='ltr'>inﬁgit.</span> <span class='ocrx_word' id='word_1_476' title='bbox 3743 3924 3846 3992; x_wconf 74' lang='grc' dir='ltr'>Ουίά</span> 
     </span>
    </p>
   </div>
   <div class='ocr_carea' id='block_1_36' title="bbox 409 4017 3847 4096">
    <p class='ocr_par' dir='ltr' id='par_1_36' title="bbox 409 4017 3847 4096">
     <span class='ocr_line' id='line_1_36' title="bbox 409 4017 3847 4096; baseline 0 -22"><span class='ocrx_word' id='word_1_477' title='bbox 409 4021 564 4092; x_wconf 90' lang='lat' dir='ltr'>quod</span> <span class='ocrx_word' id='word_1_478' title='bbox 594 4020 663 4074; x_wconf 88' lang='lat' dir='ltr'>ab</span> <span class='ocrx_word' id='word_1_479' title='bbox 693 4019 927 4074; x_wconf 90' lang='lat' dir='ltr'>ineunte</span> <span class='ocrx_word' id='word_1_480' title='bbox 961 4018 1087 4073; x_wconf 74' lang='lat' dir='ltr'>vitae</span> <span class='ocrx_word' id='word_1_481' title='bbox 1114 4019 1364 4073; x_wconf 88' lang='lat' dir='ltr'>melioris</span> <span class='ocrx_word' id='word_1_482' title='bbox 1396 4019 1691 4090; x_wconf 86' lang='lat' dir='ltr'>proposito</span> <span class='ocrx_word' id='word_1_483' title='bbox 1723 4019 1801 4072; x_wconf 88' lang='lat' dir='ltr'>ita</span> <span class='ocrx_word' id='word_1_484' title='bbox 1828 4020 2189 4089; x_wconf 85' lang='lat' dir='ltr'>comparatus</span> <span class='ocrx_word' id='word_1_485' title='bbox 2233 4021 2340 4076; x_wconf 91' lang='lat' dir='ltr'>fuit</span> <span class='ocrx_word' id='word_1_486' title='bbox 2387 4023 2472 4076; x_wconf 88' lang='lat' dir='ltr'>vir</span> <span class='ocrx_word' id='word_1_487' title='bbox 2503 4029 2749 4090; x_wconf 89' lang='lat' dir='ltr'>sanctus,</span> <span class='ocrx_word' id='word_1_488' title='bbox 2783 4031 2845 4078; x_wconf 89' lang='lat' dir='ltr'>ut</span> <span class='ocrx_word' id='word_1_489' title='bbox 2893 4031 3040 4080; x_wconf 86' lang='lat' dir='ltr'>artes</span> <span class='ocrx_word' id='word_1_490' title='bbox 3081 4025 3230 4096; x_wconf 74' lang='lat' dir='ltr'>ipsas</span> <span class='ocrx_word' id='word_1_491' title='bbox 3278 4026 3542 4081; x_wconf 76' lang='lat' dir='ltr'>liberales</span> <span class='ocrx_word' id='word_1_492' title='bbox 3570 4037 3675 4077; x_wconf 88' lang='lat' dir='ltr'>non</span> <span class='ocrx_word' id='word_1_493' title='bbox 3696 4017 3847 4088; x_wconf 77' lang='lat' dir='ltr'>jeiun0</span> 
     </span>
    </p>
   </div>
   <div class='ocr_carea' id='block_1_37' title="bbox 409 4103 3847 4183">
    <p class='ocr_par' dir='ltr' id='par_1_37' title="bbox 409 4103 3847 4183">
     <span class='ocr_line' id='line_1_37' title="bbox 409 4103 3847 4183; baseline -0.003 -21"><span class='ocrx_word' id='word_1_494' title='bbox 409 4110 508 4164; x_wconf 91' lang='lat' dir='ltr'>illo</span> <span class='ocrx_word' id='word_1_495' title='bbox 537 4108 863 4180; x_wconf 87' lang='lat' dir='ltr'>vulgarium</span> <span class='ocrx_word' id='word_1_496' title='bbox 894 4113 1196 4162; x_wconf 89' lang='lat' dir='ltr'>auctorum</span> <span class='ocrx_word' id='word_1_497' title='bbox 1228 4109 1393 4163; x_wconf 91' lang='lat' dir='ltr'>modo</span> <span class='ocrx_word' id='word_1_498' title='bbox 1418 4113 1704 4171; x_wconf 81' lang='lat' dir='ltr'>tractaret,</span> <span class='ocrx_word' id='word_1_499' title='bbox 1739 4107 1834 4161; x_wconf 92' lang='lat' dir='ltr'>sed</span> <span class='ocrx_word' id='word_1_500' title='bbox 1865 4108 2059 4161; x_wconf 89' lang='lat' dir='ltr'>animo</span> <span class='ocrx_word' id='word_1_501' title='bbox 2092 4110 2263 4179; x_wconf 91' lang='lat' dir='ltr'>plane</span> <span class='ocrx_word' id='word_1_502' title='bbox 2316 4109 2650 4178; x_wconf 79' lang='lat' dir='ltr'>christiano,</span> <span class='ocrx_word' id='word_1_503' title='bbox 2684 4117 2965 4183; x_wconf 89' lang='lat' dir='ltr'>quatenus</span> <span class='ocrx_word' id='word_1_504' title='bbox 2996 4114 3271 4167; x_wconf 90' lang='lat' dir='ltr'>lectorum</span> <span class='ocrx_word' id='word_1_505' title='bbox 3303 4115 3521 4168; x_wconf 88' lang='lat' dir='ltr'>animos</span> <span class='ocrx_word' id='word_1_506' title='bbox 3551 4110 3615 4165; x_wconf 87' lang='lat' dir='ltr'>ad</span> <span class='ocrx_word' id='word_1_507' title='bbox 3643 4103 3847 4161; x_wconf 89' lang='lat' dir='ltr'>Condito-</span> 
     </span>
    </p>
   </div>
   <div class='ocr_carea' id='block_1_38' title="bbox 407 4186 3846 4269">
    <p class='ocr_par' dir='ltr' id='par_1_38' title="bbox 407 4186 3846 4269">
     <span class='ocr_line' id='line_1_38' title="bbox 407 4186 3846 4269; baseline -0.002 -16"><span class='ocrx_word' id='word_1_508' title='bbox 407 4198 484 4253; x_wconf 90' lang='lat' dir='ltr'>ris</span> <span class='ocrx_word' id='word_1_509' title='bbox 512 4214 771 4253; x_wconf 90' lang='lat' dir='ltr'>amorem</span> <span class='ocrx_word' id='word_1_510' title='bbox 801 4197 1188 4268; x_wconf 82' lang='lat' dir='ltr'>perduceret?</span> <span class='ocrx_word' id='word_1_511' title='bbox 1244 4198 1326 4250; x_wconf 89' lang='lat' dir='ltr'>lta</span> <span class='ocrx_word' id='word_1_512' title='bbox 1355 4196 1511 4250; x_wconf 91' lang='lat' dir='ltr'>enim</span> <span class='ocrx_word' id='word_1_513' title='bbox 1550 4199 1799 4249; x_wconf 89' lang='lat' dir='ltr'>mentem</span> <span class='ocrx_word' id='word_1_514' title='bbox 1823 4196 1924 4249; x_wconf 89' lang='lat' dir='ltr'>hac</span> <span class='ocrx_word' id='word_1_515' title='bbox 1966 4196 2034 4250; x_wconf 91' lang='lat' dir='ltr'>de</span> <span class='ocrx_word' id='word_1_516' title='bbox 2080 4212 2141 4250; x_wconf 92' lang='lat' dir='ltr'>re</span> <span class='ocrx_word' id='word_1_517' title='bbox 2189 4213 2352 4250; x_wconf 88' lang='lat' dir='ltr'>suam</span> <span class='ocrx_word' id='word_1_518' title='bbox 2383 4198 2646 4268; x_wconf 87' lang='lat' dir='ltr'>aperitin</span> <span class='ocrx_word' id='word_1_519' title='bbox 2693 4200 2796 4254; x_wconf 90' lang='lat' dir='ltr'>lib.</span> <span class='ocrx_word' id='word_1_520' title='bbox 2837 4205 2851 4254; x_wconf 84' lang='lat' dir='ltr'>l</span> <span class='ocrx_word' id='word_1_521' title='bbox 2886 4202 3133 4269; x_wconf 81' lang='lat' dir='ltr'>Retrac,</span> <span class='ocrx_word' id='word_1_522' title='bbox 3177 4219 3229 4256; x_wconf 94' lang='lat' dir='ltr'>c.</span> <span class='ocrx_word' id='word_1_523' title='bbox 3287 4204 3340 4256; x_wconf 82' lang='lat'>6.</span> <span class='ocrx_word' id='word_1_524' title='bbox 3370 4199 3523 4254; x_wconf 78' lang='lat' dir='ltr'>Unde</span> <span class='ocrx_word' id='word_1_525' title='bbox 3545 4195 3762 4268; x_wconf 86' lang='lat' dir='ltr'>quinque</span> <span class='ocrx_word' id='word_1_526' title='bbox 3801 4186 3846 4240; x_wconf 73' lang='lat' dir='ltr'>de</span> 
     </span>
    </p>
   </div>
   <div class='ocr_carea' id='block_1_39' title="bbox 411 4285 3560 4360">
    <p class='ocr_par' dir='ltr' id='par_1_39' title="bbox 411 4285 3560 4360">
     <span class='ocr_line' id='line_1_39' title="bbox 411 4285 3560 4360; baseline -0 -18"><span class='ocrx_word' id='word_1_527' title='bbox 411 4288 618 4343; x_wconf 80' lang='lat' dir='ltr'>Musica</span> <span class='ocrx_word' id='word_1_528' title='bbox 648 4285 924 4341; x_wconf 90' lang='lat' dir='ltr'>absolutis</span> <span class='ocrx_word' id='word_1_529' title='bbox 955 4285 1114 4339; x_wconf 89' lang='lat' dir='ltr'>libris</span> <span class='ocrx_word' id='word_1_530' title='bbox 1145 4285 1351 4355; x_wconf 87' lang='lat' dir='ltr'>adjecit</span> <span class='ocrx_word' id='word_1_531' title='bbox 1381 4290 1623 4350; x_wconf 85' lang='lat' dir='ltr'>sextum,</span> <span class='ocrx_word' id='word_1_532' title='bbox 1655 4285 1755 4355; x_wconf 90' lang='lat' dir='ltr'>qui</span> <span class='ocrx_word' id='word_1_533' title='bbox 1780 4285 1952 4338; x_wconf 89' lang='lat' dir='ltr'>totius</span> <span class='ocrx_word' id='word_1_534' title='bbox 1983 4285 2308 4354; x_wconf 85' lang='lat' dir='ltr'>argumenti</span> <span class='ocrx_word' id='word_1_535' title='bbox 2341 4302 2627 4340; x_wconf 90' lang='lat' dir='ltr'>summam</span> <span class='ocrx_word' id='word_1_536' title='bbox 2657 4288 2728 4342; x_wconf 91' lang='lat' dir='ltr'>ad</span> <span class='ocrx_word' id='word_1_537' title='bbox 2759 4289 2938 4342; x_wconf 90' lang='lat' dir='ltr'>Deum</span> <span class='ocrx_word' id='word_1_538' title='bbox 2958 4289 3224 4356; x_wconf 90' lang='lat' dir='ltr'>traducit,</span> <span class='ocrx_word' id='word_1_539' title='bbox 3258 4289 3560 4360; x_wconf 88' lang='lat' dir='ltr'>erigitque.</span> 
     </span>
    </p>
   </div>
   <div class='ocr_carea' id='block_1_40' title="bbox 481 4369 3848 4449">
    <p class='ocr_par' dir='ltr' id='par_1_40' title="bbox 481 4369 3848 4449">
     <span class='ocr_line' id='line_1_40' title="bbox 481 4369 3848 4449; baseline -0.002 -20"><span class='ocrx_word' id='word_1_540' title='bbox 481 4377 743 4429; x_wconf 81' lang='lat' dir='ltr'>Jamvero</span> <span class='ocrx_word' id='word_1_541' title='bbox 772 4373 872 4444; x_wconf 90' lang='lat' dir='ltr'>qui</span> <span class='ocrx_word' id='word_1_542' title='bbox 903 4371 1336 4444; x_wconf 67' lang='lat' dir='ltr'>Augustinianee</span> <span class='ocrx_word' id='word_1_543' title='bbox 1366 4372 1638 4426; x_wconf 63' lang='lat' dir='ltr'>doctrinas</span> <span class='ocrx_word' id='word_1_544' title='bbox 1685 4371 1943 4425; x_wconf 90' lang='lat' dir='ltr'>animum</span> <span class='ocrx_word' id='word_1_545' title='bbox 1993 4371 2362 4436; x_wconf 83' lang='lat' dir='ltr'>assuefacere,</span> <span class='ocrx_word' id='word_1_546' title='bbox 2410 4375 2648 4446; x_wconf 83' lang='lat' dir='ltr'>ejusque</span> <span class='ocrx_word' id='word_1_547' title='bbox 2694 4377 2994 4448; x_wconf 69' lang='lat' dir='ltr'>praeceptis</span> <span class='ocrx_word' id='word_1_548' title='bbox 3013 4383 3068 4432; x_wconf 91' lang='lat' dir='ltr'>et</span> <span class='ocrx_word' id='word_1_549' title='bbox 3089 4377 3366 4432; x_wconf 90' lang='lat' dir='ltr'>institutis</span> <span class='ocrx_word' id='word_1_550' title='bbox 3407 4377 3622 4449; x_wconf 89' lang='lat' dir='ltr'>penitus</span> <span class='ocrx_word' id='word_1_551' title='bbox 3649 4369 3848 4425; x_wconf 77' lang='lat' dir='ltr'>imbuere</span> 
     </span>
    </p>
   </div>
   <div class='ocr_carea' id='block_1_41' title="bbox 413 4452 3848 4536">
    <p class='ocr_par' dir='ltr' id='par_1_41' title="bbox 413 4452 3848 4536">
     <span class='ocr_line' id='line_1_41' title="bbox 413 4452 3848 4536; baseline -0.002 -20"><span class='ocrx_word' id='word_1_552' title='bbox 413 4463 677 4529; x_wconf 87' lang='lat' dir='ltr'>voluerit,</span> <span class='ocrx_word' id='word_1_553' title='bbox 721 4479 823 4533; x_wconf 87' lang='lat' dir='ltr'>per</span> <span class='ocrx_word' id='word_1_554' title='bbox 872 4461 1100 4516; x_wconf 90' lang='lat' dir='ltr'>eosdem</span> <span class='ocrx_word' id='word_1_555' title='bbox 1161 4476 1388 4514; x_wconf 87' lang='lat' dir='ltr'>necesse</span> <span class='ocrx_word' id='word_1_556' title='bbox 1446 4464 1532 4514; x_wconf 91' lang='lat' dir='ltr'>est</span> <span class='ocrx_word' id='word_1_557' title='bbox 1591 4464 1657 4513; x_wconf 92' lang='lat' dir='ltr'>ut</span> <span class='ocrx_word' id='word_1_558' title='bbox 1705 4458 1967 4530; x_wconf 78' lang='lat' dir='ltr'>proficiat</span> <span class='ocrx_word' id='word_1_559' title='bbox 2021 4459 2248 4529; x_wconf 88' lang='lat' dir='ltr'>gradus,</span> <span class='ocrx_word' id='word_1_560' title='bbox 2311 4465 2368 4514; x_wconf 92' lang='lat' dir='ltr'>et</span> <span class='ocrx_word' id='word_1_561' title='bbox 2414 4464 2482 4517; x_wconf 89' lang='lat' dir='ltr'>ad</span> <span class='ocrx_word' id='word_1_562' title='bbox 2529 4464 2850 4519; x_wconf 90' lang='lat' dir='ltr'>absolutam</span> <span class='ocrx_word' id='word_1_563' title='bbox 2896 4465 3048 4519; x_wconf 89' lang='lat' dir='ltr'>illius</span> <span class='ocrx_word' id='word_1_564' title='bbox 3091 4467 3501 4536; x_wconf 87' lang='lat' dir='ltr'>perfectionem</span> <span class='ocrx_word' id='word_1_565' title='bbox 3555 4452 3848 4533; x_wconf 87' lang='lat' dir='ltr'>pedetentim</span> 
     </span>
    </p>
   </div>
   <div class='ocr_carea' id='block_1_42' title="bbox 413 4536 3847 4621">
    <p class='ocr_par' dir='ltr' id='par_1_42' title="bbox 413 4536 3847 4621">
     <span class='ocr_line' id='line_1_42' title="bbox 413 4536 3847 4621; baseline -0.003 -18"><span class='ocrx_word' id='word_1_566' title='bbox 413 4556 693 4620; x_wconf 83' lang='lat' dir='ltr'>assurgat.</span> <span class='ocrx_word' id='word_1_567' title='bbox 728 4551 851 4605; x_wconf 83' lang='lat' dir='ltr'>Non</span> <span class='ocrx_word' id='word_1_568' title='bbox 881 4550 1077 4621; x_wconf 88' lang='lat' dir='ltr'>pigeat</span> <span class='ocrx_word' id='word_1_569' title='bbox 1104 4549 1363 4604; x_wconf 88' lang='lat' dir='ltr'>eamdem</span> <span class='ocrx_word' id='word_1_570' title='bbox 1395 4547 1656 4602; x_wconf 85' lang='lat' dir='ltr'>incedere</span> <span class='ocrx_word' id='word_1_571' title='bbox 1676 4547 1846 4614; x_wconf 87' lang='lat' dir='ltr'>viam,</span> <span class='ocrx_word' id='word_1_572' title='bbox 1881 4563 2054 4618; x_wconf 86' lang='lat' dir='ltr'>quam</span> <span class='ocrx_word' id='word_1_573' title='bbox 2098 4549 2281 4602; x_wconf 89' lang='lat' dir='ltr'>tenuit</span> <span class='ocrx_word' id='word_1_574' title='bbox 2311 4551 2676 4620; x_wconf 82' lang='lat' dir='ltr'>Augustinus,</span> <span class='ocrx_word' id='word_1_575' title='bbox 2724 4554 2811 4606; x_wconf 88' lang='lat' dir='ltr'>vir</span> <span class='ocrx_word' id='word_1_576' title='bbox 2856 4556 3065 4608; x_wconf 87' lang='lat' dir='ltr'>tantus.</span> <span class='ocrx_word' id='word_1_577' title='bbox 3112 4556 3187 4608; x_wconf 88' lang='lat' dir='ltr'>Eo</span> <span class='ocrx_word' id='word_1_578' title='bbox 3217 4555 3420 4610; x_wconf 87' lang='lat' dir='ltr'>invitat</span> <span class='ocrx_word' id='word_1_579' title='bbox 3449 4556 3544 4608; x_wconf 89' lang='lat' dir='ltr'>aut</span> <span class='ocrx_word' id='word_1_580' title='bbox 3588 4536 3847 4618; x_wconf 77' lang='lat' dir='ltr'>argumenti</span> 
     </span>
    </p>
   </div>
   <div class='ocr_carea' id='block_1_43' title="bbox 417 4631 3847 4712">
    <p class='ocr_par' dir='ltr' id='par_1_43' title="bbox 417 4631 3847 4712">
     <span class='ocr_line' id='line_1_43' title="bbox 417 4631 3847 4712; baseline -0.001 -22"><span class='ocrx_word' id='word_1_581' title='bbox 417 4635 688 4705; x_wconf 88' lang='lat' dir='ltr'>dignitas,</span> <span class='ocrx_word' id='word_1_582' title='bbox 721 4642 819 4691; x_wconf 90' lang='lat' dir='ltr'>aut</span> <span class='ocrx_word' id='word_1_583' title='bbox 841 4639 1044 4692; x_wconf 88' lang='lat' dir='ltr'>modus</span> <span class='ocrx_word' id='word_1_584' title='bbox 1074 4636 1358 4692; x_wconf 89' lang='lat' dir='ltr'>tractandi</span> <span class='ocrx_word' id='word_1_585' title='bbox 1389 4652 1497 4700; x_wconf 90' lang='lat' dir='ltr'>res,</span> <span class='ocrx_word' id='word_1_586' title='bbox 1545 4636 1759 4706; x_wconf 86' lang='lat' dir='ltr'>ubique</span> <span class='ocrx_word' id='word_1_587' title='bbox 1805 4651 2026 4689; x_wconf 89' lang='lat' dir='ltr'>summo</span> <span class='ocrx_word' id='word_1_588' title='bbox 2070 4640 2126 4688; x_wconf 88' lang='lat' dir='ltr'>et</span> <span class='ocrx_word' id='word_1_589' title='bbox 2166 4636 2331 4706; x_wconf 89' lang='lat' dir='ltr'>plane</span> <span class='ocrx_word' id='word_1_590' title='bbox 2376 4637 2688 4694; x_wconf 89' lang='lat' dir='ltr'>christiano</span> <span class='ocrx_word' id='word_1_591' title='bbox 2735 4641 2969 4695; x_wconf 88' lang='lat' dir='ltr'>homine</span> <span class='ocrx_word' id='word_1_592' title='bbox 3015 4642 3223 4712; x_wconf 90' lang='lat' dir='ltr'>dignus</span> <span class='ocrx_word' id='word_1_593' title='bbox 3255 4658 3268 4696; x_wconf 90' lang='lat'><strong>:</strong></span> <span class='ocrx_word' id='word_1_594' title='bbox 3306 4641 3514 4712; x_wconf 91' lang='lat' dir='ltr'>ubique</span> <span class='ocrx_word' id='word_1_595' title='bbox 3546 4636 3668 4708; x_wconf 91' lang='lat' dir='ltr'>quid</span> <span class='ocrx_word' id='word_1_596' title='bbox 3695 4631 3847 4686; x_wconf 63' lang='lat' dir='ltr'>discas.</span> 
     </span>
    </p>
   </div>
   <div class='ocr_carea' id='block_1_44' title="bbox 414 4716 3847 4799">
    <p class='ocr_par' dir='ltr' id='par_1_44' title="bbox 414 4716 3847 4799">
     <span class='ocr_line' id='line_1_44' title="bbox 414 4716 3847 4799; baseline -0.001 -21"><span class='ocrx_word' id='word_1_597' title='bbox 414 4729 512 4778; x_wconf 88' lang='lat' dir='ltr'>aut</span> <span class='ocrx_word' id='word_1_598' title='bbox 570 4725 859 4796; x_wconf 90' lang='lat' dir='ltr'>quomodo</span> <span class='ocrx_word' id='word_1_599' title='bbox 923 4726 1104 4780; x_wconf 91' lang='lat' dir='ltr'>discas</span> <span class='ocrx_word' id='word_1_600' title='bbox 1155 4724 1428 4779; x_wconf 83' lang='lat' dir='ltr'>invenies.</span> <span class='ocrx_word' id='word_1_601' title='bbox 1481 4724 1624 4778; x_wconf 92' lang='lat' dir='ltr'>Sane</span> <span class='ocrx_word' id='word_1_602' title='bbox 1671 4724 1728 4777; x_wconf 92' lang='lat' dir='ltr'>in</span> <span class='ocrx_word' id='word_1_603' title='bbox 1785 4723 1874 4777; x_wconf 90' lang='lat' dir='ltr'>his</span> <span class='ocrx_word' id='word_1_604' title='bbox 1923 4723 1991 4777; x_wconf 90' lang='lat' dir='ltr'>de</span> <span class='ocrx_word' id='word_1_605' title='bbox 2034 4723 2242 4794; x_wconf 86' lang='lat' dir='ltr'>quibus</span> <span class='ocrx_word' id='word_1_606' title='bbox 2289 4726 2512 4795; x_wconf 85' lang='lat' dir='ltr'>agimus</span> <span class='ocrx_word' id='word_1_607' title='bbox 2557 4728 2715 4782; x_wconf 91' lang='lat' dir='ltr'>libris</span> <span class='ocrx_word' id='word_1_608' title='bbox 2769 4745 2968 4799; x_wconf 86' lang='lat' dir='ltr'>graves</span> <span class='ocrx_word' id='word_1_609' title='bbox 3021 4731 3568 4799; x_wconf 70' lang='lat' dir='ltr'>passim‘occurrunt</span> <span class='ocrx_word' id='word_1_610' title='bbox 3589 4716 3847 4778; x_wconf 60' lang='lat' dir='ltr'>sententia“,</span> 
     </span>
    </p>
   </div>
   <div class='ocr_carea' id='block_1_45' title="bbox 414 4802 3847 4889">
    <p class='ocr_par' dir='ltr' id='par_1_45' title="bbox 414 4802 3847 4889">
     <span class='ocr_line' id='line_1_45' title="bbox 414 4802 3847 4889; baseline -0.003 -23"><span class='ocrx_word' id='word_1_611' title='bbox 414 4813 687 4869; x_wconf 86' lang='lat' dir='ltr'>studiosis</span> <span class='ocrx_word' id='word_1_612' title='bbox 717 4813 1081 4869; x_wconf 87' lang='lat' dir='ltr'>instituendis</span> <span class='ocrx_word' id='word_1_613' title='bbox 1110 4815 1404 4886; x_wconf 87' lang='lat' dir='ltr'>perutiles,</span> <span class='ocrx_word' id='word_1_614' title='bbox 1441 4829 1683 4884; x_wconf 89' lang='lat' dir='ltr'>quarum</span> <span class='ocrx_word' id='word_1_615' title='bbox 1712 4813 1794 4867; x_wconf 89' lang='lat' dir='ltr'>vel</span> <span class='ocrx_word' id='word_1_616' title='bbox 1827 4828 1942 4866; x_wconf 90' lang='lat' dir='ltr'>una</span> <span class='ocrx_word' id='word_1_617' title='bbox 1971 4811 2146 4866; x_wconf 89' lang='lat' dir='ltr'>cuivis</span> <span class='ocrx_word' id='word_1_618' title='bbox 2177 4812 2348 4868; x_wconf 88' lang='lat' dir='ltr'>fuerit</span> <span class='ocrx_word' id='word_1_619' title='bbox 2369 4831 2472 4884; x_wconf 84' lang='lat' dir='ltr'>pro</span> <span class='ocrx_word' id='word_1_620' title='bbox 2503 4816 2715 4888; x_wconf 88' lang='lat' dir='ltr'>integri</span> <span class='ocrx_word' id='word_1_621' title='bbox 2745 4818 2877 4872; x_wconf 90' lang='lat' dir='ltr'>libri</span> <span class='ocrx_word' id='word_1_622' title='bbox 2901 4819 3267 4889; x_wconf 90' lang='lat' dir='ltr'>compendio.</span> <span class='ocrx_word' id='word_1_623' title='bbox 3305 4817 3532 4874; x_wconf 89' lang='lat' dir='ltr'>Accedit</span> <span class='ocrx_word' id='word_1_624' title='bbox 3556 4809 3692 4885; x_wconf 89' lang='lat' dir='ltr'>quod</span> <span class='ocrx_word' id='word_1_625' title='bbox 3715 4807 3764 4860; x_wconf 91' lang='lat' dir='ltr'>in</span> <span class='ocrx_word' id='word_1_626' title='bbox 3782 4802 3847 4889; x_wconf 65' lang='lat' dir='ltr'>iis,</span> 
     </span>
    </p>
   </div>
   <div class='ocr_carea' id='block_1_46' title="bbox 415 4887 3845 4978">
    <p class='ocr_par' dir='ltr' id='par_1_46' title="bbox 415 4887 3845 4978">
     <span class='ocr_line' id='line_1_46' title="bbox 415 4887 3845 4978; baseline -0.003 -21"><span class='ocrx_word' id='word_1_627' title='bbox 415 4919 544 4973; x_wconf 74' lang='lat' dir='ltr'>quae</span> <span class='ocrx_word' id='word_1_628' title='bbox 568 4903 806 4973; x_wconf 82' lang='lat' dir='ltr'>juvenes</span> <span class='ocrx_word' id='word_1_629' title='bbox 833 4902 1154 4970; x_wconf 89' lang='lat' dir='ltr'>scribimus,</span> <span class='ocrx_word' id='word_1_630' title='bbox 1185 4902 1458 4974; x_wconf 88' lang='lat' dir='ltr'>pinguior</span> <span class='ocrx_word' id='word_1_631' title='bbox 1477 4902 1701 4956; x_wconf 90' lang='lat' dir='ltr'>incedat</span> <span class='ocrx_word' id='word_1_632' title='bbox 1721 4901 1923 4967; x_wconf 91' lang='lat' dir='ltr'>oratio,</span> <span class='ocrx_word' id='word_1_633' title='bbox 1957 4918 2020 4956; x_wconf 90' lang='lat' dir='ltr'>ac</span> <span class='ocrx_word' id='word_1_634' title='bbox 2040 4901 2264 4972; x_wconf 90' lang='lat' dir='ltr'>plenior</span> <span class='ocrx_word' id='word_1_635' title='bbox 2284 4887 2820 4974; x_wconf 10' lang='lat' dir='ltr'>eloquentiaaisucco</span> <span class='ocrx_word' id='word_1_636' title='bbox 2847 4923 2860 4971; x_wconf 88' lang='lat'><strong>;</strong></span> <span class='ocrx_word' id='word_1_637' title='bbox 2882 4887 3129 4978; x_wconf 74' lang='lat' dir='ltr'>plusque</span> <span class='ocrx_word' id='word_1_638' title='bbox 3146 4907 3352 4961; x_wconf 91' lang='lat' dir='ltr'>habeat</span> <span class='ocrx_word' id='word_1_639' title='bbox 3371 4887 3845 4964; x_wconf 56' lang='lat' dir='ltr'>vivaciorisingenii,</span> 
     </span>
    </p>
   </div>
   <div class='ocr_carea' id='block_1_47' title="bbox 415 4980 3847 5068">
    <p class='ocr_par' dir='ltr' id='par_1_47' title="bbox 415 4980 3847 5068">
     <span class='ocr_line' id='line_1_47' title="bbox 415 4980 3847 5068; baseline -0.004 -22"><span class='ocrx_word' id='word_1_640' title='bbox 415 5007 590 5064; x_wconf 91' lang='lat' dir='ltr'>quam</span> <span class='ocrx_word' id='word_1_641' title='bbox 615 5007 680 5046; x_wconf 86' lang='lat' dir='ltr'>ea</span> <span class='ocrx_word' id='word_1_642' title='bbox 711 5007 839 5062; x_wconf 74' lang='lat' dir='ltr'>quae</span> <span class='ocrx_word' id='word_1_643' title='bbox 869 4994 1135 5061; x_wconf 90' lang='lat' dir='ltr'>torpente</span> <span class='ocrx_word' id='word_1_644' title='bbox 1154 4992 1277 5061; x_wconf 88' lang='lat' dir='ltr'>jam</span> <span class='ocrx_word' id='word_1_645' title='bbox 1303 4996 1468 5045; x_wconf 73' lang='lat' dir='ltr'>eetate</span> <span class='ocrx_word' id='word_1_646' title='bbox 1494 4989 1852 5044; x_wconf 90' lang='lat' dir='ltr'>meditamur.</span> <span class='ocrx_word' id='word_1_647' title='bbox 1886 4990 1948 5043; x_wconf 90' lang='lat' dir='ltr'>Id</span> <span class='ocrx_word' id='word_1_648' title='bbox 1979 4991 2368 5060; x_wconf 82' lang='lat' dir='ltr'>experimento</span> <span class='ocrx_word' id='word_1_649' title='bbox 2399 4998 2619 5048; x_wconf 89' lang='lat' dir='ltr'>constat</span> <span class='ocrx_word' id='word_1_650' title='bbox 2655 4994 2715 5048; x_wconf 92' lang='lat' dir='ltr'>in</span> <span class='ocrx_word' id='word_1_651' title='bbox 2757 4994 2960 5065; x_wconf 87' lang='lat' dir='ltr'>primis</span> <span class='ocrx_word' id='word_1_652' title='bbox 3009 4996 3163 5050; x_wconf 88' lang='lat' dir='ltr'>hisce</span> <span class='ocrx_word' id='word_1_653' title='bbox 3210 4997 3393 5063; x_wconf 87' lang='lat' dir='ltr'>libris,</span> <span class='ocrx_word' id='word_1_654' title='bbox 3425 5010 3562 5068; x_wconf 87' lang='lat' dir='ltr'>quos</span> <span class='ocrx_word' id='word_1_655' title='bbox 3589 4980 3847 5045; x_wconf 63' lang='lat' dir='ltr'>Rhetorica</span> 
     </span>
    </p>
   </div>
   <div class='ocr_carea' id='block_1_48' title="bbox 413 5073 3847 5154">
    <p class='ocr_par' dir='ltr' id='par_1_48' title="bbox 413 5073 3847 5154">
     <span class='ocr_line' id='line_1_48' title="bbox 413 5073 3847 5154; baseline -0.004 -16"><span class='ocrx_word' id='word_1_656' title='bbox 413 5081 718 5154; x_wconf 73' lang='lat' dir='ltr'>praeceptis</span> <span class='ocrx_word' id='word_1_657' title='bbox 742 5079 994 5152; x_wconf 85' lang='lat' dir='ltr'>perfecte</span> <span class='ocrx_word' id='word_1_658' title='bbox 1024 5080 1278 5135; x_wconf 90' lang='lat' dir='ltr'>imbutus</span> <span class='ocrx_word' id='word_1_659' title='bbox 1318 5079 1571 5134; x_wconf 87' lang='lat' dir='ltr'>elimavit</span> <span class='ocrx_word' id='word_1_660' title='bbox 1598 5077 1945 5148; x_wconf 86' lang='lat' dir='ltr'>Augustinus</span> <span class='ocrx_word' id='word_1_661' title='bbox 1974 5084 2105 5133; x_wconf 90' lang='lat' dir='ltr'>ante</span> <span class='ocrx_word' id='word_1_662' title='bbox 2136 5080 2423 5150; x_wconf 84' lang='lat' dir='ltr'>pauloque</span> <span class='ocrx_word' id='word_1_663' title='bbox 2451 5086 2577 5151; x_wconf 88' lang='lat' dir='ltr'>post</span> <span class='ocrx_word' id='word_1_664' title='bbox 2602 5081 2948 5153; x_wconf 88' lang='lat' dir='ltr'>baptismum</span> <span class='ocrx_word' id='word_1_665' title='bbox 2975 5083 3164 5138; x_wconf 89' lang='lat' dir='ltr'>suum.</span> <span class='ocrx_word' id='word_1_666' title='bbox 3200 5084 3417 5139; x_wconf 85' lang='lat' dir='ltr'>Habent</span> <span class='ocrx_word' id='word_1_667' title='bbox 3443 5096 3571 5152; x_wconf 83' lang='lat' dir='ltr'>ergo</span> <span class='ocrx_word' id='word_1_668' title='bbox 3595 5073 3847 5150; x_wconf 86' lang='lat' dir='ltr'>plurimum</span> 
     </span>
    </p>
   </div>
   <div class='ocr_carea' id='block_1_49' title="bbox 415 5156 3847 5244">
    <p class='ocr_par' dir='ltr' id='par_1_49' title="bbox 415 5156 3847 5244">
     <span class='ocr_line' id='line_1_49' title="bbox 415 5156 3847 5244; baseline -0.004 -16"><span class='ocrx_word' id='word_1_669' title='bbox 415 5171 696 5228; x_wconf 90' lang='lat' dir='ltr'>momenti</span> <span class='ocrx_word' id='word_1_670' title='bbox 725 5169 846 5224; x_wconf 83' lang='lat' dir='ltr'>haec</span> <span class='ocrx_word' id='word_1_671' title='bbox 876 5184 1069 5240; x_wconf 88' lang='lat' dir='ltr'>opera,</span> <span class='ocrx_word' id='word_1_672' title='bbox 1103 5168 1219 5223; x_wconf 84' lang='lat' dir='ltr'>sive</span> <span class='ocrx_word' id='word_1_673' title='bbox 1245 5167 1542 5239; x_wconf 89' lang='lat' dir='ltr'>ingenium</span> <span class='ocrx_word' id='word_1_674' title='bbox 1572 5173 1628 5222; x_wconf 90' lang='lat' dir='ltr'>et</span> <span class='ocrx_word' id='word_1_675' title='bbox 1660 5166 2070 5238; x_wconf 87' lang='lat' dir='ltr'>eloquentiam,</span> <span class='ocrx_word' id='word_1_676' title='bbox 2103 5169 2218 5224; x_wconf 90' lang='lat' dir='ltr'>sive</span> <span class='ocrx_word' id='word_1_677' title='bbox 2249 5169 2570 5225; x_wconf 85' lang='lat' dir='ltr'>doctrinam</span> <span class='ocrx_word' id='word_1_678' title='bbox 2592 5187 2654 5225; x_wconf 89' lang='lat' dir='ltr'>ac</span> <span class='ocrx_word' id='word_1_679' title='bbox 2683 5172 2955 5242; x_wconf 87' lang='lat' dir='ltr'>pietatem</span> <span class='ocrx_word' id='word_1_680' title='bbox 2977 5179 3219 5244; x_wconf 83' lang='lat' dir='ltr'>spectes.</span> <span class='ocrx_word' id='word_1_681' title='bbox 3252 5175 3411 5239; x_wconf 89' lang='lat' dir='ltr'>Quod</span> <span class='ocrx_word' id='word_1_682' title='bbox 3436 5173 3502 5227; x_wconf 90' lang='lat' dir='ltr'>de</span> <span class='ocrx_word' id='word_1_683' title='bbox 3532 5166 3762 5224; x_wconf 89' lang='lat' dir='ltr'>omnibus</span> <span class='ocrx_word' id='word_1_684' title='bbox 3784 5156 3847 5210; x_wconf 61' lang='lat' dir='ltr'>di&#39;</span> 
     </span>
    </p>
   </div>
   <div class='ocr_carea' id='block_1_50' title="bbox 415 5255 3846 5336">
    <p class='ocr_par' dir='ltr' id='par_1_50' title="bbox 415 5255 3846 5336">
     <span class='ocr_line' id='line_1_50' title="bbox 415 5255 3846 5336; baseline -0.006 -19"><span class='ocrx_word' id='word_1_685' title='bbox 415 5264 616 5329; x_wconf 87' lang='lat' dir='ltr'>cimus,</span> <span class='ocrx_word' id='word_1_686' title='bbox 651 5260 705 5315; x_wconf 89' lang='lat' dir='ltr'>id</span> <span class='ocrx_word' id='word_1_687' title='bbox 739 5259 808 5314; x_wconf 90' lang='lat' dir='ltr'>de</span> <span class='ocrx_word' id='word_1_688' title='bbox 831 5275 898 5312; x_wconf 88' lang='lat' dir='ltr'>eo</span> <span class='ocrx_word' id='word_1_689' title='bbox 921 5257 1070 5328; x_wconf 92' lang='lat' dir='ltr'>quod</span> <span class='ocrx_word' id='word_1_690' title='bbox 1101 5257 1169 5311; x_wconf 91' lang='lat' dir='ltr'>de</span> <span class='ocrx_word' id='word_1_691' title='bbox 1199 5257 1400 5311; x_wconf 88' lang='lat' dir='ltr'>Libero</span> <span class='ocrx_word' id='word_1_692' title='bbox 1433 5255 1665 5311; x_wconf 88' lang='lat' dir='ltr'>arbitrio</span> <span class='ocrx_word' id='word_1_693' title='bbox 1694 5255 1984 5327; x_wconf 81' lang='lat' dir='ltr'>inscripsit</span> <span class='ocrx_word' id='word_1_694' title='bbox 2010 5258 2382 5328; x_wconf 88' lang='lat' dir='ltr'>Augustinus,</span> <span class='ocrx_word' id='word_1_695' title='bbox 2416 5265 2682 5329; x_wconf 85' lang='lat' dir='ltr'>expertus</span> <span class='ocrx_word' id='word_1_696' title='bbox 2711 5265 2794 5316; x_wconf 89' lang='lat' dir='ltr'>est</span> <span class='ocrx_word' id='word_1_697' title='bbox 2819 5262 2960 5328; x_wconf 87' lang='lat' dir='ltr'>Odo,</span> <span class='ocrx_word' id='word_1_698' title='bbox 2990 5267 3185 5333; x_wconf 90' lang='lat' dir='ltr'>postea</span> <span class='ocrx_word' id='word_1_699' title='bbox 3213 5263 3506 5333; x_wconf 90' lang='lat' dir='ltr'>episcopus</span> <span class='ocrx_word' id='word_1_700' title='bbox 3535 5259 3846 5336; x_wconf 41' lang='lat' dir='ltr'>Cameracenj</span> 
     </span>
    </p>
   </div>
   <div class='ocr_carea' id='block_1_51' title="bbox 413 5344 3846 5423">
    <p class='ocr_par' dir='ltr' id='par_1_51' title="bbox 413 5344 3846 5423">
     <span class='ocr_line' id='line_1_51' title="bbox 413 5344 3846 5423; baseline -0.001 -17"><span class='ocrx_word' id='word_1_701' title='bbox 413 5351 509 5418; x_wconf 87' lang='lat' dir='ltr'>sis,</span> <span class='ocrx_word' id='word_1_702' title='bbox 536 5350 636 5423; x_wconf 91' lang='lat' dir='ltr'>qui</span> <span class='ocrx_word' id='word_1_703' title='bbox 665 5349 802 5405; x_wconf 91' lang='lat' dir='ltr'>dum</span> <span class='ocrx_word' id='word_1_704' title='bbox 823 5348 966 5403; x_wconf 89' lang='lat' dir='ltr'>forte</span> <span class='ocrx_word' id='word_1_705' title='bbox 993 5346 1222 5401; x_wconf 88' lang='lat' dir='ltr'>fortuna</span> <span class='ocrx_word' id='word_1_706' title='bbox 1260 5362 1292 5399; x_wconf 90' lang='lat' dir='ltr'>a</span> <span class='ocrx_word' id='word_1_707' title='bbox 1320 5346 1568 5417; x_wconf 89' lang='lat' dir='ltr'>quodam</span> <span class='ocrx_word' id='word_1_708' title='bbox 1593 5345 1796 5400; x_wconf 91' lang='lat' dir='ltr'>clerico</span> <span class='ocrx_word' id='word_1_709' title='bbox 1822 5345 1975 5401; x_wconf 89' lang='lat' dir='ltr'>hunc</span> <span class='ocrx_word' id='word_1_710' title='bbox 2006 5346 2213 5402; x_wconf 90' lang='lat' dir='ltr'>librum</span> <span class='ocrx_word' id='word_1_711' title='bbox 2263 5347 2580 5418; x_wconf 86' lang='lat' dir='ltr'>coemisset,</span> <span class='ocrx_word' id='word_1_712' title='bbox 2613 5348 2672 5403; x_wconf 91' lang='lat' dir='ltr'>in</span> <span class='ocrx_word' id='word_1_713' title='bbox 2701 5348 2895 5404; x_wconf 90' lang='lat' dir='ltr'>scrinii</span> <span class='ocrx_word' id='word_1_714' title='bbox 2945 5351 3219 5422; x_wconf 89' lang='lat' dir='ltr'>angulum</span> <span class='ocrx_word' id='word_1_715' title='bbox 3262 5349 3513 5421; x_wconf 87' lang='lat' dir='ltr'>projecit,</span> <span class='ocrx_word' id='word_1_716' title='bbox 3561 5345 3736 5415; x_wconf 72' lang='lat' dir='ltr'>utpote</span> <span class='ocrx_word' id='word_1_717' title='bbox 3774 5344 3846 5402; x_wconf 73' lang='lat' dir='ltr'>qm</span> 
     </span>
    </p>
   </div>
   <div class='ocr_carea' id='block_1_52' title="bbox 479 5529 3104 5607">
    <p class='ocr_par' dir='ltr' id='par_1_52' title="bbox 479 5529 3104 5607">
     <span class='ocr_line' id='line_1_52' title="bbox 479 5529 3104 5607; baseline 0.002 -17"><span class='ocrx_word' id='word_1_718' title='bbox 479 5542 550 5603; x_wconf 64' lang='grc' dir='ltr'>ξι)</span> <span class='ocrx_word' id='word_1_719' title='bbox 585 5543 677 5591; x_wconf 86' lang='lat' dir='ltr'>Hic</span> <span class='ocrx_word' id='word_1_720' title='bbox 698 5543 883 5607; x_wconf 88' lang='lat' dir='ltr'>incipit</span> <span class='ocrx_word' id='word_1_721' title='bbox 907 5547 1083 5593; x_wconf 88' lang='lat' dir='ltr'>tomus</span> <span class='ocrx_word' id='word_1_722' title='bbox 1106 5529 1309 5603; x_wconf 86' lang='lat' dir='ltr'>primus</span> <span class='ocrx_word' id='word_1_723' title='bbox 1334 5539 1687 5589; x_wconf 72' lang='lat' dir='ltr'>Benedictinas</span> <span class='ocrx_word' id='word_1_724' title='bbox 1717 5539 1983 5601; x_wconf 87' lang='lat' dir='ltr'>editionis,</span> <span class='ocrx_word' id='word_1_725' title='bbox 2016 5541 2294 5604; x_wconf 71' lang='lat' dir='ltr'>praeposita</span> <span class='ocrx_word' id='word_1_726' title='bbox 2318 5541 2488 5592; x_wconf 87' lang='lat' dir='ltr'>solum</span> <span class='ocrx_word' id='word_1_727' title='bbox 2519 5542 2735 5605; x_wconf 88' lang='lat' dir='ltr'>epistola</span> <span class='ocrx_word' id='word_1_728' title='bbox 2767 5541 3104 5595; x_wconf 86' lang='lat' dir='ltr'>dedicatoria.</span> 
     </span>
    </p>
   </div>
  </div>
