  <div class='ocr_page' id='page_1' title='image "/cluster/home/n/w/nwhite01/storage/ocr_20150623/32/hvd.32044096580550/310.png"; bbox 0 0 4028 6174; ppageno 0'>
   <div class='ocr_carea' id='block_1_1' title="bbox 197 283 3706 378">
    <p class='ocr_par' dir='ltr' id='par_1_1' title="bbox 197 283 3706 378">
     <span class='ocr_line' id='line_1_1' title="bbox 197 283 3706 378; baseline 0.005 -20"><span class='ocrx_word' id='word_1_1' title='bbox 197 312 293 362; x_wconf 72' lang='grc'>581</span> <span class='ocrx_word' id='word_1_2' title='bbox 399 283 406 288; x_wconf 39' lang='grc'><strong><em>“</em></strong></span> <span class='ocrx_word' id='word_1_3' title='bbox 1045 305 1435 360; x_wconf 78' lang='lat' dir='ltr'>AUMONITH)</span> <span class='ocrx_word' id='word_1_4' title='bbox 1482 307 1566 360; x_wconf 83' lang='lat' dir='ltr'>DE</span> <span class='ocrx_word' id='word_1_5' title='bbox 1617 309 1888 363; x_wconf 79' lang='lat' dir='ltr'>DUOBUS</span> <span class='ocrx_word' id='word_1_6' title='bbox 1927 307 2566 372; x_wconf 78' lang='lat' dir='ltr'>RF&#39;I‘RACTATIONUM</span> <span class='ocrx_word' id='word_1_7' title='bbox 2609 313 2850 369; x_wconf 79' lang='lat' dir='ltr'>LIBRIS.</span> <span class='ocrx_word' id='word_1_8' title='bbox 3605 328 3706 378; x_wconf 67' lang='lat'>58?</span> 
     </span>
    </p>
   </div>
   <div class='ocr_carea' id='block_1_2' title="bbox 195 428 3706 510">
    <p class='ocr_par' dir='ltr' id='par_1_2' title="bbox 195 428 3706 510">
     <span class='ocr_line' id='line_1_2' title="bbox 195 428 3706 510; baseline 0.004 -27"><span class='ocrx_word' id='word_1_9' title='bbox 195 430 380 484; x_wconf 89' lang='lat' dir='ltr'>adhuc</span> <span class='ocrx_word' id='word_1_10' title='bbox 402 428 688 482; x_wconf 79' lang='lat' dir='ltr'>mundana:</span> <span class='ocrx_word' id='word_1_11' title='bbox 711 431 994 498; x_wconf 72' lang='lat' dir='ltr'>sapientiae</span> <span class='ocrx_word' id='word_1_12' title='bbox 1023 428 1258 495; x_wconf 77' lang='lat' dir='ltr'>deditus,</span> <span class='ocrx_word' id='word_1_13' title='bbox 1295 431 1470 498; x_wconf 87' lang='lat' dir='ltr'>magis</span> <span class='ocrx_word' id='word_1_14' title='bbox 1509 429 1880 486; x_wconf 76' lang='lat' dir='ltr'>delectabatur</span> <span class='ocrx_word' id='word_1_15' title='bbox 1907 432 2125 485; x_wconf 79' lang='lat' dir='ltr'>lectione</span> <span class='ocrx_word' id='word_1_16' title='bbox 2169 433 2429 500; x_wconf 80' lang='lat' dir='ltr'><strong><em>Platonis,</em></strong></span> <span class='ocrx_word' id='word_1_17' title='bbox 2476 449 2639 502; x_wconf 88' lang='lat' dir='ltr'>quam</span> <span class='ocrx_word' id='word_1_18' title='bbox 2687 434 3004 501; x_wconf 77' lang='lat' dir='ltr'>Augustini.</span> <span class='ocrx_word' id='word_1_19' title='bbox 3043 438 3183 491; x_wconf 84' lang='lat' dir='ltr'>Cum</span> <span class='ocrx_word' id='word_1_20' title='bbox 3221 455 3355 493; x_wconf 88' lang='lat' dir='ltr'>vero</span> <span class='ocrx_word' id='word_1_21' title='bbox 3405 447 3534 510; x_wconf 85' lang='lat' dir='ltr'>post</span> <span class='ocrx_word' id='word_1_22' title='bbox 3563 444 3706 498; x_wconf 79' lang='lat' dir='ltr'>duos</span> 
     </span>
    </p>
   </div>
   <div class='ocr_carea' id='block_1_3' title="bbox 198 517 3705 598">
    <p class='ocr_par' dir='ltr' id='par_1_3' title="bbox 198 517 3705 598">
     <span class='ocr_line' id='line_1_3' title="bbox 198 517 3705 598; baseline 0.004 -28"><span class='ocrx_word' id='word_1_23' title='bbox 198 519 372 571; x_wconf 82' lang='lat' dir='ltr'>ferme</span> <span class='ocrx_word' id='word_1_24' title='bbox 403 533 623 578; x_wconf 78' lang='lat' dir='ltr'>menses</span> <span class='ocrx_word' id='word_1_25' title='bbox 658 517 912 570; x_wconf 88' lang='lat' dir='ltr'>Boetium</span> <span class='ocrx_word' id='word_1_26' title='bbox 939 517 1007 571; x_wconf 91' lang='lat' dir='ltr'>de</span> <span class='ocrx_word' id='word_1_27' title='bbox 1033 517 1428 572; x_wconf 78' lang='lat' dir='ltr'>Consolatione</span> <span class='ocrx_word' id='word_1_28' title='bbox 1456 518 1840 588; x_wconf 70' lang='lat' dir='ltr'>Philosophiee.</span> <span class='ocrx_word' id='word_1_29' title='bbox 1870 519 2162 591; x_wconf 83' lang='lat' dir='ltr'>discipulis</span> <span class='ocrx_word' id='word_1_30' title='bbox 2189 525 2527 594; x_wconf 63' lang='lat' dir='ltr'>prmlegens,</span> <span class='ocrx_word' id='word_1_31' title='bbox 2560 523 2626 576; x_wconf 85' lang='lat' dir='ltr'>ad</span> <span class='ocrx_word' id='word_1_32' title='bbox 2659 529 2924 594; x_wconf 90' lang='lat' dir='ltr'>quartum</span> <span class='ocrx_word' id='word_1_33' title='bbox 2957 525 3188 593; x_wconf 90' lang='lat' dir='ltr'>librum,</span> <span class='ocrx_word' id='word_1_34' title='bbox 3215 527 3272 580; x_wconf 92' lang='lat' dir='ltr'>in</span> <span class='ocrx_word' id='word_1_35' title='bbox 3293 544 3405 598; x_wconf 90' lang='lat' dir='ltr'>quo</span> <span class='ocrx_word' id='word_1_36' title='bbox 3439 530 3506 584; x_wconf 91' lang='lat' dir='ltr'>de</span> <span class='ocrx_word' id='word_1_37' title='bbox 3529 531 3705 585; x_wconf 80' lang='lat' dir='ltr'>libero</span> 
     </span>
    </p>
   </div>
   <div class='ocr_carea' id='block_1_4' title="bbox 201 605 3703 681">
    <p class='ocr_par' dir='ltr' id='par_1_4' title="bbox 201 605 3703 681">
     <span class='ocr_line' id='line_1_4' title="bbox 201 605 3703 681; baseline 0.004 -21"><span class='ocrx_word' id='word_1_38' title='bbox 201 605 462 660; x_wconf 87' lang='lat' dir='ltr'>arbritrio</span> <span class='ocrx_word' id='word_1_39' title='bbox 494 605 742 671; x_wconf 72' lang='lat' dir='ltr'>disserit,</span> <span class='ocrx_word' id='word_1_40' title='bbox 784 605 1174 675; x_wconf 86' lang='lat' dir='ltr'>pervenisset;</span> <span class='ocrx_word' id='word_1_41' title='bbox 1199 607 1529 660; x_wconf 78' lang='lat' dir='ltr'>recordatus</span> <span class='ocrx_word' id='word_1_42' title='bbox 1561 608 1739 678; x_wconf 83' lang='lat' dir='ltr'><strong>empti</strong></span> <span class='ocrx_word' id='word_1_43' title='bbox 1767 608 1917 674; x_wconf 85' lang='lat' dir='ltr'>libri,</span> <span class='ocrx_word' id='word_1_44' title='bbox 1948 615 2132 663; x_wconf 81' lang='lat' dir='ltr'>vocato</span> <span class='ocrx_word' id='word_1_45' title='bbox 2173 613 2420 665; x_wconf 86' lang='lat' dir='ltr'>ministro</span> <span class='ocrx_word' id='word_1_46' title='bbox 2441 627 2534 665; x_wconf 77' lang='lat' dir='ltr'>suo</span> <span class='ocrx_word' id='word_1_47' title='bbox 2566 613 2727 680; x_wconf 78' lang='lat' dir='ltr'>jussit</span> <span class='ocrx_word' id='word_1_48' title='bbox 2747 629 2865 666; x_wconf 85' lang='lat' dir='ltr'>eum</span> <span class='ocrx_word' id='word_1_49' title='bbox 2894 613 3000 666; x_wconf 95' lang='lat' dir='ltr'>sibi</span> <span class='ocrx_word' id='word_1_50' title='bbox 3019 614 3242 681; x_wconf 77' lang='lat' dir='ltr'>deferri.</span> <span class='ocrx_word' id='word_1_51' title='bbox 3275 618 3452 671; x_wconf 81' lang='lat' dir='ltr'>Lectis</span> <span class='ocrx_word' id='word_1_52' title='bbox 3483 619 3703 674; x_wconf 89' lang='lat' dir='ltr'>duabus</span> 
     </span>
    </p>
   </div>
   <div class='ocr_carea' id='block_1_5' title="bbox 200 693 3698 775">
    <p class='ocr_par' dir='ltr' id='par_1_5' title="bbox 200 693 3698 775">
     <span class='ocr_line' id='line_1_5' title="bbox 200 693 3698 775; baseline 0.004 -27"><span class='ocrx_word' id='word_1_53' title='bbox 200 696 444 748; x_wconf 81' lang='lat' dir='ltr'>tribusve</span> <span class='ocrx_word' id='word_1_54' title='bbox 476 694 722 764; x_wconf 84' lang='lat' dir='ltr'>paginis,</span> <span class='ocrx_word' id='word_1_55' title='bbox 755 693 1075 748; x_wconf 78' lang='lat' dir='ltr'>convocatis</span> <span class='ocrx_word' id='word_1_56' title='bbox 1106 695 1459 749; x_wconf 90' lang='lat' dir='ltr'>scholaribus</span> <span class='ocrx_word' id='word_1_57' title='bbox 1491 696 1626 763; x_wconf 87' lang='lat' dir='ltr'>suis,</span> <span class='ocrx_word' id='word_1_58' title='bbox 1656 700 1808 764; x_wconf 87' lang='lat' dir='ltr'>Vere,</span> <span class='ocrx_word' id='word_1_59' title='bbox 1843 698 2048 768; x_wconf 83' lang='lat' dir='ltr'>inquit,</span> <span class='ocrx_word' id='word_1_60' title='bbox 2075 700 2328 753; x_wconf 84' lang='lat' dir='ltr'>hactenus</span> <span class='ocrx_word' id='word_1_61' title='bbox 2359 702 2611 766; x_wconf 79' lang='lat' dir='ltr'>ignoravi</span> <span class='ocrx_word' id='word_1_62' title='bbox 2633 701 3004 769; x_wconf 85' lang='lat' dir='ltr'>Augustinum</span> <span class='ocrx_word' id='word_1_63' title='bbox 3021 708 3201 758; x_wconf 70' lang='lat' dir='ltr'>‘tantaz</span> <span class='ocrx_word' id='word_1_64' title='bbox 3235 709 3451 775; x_wconf 83' lang='lat' dir='ltr'>tamque</span> <span class='ocrx_word' id='word_1_65' title='bbox 3471 707 3698 763; x_wconf 84' lang='lat' dir='ltr'>delecta-</span> 
     </span>
    </p>
   </div>
   <div class='ocr_carea' id='block_1_6' title="bbox 196 783 3700 861">
    <p class='ocr_par' dir='ltr' id='par_1_6' title="bbox 196 783 3700 861">
     <span class='ocr_line' id='line_1_6' title="bbox 196 783 3700 861; baseline 0.005 -26"><span class='ocrx_word' id='word_1_66' title='bbox 196 784 322 836; x_wconf 83' lang='lat' dir='ltr'>bilis</span> <span class='ocrx_word' id='word_1_67' title='bbox 346 785 520 849; x_wconf 66' lang='lat' dir='ltr'>ﬁxisse</span> <span class='ocrx_word' id='word_1_68' title='bbox 545 783 844 849; x_wconf 75' lang='lat' dir='ltr'>facundiae.</span> <span class='ocrx_word' id='word_1_69' title='bbox 877 783 1232 853; x_wconf 83' lang='lat' dir='ltr'>Perlegendo</span> <span class='ocrx_word' id='word_1_70' title='bbox 1277 785 1508 838; x_wconf 89' lang='lat' dir='ltr'>tertium</span> <span class='ocrx_word' id='word_1_71' title='bbox 1556 785 1788 852; x_wconf 90' lang='lat' dir='ltr'>librum,</span> <span class='ocrx_word' id='word_1_72' title='bbox 1822 787 1880 840; x_wconf 90' lang='lat' dir='ltr'>in</span> <span class='ocrx_word' id='word_1_73' title='bbox 1911 788 2094 841; x_wconf 88' lang='lat' dir='ltr'>virum</span> <span class='ocrx_word' id='word_1_74' title='bbox 2127 789 2366 842; x_wconf 89' lang='lat' dir='ltr'>alterum</span> <span class='ocrx_word' id='word_1_75' title='bbox 2392 794 2664 853; x_wconf 88' lang='lat' dir='ltr'>mutatus,</span> <span class='ocrx_word' id='word_1_76' title='bbox 2693 791 2911 844; x_wconf 82' lang='lat' dir='ltr'>scholas</span> <span class='ocrx_word' id='word_1_77' title='bbox 2938 792 3219 861; x_wconf 79' lang='lat' dir='ltr'>paulatim</span> <span class='ocrx_word' id='word_1_78' title='bbox 3251 794 3482 861; x_wconf 91' lang='lat' dir='ltr'>deserit,</span> <span class='ocrx_word' id='word_1_79' title='bbox 3517 798 3700 852; x_wconf 88' lang='lat' dir='ltr'>eccle-</span> 
     </span>
    </p>
   </div>
   <div class='ocr_carea' id='block_1_7' title="bbox 192 871 3696 955">
    <p class='ocr_par' dir='ltr' id='par_1_7' title="bbox 192 871 3696 955">
     <span class='ocr_line' id='line_1_7' title="bbox 192 871 3696 955; baseline 0.005 -31"><span class='ocrx_word' id='word_1_80' title='bbox 192 871 339 924; x_wconf 85' lang='lat' dir='ltr'>siam</span> <span class='ocrx_word' id='word_1_81' title='bbox 398 871 739 942; x_wconf 76' lang='lat' dir='ltr'>t‘requentat,</span> <span class='ocrx_word' id='word_1_82' title='bbox 775 888 839 924; x_wconf 91' lang='lat' dir='ltr'>ac</span> <span class='ocrx_word' id='word_1_83' title='bbox 880 871 1113 924; x_wconf 90' lang='lat' dir='ltr'>demum</span> <span class='ocrx_word' id='word_1_84' title='bbox 1144 872 1349 925; x_wconf 63' lang='lat' dir='ltr'>saeculo</span> <span class='ocrx_word' id='word_1_85' title='bbox 1382 872 1650 926; x_wconf 85' lang='lat' dir='ltr'>nuntium</span> <span class='ocrx_word' id='word_1_86' title='bbox 1681 874 1939 928; x_wconf 90' lang='lat' dir='ltr'>remittit.</span> <span class='ocrx_word' id='word_1_87' title='bbox 1983 877 2110 929; x_wconf 63' lang='lat' dir='ltr'>Haec</span> <span class='ocrx_word' id='word_1_88' title='bbox 2141 892 2204 929; x_wconf 79' lang='lat' dir='ltr'>ex</span> <span class='ocrx_word' id='word_1_89' title='bbox 2239 877 2583 932; x_wconf 87' lang='lat' dir='ltr'>Herimanno</span> <span class='ocrx_word' id='word_1_90' title='bbox 2609 879 2952 932; x_wconf 86' lang='lat' dir='ltr'>Tornacensi</span> <span class='ocrx_word' id='word_1_91' title='bbox 2982 883 3260 936; x_wconf 87' lang='lat' dir='ltr'>monacho</span> <span class='ocrx_word' id='word_1_92' title='bbox 3292 882 3561 938; x_wconf 88' lang='lat' dir='ltr'>discimus</span> <span class='ocrx_word' id='word_1_93' title='bbox 3594 887 3696 955; x_wconf 89' lang='lat' dir='ltr'>(a).</span> 
     </span>
    </p>
   </div>
   <div class='ocr_carea' id='block_1_8' title="bbox 193 959 3692 1037">
    <p class='ocr_par' dir='ltr' id='par_1_8' title="bbox 193 959 3692 1037">
     <span class='ocr_line' id='line_1_8' title="bbox 193 959 3692 1037; baseline 0.005 -25"><span class='ocrx_word' id='word_1_94' title='bbox 193 960 350 1012; x_wconf 91' lang='lat' dir='ltr'>Idem</span> <span class='ocrx_word' id='word_1_95' title='bbox 385 965 646 1029; x_wconf 84' lang='lat' dir='ltr'>expertus</span> <span class='ocrx_word' id='word_1_96' title='bbox 667 959 851 1012; x_wconf 86' lang='lat' dir='ltr'>fuerat</span> <span class='ocrx_word' id='word_1_97' title='bbox 879 959 1360 1029; x_wconf 81' lang='lat' dir='ltr'>Paulinulepist.</span> <span class='ocrx_word' id='word_1_98' title='bbox 1389 963 1477 1028; x_wconf 73' lang='lat'>25,</span> <span class='ocrx_word' id='word_1_99' title='bbox 1510 977 1562 1014; x_wconf 86' lang='grc' dir='ltr'><strong>η.</strong></span> <span class='ocrx_word' id='word_1_100' title='bbox 1603 962 1647 1029; x_wconf 88' lang='lat' dir='ltr'>l)</span> <span class='ocrx_word' id='word_1_101' title='bbox 1677 962 1796 1031; x_wconf 90' lang='lat' dir='ltr'>jam</span> <span class='ocrx_word' id='word_1_102' title='bbox 1816 979 1849 1015; x_wconf 90' lang='lat' dir='ltr'>a</span> <span class='ocrx_word' id='word_1_103' title='bbox 1886 964 2047 1017; x_wconf 90' lang='lat' dir='ltr'>nobis</span> <span class='ocrx_word' id='word_1_104' title='bbox 2077 965 2356 1032; x_wconf 89' lang='lat' dir='ltr'>laudatus,</span> <span class='ocrx_word' id='word_1_105' title='bbox 2391 967 2490 1036; x_wconf 88' lang='lat' dir='ltr'>qui</span> <span class='ocrx_word' id='word_1_106' title='bbox 2521 967 2749 1021; x_wconf 90' lang='lat' dir='ltr'>easdem</span> <span class='ocrx_word' id='word_1_107' title='bbox 2779 969 3082 1037; x_wconf 85' lang='lat' dir='ltr'>Augustini</span> <span class='ocrx_word' id='word_1_108' title='bbox 3111 977 3309 1024; x_wconf 81' lang='lat' dir='ltr'>contra</span> <span class='ocrx_word' id='word_1_109' title='bbox 3359 973 3692 1028; x_wconf 75' lang='lat' dir='ltr'>Manichaeo-</span> 
     </span>
    </p>
   </div>
   <div class='ocr_carea' id='block_1_9' title="bbox 189 1050 3702 1125">
    <p class='ocr_par' dir='ltr' id='par_1_9' title="bbox 189 1050 3702 1125">
     <span class='ocr_line' id='line_1_9' title="bbox 189 1050 3702 1125; baseline 0.004 -22"><span class='ocrx_word' id='word_1_110' title='bbox 189 1066 322 1103; x_wconf 87' lang='lat' dir='ltr'>rum</span> <span class='ocrx_word' id='word_1_111' title='bbox 366 1050 629 1103; x_wconf 68' lang='lat' dir='ltr'>hmresim</span> <span class='ocrx_word' id='word_1_112' title='bbox 659 1050 994 1119; x_wconf 86' lang='lat' dir='ltr'>scriptiones</span> <span class='ocrx_word' id='word_1_113' title='bbox 1025 1051 1258 1120; x_wconf 89' lang='lat' dir='ltr'>primas,</span> <span class='ocrx_word' id='word_1_114' title='bbox 1300 1055 1349 1103; x_wconf 91' lang='lat' dir='ltr'>et</span> <span class='ocrx_word' id='word_1_115' title='bbox 1370 1050 1434 1103; x_wconf 85' lang='lat' dir='ltr'>de</span> <span class='ocrx_word' id='word_1_116' title='bbox 1463 1052 1798 1104; x_wconf 77' lang='lat' dir='ltr'>scholasticis</span> <span class='ocrx_word' id='word_1_117' title='bbox 1827 1053 2184 1117; x_wconf 75' lang='lat' dir='ltr'>facultatibus</span> <span class='ocrx_word' id='word_1_118' title='bbox 2205 1055 2508 1122; x_wconf 80' lang='lat' dir='ltr'>afﬂuentes,</span> <span class='ocrx_word' id='word_1_119' title='bbox 2532 1060 2582 1109; x_wconf 87' lang='lat' dir='ltr'>et</span> <span class='ocrx_word' id='word_1_120' title='bbox 2610 1056 2674 1109; x_wconf 83' lang='lat' dir='ltr'>de</span> <span class='ocrx_word' id='word_1_121' title='bbox 2706 1058 3001 1111; x_wconf 66' lang='lat' dir='ltr'>coelestibus</span> <span class='ocrx_word' id='word_1_122' title='bbox 3021 1060 3170 1124; x_wconf 81' lang='lat' dir='ltr'>favis</span> <span class='ocrx_word' id='word_1_123' title='bbox 3196 1059 3392 1125; x_wconf 84' lang='lat' dir='ltr'>dulces,</span> <span class='ocrx_word' id='word_1_124' title='bbox 3427 1066 3487 1114; x_wconf 88' lang='lat' dir='ltr'>ut</span> <span class='ocrx_word' id='word_1_125' title='bbox 3506 1065 3702 1117; x_wconf 73' lang='lat' dir='ltr'>animae</span> 
     </span>
    </p>
   </div>
   <div class='ocr_carea' id='block_1_10' title="bbox 186 1138 3698 1218">
    <p class='ocr_par' dir='ltr' id='par_1_10' title="bbox 186 1138 3698 1218">
     <span class='ocr_line' id='line_1_10' title="bbox 186 1138 3698 1218; baseline 0.004 -26"><span class='ocrx_word' id='word_1_126' title='bbox 186 1153 300 1192; x_wconf 59' lang='lat' dir='ltr'>sua</span> <span class='ocrx_word' id='word_1_127' title='bbox 324 1138 584 1205; x_wconf 86' lang='lat' dir='ltr'>medicas,</span> <span class='ocrx_word' id='word_1_128' title='bbox 617 1143 666 1192; x_wconf 90' lang='lat' dir='ltr'>et</span> <span class='ocrx_word' id='word_1_129' title='bbox 695 1139 910 1192; x_wconf 85' lang='lat' dir='ltr'>altrices</span> <span class='ocrx_word' id='word_1_130' title='bbox 943 1138 1262 1192; x_wconf 85' lang='lat' dir='ltr'>avidissime</span> <span class='ocrx_word' id='word_1_131' title='bbox 1295 1139 1542 1192; x_wconf 87' lang='lat' dir='ltr'>lectitare</span> <span class='ocrx_word' id='word_1_132' title='bbox 1565 1140 1800 1193; x_wconf 78' lang='lat' dir='ltr'>solebat.</span> <span class='ocrx_word' id='word_1_133' title='bbox 1845 1142 1952 1194; x_wconf 83' lang='lat' dir='ltr'>Hos</span> <span class='ocrx_word' id='word_1_134' title='bbox 1993 1143 2164 1208; x_wconf 85' lang='lat' dir='ltr'>igitur</span> <span class='ocrx_word' id='word_1_135' title='bbox 2190 1142 2381 1207; x_wconf 79' lang='lat' dir='ltr'>libros,</span> <span class='ocrx_word' id='word_1_136' title='bbox 2423 1143 2627 1214; x_wconf 89' lang='lat' dir='ltr'>inquit,</span> <span class='ocrx_word' id='word_1_137' title='bbox 2673 1145 2888 1198; x_wconf 71' lang='lat' dir='ltr'>lectioni</span> <span class='ocrx_word' id='word_1_138' title='bbox 2925 1146 3108 1213; x_wconf 85' lang='lat' dir='ltr'>habeo,</span> <span class='ocrx_word' id='word_1_139' title='bbox 3145 1150 3201 1200; x_wconf 83' lang='lat' dir='ltr'>in</span> <span class='ocrx_word' id='word_1_140' title='bbox 3232 1149 3316 1202; x_wconf 82' lang='lat' dir='ltr'>his</span> <span class='ocrx_word' id='word_1_141' title='bbox 3356 1166 3435 1204; x_wconf 91' lang='lat' dir='ltr'>me</span> <span class='ocrx_word' id='word_1_142' title='bbox 3479 1151 3698 1218; x_wconf 86' lang='lat' dir='ltr'>oblecto,</span> 
     </span>
    </p>
   </div>
   <div class='ocr_carea' id='block_1_11' title="bbox 184 1226 3693 1305">
    <p class='ocr_par' dir='ltr' id='par_1_11' title="bbox 184 1226 3693 1305">
     <span class='ocr_line' id='line_1_11' title="bbox 184 1226 3693 1305; baseline 0.004 -26"><span class='ocrx_word' id='word_1_143' title='bbox 184 1226 364 1282; x_wconf 79' lang='lat' dir='ltr'>dehis</span> <span class='ocrx_word' id='word_1_144' title='bbox 390 1229 564 1282; x_wconf 86' lang='lat' dir='ltr'>cibum</span> <span class='ocrx_word' id='word_1_145' title='bbox 593 1231 767 1297; x_wconf 81' lang='lat' dir='ltr'>capio,</span> <span class='ocrx_word' id='word_1_146' title='bbox 801 1242 905 1280; x_wconf 87' lang='lat' dir='ltr'>non</span> <span class='ocrx_word' id='word_1_147' title='bbox 937 1228 1090 1280; x_wconf 87' lang='lat' dir='ltr'>illum</span> <span class='ocrx_word' id='word_1_148' title='bbox 1122 1229 1220 1296; x_wconf 85' lang='lat' dir='ltr'>qui</span> <span class='ocrx_word' id='word_1_149' title='bbox 1238 1230 1401 1296; x_wconf 83' lang='lat' dir='ltr'>perit,</span> <span class='ocrx_word' id='word_1_150' title='bbox 1449 1228 1544 1280; x_wconf 78' lang='lat' dir='ltr'>sed</span> <span class='ocrx_word' id='word_1_151' title='bbox 1582 1230 1678 1297; x_wconf 82' lang='lat' dir='ltr'>qui</span> <span class='ocrx_word' id='word_1_152' title='bbox 1706 1234 1962 1296; x_wconf 64' lang='lat' dir='ltr'>oyeratur</span> <span class='ocrx_word' id='word_1_153' title='bbox 2001 1233 2126 1284; x_wconf 76' lang='lat' dir='ltr'>vitae</span> <span class='ocrx_word' id='word_1_154' title='bbox 2156 1236 2366 1285; x_wconf 71' lang='lat' dir='ltr'>aeternae</span> <span class='ocrx_word' id='word_1_155' title='bbox 2389 1233 2768 1286; x_wconf 86' lang='lat' dir='ltr'>substantiam.</span> <span class='ocrx_word' id='word_1_156' title='bbox 2815 1234 2960 1286; x_wconf 89' lang='lat' dir='ltr'>Tum</span> <span class='ocrx_word' id='word_1_157' title='bbox 2990 1235 3046 1288; x_wconf 89' lang='lat' dir='ltr'>iu</span> <span class='ocrx_word' id='word_1_158' title='bbox 3106 1237 3412 1305; x_wconf 82' lang='lat' dir='ltr'>Augustini</span> <span class='ocrx_word' id='word_1_159' title='bbox 3467 1238 3693 1293; x_wconf 88' lang='lat' dir='ltr'>laudem</span> 
     </span>
    </p>
   </div>
   <div class='ocr_carea' id='block_1_12' title="bbox 183 1315 3381 1387">
    <p class='ocr_par' dir='ltr' id='par_1_12' title="bbox 183 1315 3381 1387">
     <span class='ocr_line' id='line_1_12' title="bbox 183 1315 3381 1387; baseline 0.002 -18"><span class='ocrx_word' id='word_1_160' title='bbox 183 1317 512 1370; x_wconf 80' lang='lat' dir='ltr'>exclamat:</span> <span class='ocrx_word' id='word_1_161' title='bbox 547 1317 588 1371; x_wconf 91' lang='grc' dir='ltr'>Ο</span> <span class='ocrx_word' id='word_1_162' title='bbox 627 1331 745 1368; x_wconf 80' lang='lat' dir='ltr'>vere</span> <span class='ocrx_word' id='word_1_163' title='bbox 768 1317 852 1369; x_wconf 87' lang='lat' dir='ltr'>sal</span> <span class='ocrx_word' id='word_1_164' title='bbox 880 1321 1048 1382; x_wconf 59' lang='lat' dir='ltr'>terrae,</span> <span class='ocrx_word' id='word_1_165' title='bbox 1107 1331 1211 1383; x_wconf 79' lang='lat' dir='ltr'>quo</span> <span class='ocrx_word' id='word_1_166' title='bbox 1231 1315 1538 1384; x_wconf 55' lang='lat' dir='ltr'>precor/lia</span> <span class='ocrx_word' id='word_1_167' title='bbox 1567 1321 1773 1382; x_wconf 83' lang='lat' dir='ltr'>nostra,</span> <span class='ocrx_word' id='word_1_168' title='bbox 1805 1332 1868 1368; x_wconf 76' lang='lat' dir='ltr'>ne</span> <span class='ocrx_word' id='word_1_169' title='bbox 1895 1319 2105 1386; x_wconf 84' lang='lat' dir='ltr'>possint</span> <span class='ocrx_word' id='word_1_170' title='bbox 2146 1320 2328 1372; x_wconf 70' lang='lat' dir='ltr'>saeculi</span> <span class='ocrx_word' id='word_1_171' title='bbox 2358 1335 2636 1372; x_wconf 81' lang='lat' dir='ltr'>vanescere</span> <span class='ocrx_word' id='word_1_172' title='bbox 2665 1335 2863 1380; x_wconf 79' lang='lat' dir='ltr'>errore.</span> <span class='ocrx_word' id='word_1_173' title='bbox 2896 1321 3241 1387; x_wconf 83' lang='lat' dir='ltr'>condiuntur,</span> <span class='ocrx_word' id='word_1_174' title='bbox 3275 1329 3381 1377; x_wconf 88' lang='lat' dir='ltr'>etc.</span> 
     </span>
    </p>
   </div>
   <div class='ocr_carea' id='block_1_13' title="bbox 255 1403 3698 1490">
    <p class='ocr_par' dir='ltr' id='par_1_13' title="bbox 255 1403 3698 1490">
     <span class='ocr_line' id='line_1_13' title="bbox 255 1403 3698 1490; baseline 0.003 -33"><span class='ocrx_word' id='word_1_175' title='bbox 255 1405 546 1458; x_wconf 66' lang='lat' dir='ltr'>Caeterum</span> <span class='ocrx_word' id='word_1_176' title='bbox 575 1409 857 1475; x_wconf 86' lang='lat' dir='ltr'>quantum</span> <span class='ocrx_word' id='word_1_177' title='bbox 872 1420 1062 1474; x_wconf 72' lang='lat' dir='ltr'>opera:</span> <span class='ocrx_word' id='word_1_178' title='bbox 1085 1404 1144 1458; x_wconf 90' lang='lat' dir='ltr'>in</span> <span class='ocrx_word' id='word_1_179' title='bbox 1171 1403 1527 1458; x_wconf 89' lang='lat' dir='ltr'>emendando</span> <span class='ocrx_word' id='word_1_180' title='bbox 1549 1404 1720 1458; x_wconf 90' lang='lat' dir='ltr'>hocce</span> <span class='ocrx_word' id='word_1_181' title='bbox 1744 1409 1898 1458; x_wconf 91' lang='lat' dir='ltr'>tomo</span> <span class='ocrx_word' id='word_1_182' title='bbox 1921 1407 2298 1490; x_wconf 68' lang='lat' dir='ltr'>posuerimus,</span> <span class='ocrx_word' id='word_1_183' title='bbox 2331 1407 2472 1461; x_wconf 81' lang='lat' dir='ltr'>nihil</span> <span class='ocrx_word' id='word_1_184' title='bbox 2505 1407 2740 1461; x_wconf 85' lang='lat' dir='ltr'>interest</span> <span class='ocrx_word' id='word_1_185' title='bbox 2764 1408 3046 1477; x_wconf 83' lang='lat' dir='ltr'>explicare</span> <span class='ocrx_word' id='word_1_186' title='bbox 3067 1426 3169 1478; x_wconf 91' lang='lat' dir='ltr'>per</span> <span class='ocrx_word' id='word_1_187' title='bbox 3190 1416 3397 1479; x_wconf 88' lang='lat' dir='ltr'>partes.</span> <span class='ocrx_word' id='word_1_188' title='bbox 3429 1413 3698 1467; x_wconf 89' lang='lat' dir='ltr'>Admoni-</span> 
     </span>
    </p>
   </div>
   <div class='ocr_carea' id='block_1_14' title="bbox 177 1491 3687 1564">
    <p class='ocr_par' dir='ltr' id='par_1_14' title="bbox 177 1491 3687 1564">
     <span class='ocr_line' id='line_1_14' title="bbox 177 1491 3687 1564; baseline 0.003 -20"><span class='ocrx_word' id='word_1_189' title='bbox 177 1493 378 1546; x_wconf 77' lang='lat' dir='ltr'>tiones</span> <span class='ocrx_word' id='word_1_190' title='bbox 408 1493 466 1545; x_wconf 92' lang='lat' dir='ltr'>in</span> <span class='ocrx_word' id='word_1_191' title='bbox 497 1493 904 1562; x_wconf 85' lang='lat' dir='ltr'>opusculorum</span> <span class='ocrx_word' id='word_1_192' title='bbox 924 1493 1110 1546; x_wconf 83' lang='lat' dir='ltr'>fronte</span> <span class='ocrx_word' id='word_1_193' title='bbox 1129 1491 1500 1562; x_wconf 66' lang='lat' dir='ltr'>praeliximus,</span> <span class='ocrx_word' id='word_1_194' title='bbox 1520 1497 1690 1562; x_wconf 89' lang='lat' dir='ltr'>atque</span> <span class='ocrx_word' id='word_1_195' title='bbox 1727 1497 2129 1562; x_wconf 82' lang='lat' dir='ltr'>argumentum</span> <span class='ocrx_word' id='word_1_196' title='bbox 2155 1493 2432 1563; x_wconf 82' lang='lat' dir='ltr'>cujusque</span> <span class='ocrx_word' id='word_1_197' title='bbox 2454 1493 2583 1546; x_wconf 89' lang='lat' dir='ltr'>libri</span> <span class='ocrx_word' id='word_1_198' title='bbox 2605 1492 2970 1562; x_wconf 86' lang='lat' dir='ltr'>ascripsimus</span> <span class='ocrx_word' id='word_1_199' title='bbox 2992 1493 3174 1564; x_wconf 88' lang='lat' dir='ltr'>initio.</span> <span class='ocrx_word' id='word_1_200' title='bbox 3201 1494 3687 1563; x_wconf 86' lang='lat' dir='ltr'>Capitulatiouum</span> 
     </span>
    </p>
   </div>
   <div class='ocr_carea' id='block_1_15' title="bbox 180 1579 3688 1655">
    <p class='ocr_par' dir='ltr' id='par_1_15' title="bbox 180 1579 3688 1655">
     <span class='ocr_line' id='line_1_15' title="bbox 180 1579 3688 1655; baseline 0.001 -21"><span class='ocrx_word' id='word_1_201' title='bbox 180 1583 461 1634; x_wconf 76' lang='lat' dir='ltr'>lemmata</span> <span class='ocrx_word' id='word_1_202' title='bbox 494 1579 696 1650; x_wconf 66' lang='lat' dir='ltr'>saepius</span> <span class='ocrx_word' id='word_1_203' title='bbox 729 1579 1068 1634; x_wconf 84' lang='lat' dir='ltr'>inconcinna</span> <span class='ocrx_word' id='word_1_204' title='bbox 1099 1580 1442 1634; x_wconf 82' lang='lat' dir='ltr'>mutavimus</span> <span class='ocrx_word' id='word_1_205' title='bbox 1463 1581 1694 1651; x_wconf 89' lang='lat' dir='ltr'>passim,</span> <span class='ocrx_word' id='word_1_206' title='bbox 1721 1581 2166 1650; x_wconf 88' lang='lat' dir='ltr'>earumdemque</span> <span class='ocrx_word' id='word_1_207' title='bbox 2194 1581 2515 1634; x_wconf 87' lang='lat' dir='ltr'>numericas</span> <span class='ocrx_word' id='word_1_208' title='bbox 2537 1585 2698 1633; x_wconf 82' lang='lat' dir='ltr'>notas</span> <span class='ocrx_word' id='word_1_209' title='bbox 2725 1581 3081 1650; x_wconf 80' lang='lat' dir='ltr'>marginibus</span> <span class='ocrx_word' id='word_1_210' title='bbox 3111 1582 3323 1643; x_wconf 79' lang='lat' dir='ltr'>attixas,</span> <span class='ocrx_word' id='word_1_211' title='bbox 3353 1599 3420 1635; x_wconf 91' lang='lat' dir='ltr'>ne</span> <span class='ocrx_word' id='word_1_212' title='bbox 3447 1586 3688 1655; x_wconf 83' lang='lat' dir='ltr'>receptis</span> 
     </span>
    </p>
   </div>
   <div class='ocr_carea' id='block_1_16' title="bbox 176 1669 3700 1742">
    <p class='ocr_par' dir='ltr' id='par_1_16' title="bbox 176 1669 3700 1742">
     <span class='ocr_line' id='line_1_16' title="bbox 176 1669 3700 1742; baseline 0.002 -20"><span class='ocrx_word' id='word_1_213' title='bbox 176 1669 557 1722; x_wconf 78' lang='lat' dir='ltr'>citationibus</span> <span class='ocrx_word' id='word_1_214' title='bbox 579 1669 834 1722; x_wconf 79' lang='lat' dir='ltr'>confusio</span> <span class='ocrx_word' id='word_1_215' title='bbox 866 1669 1211 1739; x_wconf 71' lang='lat' dir='ltr'>gigneretur,</span> <span class='ocrx_word' id='word_1_216' title='bbox 1241 1669 1608 1738; x_wconf 86' lang='lat' dir='ltr'>retinuimus,</span> <span class='ocrx_word' id='word_1_217' title='bbox 1635 1670 1868 1723; x_wconf 88' lang='lat' dir='ltr'>mutatis</span> <span class='ocrx_word' id='word_1_218' title='bbox 1899 1674 2093 1723; x_wconf 89' lang='lat' dir='ltr'>tamen</span> <span class='ocrx_word' id='word_1_219' title='bbox 2124 1669 2411 1723; x_wconf 89' lang='lat' dir='ltr'>interdum</span> <span class='ocrx_word' id='word_1_220' title='bbox 2444 1675 2501 1723; x_wconf 89' lang='lat' dir='ltr'>et</span> <span class='ocrx_word' id='word_1_221' title='bbox 2526 1669 2917 1739; x_wconf 85' lang='lat' dir='ltr'>multiplicatis</span> <span class='ocrx_word' id='word_1_222' title='bbox 2946 1669 3308 1737; x_wconf 90' lang='lat' dir='ltr'>sectionibus,</span> <span class='ocrx_word' id='word_1_223' title='bbox 3342 1688 3482 1742; x_wconf 91' lang='lat' dir='ltr'>quas</span> <span class='ocrx_word' id='word_1_224' title='bbox 3502 1672 3564 1726; x_wconf 91' lang='lat' dir='ltr'>in</span> <span class='ocrx_word' id='word_1_225' title='bbox 3591 1690 3700 1729; x_wconf 86' lang='lat' dir='ltr'>nu-</span> 
     </span>
    </p>
   </div>
   <div class='ocr_carea' id='block_1_17' title="bbox 179 1756 3694 1830">
    <p class='ocr_par' dir='ltr' id='par_1_17' title="bbox 179 1756 3694 1830">
     <span class='ocr_line' id='line_1_17' title="bbox 179 1756 3694 1830; baseline 0.002 -22"><span class='ocrx_word' id='word_1_226' title='bbox 179 1772 381 1810; x_wconf 87' lang='lat' dir='ltr'>meros</span> <span class='ocrx_word' id='word_1_227' title='bbox 412 1756 583 1810; x_wconf 90' lang='lat' dir='ltr'>etiam</span> <span class='ocrx_word' id='word_1_228' title='bbox 607 1757 958 1828; x_wconf 84' lang='lat' dir='ltr'>distinguere</span> <span class='ocrx_word' id='word_1_229' title='bbox 981 1758 1163 1812; x_wconf 87' lang='lat' dir='ltr'>visum</span> <span class='ocrx_word' id='word_1_230' title='bbox 1195 1762 1297 1824; x_wconf 90' lang='lat' dir='ltr'>est,</span> <span class='ocrx_word' id='word_1_231' title='bbox 1329 1763 1390 1810; x_wconf 90' lang='lat' dir='ltr'>ut</span> <span class='ocrx_word' id='word_1_232' title='bbox 1417 1758 1638 1812; x_wconf 79' lang='lat' dir='ltr'>facilior</span> <span class='ocrx_word' id='word_1_233' title='bbox 1667 1764 1813 1812; x_wconf 88' lang='lat' dir='ltr'>esset</span> <span class='ocrx_word' id='word_1_234' title='bbox 1837 1758 2139 1828; x_wconf 74' lang='lat' dir='ltr'>Augustini</span> <span class='ocrx_word' id='word_1_235' title='bbox 2171 1758 2352 1812; x_wconf 85' lang='lat' dir='ltr'>lectio.</span> <span class='ocrx_word' id='word_1_236' title='bbox 2378 1759 2608 1812; x_wconf 82' lang='lat' dir='ltr'>Notulas</span> <span class='ocrx_word' id='word_1_237' title='bbox 2628 1758 2685 1811; x_wconf 92' lang='lat' dir='ltr'>in</span> <span class='ocrx_word' id='word_1_238' title='bbox 2714 1758 2972 1828; x_wconf 82' lang='lat' dir='ltr'>margine</span> <span class='ocrx_word' id='word_1_239' title='bbox 3005 1759 3264 1812; x_wconf 83' lang='lat' dir='ltr'>inferiori</span> <span class='ocrx_word' id='word_1_240' title='bbox 3298 1761 3694 1830; x_wconf 89' lang='lat' dir='ltr'>apposuimus,</span> 
     </span>
    </p>
   </div>
   <div class='ocr_carea' id='block_1_18' title="bbox 173 1844 3702 1920">
    <p class='ocr_par' dir='ltr' id='par_1_18' title="bbox 173 1844 3702 1920">
     <span class='ocr_line' id='line_1_18' title="bbox 173 1844 3702 1920; baseline 0.001 -23"><span class='ocrx_word' id='word_1_241' title='bbox 173 1845 288 1898; x_wconf 89' lang='lat' dir='ltr'>ubi</span> <span class='ocrx_word' id='word_1_242' title='bbox 319 1844 704 1915; x_wconf 90' lang='lat' dir='ltr'>insigniorum</span> <span class='ocrx_word' id='word_1_243' title='bbox 735 1847 1154 1901; x_wconf 90' lang='lat' dir='ltr'>correctionum</span> <span class='ocrx_word' id='word_1_244' title='bbox 1183 1847 1466 1900; x_wconf 88' lang='lat' dir='ltr'>rationem</span> <span class='ocrx_word' id='word_1_245' title='bbox 1503 1847 1873 1902; x_wconf 86' lang='lat' dir='ltr'>reddidimus.</span> <span class='ocrx_word' id='word_1_246' title='bbox 1912 1847 2381 1917; x_wconf 80' lang='lat' dir='ltr'>Comparavimus</span> <span class='ocrx_word' id='word_1_247' title='bbox 2411 1863 2603 1900; x_wconf 89' lang='lat' dir='ltr'>rerum</span> <span class='ocrx_word' id='word_1_248' title='bbox 2634 1846 3055 1918; x_wconf 74' lang='lat' dir='ltr'>Scripturaeque</span> <span class='ocrx_word' id='word_1_249' title='bbox 3096 1848 3347 1902; x_wconf 90' lang='lat' dir='ltr'>Iudicem</span> <span class='ocrx_word' id='word_1_250' title='bbox 3387 1848 3400 1880; x_wconf 85' lang='lat'><strong>‘</strong></span> <span class='ocrx_word' id='word_1_251' title='bbox 3430 1848 3491 1902; x_wconf 91' lang='lat' dir='ltr'>in</span> <span class='ocrx_word' id='word_1_252' title='bbox 3530 1850 3702 1920; x_wconf 86' lang='lat' dir='ltr'>hujus</span> 
     </span>
    </p>
   </div>
   <div class='ocr_carea' id='block_1_19' title="bbox 175 1930 3702 2006">
    <p class='ocr_par' dir='ltr' id='par_1_19' title="bbox 175 1930 3702 2006">
     <span class='ocr_line' id='line_1_19' title="bbox 175 1930 3702 2006; baseline 0 -19"><span class='ocrx_word' id='word_1_253' title='bbox 175 1933 328 1987; x_wconf 86' lang='lat' dir='ltr'>tomi</span> <span class='ocrx_word' id='word_1_254' title='bbox 357 1930 653 2004; x_wconf 79' lang='lat' dir='ltr'>epuscula,</span> <span class='ocrx_word' id='word_1_255' title='bbox 683 1935 952 1989; x_wconf 86' lang='lat' dir='ltr'>studiosis</span> <span class='ocrx_word' id='word_1_256' title='bbox 982 1935 1243 1988; x_wconf 87' lang='lat' dir='ltr'>nonnihil</span> <span class='ocrx_word' id='word_1_257' title='bbox 1282 1935 1562 2005; x_wconf 88' lang='lat' dir='ltr'>utilitatis,</span> <span class='ocrx_word' id='word_1_258' title='bbox 1601 1935 1687 1989; x_wconf 90' lang='lat' dir='ltr'>uti</span> <span class='ocrx_word' id='word_1_259' title='bbox 1717 1952 2032 2006; x_wconf 85' lang='lat' dir='ltr'>speramus,</span> <span class='ocrx_word' id='word_1_260' title='bbox 2063 1937 2388 1989; x_wconf 85' lang='lat' dir='ltr'>allaturum.</span> <span class='ocrx_word' id='word_1_261' title='bbox 2423 1935 2546 1988; x_wconf 88' lang='lat' dir='ltr'>Alia</span> <span class='ocrx_word' id='word_1_262' title='bbox 2575 1935 2946 2004; x_wconf 61' lang='lat' dir='ltr'>praestitimus</span> <span class='ocrx_word' id='word_1_263' title='bbox 2985 1935 3238 2002; x_wconf 91' lang='lat' dir='ltr'>demum,</span> <span class='ocrx_word' id='word_1_264' title='bbox 3276 1951 3405 2006; x_wconf 83' lang='lat' dir='ltr'>quae</span> <span class='ocrx_word' id='word_1_265' title='bbox 3436 1937 3702 2006; x_wconf 88' lang='lat' dir='ltr'>superius</span> 
     </span>
    </p>
   </div>
   <div class='ocr_carea' id='block_1_20' title="bbox 178 2020 1567 2094">
    <p class='ocr_par' dir='ltr' id='par_1_20' title="bbox 178 2020 1567 2094">
     <span class='ocr_line' id='line_1_20' title="bbox 178 2020 1567 2094; baseline 0.002 -20"><span class='ocrx_word' id='word_1_266' title='bbox 178 2020 238 2075; x_wconf 88' lang='lat' dir='ltr'>in</span> <span class='ocrx_word' id='word_1_267' title='bbox 278 2021 620 2090; x_wconf 69' lang='lat' dir='ltr'>praefatione</span> <span class='ocrx_word' id='word_1_268' title='bbox 653 2023 907 2091; x_wconf 85' lang='lat' dir='ltr'>generali</span> <span class='ocrx_word' id='word_1_269' title='bbox 939 2023 1163 2076; x_wconf 87' lang='lat' dir='ltr'>abunde</span> <span class='ocrx_word' id='word_1_270' title='bbox 1195 2023 1567 2094; x_wconf 84' lang='lat' dir='ltr'>explicantur.</span> 
     </span>
    </p>
   </div>
   <div class='ocr_carea' id='block_1_21' title="bbox 244 2136 3699 2203">
    <p class='ocr_par' dir='ltr' id='par_1_21' title="bbox 244 2136 3699 2203">
     <span class='ocr_line' id='line_1_21' title="bbox 244 2136 3699 2203; baseline 0.002 -20"><span class='ocrx_word' id='word_1_271' title='bbox 244 2140 264 2170; x_wconf 81' lang='grc'>¹</span> <span class='ocrx_word' id='word_1_272' title='bbox 305 2137 524 2185; x_wconf 82' lang='lat' dir='ltr'>Patrum</span> <span class='ocrx_word' id='word_1_273' title='bbox 550 2136 911 2185; x_wconf 84' lang='lat' dir='ltr'>Maurinorum</span> <span class='ocrx_word' id='word_1_274' title='bbox 936 2138 1196 2186; x_wconf 86' lang='lat' dir='ltr'>rationem</span> <span class='ocrx_word' id='word_1_275' title='bbox 1244 2151 1352 2186; x_wconf 92' lang='lat' dir='ltr'>non</span> <span class='ocrx_word' id='word_1_276' title='bbox 1377 2138 1596 2188; x_wconf 88' lang='lat' dir='ltr'>omnino</span> <span class='ocrx_word' id='word_1_277' title='bbox 1626 2139 1772 2201; x_wconf 82' lang='lat' dir='ltr'>sequi</span> <span class='ocrx_word' id='word_1_278' title='bbox 1797 2139 1948 2188; x_wconf 86' lang='lat' dir='ltr'>nobis</span> <span class='ocrx_word' id='word_1_279' title='bbox 1985 2139 2158 2187; x_wconf 87' lang='lat' dir='ltr'>visum</span> <span class='ocrx_word' id='word_1_280' title='bbox 2187 2141 2285 2187; x_wconf 89' lang='lat' dir='ltr'>est.</span> <span class='ocrx_word' id='word_1_281' title='bbox 2319 2138 2526 2186; x_wconf 85' lang='lat' dir='ltr'>Inutilis</span> <span class='ocrx_word' id='word_1_282' title='bbox 2550 2138 2692 2186; x_wconf 89' lang='lat' dir='ltr'>enim</span> <span class='ocrx_word' id='word_1_283' title='bbox 2723 2143 2804 2187; x_wconf 87' lang='lat' dir='ltr'>est</span> <span class='ocrx_word' id='word_1_284' title='bbox 2832 2139 2988 2187; x_wconf 81' lang='lat' dir='ltr'>index</span> <span class='ocrx_word' id='word_1_285' title='bbox 3034 2139 3330 2202; x_wconf 83' lang='lat' dir='ltr'>analyticus</span> <span class='ocrx_word' id='word_1_286' title='bbox 3368 2140 3699 2203; x_wconf 85' lang='lat' dir='ltr'>particularis</span> 
     </span>
    </p>
   </div>
   <div class='ocr_carea' id='block_1_22' title="bbox 180 2215 3705 2283">
    <p class='ocr_par' dir='ltr' id='par_1_22' title="bbox 180 2215 3705 2283">
     <span class='ocr_line' id='line_1_22' title="bbox 180 2215 3705 2283; baseline 0.002 -21"><span class='ocrx_word' id='word_1_287' title='bbox 180 2215 383 2277; x_wconf 81' lang='lat' dir='ltr'>cuique</span> <span class='ocrx_word' id='word_1_288' title='bbox 415 2223 557 2264; x_wconf 89' lang='lat' dir='ltr'>tomo</span> <span class='ocrx_word' id='word_1_289' title='bbox 569 2215 944 2276; x_wconf 75' lang='lat' dir='ltr'>sufﬂxus,cum</span> <span class='ocrx_word' id='word_1_290' title='bbox 963 2217 1136 2266; x_wconf 91' lang='lat' dir='ltr'>iudice</span> <span class='ocrx_word' id='word_1_291' title='bbox 1158 2217 1760 2281; x_wconf 88' lang='lat' dir='ltr'>generaliclaudendum</span> <span class='ocrx_word' id='word_1_292' title='bbox 1780 2220 2029 2267; x_wconf 90' lang='lat' dir='ltr'>sittotum</span> <span class='ocrx_word' id='word_1_293' title='bbox 2053 2233 2185 2281; x_wconf 87' lang='lat' dir='ltr'>opus</span> <span class='ocrx_word' id='word_1_294' title='bbox 2208 2233 2221 2277; x_wconf 91' lang='lat'><strong>;</strong></span> <span class='ocrx_word' id='word_1_295' title='bbox 2248 2217 2431 2266; x_wconf 86' lang='lat' dir='ltr'>saltem</span> <span class='ocrx_word' id='word_1_296' title='bbox 2455 2217 2622 2266; x_wconf 89' lang='lat' dir='ltr'>multo</span> <span class='ocrx_word' id='word_1_297' title='bbox 2641 2218 2807 2279; x_wconf 90' lang='lat' dir='ltr'>magis</span> <span class='ocrx_word' id='word_1_298' title='bbox 2827 2217 3062 2280; x_wconf 87' lang='lat' dir='ltr'>proderit</span> <span class='ocrx_word' id='word_1_299' title='bbox 3087 2219 3312 2267; x_wconf 87' lang='lat' dir='ltr'>indicem</span> <span class='ocrx_word' id='word_1_300' title='bbox 3336 2227 3705 2283; x_wconf 88' lang='lat' dir='ltr'>rerum,prout</span> 
     </span>
    </p>
   </div>
   <div class='ocr_carea' id='block_1_23' title="bbox 184 2294 3700 2362">
    <p class='ocr_par' dir='ltr' id='par_1_23' title="bbox 184 2294 3700 2362">
     <span class='ocr_line' id='line_1_23' title="bbox 184 2294 3700 2362; baseline 0.002 -20"><span class='ocrx_word' id='word_1_301' title='bbox 184 2296 234 2342; x_wconf 90' lang='lat' dir='ltr'>in</span> <span class='ocrx_word' id='word_1_302' title='bbox 275 2294 516 2357; x_wconf 86' lang='lat' dir='ltr'>quolibet</span> <span class='ocrx_word' id='word_1_303' title='bbox 540 2295 808 2345; x_wconf 86' lang='lat' dir='ltr'>volumine</span> <span class='ocrx_word' id='word_1_304' title='bbox 832 2297 1072 2355; x_wconf 85' lang='lat' dir='ltr'>veniunt,</span> <span class='ocrx_word' id='word_1_305' title='bbox 1104 2297 1167 2345; x_wconf 88' lang='lat' dir='ltr'>ad</span> <span class='ocrx_word' id='word_1_306' title='bbox 1196 2297 1352 2346; x_wconf 84' lang='lat' dir='ltr'>ﬁnem</span> <span class='ocrx_word' id='word_1_307' title='bbox 1387 2297 1803 2361; x_wconf 85' lang='lat' dir='ltr'>uniuscujusque</span> <span class='ocrx_word' id='word_1_308' title='bbox 1832 2298 2091 2362; x_wconf 86' lang='lat' dir='ltr'>posuisse.</span> <span class='ocrx_word' id='word_1_309' title='bbox 2130 2295 2280 2355; x_wconf 87' lang='lat' dir='ltr'>Quod</span> <span class='ocrx_word' id='word_1_310' title='bbox 2311 2297 2366 2345; x_wconf 88' lang='lat' dir='ltr'>in</span> <span class='ocrx_word' id='word_1_311' title='bbox 2389 2296 2728 2346; x_wconf 85' lang='lat' dir='ltr'>Benedictina</span> <span class='ocrx_word' id='word_1_312' title='bbox 2758 2296 2988 2346; x_wconf 88' lang='lat' dir='ltr'>editione</span> <span class='ocrx_word' id='word_1_313' title='bbox 3014 2312 3044 2346; x_wconf 86' lang='lat' dir='ltr'>a</span> <span class='ocrx_word' id='word_1_314' title='bbox 3072 2297 3272 2359; x_wconf 89' lang='lat' dir='ltr'>multis,</span> <span class='ocrx_word' id='word_1_315' title='bbox 3296 2312 3391 2348; x_wconf 86' lang='lat' dir='ltr'>nec</span> <span class='ocrx_word' id='word_1_316' title='bbox 3417 2299 3700 2361; x_wconf 86' lang='lat' dir='ltr'>immerito,</span> 
     </span>
    </p>
   </div>
   <div class='ocr_carea' id='block_1_24' title="bbox 183 2374 772 2424">
    <p class='ocr_par' dir='ltr' id='par_1_24' title="bbox 183 2374 772 2424">
     <span class='ocr_line' id='line_1_24' title="bbox 183 2374 772 2424; baseline 0.002 -2"><span class='ocrx_word' id='word_1_317' title='bbox 183 2374 547 2424; x_wconf 87' lang='lat' dir='ltr'>desideratur.</span> <span class='ocrx_word' id='word_1_318' title='bbox 706 2376 772 2424; x_wconf 87' lang='grc' dir='ltr'><strong>Μ.</strong></span> 
     </span>
    </p>
   </div>
   <div class='ocr_carea' id='block_1_25' title="bbox 254 2454 2751 2519">
    <p class='ocr_par' dir='ltr' id='par_1_25' title="bbox 254 2454 2751 2519">
     <span class='ocr_line' id='line_1_25' title="bbox 254 2454 2751 2519; baseline 0 -17"><span class='ocrx_word' id='word_1_319' title='bbox 254 2456 328 2515; x_wconf 84' lang='grc' dir='ltr'>(α)</span> <span class='ocrx_word' id='word_1_320' title='bbox 363 2454 558 2504; x_wconf 89' lang='lat' dir='ltr'>Herim.</span> <span class='ocrx_word' id='word_1_321' title='bbox 590 2455 646 2503; x_wconf 90' lang='lat' dir='ltr'>in</span> <span class='ocrx_word' id='word_1_322' title='bbox 676 2455 1311 2505; x_wconf 80' lang='lat' dir='ltr'>Narrat.Restaurationis</span> <span class='ocrx_word' id='word_1_323' title='bbox 1340 2456 1472 2505; x_wconf 89' lang='lat' dir='ltr'>Abb.</span> <span class='ocrx_word' id='word_1_324' title='bbox 1499 2457 1549 2505; x_wconf 93' lang='lat' dir='ltr'>S.</span> <span class='ocrx_word' id='word_1_325' title='bbox 1581 2457 1735 2506; x_wconf 82' lang='lat' dir='ltr'>Mart.</span> <span class='ocrx_word' id='word_1_326' title='bbox 1769 2457 2013 2516; x_wconf 89' lang='lat' dir='ltr'>&#39;l‘ornac.,</span> <span class='ocrx_word' id='word_1_327' title='bbox 2046 2469 2098 2503; x_wconf 91' lang='lat' dir='ltr'>n.</span> <span class='ocrx_word' id='word_1_328' title='bbox 2134 2458 2180 2515; x_wconf 74' lang='grc'>4,</span> <span class='ocrx_word' id='word_1_329' title='bbox 2220 2455 2468 2519; x_wconf 85' lang='lat' dir='ltr'>Spicileg.</span> <span class='ocrx_word' id='word_1_330' title='bbox 2509 2459 2639 2504; x_wconf 88' lang='lat' dir='ltr'>tom.</span> <span class='ocrx_word' id='word_1_331' title='bbox 2675 2457 2751 2503; x_wconf 83' lang='grc'>12.</span> 
     </span>
    </p>
   </div>
   <div class='ocr_carea' id='block_1_26' title="bbox 1446 2668 2458 2798">
    <p class='ocr_par' dir='ltr' id='par_1_26' title="bbox 1446 2668 2458 2798">
     <span class='ocr_line' id='line_1_26' title="bbox 1446 2668 2458 2798; baseline -0.003 0"><span class='ocrx_word' id='word_1_332' title='bbox 1446 2668 2458 2798; x_wconf 82' lang='lat' dir='ltr'>ADMONITIO</span> 
     </span>
    </p>
   </div>
   <div class='ocr_carea' id='block_1_27' title="bbox 1166 2875 2750 2938">
    <p class='ocr_par' dir='ltr' id='par_1_27' title="bbox 1166 2875 2750 2938">
     <span class='ocr_line' id='line_1_27' title="bbox 1166 2875 2750 2938; baseline 0 -3"><span class='ocrx_word' id='word_1_333' title='bbox 1166 2877 1266 2935; x_wconf 88' lang='lat' dir='ltr'>DE</span> <span class='ocrx_word' id='word_1_334' title='bbox 1337 2875 1650 2938; x_wconf 88' lang='lat' dir='ltr'>DUOBUS</span> <span class='ocrx_word' id='word_1_335' title='bbox 1712 2875 2438 2936; x_wconf 83' lang='lat' dir='ltr'>RETRACTATIONUM</span> <span class='ocrx_word' id='word_1_336' title='bbox 2506 2877 2750 2935; x_wconf 79' lang='lat' dir='ltr'>LIBBIS</span> 
     </span>
    </p>
   </div>
   <div class='ocr_carea' id='block_1_28' title="bbox 260 3007 3704 3080">
    <p class='ocr_par' dir='ltr' id='par_1_28' title="bbox 260 3007 3704 3080">
     <span class='ocr_line' id='line_1_28' title="bbox 260 3007 3704 3080; baseline 0 -17"><span class='ocrx_word' id='word_1_337' title='bbox 260 3009 412 3074; x_wconf 85' lang='lat' dir='ltr'>Quid</span> <span class='ocrx_word' id='word_1_338' title='bbox 439 3027 622 3065; x_wconf 71' lang='lat' dir='ltr'>causa:</span> <span class='ocrx_word' id='word_1_339' title='bbox 654 3015 909 3064; x_wconf 88' lang='lat' dir='ltr'>sanctum</span> <span class='ocrx_word' id='word_1_340' title='bbox 935 3009 1341 3080; x_wconf 79' lang='lat' dir='ltr'>Augustimum</span> <span class='ocrx_word' id='word_1_341' title='bbox 1372 3010 1438 3063; x_wconf 88' lang='lat' dir='ltr'>ad</span> <span class='ocrx_word' id='word_1_342' title='bbox 1475 3010 1861 3064; x_wconf 84' lang='lat' dir='ltr'>retractandas</span> <span class='ocrx_word' id='word_1_343' title='bbox 1890 3009 2359 3080; x_wconf 88' lang='lat' dir='ltr'>castigandasque</span> <span class='ocrx_word' id='word_1_344' title='bbox 2391 3008 2812 3063; x_wconf 86' lang='lat' dir='ltr'>lucubrationes</span> <span class='ocrx_word' id='word_1_345' title='bbox 2837 3024 2966 3062; x_wconf 90' lang='lat' dir='ltr'>suas</span> <span class='ocrx_word' id='word_1_346' title='bbox 3012 3007 3330 3078; x_wconf 88' lang='lat' dir='ltr'>impulerit,</span> <span class='ocrx_word' id='word_1_347' title='bbox 3365 3010 3547 3079; x_wconf 85' lang='lat' dir='ltr'>aperit</span> <span class='ocrx_word' id='word_1_348' title='bbox 3580 3011 3704 3080; x_wconf 82' lang='lat' dir='ltr'>ejus</span> 
     </span>
    </p>
   </div>
   <div class='ocr_carea' id='block_1_29' title="bbox 185 3097 3698 3169">
    <p class='ocr_par' dir='ltr' id='par_1_29' title="bbox 185 3097 3698 3169">
     <span class='ocr_line' id='line_1_29' title="bbox 185 3097 3698 3169; baseline 0.001 -19"><span class='ocrx_word' id='word_1_349' title='bbox 185 3097 453 3167; x_wconf 62' lang='lat' dir='ltr'>praefatio</span> <span class='ocrx_word' id='word_1_350' title='bbox 469 3099 529 3152; x_wconf 89' lang='lat' dir='ltr'>in</span> <span class='ocrx_word' id='word_1_351' title='bbox 544 3098 1052 3169; x_wconf 89' lang='lat' dir='ltr'>sequenteslibros.</span> <span class='ocrx_word' id='word_1_352' title='bbox 1069 3098 1130 3151; x_wconf 91' lang='lat' dir='ltr'>Id</span> <span class='ocrx_word' id='word_1_353' title='bbox 1143 3097 1766 3168; x_wconf 88' lang='lat' dir='ltr'>negotiiaggressusest</span> <span class='ocrx_word' id='word_1_354' title='bbox 1779 3099 1880 3151; x_wconf 90' lang='lat' dir='ltr'>sub</span> <span class='ocrx_word' id='word_1_355' title='bbox 1895 3098 2297 3151; x_wconf 67' lang='lat' dir='ltr'>ultimamvitm</span> <span class='ocrx_word' id='word_1_356' title='bbox 2323 3115 2439 3152; x_wconf 70' lang='lat' dir='ltr'>suae</span> <span class='ocrx_word' id='word_1_357' title='bbox 2461 3097 2790 3168; x_wconf 91' lang='lat' dir='ltr'>periodum;</span> <span class='ocrx_word' id='word_1_358' title='bbox 2815 3101 2964 3151; x_wconf 91' lang='lat' dir='ltr'>certe</span> <span class='ocrx_word' id='word_1_359' title='bbox 2986 3113 3102 3151; x_wconf 89' lang='lat' dir='ltr'>non</span> <span class='ocrx_word' id='word_1_360' title='bbox 3132 3098 3312 3151; x_wconf 90' lang='lat' dir='ltr'>multo</span> <span class='ocrx_word' id='word_1_361' title='bbox 3341 3103 3470 3151; x_wconf 89' lang='lat' dir='ltr'>ante</span> <span class='ocrx_word' id='word_1_362' title='bbox 3485 3114 3698 3152; x_wconf 89' lang='lat' dir='ltr'>annum</span> 
     </span>
    </p>
   </div>
   <div class='ocr_carea' id='block_1_30' title="bbox 182 3185 3695 3258">
    <p class='ocr_par' dir='ltr' id='par_1_30' title="bbox 182 3185 3695 3258">
     <span class='ocr_line' id='line_1_30' title="bbox 182 3185 3695 3258; baseline -0.001 -16"><span class='ocrx_word' id='word_1_363' title='bbox 182 3187 400 3242; x_wconf 81' lang='lat' dir='ltr'>Christi</span> <span class='ocrx_word' id='word_1_364' title='bbox 429 3189 554 3247; x_wconf 77' lang='grc'>427,</span> <span class='ocrx_word' id='word_1_365' title='bbox 586 3204 714 3241; x_wconf 90' lang='lat' dir='ltr'>cum</span> <span class='ocrx_word' id='word_1_366' title='bbox 746 3188 804 3241; x_wconf 94' lang='lat' dir='ltr'>in</span> <span class='ocrx_word' id='word_1_367' title='bbox 829 3191 1029 3258; x_wconf 87' lang='lat' dir='ltr'>quarto</span> <span class='ocrx_word' id='word_1_368' title='bbox 1060 3186 1128 3240; x_wconf 92' lang='lat' dir='ltr'>de</span> <span class='ocrx_word' id='word_1_369' title='bbox 1171 3185 1432 3239; x_wconf 83' lang='lat' dir='ltr'>Doctrina</span> <span class='ocrx_word' id='word_1_370' title='bbox 1460 3187 1775 3241; x_wconf 79' lang='lat' dir='ltr'>Christiana</span> <span class='ocrx_word' id='word_1_371' title='bbox 1804 3188 1971 3252; x_wconf 88' lang='lat' dir='ltr'>libro,</span> <span class='ocrx_word' id='word_1_372' title='bbox 2003 3203 2172 3258; x_wconf 89' lang='lat' dir='ltr'>quem</span> <span class='ocrx_word' id='word_1_373' title='bbox 2204 3188 2262 3240; x_wconf 91' lang='lat' dir='ltr'>iu</span> <span class='ocrx_word' id='word_1_374' title='bbox 2297 3186 2812 3242; x_wconf 81' lang='lat' dir='ltr'>Hetractatiouibus</span> <span class='ocrx_word' id='word_1_375' title='bbox 2839 3191 3078 3240; x_wconf 88' lang='lat' dir='ltr'>testatur</span> <span class='ocrx_word' id='word_1_376' title='bbox 3107 3203 3141 3240; x_wconf 92' lang='lat' dir='ltr'>a</span> <span class='ocrx_word' id='word_1_377' title='bbox 3172 3202 3252 3254; x_wconf 90' lang='lat' dir='ltr'>se,</span> <span class='ocrx_word' id='word_1_378' title='bbox 3281 3187 3420 3241; x_wconf 90' lang='lat' dir='ltr'>dum</span> <span class='ocrx_word' id='word_1_379' title='bbox 3449 3187 3581 3240; x_wconf 80' lang='lat' dir='ltr'>huic</span> <span class='ocrx_word' id='word_1_380' title='bbox 3613 3188 3695 3241; x_wconf 85' lang='lat' dir='ltr'>rei</span> 
     </span>
    </p>
   </div>
   <div class='ocr_carea' id='block_1_31' title="bbox 186 3275 3702 3347">
    <p class='ocr_par' dir='ltr' id='par_1_31' title="bbox 186 3275 3702 3347">
     <span class='ocr_line' id='line_1_31' title="bbox 186 3275 3702 3347; baseline 0 -19"><span class='ocrx_word' id='word_1_381' title='bbox 186 3275 477 3329; x_wconf 86' lang='lat' dir='ltr'>incumbit</span> <span class='ocrx_word' id='word_1_382' title='bbox 495 3275 878 3346; x_wconf 89' lang='lat' dir='ltr'>conscriptum</span> <span class='ocrx_word' id='word_1_383' title='bbox 908 3290 1048 3339; x_wconf 90' lang='lat' dir='ltr'>esse,</span> <span class='ocrx_word' id='word_1_384' title='bbox 1084 3290 1264 3327; x_wconf 77' lang='lat' dir='ltr'>annos</span> <span class='ocrx_word' id='word_1_385' title='bbox 1293 3276 1742 3340; x_wconf 85' lang='lat' dir='ltr'>numeretferme</span> <span class='ocrx_word' id='word_1_386' title='bbox 1765 3281 1877 3330; x_wconf 91' lang='lat' dir='ltr'>octo</span> <span class='ocrx_word' id='word_1_387' title='bbox 1903 3276 1986 3330; x_wconf 85' lang='lat' dir='ltr'>vel</span> <span class='ocrx_word' id='word_1_388' title='bbox 2013 3277 2248 3344; x_wconf 88' lang='lat' dir='ltr'>amplius</span> <span class='ocrx_word' id='word_1_389' title='bbox 2274 3294 2305 3329; x_wconf 86' lang='lat' dir='ltr'>a</span> <span class='ocrx_word' id='word_1_390' title='bbox 2324 3292 2426 3330; x_wconf 89' lang='lat' dir='ltr'>sua</span> <span class='ocrx_word' id='word_1_391' title='bbox 2445 3275 2598 3347; x_wconf 90' lang='lat' dir='ltr'>apud</span> <span class='ocrx_word' id='word_1_392' title='bbox 2628 3275 3012 3330; x_wconf 69' lang='lat' dir='ltr'>Caesareenses</span> <span class='ocrx_word' id='word_1_393' title='bbox 3031 3276 3516 3346; x_wconf 89' lang='lat' dir='ltr'>peregrinatione,</span> <span class='ocrx_word' id='word_1_394' title='bbox 3554 3277 3702 3330; x_wconf 89' lang='lat' dir='ltr'>unde</span> 
     </span>
    </p>
   </div>
   <div class='ocr_carea' id='block_1_32' title="bbox 192 3361 3703 3434">
    <p class='ocr_par' dir='ltr' id='par_1_32' title="bbox 192 3361 3703 3434">
     <span class='ocr_line' id='line_1_32' title="bbox 192 3361 3703 3434; baseline 0 -19"><span class='ocrx_word' id='word_1_395' title='bbox 192 3364 390 3434; x_wconf 86' lang='lat' dir='ltr'>ipsum</span> <span class='ocrx_word' id='word_1_396' title='bbox 442 3363 665 3417; x_wconf 88' lang='lat' dir='ltr'>labente</span> <span class='ocrx_word' id='word_1_397' title='bbox 700 3379 851 3416; x_wconf 90' lang='lat' dir='ltr'>anno</span> <span class='ocrx_word' id='word_1_398' title='bbox 880 3364 985 3416; x_wconf 81' lang='grc'>418</span> <span class='ocrx_word' id='word_1_399' title='bbox 1017 3361 1247 3415; x_wconf 88' lang='lat' dir='ltr'>rediisse</span> <span class='ocrx_word' id='word_1_400' title='bbox 1280 3361 1480 3432; x_wconf 87' lang='lat' dir='ltr'>liquet.</span> <span class='ocrx_word' id='word_1_401' title='bbox 1516 3363 1654 3417; x_wconf 88' lang='lat' dir='ltr'>Cum</span> <span class='ocrx_word' id='word_1_402' title='bbox 1688 3368 1877 3417; x_wconf 89' lang='lat' dir='ltr'>autem</span> <span class='ocrx_word' id='word_1_403' title='bbox 1908 3362 2242 3434; x_wconf 89' lang='lat' dir='ltr'>scriptiones</span> <span class='ocrx_word' id='word_1_404' title='bbox 2258 3380 2388 3418; x_wconf 86' lang='lat' dir='ltr'>suas</span> <span class='ocrx_word' id='word_1_405' title='bbox 2409 3380 2623 3429; x_wconf 88' lang='lat' dir='ltr'>omnes,</span> <span class='ocrx_word' id='word_1_406' title='bbox 2660 3379 2865 3433; x_wconf 90' lang='lat' dir='ltr'>nempe</span> <span class='ocrx_word' id='word_1_407' title='bbox 2900 3363 3114 3432; x_wconf 87' lang='lat' dir='ltr'>Libros,</span> <span class='ocrx_word' id='word_1_408' title='bbox 3149 3364 3444 3434; x_wconf 86' lang='lat' dir='ltr'>Epistolas,</span> <span class='ocrx_word' id='word_1_409' title='bbox 3477 3367 3703 3419; x_wconf 85' lang='lat' dir='ltr'>Sermo-</span> 
     </span>
    </p>
   </div>
   <div class='ocr_carea' id='block_1_33' title="bbox 191 3450 3691 3524">
    <p class='ocr_par' dir='ltr' id='par_1_33' title="bbox 191 3450 3691 3524">
     <span class='ocr_line' id='line_1_33' title="bbox 191 3450 3691 3524; baseline 0.001 -20"><span class='ocrx_word' id='word_1_410' title='bbox 191 3468 316 3516; x_wconf 88' lang='lat' dir='ltr'>nes,</span> <span class='ocrx_word' id='word_1_411' title='bbox 349 3468 450 3505; x_wconf 87' lang='lat' dir='ltr'>seu</span> <span class='ocrx_word' id='word_1_412' title='bbox 489 3469 632 3522; x_wconf 88' lang='lat' dir='ltr'>quos</span> <span class='ocrx_word' id='word_1_413' title='bbox 674 3453 1002 3524; x_wconf 57' lang='lat' dir='ltr'>dictaverat,</span> <span class='ocrx_word' id='word_1_414' title='bbox 1026 3466 1127 3503; x_wconf 90' lang='lat' dir='ltr'>seu</span> <span class='ocrx_word' id='word_1_415' title='bbox 1157 3466 1298 3520; x_wconf 86' lang='lat' dir='ltr'>quos</span> <span class='ocrx_word' id='word_1_416' title='bbox 1329 3450 1563 3516; x_wconf 80' lang='lat' dir='ltr'>dixerat,</span> <span class='ocrx_word' id='word_1_417' title='bbox 1596 3451 1668 3504; x_wconf 88' lang='lat' dir='ltr'>ad</span> <span class='ocrx_word' id='word_1_418' title='bbox 1699 3467 1937 3505; x_wconf 82' lang='lat' dir='ltr'>examen</span> <span class='ocrx_word' id='word_1_419' title='bbox 1981 3469 2242 3507; x_wconf 88' lang='lat' dir='ltr'>revocare</span> <span class='ocrx_word' id='word_1_420' title='bbox 2282 3453 2474 3507; x_wconf 90' lang='lat' dir='ltr'>animo</span> <span class='ocrx_word' id='word_1_421' title='bbox 2509 3453 2867 3522; x_wconf 87' lang='lat' dir='ltr'>destinasset,</span> <span class='ocrx_word' id='word_1_422' title='bbox 2893 3469 2926 3506; x_wconf 89' lang='lat' dir='ltr'>a</span> <span class='ocrx_word' id='word_1_423' title='bbox 2957 3453 3133 3506; x_wconf 89' lang='lat' dir='ltr'>Libris</span> <span class='ocrx_word' id='word_1_424' title='bbox 3163 3453 3277 3506; x_wconf 86' lang='lat' dir='ltr'>suis</span> <span class='ocrx_word' id='word_1_425' title='bbox 3309 3470 3429 3507; x_wconf 89' lang='lat' dir='ltr'>rem</span> <span class='ocrx_word' id='word_1_426' title='bbox 3455 3455 3691 3507; x_wconf 84' lang='lat' dir='ltr'>adorsus</span> 
     </span>
    </p>
   </div>
   <div class='ocr_carea' id='block_1_34' title="bbox 189 3538 3697 3610">
    <p class='ocr_par' dir='ltr' id='par_1_34' title="bbox 189 3538 3697 3610">
     <span class='ocr_line' id='line_1_34' title="bbox 189 3538 3697 3610; baseline 0 -17"><span class='ocrx_word' id='word_1_427' title='bbox 189 3546 279 3594; x_wconf 87' lang='lat' dir='ltr'>est</span> <span class='ocrx_word' id='word_1_428' title='bbox 305 3556 322 3593; x_wconf 90' lang='lat'>:</span> <span class='ocrx_word' id='word_1_429' title='bbox 350 3540 584 3610; x_wconf 83' lang='lat' dir='ltr'>jamque</span> <span class='ocrx_word' id='word_1_430' title='bbox 615 3556 814 3593; x_wconf 90' lang='lat' dir='ltr'>omnes</span> <span class='ocrx_word' id='word_1_431' title='bbox 844 3539 1118 3592; x_wconf 86' lang='lat' dir='ltr'>hactenus</span> <span class='ocrx_word' id='word_1_432' title='bbox 1151 3538 1334 3592; x_wconf 85' lang='lat' dir='ltr'>editos</span> <span class='ocrx_word' id='word_1_433' title='bbox 1364 3539 1732 3610; x_wconf 74' lang='lat' dir='ltr'>expenderet,</span> <span class='ocrx_word' id='word_1_434' title='bbox 1767 3556 1895 3594; x_wconf 91' lang='lat' dir='ltr'>cum</span> <span class='ocrx_word' id='word_1_435' title='bbox 1925 3540 2223 3609; x_wconf 89' lang='lat' dir='ltr'>epistolam</span> <span class='ocrx_word' id='word_1_436' title='bbox 2251 3541 2561 3596; x_wconf 89' lang='lat' dir='ltr'>secundam</span> <span class='ocrx_word' id='word_1_437' title='bbox 2614 3541 2838 3610; x_wconf 89' lang='lat' dir='ltr'>scripsit</span> <span class='ocrx_word' id='word_1_438' title='bbox 2886 3541 2954 3594; x_wconf 88' lang='lat' dir='ltr'>ad</span> <span class='ocrx_word' id='word_1_439' title='bbox 3002 3541 3460 3604; x_wconf 85' lang='lat' dir='ltr'>Quodvultdeum</span> <span class='ocrx_word' id='word_1_440' title='bbox 3501 3543 3697 3610; x_wconf 86' lang='lat' dir='ltr'>(Epist.</span> 
     </span>
    </p>
   </div>
   <div class='ocr_carea' id='block_1_35' title="bbox 191 3627 3700 3699">
    <p class='ocr_par' dir='ltr' id='par_1_35' title="bbox 191 3627 3700 3699">
     <span class='ocr_line' id='line_1_35' title="bbox 191 3627 3700 3699; baseline -0.001 -17"><span class='ocrx_word' id='word_1_441' title='bbox 191 3629 342 3695; x_wconf 62' lang='lat'>224),</span> <span class='ocrx_word' id='word_1_442' title='bbox 375 3643 525 3682; x_wconf 89' lang='lat' dir='ltr'>anno</span> <span class='ocrx_word' id='word_1_443' title='bbox 555 3628 698 3682; x_wconf 87' lang='lat' dir='ltr'>forte</span> <span class='ocrx_word' id='word_1_444' title='bbox 728 3629 853 3692; x_wconf 76' lang='grc'>428,</span> <span class='ocrx_word' id='word_1_445' title='bbox 887 3644 1000 3698; x_wconf 88' lang='lat' dir='ltr'>quo</span> <span class='ocrx_word' id='word_1_446' title='bbox 1029 3631 1284 3696; x_wconf 89' lang='lat' dir='ltr'>tempore</span> <span class='ocrx_word' id='word_1_447' title='bbox 1314 3627 1553 3698; x_wconf 85' lang='lat' dir='ltr'>Prosper</span> <span class='ocrx_word' id='word_1_448' title='bbox 1586 3634 1640 3680; x_wconf 92' lang='lat' dir='ltr'>et</span> <span class='ocrx_word' id='word_1_449' title='bbox 1671 3628 1917 3681; x_wconf 84' lang='lat' dir='ltr'>Hilarius</span> <span class='ocrx_word' id='word_1_450' title='bbox 1947 3628 2009 3680; x_wconf 90' lang='lat' dir='ltr'>in</span> <span class='ocrx_word' id='word_1_451' title='bbox 2039 3629 2230 3682; x_wconf 83' lang='lat' dir='ltr'>Galliis</span> <span class='ocrx_word' id='word_1_452' title='bbox 2256 3629 2510 3683; x_wconf 90' lang='lat' dir='ltr'>nondum</span> <span class='ocrx_word' id='word_1_453' title='bbox 2540 3629 2847 3683; x_wconf 73' lang='lat' dir='ltr'>rescierunt</span> <span class='ocrx_word' id='word_1_454' title='bbox 2874 3629 3092 3682; x_wconf 90' lang='lat' dir='ltr'>editum</span> <span class='ocrx_word' id='word_1_455' title='bbox 3125 3629 3442 3699; x_wconf 80' lang='lat' dir='ltr'>quidquam</span> <span class='ocrx_word' id='word_1_456' title='bbox 3467 3629 3700 3699; x_wconf 85' lang='lat' dir='ltr'>hujusce</span> 
     </span>
    </p>
   </div>
   <div class='ocr_carea' id='block_1_36' title="bbox 192 3715 3701 3788">
    <p class='ocr_par' dir='ltr' id='par_1_36' title="bbox 192 3715 3701 3788">
     <span class='ocr_line' id='line_1_36' title="bbox 192 3715 3701 3788; baseline -0 -18"><span class='ocrx_word' id='word_1_457' title='bbox 192 3716 407 3786; x_wconf 88' lang='lat' dir='ltr'>operis,</span> <span class='ocrx_word' id='word_1_458' title='bbox 443 3718 524 3770; x_wconf 87' lang='lat' dir='ltr'>uti</span> <span class='ocrx_word' id='word_1_459' title='bbox 554 3733 621 3771; x_wconf 78' lang='lat' dir='ltr'>ex</span> <span class='ocrx_word' id='word_1_460' title='bbox 652 3716 852 3770; x_wconf 85' lang='lat' dir='ltr'>Hilarii</span> <span class='ocrx_word' id='word_1_461' title='bbox 886 3716 1134 3786; x_wconf 88' lang='lat' dir='ltr'>Epistola</span> <span class='ocrx_word' id='word_1_462' title='bbox 1162 3715 1503 3786; x_wconf 89' lang='lat' dir='ltr'>intelligitur</span> <span class='ocrx_word' id='word_1_463' title='bbox 1531 3718 1727 3788; x_wconf 82' lang='lat' dir='ltr'>(Epist.</span> <span class='ocrx_word' id='word_1_464' title='bbox 1769 3717 1914 3780; x_wconf 74' lang='lat'>226),</span> <span class='ocrx_word' id='word_1_465' title='bbox 1947 3717 2110 3787; x_wconf 88' lang='lat' dir='ltr'>cujus</span> <span class='ocrx_word' id='word_1_466' title='bbox 2139 3721 2330 3770; x_wconf 90' lang='lat' dir='ltr'>tamen</span> <span class='ocrx_word' id='word_1_467' title='bbox 2353 3717 2522 3771; x_wconf 90' lang='lat' dir='ltr'>libros</span> <span class='ocrx_word' id='word_1_468' title='bbox 2555 3719 2696 3772; x_wconf 89' lang='lat' dir='ltr'>duos</span> <span class='ocrx_word' id='word_1_469' title='bbox 2721 3722 3030 3788; x_wconf 90' lang='lat' dir='ltr'>antequam</span> <span class='ocrx_word' id='word_1_470' title='bbox 3071 3733 3272 3770; x_wconf 89' lang='lat' dir='ltr'>eorum</span> <span class='ocrx_word' id='word_1_471' title='bbox 3304 3718 3516 3771; x_wconf 87' lang='lat' dir='ltr'>litteras</span> <span class='ocrx_word' id='word_1_472' title='bbox 3546 3733 3701 3770; x_wconf 83' lang='lat' dir='ltr'>rece-</span> 
     </span>
    </p>
   </div>
   <div class='ocr_carea' id='block_1_37' title="bbox 193 3804 3701 3877">
    <p class='ocr_par' dir='ltr' id='par_1_37' title="bbox 193 3804 3701 3877">
     <span class='ocr_line' id='line_1_37' title="bbox 193 3804 3701 3877; baseline 0.001 -19"><span class='ocrx_word' id='word_1_473' title='bbox 193 3806 393 3874; x_wconf 88' lang='lat' dir='ltr'>pisset,</span> <span class='ocrx_word' id='word_1_474' title='bbox 423 3806 712 3859; x_wconf 90' lang='lat' dir='ltr'>absolutos</span> <span class='ocrx_word' id='word_1_475' title='bbox 743 3804 911 3858; x_wconf 84' lang='lat' dir='ltr'>fuisse</span> <span class='ocrx_word' id='word_1_476' title='bbox 953 3805 1214 3859; x_wconf 89' lang='lat' dir='ltr'>rescribit</span> <span class='ocrx_word' id='word_1_477' title='bbox 1243 3804 1597 3875; x_wconf 85' lang='lat' dir='ltr'>Augustinus</span> <span class='ocrx_word' id='word_1_478' title='bbox 1629 3805 1687 3858; x_wconf 92' lang='lat' dir='ltr'>in</span> <span class='ocrx_word' id='word_1_479' title='bbox 1717 3806 1820 3860; x_wconf 92' lang='lat' dir='ltr'>lib.</span> <span class='ocrx_word' id='word_1_480' title='bbox 1868 3805 1936 3860; x_wconf 91' lang='lat' dir='ltr'>de</span> <span class='ocrx_word' id='word_1_481' title='bbox 1971 3805 2247 3861; x_wconf 75' lang='lat' dir='ltr'>Prasdest.</span> <span class='ocrx_word' id='word_1_482' title='bbox 2285 3805 2402 3873; x_wconf 92' lang='lat' dir='ltr'>SS.,</span> <span class='ocrx_word' id='word_1_483' title='bbox 2434 3823 2480 3859; x_wconf 93' lang='lat' dir='ltr'>c.</span> <span class='ocrx_word' id='word_1_484' title='bbox 2515 3809 2565 3861; x_wconf 91' lang='lat'>3.</span> <span class='ocrx_word' id='word_1_485' title='bbox 2591 3807 2754 3870; x_wconf 86' lang='lat' dir='ltr'>Quod</span> <span class='ocrx_word' id='word_1_486' title='bbox 2787 3807 2979 3877; x_wconf 89' lang='lat' dir='ltr'>itaque</span> <span class='ocrx_word' id='word_1_487' title='bbox 3011 3805 3146 3860; x_wconf 86' lang='lat' dir='ltr'>dicit</span> <span class='ocrx_word' id='word_1_488' title='bbox 3175 3806 3461 3860; x_wconf 89' lang='lat' dir='ltr'>Possidius</span> <span class='ocrx_word' id='word_1_489' title='bbox 3509 3824 3556 3862; x_wconf 91' lang='lat' dir='ltr'>c.</span> <span class='ocrx_word' id='word_1_490' title='bbox 3611 3810 3701 3877; x_wconf 80' lang='lat'>28,</span> 
     </span>
    </p>
   </div>
   <div class='ocr_carea' id='block_1_38' title="bbox 193 3893 3703 3965">
    <p class='ocr_par' dir='ltr' id='par_1_38' title="bbox 193 3893 3703 3965">
     <span class='ocr_line' id='line_1_38' title="bbox 193 3893 3703 3965; baseline 0.001 -18"><span class='ocrx_word' id='word_1_491' title='bbox 193 3897 336 3947; x_wconf 78' lang='lat' dir='ltr'>Ante</span> <span class='ocrx_word' id='word_1_492' title='bbox 350 3895 664 3962; x_wconf 69' lang='lat' dir='ltr'>proximum</span> <span class='ocrx_word' id='word_1_493' title='bbox 685 3893 826 3946; x_wconf 78' lang='lat' dir='ltr'>diem</span> <span class='ocrx_word' id='word_1_494' title='bbox 857 3893 1033 3946; x_wconf 86' lang='lat' dir='ltr'>obitus</span> <span class='ocrx_word' id='word_1_495' title='bbox 1064 3896 1169 3959; x_wconf 88' lang='lat' dir='ltr'>sui,</span> <span class='ocrx_word' id='word_1_496' title='bbox 1202 3910 1235 3946; x_wconf 88' lang='lat' dir='ltr'>a</span> <span class='ocrx_word' id='word_1_497' title='bbox 1261 3908 1314 3946; x_wconf 80' lang='lat' dir='ltr'>se</span> <span class='ocrx_word' id='word_1_498' title='bbox 1339 3895 1570 3947; x_wconf 80' lang='lat' dir='ltr'>dictatas</span> <span class='ocrx_word' id='word_1_499' title='bbox 1591 3898 1640 3947; x_wconf 87' lang='lat' dir='ltr'>et</span> <span class='ocrx_word' id='word_1_500' title='bbox 1667 3894 1836 3948; x_wconf 84' lang='lat' dir='ltr'>editos</span> <span class='ocrx_word' id='word_1_501' title='bbox 1861 3896 2124 3948; x_wconf 82' lang='lat' dir='ltr'>recensuit</span> <span class='ocrx_word' id='word_1_502' title='bbox 2154 3894 2354 3959; x_wconf 80' lang='lat' dir='ltr'>libros,-</span> <span class='ocrx_word' id='word_1_503' title='bbox 2387 3894 2444 3948; x_wconf 91' lang='lat' dir='ltr'>id</span> <span class='ocrx_word' id='word_1_504' title='bbox 2475 3894 2656 3964; x_wconf 87' lang='lat' dir='ltr'>rigide</span> <span class='ocrx_word' id='word_1_505' title='bbox 2711 3911 2775 3948; x_wconf 81' lang='lat' dir='ltr'>ex</span> <span class='ocrx_word' id='word_1_506' title='bbox 2819 3894 3140 3949; x_wconf 89' lang='lat' dir='ltr'>litterarum</span> <span class='ocrx_word' id='word_1_507' title='bbox 3175 3895 3428 3965; x_wconf 83' lang='lat' dir='ltr'>apicibus</span> <span class='ocrx_word' id='word_1_508' title='bbox 3469 3912 3585 3950; x_wconf 92' lang='lat' dir='ltr'>non</span> <span class='ocrx_word' id='word_1_509' title='bbox 3614 3895 3703 3950; x_wconf 87' lang='lat' dir='ltr'>in-</span> 
     </span>
    </p>
   </div>
   <div class='ocr_carea' id='block_1_39' title="bbox 193 3981 3706 4054">
    <p class='ocr_par' dir='ltr' id='par_1_39' title="bbox 193 3981 3706 4054">
     <span class='ocr_line' id='line_1_39' title="bbox 193 3981 3706 4054; baseline 0.001 -20"><span class='ocrx_word' id='word_1_510' title='bbox 193 3981 631 4051; x_wconf 88' lang='lat' dir='ltr'>terpretandum</span> <span class='ocrx_word' id='word_1_511' title='bbox 660 3987 777 4035; x_wconf 89' lang='lat' dir='ltr'>est:</span> <span class='ocrx_word' id='word_1_512' title='bbox 810 3983 1129 4052; x_wconf 53' lang='lat' dir='ltr'>praesertim</span> <span class='ocrx_word' id='word_1_513' title='bbox 1161 3999 1291 4036; x_wconf 91' lang='lat' dir='ltr'>cum</span> <span class='ocrx_word' id='word_1_514' title='bbox 1322 3983 1523 4037; x_wconf 86' lang='lat' dir='ltr'>eodem</span> <span class='ocrx_word' id='word_1_515' title='bbox 1554 3983 1673 4054; x_wconf 89' lang='lat' dir='ltr'>ipse</span> <span class='ocrx_word' id='word_1_516' title='bbox 1705 3985 1826 4038; x_wconf 91' lang='lat' dir='ltr'>loco</span> <span class='ocrx_word' id='word_1_517' title='bbox 1858 3983 2146 4038; x_wconf 81' lang='lat' dir='ltr'>volumina</span> <span class='ocrx_word' id='word_1_518' title='bbox 2173 3984 2279 4037; x_wconf 88' lang='lat' dir='ltr'>hac</span> <span class='ocrx_word' id='word_1_519' title='bbox 2305 3983 2374 4038; x_wconf 92' lang='lat' dir='ltr'>de</span> <span class='ocrx_word' id='word_1_520' title='bbox 2395 4000 2456 4037; x_wconf 90' lang='lat' dir='ltr'>re</span> <span class='ocrx_word' id='word_1_521' title='bbox 2479 3984 2592 4038; x_wconf 88' lang='lat' dir='ltr'>duo</span> <span class='ocrx_word' id='word_1_522' title='bbox 2621 3989 2751 4038; x_wconf 85' lang='lat' dir='ltr'>ante</span> <span class='ocrx_word' id='word_1_523' title='bbox 2779 3985 3166 4038; x_wconf 83' lang='lat' dir='ltr'>V&#39;audalorum</span> <span class='ocrx_word' id='word_1_524' title='bbox 3194 3984 3252 4037; x_wconf 82' lang='lat' dir='ltr'>in</span> <span class='ocrx_word' id='word_1_525' title='bbox 3283 3984 3531 4038; x_wconf 81' lang='lat' dir='ltr'>Africam</span> <span class='ocrx_word' id='word_1_526' title='bbox 3562 3984 3706 4037; x_wconf 89' lang='lat' dir='ltr'>irru-</span> 
     </span>
    </p>
   </div>
   <div class='ocr_carea' id='block_1_40' title="bbox 195 4069 974 4141">
    <p class='ocr_par' dir='ltr' id='par_1_40' title="bbox 195 4069 974 4141">
     <span class='ocr_line' id='line_1_40' title="bbox 195 4069 974 4141; baseline 0 -18"><span class='ocrx_word' id='word_1_527' title='bbox 195 4070 451 4141; x_wconf 87' lang='lat' dir='ltr'>ptionem</span> <span class='ocrx_word' id='word_1_528' title='bbox 483 4073 710 4138; x_wconf 88' lang='lat' dir='ltr'>peracta</span> <span class='ocrx_word' id='word_1_529' title='bbox 747 4069 974 4125; x_wconf 88' lang='lat' dir='ltr'>referat.</span> 
     </span>
    </p>
   </div>
   <div class='ocr_carea' id='block_1_41' title="bbox 267 4156 3702 4232">
    <p class='ocr_par' dir='ltr' id='par_1_41' title="bbox 267 4156 3702 4232">
     <span class='ocr_line' id='line_1_41' title="bbox 267 4156 3702 4232; baseline 0 -20"><span class='ocrx_word' id='word_1_530' title='bbox 267 4156 536 4228; x_wconf 84' lang='lat' dir='ltr'>Epistolis</span> <span class='ocrx_word' id='word_1_531' title='bbox 566 4157 738 4212; x_wconf 89' lang='lat' dir='ltr'>etiam</span> <span class='ocrx_word' id='word_1_532' title='bbox 769 4157 1063 4228; x_wconf 82' lang='lat' dir='ltr'>exigendis</span> <span class='ocrx_word' id='word_1_533' title='bbox 1092 4173 1327 4227; x_wconf 89' lang='lat' dir='ltr'>operam</span> <span class='ocrx_word' id='word_1_534' title='bbox 1359 4157 1530 4212; x_wconf 88' lang='lat' dir='ltr'>dabat</span> <span class='ocrx_word' id='word_1_535' title='bbox 1557 4159 1928 4228; x_wconf 81' lang='lat' dir='ltr'>Augustinus,</span> <span class='ocrx_word' id='word_1_536' title='bbox 1952 4160 2190 4231; x_wconf 89' lang='lat' dir='ltr'>jamque</span> <span class='ocrx_word' id='word_1_537' title='bbox 2218 4161 2363 4215; x_wconf 90' lang='lat' dir='ltr'>bene</span> <span class='ocrx_word' id='word_1_538' title='bbox 2396 4162 2603 4215; x_wconf 86' lang='lat' dir='ltr'>multas</span> <span class='ocrx_word' id='word_1_539' title='bbox 2633 4161 2866 4216; x_wconf 90' lang='lat' dir='ltr'>sedulus</span> <span class='ocrx_word' id='word_1_540' title='bbox 2894 4162 3196 4232; x_wconf 86' lang='lat' dir='ltr'>relegerat,</span> <span class='ocrx_word' id='word_1_541' title='bbox 3229 4161 3456 4214; x_wconf 88' lang='lat' dir='ltr'>tametsi</span> <span class='ocrx_word' id='word_1_542' title='bbox 3485 4161 3702 4214; x_wconf 89' lang='lat' dir='ltr'>nullam</span> 
     </span>
    </p>
   </div>
   <div class='ocr_carea' id='block_1_42' title="bbox 192 4245 3702 4320">
    <p class='ocr_par' dir='ltr' id='par_1_42' title="bbox 192 4245 3702 4320">
     <span class='ocr_line' id='line_1_42' title="bbox 192 4245 3702 4320; baseline 0 -20"><span class='ocrx_word' id='word_1_543' title='bbox 192 4248 254 4301; x_wconf 89' lang='lat' dir='ltr'>in</span> <span class='ocrx_word' id='word_1_544' title='bbox 285 4263 382 4300; x_wconf 86' lang='lat' dir='ltr'>eas</span> <span class='ocrx_word' id='word_1_545' title='bbox 415 4245 1038 4300; x_wconf 87' lang='lat' dir='ltr'>animadversionemin</span> <span class='ocrx_word' id='word_1_546' title='bbox 1055 4246 1265 4315; x_wconf 89' lang='lat' dir='ltr'>scripta</span> <span class='ocrx_word' id='word_1_547' title='bbox 1294 4246 1626 4317; x_wconf 87' lang='lat' dir='ltr'>redegerat;</span> <span class='ocrx_word' id='word_1_548' title='bbox 1647 4263 1774 4300; x_wconf 90' lang='lat' dir='ltr'>cum</span> <span class='ocrx_word' id='word_1_549' title='bbox 1800 4262 1926 4300; x_wconf 91' lang='lat' dir='ltr'>ecce</span> <span class='ocrx_word' id='word_1_550' title='bbox 1952 4248 2162 4302; x_wconf 82' lang='lat' dir='ltr'>Juliani</span> <span class='ocrx_word' id='word_1_551' title='bbox 2194 4249 2480 4320; x_wconf 84' lang='lat' dir='ltr'>pelagiani</span> <span class='ocrx_word' id='word_1_552' title='bbox 2510 4250 2850 4320; x_wconf 85' lang='lat' dir='ltr'>posteriores</span> <span class='ocrx_word' id='word_1_553' title='bbox 2878 4254 3003 4303; x_wconf 91' lang='lat' dir='ltr'>octo</span> <span class='ocrx_word' id='word_1_554' title='bbox 3028 4250 3196 4302; x_wconf 91' lang='lat' dir='ltr'>libros</span> <span class='ocrx_word' id='word_1_555' title='bbox 3219 4249 3494 4318; x_wconf 88' lang='lat' dir='ltr'>prodiisse</span> <span class='ocrx_word' id='word_1_556' title='bbox 3520 4247 3702 4312; x_wconf 89' lang='lat' dir='ltr'>audit,</span> 
     </span>
    </p>
   </div>
   <div class='ocr_carea' id='block_1_43' title="bbox 193 4333 3708 4407">
    <p class='ocr_par' dir='ltr' id='par_1_43' title="bbox 193 4333 3708 4407">
     <span class='ocr_line' id='line_1_43' title="bbox 193 4333 3708 4407; baseline -0 -19"><span class='ocrx_word' id='word_1_557' title='bbox 193 4351 410 4406; x_wconf 89' lang='lat' dir='ltr'>eosque</span> <span class='ocrx_word' id='word_1_558' title='bbox 432 4335 768 4389; x_wconf 84' lang='lat' dir='ltr'>adhortante</span> <span class='ocrx_word' id='word_1_559' title='bbox 811 4334 1017 4405; x_wconf 81' lang='lat' dir='ltr'>Alypio</span> <span class='ocrx_word' id='word_1_560' title='bbox 1039 4333 1296 4388; x_wconf 87' lang='lat' dir='ltr'>refellere</span> <span class='ocrx_word' id='word_1_561' title='bbox 1331 4335 1666 4405; x_wconf 86' lang='lat' dir='ltr'>aggreditur</span> <span class='ocrx_word' id='word_1_562' title='bbox 1686 4355 1700 4402; x_wconf 87' lang='lat'><strong>;</strong></span> <span class='ocrx_word' id='word_1_563' title='bbox 1722 4340 1894 4406; x_wconf 89' lang='lat' dir='ltr'>atque</span> <span class='ocrx_word' id='word_1_564' title='bbox 1911 4334 2145 4390; x_wconf 90' lang='lat' dir='ltr'>interim</span> <span class='ocrx_word' id='word_1_565' title='bbox 2175 4341 2421 4406; x_wconf 68' lang='lat' dir='ltr'>coeptum</span> <span class='ocrx_word' id='word_1_566' title='bbox 2437 4337 2884 4407; x_wconf 87' lang='lat' dir='ltr'>opusremissius</span> <span class='ocrx_word' id='word_1_567' title='bbox 2908 4337 3047 4407; x_wconf 87' lang='lat' dir='ltr'>agit,</span> <span class='ocrx_word' id='word_1_568' title='bbox 3079 4337 3230 4407; x_wconf 87' lang='lat' dir='ltr'>quod</span> <span class='ocrx_word' id='word_1_569' title='bbox 3262 4336 3494 4389; x_wconf 90' lang='lat' dir='ltr'>demum</span> <span class='ocrx_word' id='word_1_570' title='bbox 3525 4340 3708 4389; x_wconf 90' lang='lat' dir='ltr'>morte</span> 
     </span>
    </p>
   </div>
   <div class='ocr_carea' id='block_1_44' title="bbox 193 4423 1324 4495">
    <p class='ocr_par' dir='ltr' id='par_1_44' title="bbox 193 4423 1324 4495">
     <span class='ocr_line' id='line_1_44' title="bbox 193 4423 1324 4495; baseline -0.001 -17"><span class='ocrx_word' id='word_1_571' title='bbox 193 4429 629 4495; x_wconf 69' lang='lat' dir='ltr'>praeoccupatus</span> <span class='ocrx_word' id='word_1_572' title='bbox 659 4424 948 4477; x_wconf 81' lang='lat' dir='ltr'>absolvere</span> <span class='ocrx_word' id='word_1_573' title='bbox 979 4438 1096 4476; x_wconf 90' lang='lat' dir='ltr'>non</span> <span class='ocrx_word' id='word_1_574' title='bbox 1125 4423 1324 4477; x_wconf 84' lang='lat' dir='ltr'>valuit.</span> 
     </span>
    </p>
   </div>
   <div class='ocr_carea' id='block_1_45' title="bbox 264 4511 3695 4584">
    <p class='ocr_par' dir='ltr' id='par_1_45' title="bbox 264 4511 3695 4584">
     <span class='ocr_line' id='line_1_45' title="bbox 264 4511 3695 4584; baseline 0 -18"><span class='ocrx_word' id='word_1_575' title='bbox 264 4513 445 4566; x_wconf 88' lang='lat' dir='ltr'>Porro</span> <span class='ocrx_word' id='word_1_576' title='bbox 475 4513 529 4566; x_wconf 91' lang='lat' dir='ltr'>S.</span> <span class='ocrx_word' id='word_1_577' title='bbox 560 4513 765 4566; x_wconf 87' lang='lat' dir='ltr'>Doctor</span> <span class='ocrx_word' id='word_1_578' title='bbox 785 4511 960 4565; x_wconf 91' lang='lat' dir='ltr'>libros</span> <span class='ocrx_word' id='word_1_579' title='bbox 989 4527 1139 4577; x_wconf 89' lang='lat' dir='ltr'>suos,</span> <span class='ocrx_word' id='word_1_580' title='bbox 1174 4527 1239 4564; x_wconf 80' lang='lat' dir='ltr'>ex</span> <span class='ocrx_word' id='word_1_581' title='bbox 1269 4516 1594 4581; x_wconf 88' lang='lat' dir='ltr'>temporum</span> <span class='ocrx_word' id='word_1_582' title='bbox 1616 4512 1958 4583; x_wconf 88' lang='lat' dir='ltr'>plerumque</span> <span class='ocrx_word' id='word_1_583' title='bbox 1984 4511 2182 4566; x_wconf 88' lang='lat' dir='ltr'>ordine</span> <span class='ocrx_word' id='word_1_584' title='bbox 2205 4514 2526 4582; x_wconf 89' lang='lat' dir='ltr'>recensitos,</span> <span class='ocrx_word' id='word_1_585' title='bbox 2549 4514 2690 4568; x_wconf 86' lang='lat' dir='ltr'>duas</span> <span class='ocrx_word' id='word_1_586' title='bbox 2712 4514 2899 4584; x_wconf 88' lang='lat' dir='ltr'>coegit</span> <span class='ocrx_word' id='word_1_587' title='bbox 2924 4515 2981 4566; x_wconf 90' lang='lat' dir='ltr'>in</span> <span class='ocrx_word' id='word_1_588' title='bbox 3002 4515 3226 4580; x_wconf 84' lang='lat' dir='ltr'>classes,</span> <span class='ocrx_word' id='word_1_589' title='bbox 3247 4518 3310 4565; x_wconf 91' lang='lat' dir='ltr'>ut</span> <span class='ocrx_word' id='word_1_590' title='bbox 3336 4529 3480 4583; x_wconf 89' lang='lat' dir='ltr'>quos</span> <span class='ocrx_word' id='word_1_591' title='bbox 3507 4530 3539 4567; x_wconf 90' lang='lat' dir='ltr'>a</span> <span class='ocrx_word' id='word_1_592' title='bbox 3565 4530 3695 4567; x_wconf 85' lang='lat' dir='ltr'>con-</span> 
     </span>
    </p>
   </div>
   <div class='ocr_carea' id='block_1_46' title="bbox 193 4599 3731 4676">
    <p class='ocr_par' dir='ltr' id='par_1_46' title="bbox 193 4599 3731 4676">
     <span class='ocr_line' id='line_1_46' title="bbox 193 4599 3731 4676; baseline 0.001 -24"><span class='ocrx_word' id='word_1_593' title='bbox 193 4600 479 4654; x_wconf 86' lang='lat' dir='ltr'>versionis</span> <span class='ocrx_word' id='word_1_594' title='bbox 527 4616 644 4654; x_wconf 64' lang='lat' dir='ltr'>suae</span> <span class='ocrx_word' id='word_1_595' title='bbox 678 4600 770 4654; x_wconf 90' lang='lat' dir='ltr'>die</span> <span class='ocrx_word' id='word_1_596' title='bbox 823 4599 1128 4670; x_wconf 88' lang='lat' dir='ltr'>scripserat</span> <span class='ocrx_word' id='word_1_597' title='bbox 1165 4599 1425 4652; x_wconf 90' lang='lat' dir='ltr'>nondum</span> <span class='ocrx_word' id='word_1_598' title='bbox 1468 4599 1799 4670; x_wconf 85' lang='lat' dir='ltr'>Episcopus,</span> <span class='ocrx_word' id='word_1_599' title='bbox 1819 4600 2023 4653; x_wconf 88' lang='lat' dir='ltr'>horum</span> <span class='ocrx_word' id='word_1_600' title='bbox 2056 4602 2511 4656; x_wconf 87' lang='lat' dir='ltr'>retractatiouem</span> <span class='ocrx_word' id='word_1_601' title='bbox 2543 4604 2716 4659; x_wconf 80' lang='lat' dir='ltr'>codex</span> <span class='ocrx_word' id='word_1_602' title='bbox 2740 4619 2889 4656; x_wconf 88' lang='lat' dir='ltr'>unus</span> <span class='ocrx_word' id='word_1_603' title='bbox 2919 4603 3572 4676; x_wconf 71' lang='lat' dir='ltr'>complecteretur3alter</span> <span class='ocrx_word' id='word_1_604' title='bbox 3600 4619 3731 4656; x_wconf 65' lang='lat' dir='ltr'>cae--</span> 
     </span>
    </p>
   </div>
   <div class='ocr_carea' id='block_1_47' title="bbox 195 4687 3690 4762">
    <p class='ocr_par' dir='ltr' id='par_1_47' title="bbox 195 4687 3690 4762">
     <span class='ocr_line' id='line_1_47' title="bbox 195 4687 3690 4762; baseline 0.001 -20"><span class='ocrx_word' id='word_1_605' title='bbox 195 4694 479 4742; x_wconf 86' lang='lat' dir='ltr'>terorum.</span> <span class='ocrx_word' id='word_1_606' title='bbox 513 4688 768 4752; x_wconf 85' lang='lat' dir='ltr'>Quorum</span> <span class='ocrx_word' id='word_1_607' title='bbox 798 4687 1056 4741; x_wconf 90' lang='lat' dir='ltr'>omnium</span> <span class='ocrx_word' id='word_1_608' title='bbox 1079 4687 1297 4752; x_wconf 85' lang='lat' dir='ltr'>titulos,</span> <span class='ocrx_word' id='word_1_609' title='bbox 1331 4692 1607 4758; x_wconf 88' lang='lat' dir='ltr'>tempora,</span> <span class='ocrx_word' id='word_1_610' title='bbox 1639 4693 1997 4759; x_wconf 84' lang='lat' dir='ltr'>argumenta,</span> <span class='ocrx_word' id='word_1_611' title='bbox 2026 4693 2081 4742; x_wconf 90' lang='lat' dir='ltr'>et</span> <span class='ocrx_word' id='word_1_612' title='bbox 2101 4691 2422 4744; x_wconf 86' lang='lat' dir='ltr'>occasiones</span> <span class='ocrx_word' id='word_1_613' title='bbox 2443 4692 2534 4745; x_wconf 90' lang='lat' dir='ltr'>hic</span> <span class='ocrx_word' id='word_1_614' title='bbox 2555 4690 2938 4762; x_wconf 85' lang='lat' dir='ltr'>persequitur,</span> <span class='ocrx_word' id='word_1_615' title='bbox 2955 4705 3015 4742; x_wconf 90' lang='lat' dir='ltr'>ac</span> <span class='ocrx_word' id='word_1_616' title='bbox 3029 4693 3314 4758; x_wconf 87' lang='lat' dir='ltr'>postremo</span> <span class='ocrx_word' id='word_1_617' title='bbox 3333 4689 3690 4759; x_wconf 88' lang='lat' dir='ltr'>singulorum</span> 
     </span>
    </p>
   </div>
   <div class='ocr_carea' id='block_1_48' title="bbox 193 4774 3710 4845">
    <p class='ocr_par' dir='ltr' id='par_1_48' title="bbox 193 4774 3710 4845">
     <span class='ocr_line' id='line_1_48' title="bbox 193 4774 3710 4845; baseline 0.001 -17"><span class='ocrx_word' id='word_1_618' title='bbox 193 4776 356 4830; x_wconf 90' lang='lat' dir='ltr'>initia</span> <span class='ocrx_word' id='word_1_619' title='bbox 389 4775 697 4845; x_wconf 88' lang='lat' dir='ltr'>diligenter</span> <span class='ocrx_word' id='word_1_620' title='bbox 730 4779 904 4829; x_wconf 88' lang='lat' dir='ltr'>notat.</span> <span class='ocrx_word' id='word_1_621' title='bbox 939 4774 1080 4829; x_wconf 87' lang='lat' dir='ltr'>Huic</span> <span class='ocrx_word' id='word_1_622' title='bbox 1103 4774 1265 4845; x_wconf 90' lang='lat' dir='ltr'>operi</span> <span class='ocrx_word' id='word_1_623' title='bbox 1313 4776 1601 4829; x_wconf 88' lang='lat' dir='ltr'>Possidius</span> <span class='ocrx_word' id='word_1_624' title='bbox 1629 4777 1864 4830; x_wconf 90' lang='lat' dir='ltr'>titulum</span> <span class='ocrx_word' id='word_1_625' title='bbox 1909 4777 2131 4840; x_wconf 86' lang='lat' dir='ltr'>tribuit,</span> <span class='ocrx_word' id='word_1_626' title='bbox 2165 4779 2230 4832; x_wconf 84' lang='lat' dir='ltr'>de</span> <span class='ocrx_word' id='word_1_627' title='bbox 2263 4782 2572 4834; x_wconf 84' lang='lat' dir='ltr'>Recensione</span> <span class='ocrx_word' id='word_1_628' title='bbox 2601 4779 2906 4832; x_wconf 85' lang='lat' dir='ltr'>Librorum.</span> <span class='ocrx_word' id='word_1_629' title='bbox 2945 4777 3151 4831; x_wconf 89' lang='lat' dir='ltr'>Omnes</span> <span class='ocrx_word' id='word_1_630' title='bbox 3181 4783 3372 4832; x_wconf 84' lang='lat' dir='ltr'>tamen</span> <span class='ocrx_word' id='word_1_631' title='bbox 3409 4779 3534 4832; x_wconf 92' lang='lat' dir='ltr'>libri</span> <span class='ocrx_word' id='word_1_632' title='bbox 3568 4779 3710 4833; x_wconf 89' lang='lat' dir='ltr'>editi</span> 
     </span>
    </p>
   </div>
   <div class='ocr_carea' id='block_1_49' title="bbox 192 4862 3707 4938">
    <p class='ocr_par' dir='ltr' id='par_1_49' title="bbox 192 4862 3707 4938">
     <span class='ocr_line' id='line_1_49' title="bbox 192 4862 3707 4938; baseline 0.001 -22"><span class='ocrx_word' id='word_1_633' title='bbox 192 4880 256 4916; x_wconf 87' lang='lat' dir='ltr'>ac</span> <span class='ocrx_word' id='word_1_634' title='bbox 294 4862 497 4933; x_wconf 84' lang='lat' dir='ltr'>scripti</span> <span class='ocrx_word' id='word_1_635' title='bbox 528 4864 989 4918; x_wconf 85' lang='lat' dir='ltr'>Retractationum</span> <span class='ocrx_word' id='word_1_636' title='bbox 1030 4863 1193 4916; x_wconf 87' lang='lat' dir='ltr'>libros</span> <span class='ocrx_word' id='word_1_637' title='bbox 1223 4863 1530 4933; x_wconf 78' lang='lat' dir='ltr'>appellant,</span> <span class='ocrx_word' id='word_1_638' title='bbox 1567 4881 1679 4918; x_wconf 92' lang='lat' dir='ltr'>uno</span> <span class='ocrx_word' id='word_1_639' title='bbox 1709 4865 1854 4918; x_wconf 85' lang='lat' dir='ltr'>forte</span> <span class='ocrx_word' id='word_1_640' title='bbox 1888 4871 2124 4935; x_wconf 84' lang='lat' dir='ltr'>excepto</span> <span class='ocrx_word' id='word_1_641' title='bbox 2158 4868 2540 4922; x_wconf 82' lang='lat' dir='ltr'>vetustissimo</span> <span class='ocrx_word' id='word_1_642' title='bbox 2575 4869 2669 4921; x_wconf 78' lang='lat' dir='ltr'>Ms.</span> <span class='ocrx_word' id='word_1_643' title='bbox 2704 4866 2895 4920; x_wconf 88' lang='lat' dir='ltr'>codice</span> <span class='ocrx_word' id='word_1_644' title='bbox 2926 4866 3270 4932; x_wconf 88' lang='lat' dir='ltr'>Corbeiensi,</span> <span class='ocrx_word' id='word_1_645' title='bbox 3321 4867 3442 4938; x_wconf 89' lang='lat' dir='ltr'>qui,</span> <span class='ocrx_word' id='word_1_646' title='bbox 3490 4872 3707 4922; x_wconf 87' lang='lat' dir='ltr'>mutato</span> 
     </span>
    </p>
   </div>
   <div class='ocr_carea' id='block_1_50' title="bbox 192 4951 3708 5026">
    <p class='ocr_par' dir='ltr' id='par_1_50' title="bbox 192 4951 3708 5026">
     <span class='ocr_line' id='line_1_50' title="bbox 192 4951 3708 5026; baseline 0.001 -22"><span class='ocrx_word' id='word_1_647' title='bbox 192 4953 494 5013; x_wconf 85' lang='lat' dir='ltr'>vocabulo,</span> <span class='ocrx_word' id='word_1_648' title='bbox 527 4952 586 5005; x_wconf 91' lang='lat' dir='ltr'>in</span> <span class='ocrx_word' id='word_1_649' title='bbox 613 4953 726 5006; x_wconf 84' lang='lat' dir='ltr'>ﬁne</span> <span class='ocrx_word' id='word_1_650' title='bbox 761 4951 890 5005; x_wconf 85' lang='lat' dir='ltr'>libri</span> <span class='ocrx_word' id='word_1_651' title='bbox 916 4951 1089 5021; x_wconf 86' lang='lat' dir='ltr'>primi</span> <span class='ocrx_word' id='word_1_652' title='bbox 1107 4952 1183 5004; x_wconf 92' lang='lat' dir='ltr'>sic</span> <span class='ocrx_word' id='word_1_653' title='bbox 1213 4952 1385 5005; x_wconf 89' lang='lat' dir='ltr'>habet</span> <span class='ocrx_word' id='word_1_654' title='bbox 1409 4968 1420 5005; x_wconf 92' lang='lat'>:</span> <span class='ocrx_word' id='word_1_655' title='bbox 1447 4954 1694 5022; x_wconf 70' lang='lat' dir='ltr'>Emplicit</span> <span class='ocrx_word' id='word_1_656' title='bbox 1716 4953 1851 5007; x_wconf 82' lang='lat' dir='ltr'>liber</span> <span class='ocrx_word' id='word_1_657' title='bbox 1866 4955 2078 5022; x_wconf 86' lang='lat' dir='ltr'>primus</span> <span class='ocrx_word' id='word_1_658' title='bbox 2103 4954 2742 5024; x_wconf 83' lang='lat' dir='ltr'>Recognitionum.Apud</span> <span class='ocrx_word' id='word_1_659' title='bbox 2765 4954 2952 5024; x_wconf 91' lang='lat' dir='ltr'>ipsum</span> <span class='ocrx_word' id='word_1_660' title='bbox 2978 4955 3361 5024; x_wconf 88' lang='lat' dir='ltr'>Augustinum</span> <span class='ocrx_word' id='word_1_661' title='bbox 3384 4963 3503 5010; x_wconf 90' lang='lat' dir='ltr'>tum</span> <span class='ocrx_word' id='word_1_662' title='bbox 3523 4956 3708 5026; x_wconf 89' lang='lat' dir='ltr'>inepi-</span> 
     </span>
    </p>
   </div>
   <div class='ocr_carea' id='block_1_51' title="bbox 193 5040 3704 5114">
    <p class='ocr_par' dir='ltr' id='par_1_51' title="bbox 193 5040 3704 5114">
     <span class='ocr_line' id='line_1_51' title="bbox 193 5040 3704 5114; baseline 0.001 -20"><span class='ocrx_word' id='word_1_663' title='bbox 193 5043 338 5096; x_wconf 79' lang='lat' dir='ltr'>stola</span> <span class='ocrx_word' id='word_1_664' title='bbox 367 5041 439 5096; x_wconf 89' lang='lat' dir='ltr'>ad</span> <span class='ocrx_word' id='word_1_665' title='bbox 472 5041 952 5108; x_wconf 87' lang='lat' dir='ltr'>Quodvultdeum,</span> <span class='ocrx_word' id='word_1_666' title='bbox 973 5040 1234 5110; x_wconf 86' lang='lat' dir='ltr'>libroque</span> <span class='ocrx_word' id='word_1_667' title='bbox 1262 5041 1330 5095; x_wconf 90' lang='lat' dir='ltr'>de</span> <span class='ocrx_word' id='word_1_668' title='bbox 1353 5041 1624 5096; x_wconf 78' lang='lat' dir='ltr'>Praedest.</span> <span class='ocrx_word' id='word_1_669' title='bbox 1661 5041 1778 5108; x_wconf 87' lang='lat' dir='ltr'>SS.,</span> <span class='ocrx_word' id='word_1_670' title='bbox 1814 5058 1892 5095; x_wconf 91' lang='lat' dir='ltr'>cc.</span> <span class='ocrx_word' id='word_1_671' title='bbox 1926 5044 1956 5095; x_wconf 90' lang='lat'>3</span> <span class='ocrx_word' id='word_1_672' title='bbox 1989 5045 2092 5097; x_wconf 67' lang='lat' dir='ltr'>et/t</span> <span class='ocrx_word' id='word_1_673' title='bbox 2120 5064 2134 5110; x_wconf 86' lang='lat'><strong>;</strong></span> <span class='ocrx_word' id='word_1_674' title='bbox 2167 5048 2288 5098; x_wconf 91' lang='lat' dir='ltr'>tum</span> <span class='ocrx_word' id='word_1_675' title='bbox 2318 5044 2376 5097; x_wconf 93' lang='lat' dir='ltr'>in</span> <span class='ocrx_word' id='word_1_676' title='bbox 2407 5043 2563 5097; x_wconf 83' lang='lat' dir='ltr'>brevi</span> <span class='ocrx_word' id='word_1_677' title='bbox 2587 5043 2686 5113; x_wconf 92' lang='lat' dir='ltr'>qui</span> <span class='ocrx_word' id='word_1_678' title='bbox 2714 5043 2867 5096; x_wconf 87' lang='lat' dir='ltr'>hisce</span> <span class='ocrx_word' id='word_1_679' title='bbox 2889 5042 3050 5097; x_wconf 87' lang='lat' dir='ltr'>libris</span> <span class='ocrx_word' id='word_1_680' title='bbox 3075 5043 3432 5098; x_wconf 90' lang='lat' dir='ltr'>subnectitur</span> <span class='ocrx_word' id='word_1_681' title='bbox 3457 5043 3704 5114; x_wconf 86' lang='lat' dir='ltr'>epilogo,</span> 
     </span>
    </p>
   </div>
   <div class='ocr_carea' id='block_1_52' title="bbox 194 5129 3701 5203">
    <p class='ocr_par' dir='ltr' id='par_1_52' title="bbox 194 5129 3701 5203">
     <span class='ocr_line' id='line_1_52' title="bbox 194 5129 3701 5203; baseline 0 -18"><span class='ocrx_word' id='word_1_682' title='bbox 194 5146 408 5185; x_wconf 89' lang='lat' dir='ltr'>nomen</span> <span class='ocrx_word' id='word_1_683' title='bbox 440 5133 878 5196; x_wconf 82' lang='lat' dir='ltr'>Retractationis,</span> <span class='ocrx_word' id='word_1_684' title='bbox 913 5145 1014 5183; x_wconf 89' lang='lat' dir='ltr'>seu</span> <span class='ocrx_word' id='word_1_685' title='bbox 1053 5131 1514 5184; x_wconf 80' lang='lat' dir='ltr'>Retractationum</span> <span class='ocrx_word' id='word_1_686' title='bbox 1541 5145 1681 5200; x_wconf 86' lang='lat' dir='ltr'>Opus</span> <span class='ocrx_word' id='word_1_687' title='bbox 1699 5129 1851 5183; x_wconf 90' lang='lat' dir='ltr'>istud</span> <span class='ocrx_word' id='word_1_688' title='bbox 1882 5130 2118 5185; x_wconf 88' lang='lat' dir='ltr'>obtinet.</span> <span class='ocrx_word' id='word_1_689' title='bbox 2153 5135 2338 5202; x_wconf 90' lang='lat' dir='ltr'>Atque</span> <span class='ocrx_word' id='word_1_690' title='bbox 2371 5133 2474 5186; x_wconf 91' lang='lat' dir='ltr'>hoc</span> <span class='ocrx_word' id='word_1_691' title='bbox 2503 5147 2780 5202; x_wconf 86' lang='lat' dir='ltr'>perquam</span> <span class='ocrx_word' id='word_1_692' title='bbox 2823 5137 3235 5202; x_wconf 88' lang='lat' dir='ltr'>opportunum,</span> <span class='ocrx_word' id='word_1_693' title='bbox 3267 5149 3382 5203; x_wconf 91' lang='lat' dir='ltr'>quo</span> <span class='ocrx_word' id='word_1_694' title='bbox 3416 5131 3701 5201; x_wconf 85' lang='lat' dir='ltr'>intelligas</span> 
     </span>
    </p>
   </div>
   <div class='ocr_carea' id='block_1_53' title="bbox 192 5213 3712 5289">
    <p class='ocr_par' dir='ltr' id='par_1_53' title="bbox 192 5213 3712 5289">
     <span class='ocr_line' id='line_1_53' title="bbox 192 5213 3712 5289; baseline -0.001 -16"><span class='ocrx_word' id='word_1_695' title='bbox 192 5234 310 5273; x_wconf 91' lang='lat' dir='ltr'>non</span> <span class='ocrx_word' id='word_1_696' title='bbox 342 5218 520 5273; x_wconf 88' lang='lat' dir='ltr'>modo</span> <span class='ocrx_word' id='word_1_697' title='bbox 559 5223 745 5273; x_wconf 86' lang='lat' dir='ltr'>errata</span> <span class='ocrx_word' id='word_1_698' title='bbox 782 5218 1144 5289; x_wconf 89' lang='lat' dir='ltr'>reprehendi,</span> <span class='ocrx_word' id='word_1_699' title='bbox 1168 5235 1368 5273; x_wconf 88' lang='lat' dir='ltr'>verum</span> <span class='ocrx_word' id='word_1_700' title='bbox 1390 5219 1567 5273; x_wconf 88' lang='lat' dir='ltr'>etiam</span> <span class='ocrx_word' id='word_1_701' title='bbox 1596 5217 1825 5272; x_wconf 83' lang='lat' dir='ltr'>defendi</span> <span class='ocrx_word' id='word_1_702' title='bbox 1849 5222 2001 5272; x_wconf 89' lang='lat' dir='ltr'>recte</span> <span class='ocrx_word' id='word_1_703' title='bbox 2033 5215 2217 5282; x_wconf 87' lang='lat' dir='ltr'>dicta;</span> <span class='ocrx_word' id='word_1_704' title='bbox 2253 5220 2308 5269; x_wconf 91' lang='lat' dir='ltr'>et</span> <span class='ocrx_word' id='word_1_705' title='bbox 2327 5213 2741 5285; x_wconf 88' lang='lat' dir='ltr'>quosimperiti</span> <span class='ocrx_word' id='word_1_706' title='bbox 2764 5217 2919 5269; x_wconf 92' lang='lat' dir='ltr'>locos</span> <span class='ocrx_word' id='word_1_707' title='bbox 2946 5215 3342 5278; x_wconf 84' lang='lat' dir='ltr'>sollicitabant,</span> <span class='ocrx_word' id='word_1_708' title='bbox 3377 5215 3712 5276; x_wconf 86' lang='lat' dir='ltr'>tractatione</span> 
     </span>
    </p>
   </div>
   <div class='ocr_carea' id='block_1_54' title="bbox 193 5301 3710 5382">
    <p class='ocr_par' dir='ltr' id='par_1_54' title="bbox 193 5301 3710 5382">
     <span class='ocr_line' id='line_1_54' title="bbox 193 5301 3710 5382; baseline -0.001 -22"><span class='ocrx_word' id='word_1_709' title='bbox 193 5307 396 5361; x_wconf 85' lang='lat' dir='ltr'>iterata</span> <span class='ocrx_word' id='word_1_710' title='bbox 425 5307 674 5362; x_wconf 78' lang='lat' dir='ltr'>ﬁrmari.</span> <span class='ocrx_word' id='word_1_711' title='bbox 711 5307 1107 5382; x_wconf 83' lang='lat' dir='ltr'>Retractabam,</span> <span class='ocrx_word' id='word_1_712' title='bbox 1131 5307 1212 5362; x_wconf 87' lang='lat' dir='ltr'>ait</span> <span class='ocrx_word' id='word_1_713' title='bbox 1238 5307 1296 5361; x_wconf 90' lang='lat' dir='ltr'>in</span> <span class='ocrx_word' id='word_1_714' title='bbox 1321 5306 1548 5361; x_wconf 88' lang='lat' dir='ltr'>laudata</span> <span class='ocrx_word' id='word_1_715' title='bbox 1577 5306 1820 5376; x_wconf 81' lang='lat' dir='ltr'>epistola</span> <span class='ocrx_word' id='word_1_716' title='bbox 1843 5307 1917 5360; x_wconf 88' lang='lat' dir='ltr'>ad</span> <span class='ocrx_word' id='word_1_717' title='bbox 1945 5304 2424 5370; x_wconf 88' lang='lat' dir='ltr'>Quodvultdeum,</span> <span class='ocrx_word' id='word_1_718' title='bbox 2458 5304 2717 5373; x_wconf 88' lang='lat' dir='ltr'>opuscula</span> <span class='ocrx_word' id='word_1_719' title='bbox 2745 5320 2894 5359; x_wconf 88' lang='lat' dir='ltr'>mea:</span> <span class='ocrx_word' id='word_1_720' title='bbox 2919 5310 2969 5357; x_wconf 77' lang='lat' dir='ltr'>et</span> <span class='ocrx_word' id='word_1_721' title='bbox 2993 5308 3044 5359; x_wconf 91' lang='lat' dir='ltr'>si</span> <span class='ocrx_word' id='word_1_722' title='bbox 3091 5303 3228 5374; x_wconf 85' lang='lat' dir='ltr'>quid</span> <span class='ocrx_word' id='word_1_723' title='bbox 3251 5306 3308 5356; x_wconf 89' lang='lat' dir='ltr'>in</span> <span class='ocrx_word' id='word_1_724' title='bbox 3337 5304 3413 5356; x_wconf 89' lang='lat' dir='ltr'>eis</span> <span class='ocrx_word' id='word_1_725' title='bbox 3437 5316 3519 5355; x_wconf 87' lang='lat' dir='ltr'>me</span> <span class='ocrx_word' id='word_1_726' title='bbox 3547 5301 3710 5370; x_wconf 74' lang='lat' dir='ltr'>offen-</span> 
     </span>
    </p>
   </div>
   <div class='ocr_carea' id='block_1_55' title="bbox 194 5392 3706 5466">
    <p class='ocr_par' dir='ltr' id='par_1_55' title="bbox 194 5392 3706 5466">
     <span class='ocr_line' id='line_1_55' title="bbox 194 5392 3706 5466; baseline -0 -17"><span class='ocrx_word' id='word_1_727' title='bbox 194 5395 340 5450; x_wconf 83' lang='lat' dir='ltr'>deret</span> <span class='ocrx_word' id='word_1_728' title='bbox 363 5397 448 5450; x_wconf 79' lang='lat' dir='ltr'>vel</span> <span class='ocrx_word' id='word_1_729' title='bbox 472 5397 609 5450; x_wconf 89' lang='lat' dir='ltr'>alios</span> <span class='ocrx_word' id='word_1_730' title='bbox 639 5395 906 5464; x_wconf 77' lang='lat' dir='ltr'>offendere</span> <span class='ocrx_word' id='word_1_731' title='bbox 928 5401 1144 5466; x_wconf 72' lang='lat' dir='ltr'>posset;</span> <span class='ocrx_word' id='word_1_732' title='bbox 1189 5398 1400 5466; x_wconf 86' lang='lat' dir='ltr'>partim</span> <span class='ocrx_word' id='word_1_733' title='bbox 1418 5395 1874 5464; x_wconf 83' lang='lat' dir='ltr'>reprehendendo,</span> <span class='ocrx_word' id='word_1_734' title='bbox 1913 5396 2122 5464; x_wconf 86' lang='lat' dir='ltr'>partim</span> <span class='ocrx_word' id='word_1_735' title='bbox 2151 5392 2509 5459; x_wconf 83' lang='lat' dir='ltr'>defendendo,</span> <span class='ocrx_word' id='word_1_736' title='bbox 2541 5392 2687 5461; x_wconf 85' lang='lat' dir='ltr'>quod</span> <span class='ocrx_word' id='word_1_737' title='bbox 2724 5395 2829 5460; x_wconf 87' lang='lat' dir='ltr'>legi</span> <span class='ocrx_word' id='word_1_738' title='bbox 2855 5393 3068 5448; x_wconf 87' lang='lat' dir='ltr'>deberet</span> <span class='ocrx_word' id='word_1_739' title='bbox 3095 5399 3146 5446; x_wconf 86' lang='lat' dir='ltr'>et</span> <span class='ocrx_word' id='word_1_740' title='bbox 3165 5396 3364 5460; x_wconf 82' lang='lat' dir='ltr'>posset,</span> <span class='ocrx_word' id='word_1_741' title='bbox 3395 5392 3706 5460; x_wconf 86' lang='lat' dir='ltr'>operabam.</span> 
     </span>
    </p>
   </div>
   <div class='ocr_carea' id='block_1_56' title="bbox 195 5480 3712 5555">
    <p class='ocr_par' dir='ltr' id='par_1_56' title="bbox 195 5480 3712 5555">
     <span class='ocr_line' id='line_1_56' title="bbox 195 5480 3712 5555; baseline -0 -19"><span class='ocrx_word' id='word_1_742' title='bbox 195 5483 451 5555; x_wconf 90' lang='lat' dir='ltr'>Denique</span> <span class='ocrx_word' id='word_1_743' title='bbox 468 5500 611 5555; x_wconf 86' lang='lat' dir='ltr'>opus</span> <span class='ocrx_word' id='word_1_744' title='bbox 640 5484 781 5539; x_wconf 88' lang='lat' dir='ltr'>illud</span> <span class='ocrx_word' id='word_1_745' title='bbox 811 5486 1175 5541; x_wconf 87' lang='lat' dir='ltr'>celebrarunt</span> <span class='ocrx_word' id='word_1_746' title='bbox 1199 5501 1266 5539; x_wconf 90' lang='lat' dir='ltr'>eo</span> <span class='ocrx_word' id='word_1_747' title='bbox 1295 5484 1531 5540; x_wconf 90' lang='lat' dir='ltr'>nomine</span> <span class='ocrx_word' id='word_1_748' title='bbox 1559 5488 1801 5551; x_wconf 81' lang='lat' dir='ltr'>veteres,</span> <span class='ocrx_word' id='word_1_749' title='bbox 1835 5487 2100 5554; x_wconf 88' lang='lat' dir='ltr'>Prosper,</span> <span class='ocrx_word' id='word_1_750' title='bbox 2130 5481 2201 5536; x_wconf 85' lang='lat' dir='ltr'>ad</span> <span class='ocrx_word' id='word_1_751' title='bbox 2233 5482 2362 5536; x_wconf 82' lang='lat' dir='ltr'>Exc.</span> <span class='ocrx_word' id='word_1_752' title='bbox 2395 5481 2780 5538; x_wconf 89' lang='lat' dir='ltr'>Genuensium</span> <span class='ocrx_word' id='word_1_753' title='bbox 2808 5481 3212 5544; x_wconf 77' lang='lat' dir='ltr'>:Cassiodorus</span> <span class='ocrx_word' id='word_1_754' title='bbox 3241 5484 3493 5546; x_wconf 89' lang='lat' dir='ltr'>senator,</span> <span class='ocrx_word' id='word_1_755' title='bbox 3525 5480 3594 5535; x_wconf 90' lang='lat' dir='ltr'>de</span> <span class='ocrx_word' id='word_1_756' title='bbox 3621 5481 3712 5535; x_wconf 62' lang='lat' dir='ltr'>Ino</span> 
     </span>
    </p>
   </div>
   <div class='ocr_carea' id='block_1_57' title="bbox 197 5571 2590 5646">
    <p class='ocr_par' dir='ltr' id='par_1_57' title="bbox 197 5571 2590 5646">
     <span class='ocr_line' id='line_1_57' title="bbox 197 5571 2590 5646; baseline 0 -22"><span class='ocrx_word' id='word_1_757' title='bbox 197 5572 492 5628; x_wconf 88' lang='lat' dir='ltr'>stitutione</span> <span class='ocrx_word' id='word_1_758' title='bbox 522 5573 636 5628; x_wconf 87' lang='lat' dir='ltr'>div.</span> <span class='ocrx_word' id='word_1_759' title='bbox 677 5573 919 5645; x_wconf 90' lang='lat' dir='ltr'>Script.,</span> <span class='ocrx_word' id='word_1_760' title='bbox 953 5590 1073 5646; x_wconf 88' lang='lat' dir='ltr'>cap.</span> <span class='ocrx_word' id='word_1_761' title='bbox 1122 5578 1223 5642; x_wconf 67' lang='lat'>46;</span> <span class='ocrx_word' id='word_1_762' title='bbox 1252 5574 1421 5641; x_wconf 89' lang='lat' dir='ltr'>Beda,</span> <span class='ocrx_word' id='word_1_763' title='bbox 1452 5573 1671 5645; x_wconf 68' lang='lat' dir='ltr'>praefat.</span> <span class='ocrx_word' id='word_1_764' title='bbox 1703 5573 1764 5626; x_wconf 90' lang='lat' dir='ltr'>in</span> <span class='ocrx_word' id='word_1_765' title='bbox 1796 5573 1894 5629; x_wconf 79' lang='lat' dir='ltr'>lib.</span> <span class='ocrx_word' id='word_1_766' title='bbox 1942 5575 2187 5627; x_wconf 80' lang='lat' dir='ltr'>Retract.</span> <span class='ocrx_word' id='word_1_767' title='bbox 2222 5571 2281 5624; x_wconf 91' lang='lat' dir='ltr'>in</span> <span class='ocrx_word' id='word_1_768' title='bbox 2305 5573 2450 5633; x_wconf 61' lang='lat' dir='ltr'>Ach,</span> <span class='ocrx_word' id='word_1_769' title='bbox 2483 5577 2590 5625; x_wconf 86' lang='lat' dir='ltr'>etc.</span> 
     </span>
    </p>
   </div>
  </div>
