4028 6174
1086 456 1214 582 s.
1334 349 2068 579 AURELﬁ

2264 438 3249 571 AUGUSTINI

1697 649 2237 718 HIPPONENSIS
2283 649 2648 716 EPISCOPI

878 796 3463 940 RETRACTATIONUM

1630 1010 2100 1134 LIBRI
2185 1007 2534 1135 DUO
2618 1001 2725 1132 (⁸).

1942 1284 2402 1335 PROLOGUS

498 1420 547 1470 1.
590 1415 716 1469 1am
746 1412 844 1467 diu
881 1415 967 1465 est
1022 1411 1125 1463 utt
1182 1408 1365 1463 facere
1430 1407 1613 1477 cogito
1666 1412 1839 1478 atque
1893 1405 2133 1476 dispono

424 1502 578 1575 quod
617 1516 770 1555 nunc
808 1499 1115 1569 adjuvante
1163 1496 1406 1551 Domino
1444 1495 1772 1566 aggredior,
1803 1494 1937 1565 quia
1979 1494 2135 1549 diffe-

423 1589 667 1643 rendum
699 1602 821 1640 esse
853 1602 968 1639 non
1006 1583 1271 1649 arbitror,
1331 1587 1395 1636 ut
1434 1583 1708 1653 opuscula
1737 1597 1887 1652 mea,
1919 1582 2033 1636 sive
2073 1582 2130 1637 in

430 1677 631 1743 Libris,
663 1676 778 1729 sive
809 1674 866 1727 in
891 1672 1177 1744 Epistolis,
1200 1671 1315 1725 sive
1343 1669 1405 1724 in
1434 1670 1804 1733 Tractatibus,
1836 1686 1966 1725 cum
1996 1687 2132 1741 qua-

430 1767 563 1820 dam
589 1763 898 1835 judiciaria
928 1760 1226 1815 severitate
1258 1774 1604 1822 recenseam,
1638 1763 1695 1813 et
1743 1759 1892 1829 quod
1926 1775 2019 1813 me
2050 1760 2133 1814 of-

438 1852 638 1917 fendit,
663 1848 1090 1905 velutcensorio
1115 1848 1243 1901 stilo
1268 1847 1560 1901 denotem.
1583 1848 1777 1918 Neque
1804 1848 1957 1902 enim
1986 1849 2139 1920 quis-

432 1957 607 2012 quam
642 1938 751 1994 nisi
778 1937 1137 2008 imprudens,
1189 1934 1317 1990 ideo
1365 1934 1501 2005 quia
1542 1949 1672 1988 mea
1718 1939 1903 1989 errata
1939 1951 2135 2006 reprc-

427 2029 637 2095 hendo,
671 2043 762 2082 me
794 2024 1216 2097 reprehendere
1242 2021 1491 2077 audebit.
1527 2022 1636 2077 Sed
1667 2022 1711 2075 si
1736 2022 1890 2083 dicit,
1923 2039 2037 2078 non
2071 2041 2136 2079 ea

426 2117 687 2173 debuisse
718 2132 749 2169 a
775 2131 866 2169 me
891 2113 1001 2168 dici
1015 2128 1149 2183 quas
1168 2116 1369 2182 postea
1389 2110 1534 2165 mihi
1551 2111 1720 2165 etiam
1737 2112 2099 2183 displicerent
2121 2120 2136 2168 ;

429 2220 628 2260 verum
666 2203 823 2269 dicit,
873 2206 927 2255 et
953 2216 1179 2255 mecum
1229 2199 1379 2254 facit.
1433 2200 1639 2253 Eorum
1693 2199 1907 2270 quippe
1946 2218 2136 2273 repre-

429 2292 641 2347 hensor
670 2294 777 2359 est,
810 2304 1057 2361 quorum
1091 2291 1148 2341 et
1194 2302 1299 2356 ego
1328 2302 1475 2340 sum.
1513 2287 1709 2357 Neque
1752 2288 1902 2342 enim
1952 2305 2018 2343 ea
2045 2305 2137 2344 re-

430 2379 789 2452 prehendere
820 2376 1108 2440 deberem,
1140 2375 1187 2428 si
1217 2375 1404 2430 dicere
1434 2374 1754 2429 debuissem
1784 2379 1825 2429 ².

508 2472 562 2523 2.
598 2467 725 2533 Sed,
756 2470 820 2520 ut
861 2465 1036 2531 volet,
1065 2463 1308 2535 quisque
1341 2464 1582 2533 accipiat
1637 2464 1743 2517 hoc
1772 2466 1922 2536 quod
1951 2465 2094 2520 facio
2124 2487 2139 2535 ;

439 2571 532 2611 me
565 2560 758 2610 tamen
789 2553 1163 2625 apostolicam
1193 2551 1350 2606 illam
1380 2551 1722 2605 sententiam
1753 2558 1811 2607 et
1839 2552 1898 2606 in
1938 2555 2043 2608 hac
2080 2570 2139 2607 re

435 2642 696 2715 oportuit
723 2641 959 2705 intueri,
990 2640 1091 2694 ubi
1130 2639 1253 2694 ait:
1283 2639 1461 2695 Siros
1506 2641 1651 2709 ipsos
1682 2640 2078 2708 judicaremus,
2106 2659 2141 2697 α

428 2734 654 2787 Domino
705 2746 813 2785 non
860 2730 1241 2799 judicaremur
1286 2728 1330 2793 (Ι
1362 2728 1481 2783 Cor.
1512 2743 1586 2791 Χῖ,
1630 2728 1737 2799 31).
1788 2728 1936 2784 Illud
1968 2730 2136 2785 etiam

430 2819 585 2891 quod
627 2819 903 2890 scriptum
940 2821 1045 2879 est,
1077 2818 1165 2871 Ea:
1199 2816 1542 2885 multiloquio
1570 2831 1675 2870 non
1694 2817 1919 2886 effugies
1943 2834 2136 2888 pecca-

429 2914 544 2964 tum
589 2908 772 2978 (Prov.
831 2923 887 2972 x,
950 2906 1055 2973 19),
1102 2910 1282 2960 terret
1319 2921 1411 2959 me
1440 2903 1796 2976 plurimum!
1855 2922 1970 2960 non
2002 2908 2139 2979 quia

429 2997 611 3053 multa
633 2996 850 3067 scripsi,
884 2995 971 3049 vel
1003 2995 1138 3065 quia
1167 2994 1351 3049 multa
1389 2994 1584 3057 etiam,
1615 3011 1745 3066 quae
1769 2994 1982 3050 dictata
2012 3012 2129 3051 non

430 3091 587 3151 sunt,
610 3090 804 3139 tamen
829 3100 863 3138 a
887 3099 980 3138 me
1006 3082 1157 3137 dicta
1178 3082 1502 3153 conscripta
1529 3087 1663 3137 sunt
1690 3082 1873 3152 (absit
1899 3084 2052 3139 enim
2074 3089 2139 3139 ut

430 3172 861 3244 multiloquium
890 3170 1178 3243 deputem,
1221 3173 1447 3243 quando
1486 3172 1804 3226 necessaria
1843 3172 2131 3240 dicuntur,

2241 1403 2598 1476 quantalibet
2627 1418 2956 1458 sermonum
2981 1404 3351 1460 multitudine
3406 1422 3466 1459 ac
3502 1405 3780 1476 prolixitate
3803 1407 3856 1460 di-

2240 1493 2455 1560 cantur)
2491 1509 2504 1547 :
2539 1491 2636 1547 sed
2666 1492 2833 1546 istam
2874 1494 3211 1549 sententiam
3239 1494 3528 1565 scriptura;
3553 1500 3733 1549 sancte
3762 1511 3856 1566 pro-

2240 1588 2436 1654 pterea
2465 1582 2661 1650 timeo,
2692 1581 2826 1652 quia
2854 1581 2924 1636 de
2945 1586 3064 1636 tam
3090 1582 3286 1637 multis
3304 1582 3743 1653 disputationibus
3761 1584 3859 1637 meis

2241 1671 2362 1725 sine
2394 1670 2568 1725 dubio
2599 1672 2776 1724 multa
2804 1670 2996 1741 colligi
3027 1675 3289 1742 possunt,
3322 1687 3448 1743 quae
3477 1671 3649 1725 sinon
3674 1670 3800 1735 falsa,
3823 1676 3860 1724 at

2242 1765 2396 1814 certe
2421 1758 2740 1823 videantur,
2791 1759 2906 1813 sive
2937 1759 3111 1815 etiam
3165 1760 3566 1814 convincantur
3591 1775 3691 1813 non
3716 1775 3860 1814 neces—

2240 1849 2407 1903 saria.
2436 1849 2616 1913 Quem
2646 1864 2780 1902 vero
2817 1848 3074 1904 Christus
3111 1848 3373 1904 ﬁdelium
3406 1864 3625 1903 suorum
3665 1864 3759 1902 non
3781 1854 3859 1903 ter-

2241 1938 2376 2002 ruit,
2410 1936 2505 1991 ubi
2537 1936 2617 1991 ait
2648 1953 2661 1990 :
2696 1938 2864 1994 Omne
2901 1938 3121 1992 verbum
3148 1940 3376 1993 otiosum
3398 1937 3735 2009 quodcumque
3751 1937 3861 1989 dirr-

2238 2030 2315 2082 rit
2345 2024 2711 2092 homo,reddet
2736 2040 2837 2094 pro
2861 2042 2918 2080 eo
2945 2028 3211 2080 rationem
3256 2028 3315 2081 in
3345 2026 3433 2080 die
3454 2025 3682 2094 judicii‘?
3706 2024 3861 2093 (Matth.

2243 2133 2340 2181 χιι,
2365 2113 2475 2184 36.)
2510 2113 2667 2168 Unde
2697 2118 2755 2167 et
2783 2114 2906 2185 ejus
2935 2115 3225 2185 apostolus
3277 2114 3513 2169 Iacobus
3544 2131 3556 2168 :
3585 2114 3675 2181 Sit,
3710 2113 3862 2183 inquit

2242 2206 2415 2259 omnis
2445 2203 2599 2256 homo
2626 2203 2782 2256 velox
2809 2200 2885 2256 ad
2913 2202 3269 2268 audiendum,
3314 2202 3504 2257 tardus
3543 2207 3702 2256 autem
3735 2201 3793 2255 ad
3813 2202 3863 2254 lo-

2243 2290 2513 2362 quendum
2556 2290 2758 2360 (Jacobi
2801 2307 2841 2357 i,
2876 2292 2986 2358 19).
3030 2291 3097 2344 Et
3128 2290 3241 2344 alio
3290 2291 3412 2345 loco
3444 2306 3458 2345 :
3489 2291 3667 2355 Nolite,
3708 2289 3863 2360 inquit.

2237 2382 2423 2450 plures
2442 2381 2701 2447 magistri
2726 2380 2867 2448 ﬁeri,
2888 2381 3094 2446 fratres
3110 2383 3236 2445 mei,
3258 2383 3479 2435 scientes
3499 2382 3725 2449 quoniam
3738 2378 3865 2445 majus

2235 2469 2514 2539 judicium
2543 2470 2781 2523 sumitis.
2814 2469 2878 2523 In
2906 2470 3091 2523 multis
3127 2471 3271 2523 enim
3296 2468 3606 2537 oﬂ‘endimus
3649 2481 3807 2521 omnes.
3826 2465 3866 2519 Si

2245 2560 2367 2626 quis
2390 2560 2445 2610 in
2467 2557 2627 2611 uerbo
2650 2572 2758 2611 non
2781 2557 3028 2625 offendit,
3062 2558 3145 2611 hic
3175 2560 3451 2627 perfectus
3482 2561 3555 2611 est
3572 2558 3652 2610 vir
3671 2554 3795 2621 (lbid.
3814 2569 3865 2616 ιιι,

2248 2649 2298 2711 1,
2329 2646 2403 2713 2).
2438 2646 2552 2715 Ego
2583 2644 2728 2699 mihi
2765 2644 2912 2699 hanc
2937 2646 3354 2716 perfectionem
3382 2662 3485 2700 nec
3528 2658 3667 2699 nunc
3699 2656 3865 2711 arrogo,

2243 2751 2373 2789 cum
2391 2735 2514 2804 jam
2540 2733 2646 2788 sim
2678 2751 2847 2789 senex
2877 2752 2889 2789 :
2921 2740 3137 2806 quanto
3170 2735 3366 2789 minus
3393 2751 3519 2789 cum
3542 2732 3743 2803 juvenis
3766 2729 3865 2799 enipi

2244 2824 2513 2889 scribere,
2544 2823 2631 2877 vel
2665 2823 2817 2893 apud
2873 2823 3120 2894 populos
3168 2823 3401 2892 dicere;
3442 2826 3747 2890 tantumque
3769 2814 3867 2870 mihi

2241 2910 2522 2967 tributum
2554 2915 2638 2965 est
2666 2915 2727 2964 ut
2753 2910 3101 2981 ubicumque
3146 2927 3239 2965 me
3285 2913 3561 2981 praesente
3603 2905 3740 2977 loqui
3770 2917 3870 2972 opus

2243 3004 2390 3053 esset
2405 2998 2477 3053 ad
2506 2999 2806 3070 populum,
2834 2997 3123 3053 rarissime
3151 3003 3341 3053 tacere
3371 3003 3540 3069 atque
3579 2994 3705 3048 alios
3728 2989 3869 3045 audire

2240 3087 2624 3158 permitterer,
2655 3092 2714 3142 et
2741 3103 2863 3141 esse
2886 3088 3041 3142 velox
3061 3087 3137 3141 ad
3159 3086 3516 3153 audiendum,
3548 3082 3719 3139 tardus
3742 3082 3869 3133 auitas

2240 3174 2315 3228 ad
2343 3175 2687 3244 loquendum.
2721 3177 2916 3230 Restat
2952 3174 3131 3246 igitur
3179 3181 3246 3230 ut
3294 3191 3387 3230 me
3416 3175 3534 3245 ipse
3556 3171 3777 3244 judicem
3798 3163 3869 3219 sub

1359 3309 1800 3347 RETRACTATIONL’I
1849 3312 2005 3347 LIBBIS
2051 3312 2370 3348 EIBNDANDIS
2402 3313 2626 3349 ADHIBII‘I
2662 3313 2785 3349 SUNT
2815 3312 3020 3349 CODICRS
3287 3364 3292 3369 .

431 3380 479 3429 Μ
485 3378 575 3430 SS.
592 3378 921 3429 Corbeiensis
939 3379 1152 3443 Optimae
1164 3381 1304 3427 notae
1318 3389 1489 3427 annos
1500 3376 1786 3440 praeferens
1798 3376 1904 3427 fere
1924 3379 2476 3435 900.Theodoricensis
2497 3379 2587 3443 qui
2602 3379 2731 3429 olim
2744 3380 3011 3430 Hiucmari
3028 3381 3306 3430 Remensis
3322 3377 3686 3444 fuit.Jolyensis
3702 3388 3773 3423 an.
3784 3374 3860 3423 800.

512 3460 638 3509 Item
655 3458 944 3522 pervetusti
962 3457 1327 3515 Floriacensis,
1343 3456 1659 3515 Albinensis,
1671 3456 2031 3521 Benignianus
2047 3475 2059 3519 ;
2074 3463 2126 3509 et
2136 3460 2409 3523 aliquanto
2422 3463 2578 3508 astate
2592 3460 2908 3523 posteriores
2922 3459 3283 3519 Pratellensis,
3298 3458 3649 3513 Michaelinus.
3665 3451 3871 3504 Beccensis

492 3538 745 3588 Victorini
758 3542 881 3596 tres,
896 3536 1170 3585 Sorbonici
1185 3540 1308 3595 tres,
1320 3535 2039 3599 Regius,Regio-montensis,
2056 3539 2424 3589 Germanensis
2440 3554 2452 3587 :
2470 3543 2660 3602 praeter
2675 3538 2807 3587 alios
2827 3539 3085 3602 quosdam
3102 3540 3466 3590 studiosorum
3481 3538 3693 3587 virorum
3707 3529 3872 3596 operain

490 3632 601 3669 rem
615 3621 851 3667 nostram
864 3616 1173 3667 recensitos.
1200 3616 1263 3665 Hi
1276 3619 1401 3665 sunt
1415 3615 1767 3683 Arnull'ensis,
1786 3616 2067 3667 Cistercien
2075 3618 2165 3677 sis,
2178 3618 2518 3679 Vedastinus,
2546 3619 2853 3679 Vaticanus,
2869 3619 3145 3684 Anglicani
3159 3633 3251 3670 sex
3263 3658 3278 3680 ,
3295 3619 3491 3669 scilicet
3499 3631 3560 3668 ex
3574 3613 3812 3666 Bodleian:
3822 3608 3875 3658 bi-

494 3697 760 3748 bliotheca
786 3700 911 3751 tres.
942 3709 1008 3745 ex
1034 3694 1268 3759 Collegio
1286 3695 1609 3745 Mertonensi
1635 3695 1760 3754 duo,
1778 3699 1832 3745 et
1846 3709 1911 3745 ex
1931 3697 2144 3748 archiva
2169 3698 2311 3748 Laud
2319 3698 2405 3748 ina
2426 3712 2568 3748 unus
2586 3714 2599 3747 :
2616 3710 2843 3761 quorum
2856 3711 2946 3748 sex
2962 3698 3204 3748 codicum
3219 3698 3571 3757 Lectionibus,
3589 3688 3873 3752 absolutsjsm

492 3778 650 3826 haece
670 3776 912 3826 Editione
930 3774 993 3824 ad
1016 3788 1114 3825 nos
1128 3788 1220 3838 per
1233 3773 1363 3824 V.C.
1382 3774 1439 3823 E.
1458 3774 1787 3824 Bernardum
1802 3775 2151 3827 Astronomise
2167 3778 2220 3827 in
2240 3777 2526 3828 Oxoniensi
2540 3777 2822 3828 Academia
2841 3777 3192 3842 professorem
3209 3777 3552 3831 transmissis,
3570 3768 3873 3824 conﬁrmantur

492 3856 661 3918 pasim
691 3853 1161 3915 castigationesbic
1176 3851 1345 3902 factae.
1365 3852 1612 3902 Subsidio
1631 3853 2013 3905 fueruntetiam
2038 3850 2311 3907 Lectiones
2336 3857 2798 3908 aLovaniensibus
2814 3871 2876 3908 ex
2896 3858 3018 3908 Mss.
3044 3862 3279 3922 quatuor
3310 3857 3528 3922 Belgicis
3547 3854 3766 3905 collecta.
3781 3847 3876 3896 σου·

494 3932 607 3981 sule
636 3932 888 3981 Notitiam
916 3930 1170 3980 Codicum
1198 3931 1326 3979 Mss.
1382 3931 1438 3979 in
1462 3935 1607 3980 tomo
1633 3933 1723 3995 qui
1754 3932 2062 3984 inscribitur
2086 3936 2492 4000 Augustiniana.

432 4012 573 4063 Editi
596 4010 809 4062 demum
828 4011 1152 4075 antiquiores
1170 4013 1223 4059 et
1237 4010 1597 4074 castigatiores
1623 4011 1843 4062 adhibiti
1875 4018 2000 4063 sunt
2014 4014 2152 4065 Am.»
2177 4015 2229 4064 id
2251 4019 2348 4074 est,
2362 4017 2453 4079 qui
2473 4029 2568 4080 per
2593 4018 2852 4067 Joannem
2875 4017 3286 4068 Amerbachium
3301 4032 3388 4068 an.
3404 4020 3523 4068 1505
3543 4012 3723 4080 prelum
3733 4003 3876 4058 subiit:

493 4100 579 4150 Er.
599 4096 689 4161 qui
709 4091 962 4144 Desiderii
982 4090 1187 4141 Erasmi
1205 4104 1335 4139 cura
1354 4090 1698 4140 Frobenianis
1717 4092 1857 4155 typis
1873 4094 2211 4146 excususfuit
2231 4107 2318 4145 an.
2335 4098 2455 4145 1529
2474 4112 2488 4157 ;
2505 4101 2558 4146 et
2570 4097 2695 4147 Lov.
2710 4096 2801 4160 qui
2816 4097 2971 4160 juxta
2991 4097 3400 4147 Lovaniensium
3414 4094 3763 4158 Theologorum
3775 4096 3879 4136 reco-

490 4177 784 4244 gnitionem
813 4185 879 4223 ex
910 4169 1248 4222 Plantiuiana
1278 4168 1633 4233 typographia
1663 4183 1750 4219 an.
1780 4171 1978 4234 prodiit
2006 4176 2144 4223 157⁸1.

1701 4263 2082 4303 COIPARAVIIUS
2116 4267 2382 4303 ΡΒΕΤΕΚΕΑ
2414 4268 2685 4305 ιωιτιοηθ

435 4347 487 4391 1ο
516 4342 603 4391 Er.
635 4335 812 4393 Guill.,
832 4333 890 4385 id
914 4334 988 4384 est
1017 4332 1253 4382 alterum
1277 4331 1494 4382 Erasmt
1512 4329 1736 4381 Parisiis
1764 4329 1955 4382 datam
1976 4335 2035 4382 in
2059 4332 2252 4385 :rdtbus
2281 4334 2491 4385 Cat-atat
2521 4334 2795 4396 Guitlard,
2819 4337 2960 4395 1541,
2995 4335 3404 4402 Basiliensique
3430 4335 3602 4388 multo
3624 4332 3878 4383 auctiorem.

429 4424 488 4472 2°
524 4418 719 4483 Lugd,
744 4416 804 4468 id
829 4417 900 4465 cst
926 4411 1321 4476 Lugdunensem
1348 4414 1481 4461 anni
1511 4413 1652 4466 1561.

433 4503 488 4550 3°
527 4498 739 4558 Venet.,
770 4494 825 4545 td
858 4497 943 4545 est
981 4493 1235 4544 Venetam
1260 4492 1395 4542 anni
1418 4492 1560 4540 1584.

434 4582 488 4628 to
526 4579 650 4628 Lov.
683 4578 822 4636 Par.,
842 4574 902 4625 id
922 4576 998 4626 est
1020 4572 1441 4629 Lovaniensium,
1471 4582 1585 4633 qua:
1610 4570 1805 4632 prodiit
1840 4574 2057 4623 Parisiis
2084 4576 2223 4624 1651.

441 4661 495 4706 5ο
527 4657 674 4716 Lov.,
699 4655 752 4706 id
777 4657 850 4705 est
885 4652 1121 4705 alteram
1150 4650 1571 4708 Lovaniensium,
1597 4661 1715 4712 quae
1739 4649 1942 4714 prodiit
1969 4655 2271 4717 Antuerpta:
2315 4656 2459 4705 1662.

438 4739 494 4785 6ο
532 4734 823 4793 Benedict.,
852 4732 910 4782 id
934 4736 1005 4782 est
1034 4727 1431 4782 Benedictinam
1453 4730 1765 4791 Antuerpia:
1793 4741 2038 4781 recusem
2072 4733 2353 4783 170οο1702.
2380 4733 2448 4783 Μ.

497 4815 560 4864 In
587 4813 735 4863 hisce
752 4812 1205 4862 Retractationum
1220 4808 1369 4860 libris
1382 4809 1651 4858 Lemmata
1661 4808 1913 4872 capitum,
1933 4824 2148 4862 necnon
2165 4811 2544 4877 opusculorum
2564 4813 2719 4863 initia
2738 4828 2858 4878 quas
2882 4814 3187 4865 referuntur
3201 4816 3257 4866 in
3273 4816 3459 4881 capitis
3477 4812 3710 4877 cujusque
3720 4805 3816 4859 ﬁne.
3829 4798 3881 4847 sic

438 4896 898 4960 representamus,
933 4892 1010 4941 uti
1044 4893 1254 4941 exstant
1281 4889 1336 4939 in
1364 4888 1510 4949 Mss.,
1542 4900 1927 4952 nonnunquam
1958 4904 2085 4940 vero
2109 4892 2269 4955 paulo
2299 4891 2451 4941 aliter
2476 4896 2633 4956 atque
2658 4894 2715 4943 in
2740 4893 2896 4943 editis
2928 4892 3339 4945 exhibebantur.

1612 4991 1972 5029 PRECIPUARUI
2005 4992 2443 5030 ABBBBVIATIORUI
2478 4993 2789 5032 EXPLICATIO.

1055 5069 1187 5121 Edd.
1222 5069 1378 5120 Editi.
2374 5069 2546 5120 Vatic.
2578 5071 2866 5121 Vaticanus
2895 5072 3080 5124 codex.

1059 5149 1187 5213 Reg.
1218 5149 1412 5214 Regius
1441 5148 1624 5199 codex.
2373 5149 2680 5200 Theodoric.
2711 5150 3146 5202 Theodoricensis
3175 5153 3359 5203 codex.
3424 5153 3493 5201 M.
3854 5210 3862 5220 .

502 5237 570 5301 (1)
584 5231 937 5287 Lovanienses
947 5227 1162 5289 habent,
1167 5228 1292 5291 jam
1314 5226 1415 5279 diu
1429 5228 1594 5280 istud.
1612 5227 1678 5278 At
1697 5228 1820 5279 Mss.
1835 5243 1996 5294 supra
2006 5230 2143 5280 desi-
2247 5229 2501 5282 secundas
2521 5228 2721 5281 habent
2734 5243 2841 5294 par
2850 5234 2926 5282 tes
2941 5230 3208 5282 modestia:
3232 5229 3566 5297 ;utqutdnon
3585 5222 3885 5301 volvite”?

439 5288 584 5382 gnati
614 5315 755 5365 hanc
783 5308 1073 5377 praeferunt
1094 5288 1531 5370 lec'tionem,jam
1549 5308 1643 5359 diu
1669 5311 1842 5370 estut,
1874 5288 1992 5373 quia
2013 5323 2143 5360 sane
2252 5288 3887 5382 tmpanttendadicere,sallempaniteatqaecognomildtffﬁdf

438 5371 737 5460 iugustino
750 5371 1026 5443 familiaris
1040 5391 1137 5438 est.
1151 5385 1237 5437 Sic
1252 5386 1306 5435 in
1317 5386 1479 5450 Epist.
1500 5390 1580 5448 71,
1595 5386 1661 5437 ad
1680 5371 1912 5450 Hieron,
1932 5403 1987 5439 n.
2008 5391 2056 5449 2,
2074 5388 2143 5438 le-
2249 5371 2363 5441 non
2381 5390 2629 5455 fuissejd
2641 5404 2801 5455 porro
2813 5403 2926 5442 non
2937 5371 3353 5442 habenteditiab
3367 5371 3515 5440 Joan.
3532 5371 3888 5460 Αωθὼᾳοιιὶονῆί

438 5459 580 5538 gitur
602 5490 615 5525 :
635 5492 663 5523 ‹‹
686 5472 827 5539 quod
840 5472 950 5537 jam
972 5469 1063 5521 diu
1079 5471 1160 5519 est
1181 5470 1241 5518 ut
1264 5471 1555 5531 exspecto.»
1568 5468 1901 5530 --Er.Guill.,
1913 5466 2144 5530 jamdiu
2252 5484 2284 5520 a
2298 5470 2474 5521 Desid.
2520 5470 2760 5532 Erasmo,
2781 5484 2956 5536 neque
2975 5471 3378 5536 quatuordecim
3397 5484 3426 5520 e
3444 5469 3563 5519 Mss.
3584 5459 3888 5539 quos

435 5526 585 5604 ἷςίίιά
612 5558 673 5603 ιιι
702 5526 1087 5604 ἰονέηίθηεεεσ
1116 5548 1188 5599 Μ·
1354 5526 1373 5531 -
1889 5526 1930 5530 η
2253 5562 2395 5603 mus.
2430 5550 2707 5602 Adscitum
2730 5526 2951 5615 puta-ex
2977 5526 3143 5616 Epist.
3178 5553 3288 5613 143,
3313 5526 3668 5613 Augustiniad
3688 5526 3888 5589 Marcelli’

486 5631 1000 5685 ’AdduntLov.:Sed
1013 5627 2144 5696 quipri-masnonpotuithaberesapientia,
2254 5643 2402 5680 num.
2430 5656 2489 5667 -—
2521 5629 2607 5681 Er.
2630 5630 2787 5681 Guill.
2818 5634 2881 5681 ut
2904 5631 3275 5682 Lovanienses.
3305 5630 3373 5683 M.

500 5711 577 5774 (ιι)
607 5709 796 5774 Scriptt
826 5723 951 5767 ann,
985 5712 1075 5760 426
1103 5712 1197 5760 aut
1216 5709 1327 5758 427.
