  <div class='ocr_page' id='page_1' title='image "/cluster/home/n/w/nwhite01/storage/ocr_20150623/32/hvd.32044096580550/312.png"; bbox 0 0 4028 6174; ppageno 0'>
   <div class='ocr_carea' id='block_1_1' title="bbox 94 318 208 368">
    <p class='ocr_par' dir='ltr' id='par_1_1' title="bbox 94 318 208 368">
     <span class='ocr_line' id='line_1_1' title="bbox 94 318 208 368; baseline 0.035 -4"><span class='ocrx_word' id='word_1_1' title='bbox 94 318 208 368; x_wconf 57' lang='lat'>2385</span> 
     </span>
    </p>
   </div>
   <div class='ocr_carea' id='block_1_2' title="bbox 102 430 1806 504">
    <p class='ocr_par' dir='ltr' id='par_1_2' title="bbox 102 430 1806 504">
     <span class='ocr_line' id='line_1_2' title="bbox 102 430 1806 504; baseline -0.001 -15"><span class='ocrx_word' id='word_1_2' title='bbox 102 434 374 504; x_wconf 87' lang='lat' dir='ltr'>magistro</span> <span class='ocrx_word' id='word_1_3' title='bbox 412 448 549 492; x_wconf 88' lang='lat' dir='ltr'>uno,</span> <span class='ocrx_word' id='word_1_4' title='bbox 601 432 763 503; x_wconf 85' lang='lat' dir='ltr'>cujus</span> <span class='ocrx_word' id='word_1_5' title='bbox 808 431 877 486; x_wconf 90' lang='lat' dir='ltr'>de</span> <span class='ocrx_word' id='word_1_6' title='bbox 910 431 1321 486; x_wconf 78' lang='lat' dir='ltr'>offensionibus</span> <span class='ocrx_word' id='word_1_7' title='bbox 1352 430 1495 485; x_wconf 86' lang='lat' dir='ltr'>meis</span> <span class='ocrx_word' id='word_1_8' title='bbox 1525 432 1806 501; x_wconf 84' lang='lat' dir='ltr'>judicium</span> 
     </span>
    </p>
   </div>
   <div class='ocr_carea' id='block_1_3' title="bbox 103 519 1807 591">
    <p class='ocr_par' dir='ltr' id='par_1_3' title="bbox 103 519 1807 591">
     <span class='ocr_line' id='line_1_3' title="bbox 103 519 1807 591; baseline -0.004 -13"><span class='ocrx_word' id='word_1_9' title='bbox 103 524 343 579; x_wconf 78' lang='lat' dir='ltr'>evadere</span> <span class='ocrx_word' id='word_1_10' title='bbox 372 522 567 591; x_wconf 90' lang='lat' dir='ltr'>cupio.</span> <span class='ocrx_word' id='word_1_11' title='bbox 608 520 900 589; x_wconf 82' lang='lat' dir='ltr'>Magistros</span> <span class='ocrx_word' id='word_1_12' title='bbox 931 524 1121 573; x_wconf 91' lang='lat' dir='ltr'>autem</span> <span class='ocrx_word' id='word_1_13' title='bbox 1149 519 1342 589; x_wconf 85' lang='lat' dir='ltr'>plures</span> <span class='ocrx_word' id='word_1_14' title='bbox 1373 523 1507 572; x_wconf 89' lang='lat' dir='ltr'>tunc</span> <span class='ocrx_word' id='word_1_15' title='bbox 1538 519 1661 573; x_wconf 86' lang='lat' dir='ltr'>tieri</span> <span class='ocrx_word' id='word_1_16' title='bbox 1692 520 1807 573; x_wconf 78' lang='lat' dir='ltr'>exi-</span> 
     </span>
    </p>
   </div>
   <div class='ocr_carea' id='block_1_4' title="bbox 106 608 1800 681">
    <p class='ocr_par' dir='ltr' id='par_1_4' title="bbox 106 608 1800 681">
     <span class='ocr_line' id='line_1_4' title="bbox 106 608 1800 681; baseline -0.001 -16"><span class='ocrx_word' id='word_1_17' title='bbox 106 612 298 677; x_wconf 88' lang='lat' dir='ltr'>stimo,</span> <span class='ocrx_word' id='word_1_18' title='bbox 343 627 470 664; x_wconf 89' lang='lat' dir='ltr'>cum</span> <span class='ocrx_word' id='word_1_19' title='bbox 512 610 732 664; x_wconf 90' lang='lat' dir='ltr'>diversa</span> <span class='ocrx_word' id='word_1_20' title='bbox 771 615 941 681; x_wconf 89' lang='lat' dir='ltr'>atque</span> <span class='ocrx_word' id='word_1_21' title='bbox 978 609 1127 663; x_wconf 88' lang='lat' dir='ltr'>inter</span> <span class='ocrx_word' id='word_1_22' title='bbox 1164 626 1221 662; x_wconf 91' lang='lat' dir='ltr'>se</span> <span class='ocrx_word' id='word_1_23' title='bbox 1252 608 1483 662; x_wconf 90' lang='lat' dir='ltr'>adversa</span> <span class='ocrx_word' id='word_1_24' title='bbox 1524 608 1800 663; x_wconf 88' lang='lat' dir='ltr'>sentiunt.</span> 
     </span>
    </p>
   </div>
   <div class='ocr_carea' id='block_1_5' title="bbox 106 696 1809 769">
    <p class='ocr_par' dir='ltr' id='par_1_5' title="bbox 106 696 1809 769">
     <span class='ocr_line' id='line_1_5' title="bbox 106 696 1809 769; baseline -0.004 -14"><span class='ocrx_word' id='word_1_25' title='bbox 106 701 253 755; x_wconf 89' lang='lat' dir='ltr'>Cum</span> <span class='ocrx_word' id='word_1_26' title='bbox 271 716 399 753; x_wconf 90' lang='lat' dir='ltr'>vero</span> <span class='ocrx_word' id='word_1_27' title='bbox 432 699 682 769; x_wconf 89' lang='lat' dir='ltr'>idipsum</span> <span class='ocrx_word' id='word_1_28' title='bbox 712 698 909 753; x_wconf 89' lang='lat' dir='ltr'>dicunt</span> <span class='ocrx_word' id='word_1_29' title='bbox 930 713 1151 764; x_wconf 86' lang='lat' dir='ltr'>omnes,</span> <span class='ocrx_word' id='word_1_30' title='bbox 1185 700 1239 749; x_wconf 88' lang='lat' dir='ltr'>et</span> <span class='ocrx_word' id='word_1_31' title='bbox 1269 712 1466 749; x_wconf 87' lang='lat' dir='ltr'>verum</span> <span class='ocrx_word' id='word_1_32' title='bbox 1496 696 1710 761; x_wconf 86' lang='lat' dir='ltr'>dicunt,</span> <span class='ocrx_word' id='word_1_33' title='bbox 1738 696 1809 749; x_wconf 89' lang='lat' dir='ltr'>ab</span> 
     </span>
    </p>
   </div>
   <div class='ocr_carea' id='block_1_6' title="bbox 100 784 1809 857">
    <p class='ocr_par' dir='ltr' id='par_1_6' title="bbox 100 784 1809 857">
     <span class='ocr_line' id='line_1_6' title="bbox 100 784 1809 857; baseline -0.003 -16"><span class='ocrx_word' id='word_1_34' title='bbox 100 789 279 841; x_wconf 90' lang='lat' dir='ltr'>unius</span> <span class='ocrx_word' id='word_1_35' title='bbox 315 786 432 841; x_wconf 89' lang='lat' dir='ltr'>veri</span> <span class='ocrx_word' id='word_1_36' title='bbox 473 786 731 857; x_wconf 82' lang='lat' dir='ltr'>magistri</span> <span class='ocrx_word' id='word_1_37' title='bbox 768 784 1098 855; x_wconf 89' lang='lat' dir='ltr'>magisterio</span> <span class='ocrx_word' id='word_1_38' title='bbox 1138 800 1255 837; x_wconf 91' lang='lat' dir='ltr'>non</span> <span class='ocrx_word' id='word_1_39' title='bbox 1282 784 1575 837; x_wconf 90' lang='lat' dir='ltr'>recedunt.</span> <span class='ocrx_word' id='word_1_40' title='bbox 1622 784 1809 836; x_wconf 68' lang='lat' dir='ltr'>Ollen-</span> 
     </span>
    </p>
   </div>
   <div class='ocr_carea' id='block_1_7' title="bbox 95 870 1815 939">
    <p class='ocr_par' dir='ltr' id='par_1_7' title="bbox 95 870 1815 939">
     <span class='ocr_line' id='line_1_7' title="bbox 95 870 1815 939; baseline -0.003 -10"><span class='ocrx_word' id='word_1_41' title='bbox 95 877 250 930; x_wconf 89' lang='lat' dir='ltr'>dunt</span> <span class='ocrx_word' id='word_1_42' title='bbox 273 880 487 939; x_wconf 89' lang='lat' dir='ltr'>autem,</span> <span class='ocrx_word' id='word_1_43' title='bbox 513 890 629 927; x_wconf 91' lang='lat' dir='ltr'>non</span> <span class='ocrx_word' id='word_1_44' title='bbox 650 890 781 927; x_wconf 90' lang='lat' dir='ltr'>cum</span> <span class='ocrx_word' id='word_1_45' title='bbox 802 873 955 927; x_wconf 90' lang='lat' dir='ltr'>illius</span> <span class='ocrx_word' id='word_1_46' title='bbox 976 872 1156 925; x_wconf 90' lang='lat' dir='ltr'>multa</span> <span class='ocrx_word' id='word_1_47' title='bbox 1184 870 1398 935; x_wconf 88' lang='lat' dir='ltr'>dicunt,</span> <span class='ocrx_word' id='word_1_48' title='bbox 1434 870 1532 923; x_wconf 92' lang='lat' dir='ltr'>sed</span> <span class='ocrx_word' id='word_1_49' title='bbox 1558 886 1687 923; x_wconf 90' lang='lat' dir='ltr'>cum</span> <span class='ocrx_word' id='word_1_50' title='bbox 1719 870 1815 923; x_wconf 84' lang='lat' dir='ltr'>ad-</span> 
     </span>
    </p>
   </div>
   <div class='ocr_carea' id='block_1_8' title="bbox 95 958 1813 1034">
    <p class='ocr_par' dir='ltr' id='par_1_8' title="bbox 95 958 1813 1034">
     <span class='ocr_line' id='line_1_8' title="bbox 95 958 1813 1034; baseline -0.003 -16"><span class='ocrx_word' id='word_1_51' title='bbox 95 965 251 1018; x_wconf 89' lang='lat' dir='ltr'>dunt</span> <span class='ocrx_word' id='word_1_52' title='bbox 275 980 396 1018; x_wconf 88' lang='lat' dir='ltr'>sua.</span> <span class='ocrx_word' id='word_1_53' title='bbox 429 964 517 1018; x_wconf 90' lang='lat' dir='ltr'>Sic</span> <span class='ocrx_word' id='word_1_54' title='bbox 539 962 754 1034; x_wconf 86' lang='lat' dir='ltr'>quippe</span> <span class='ocrx_word' id='word_1_55' title='bbox 781 961 1042 1015; x_wconf 89' lang='lat' dir='ltr'>incidunt</span> <span class='ocrx_word' id='word_1_56' title='bbox 1071 976 1137 1015; x_wconf 83' lang='lat' dir='ltr'>ex</span> <span class='ocrx_word' id='word_1_57' title='bbox 1165 958 1531 1028; x_wconf 90' lang='lat' dir='ltr'>multiloquio</span> <span class='ocrx_word' id='word_1_58' title='bbox 1562 958 1731 1013; x_wconf 91' lang='lat' dir='ltr'>etiam</span> <span class='ocrx_word' id='word_1_59' title='bbox 1754 959 1813 1012; x_wconf 91' lang='lat' dir='ltr'>in</span> 
     </span>
    </p>
   </div>
   <div class='ocr_carea' id='block_1_9' title="bbox 94 1051 517 1122">
    <p class='ocr_par' dir='ltr' id='par_1_9' title="bbox 94 1051 517 1122">
     <span class='ocr_line' id='line_1_9' title="bbox 94 1051 517 1122; baseline 0.002 -18"><span class='ocrx_word' id='word_1_60' title='bbox 94 1051 517 1122; x_wconf 86' lang='lat' dir='ltr'>falsiloquium.</span> 
     </span>
    </p>
   </div>
   <div class='ocr_carea' id='block_1_10' title="bbox 174 1136 1817 1207">
    <p class='ocr_par' dir='ltr' id='par_1_10' title="bbox 174 1136 1817 1207">
     <span class='ocr_line' id='line_1_10' title="bbox 174 1136 1817 1207; baseline -0.002 -14"><span class='ocrx_word' id='word_1_61' title='bbox 174 1144 230 1193; x_wconf 86' lang='lat'>3.</span> <span class='ocrx_word' id='word_1_62' title='bbox 276 1139 532 1194; x_wconf 81' lang='lat' dir='ltr'>Scribere</span> <span class='ocrx_word' id='word_1_63' title='bbox 574 1144 765 1192; x_wconf 89' lang='lat' dir='ltr'>autem</span> <span class='ocrx_word' id='word_1_64' title='bbox 807 1138 913 1191; x_wconf 89' lang='lat' dir='ltr'>ista</span> <span class='ocrx_word' id='word_1_65' title='bbox 947 1136 1091 1191; x_wconf 90' lang='lat' dir='ltr'>mihi</span> <span class='ocrx_word' id='word_1_66' title='bbox 1127 1136 1358 1207; x_wconf 81' lang='lat' dir='ltr'>placuit,</span> <span class='ocrx_word' id='word_1_67' title='bbox 1400 1140 1463 1190; x_wconf 87' lang='lat' dir='ltr'>ut</span> <span class='ocrx_word' id='word_1_68' title='bbox 1499 1136 1619 1189; x_wconf 60' lang='lat' dir='ltr'>haec</span> <span class='ocrx_word' id='word_1_69' title='bbox 1649 1136 1817 1190; x_wconf 88' lang='lat' dir='ltr'>emit—</span> 
     </span>
    </p>
   </div>
   <div class='ocr_carea' id='block_1_11' title="bbox 96 1224 1816 1296">
    <p class='ocr_par' dir='ltr' id='par_1_11' title="bbox 96 1224 1816 1296">
     <span class='ocr_line' id='line_1_11' title="bbox 96 1224 1816 1296; baseline -0.003 -14"><span class='ocrx_word' id='word_1_70' title='bbox 96 1234 225 1282; x_wconf 88' lang='lat' dir='ltr'>tam</span> <span class='ocrx_word' id='word_1_71' title='bbox 258 1229 316 1281; x_wconf 92' lang='lat' dir='ltr'>in</span> <span class='ocrx_word' id='word_1_72' title='bbox 354 1245 557 1282; x_wconf 89' lang='lat' dir='ltr'>manus</span> <span class='ocrx_word' id='word_1_73' title='bbox 597 1226 916 1293; x_wconf 86' lang='lat' dir='ltr'>hominum,</span> <span class='ocrx_word' id='word_1_74' title='bbox 949 1243 981 1279; x_wconf 91' lang='lat' dir='ltr'>a</span> <span class='ocrx_word' id='word_1_75' title='bbox 1012 1226 1221 1296; x_wconf 84' lang='lat' dir='ltr'>quibus</span> <span class='ocrx_word' id='word_1_76' title='bbox 1252 1242 1318 1279; x_wconf 89' lang='lat' dir='ltr'>ea</span> <span class='ocrx_word' id='word_1_77' title='bbox 1346 1242 1475 1295; x_wconf 66' lang='lat' dir='ltr'>quas</span> <span class='ocrx_word' id='word_1_78' title='bbox 1499 1226 1621 1295; x_wconf 84' lang='lat' dir='ltr'>jam</span> <span class='ocrx_word' id='word_1_79' title='bbox 1643 1224 1816 1289; x_wconf 88' lang='lat' dir='ltr'>edidi,</span> 
     </span>
    </p>
   </div>
   <div class='ocr_carea' id='block_1_12' title="bbox 95 1314 1817 1383">
    <p class='ocr_par' dir='ltr' id='par_1_12' title="bbox 95 1314 1817 1383">
     <span class='ocr_line' id='line_1_12' title="bbox 95 1314 1817 1383; baseline -0.003 -13"><span class='ocrx_word' id='word_1_80' title='bbox 95 1332 375 1371; x_wconf 90' lang='lat' dir='ltr'>revocare</span> <span class='ocrx_word' id='word_1_81' title='bbox 412 1315 769 1369; x_wconf 87' lang='lat' dir='ltr'>emendanda</span> <span class='ocrx_word' id='word_1_82' title='bbox 811 1331 926 1368; x_wconf 90' lang='lat' dir='ltr'>non</span> <span class='ocrx_word' id='word_1_83' title='bbox 964 1330 1219 1383; x_wconf 89' lang='lat' dir='ltr'>possum.</span> <span class='ocrx_word' id='word_1_84' title='bbox 1248 1315 1358 1367; x_wconf 89' lang='lat' dir='ltr'>Nec</span> <span class='ocrx_word' id='word_1_85' title='bbox 1381 1314 1478 1366; x_wconf 90' lang='lat' dir='ltr'>illa</span> <span class='ocrx_word' id='word_1_86' title='bbox 1508 1330 1641 1366; x_wconf 87' lang='lat' dir='ltr'>sane</span> <span class='ocrx_word' id='word_1_87' title='bbox 1670 1329 1817 1382; x_wconf 83' lang='lat' dir='ltr'>prae-</span> 
     </span>
    </p>
   </div>
   <div class='ocr_carea' id='block_1_13' title="bbox 94 1401 1819 1476">
    <p class='ocr_par' dir='ltr' id='par_1_13' title="bbox 94 1401 1819 1476">
     <span class='ocr_line' id='line_1_13' title="bbox 94 1401 1819 1476; baseline -0.003 -17"><span class='ocrx_word' id='word_1_88' title='bbox 94 1411 291 1471; x_wconf 82' lang='lat' dir='ltr'>tereo,</span> <span class='ocrx_word' id='word_1_89' title='bbox 327 1421 455 1476; x_wconf 64' lang='lat' dir='ltr'>quae</span> <span class='ocrx_word' id='word_1_90' title='bbox 484 1404 925 1458; x_wconf 89' lang='lat' dir='ltr'>catechumenus</span> <span class='ocrx_word' id='word_1_91' title='bbox 948 1404 1091 1470; x_wconf 89' lang='lat' dir='ltr'>jam,</span> <span class='ocrx_word' id='word_1_92' title='bbox 1124 1403 1255 1456; x_wconf 89' lang='lat' dir='ltr'>licet</span> <span class='ocrx_word' id='word_1_93' title='bbox 1283 1401 1479 1455; x_wconf 91' lang='lat' dir='ltr'>relicta</span> <span class='ocrx_word' id='word_1_94' title='bbox 1511 1417 1609 1471; x_wconf 89' lang='lat' dir='ltr'>spe</span> <span class='ocrx_word' id='word_1_95' title='bbox 1644 1417 1819 1472; x_wconf 89' lang='lat' dir='ltr'>quam</span> 
     </span>
    </p>
   </div>
   <div class='ocr_carea' id='block_1_14' title="bbox 1594 308 2128 365">
    <p class='ocr_par' dir='ltr' id='par_1_14' title="bbox 1594 308 2128 365">
     <span class='ocr_line' id='line_1_14' title="bbox 1594 308 2128 365; baseline -0.006 -1"><span class='ocrx_word' id='word_1_96' title='bbox 1594 310 1805 365; x_wconf 83' lang='lat' dir='ltr'><strong>LIBER</strong></span> <span class='ocrx_word' id='word_1_97' title='bbox 1848 308 2128 364; x_wconf 71' lang='lat' dir='ltr'>PRIMUS.</span> 
     </span>
    </p>
   </div>
   <div class='ocr_carea' id='block_1_15' title="bbox 3514 316 3617 369">
    <p class='ocr_par' dir='ltr' id='par_1_15' title="bbox 3514 316 3617 369">
     <span class='ocr_line' id='line_1_15' title="bbox 3514 316 3617 369; baseline 0.019 -2"><span class='ocrx_word' id='word_1_98' title='bbox 3514 316 3617 369; x_wconf 80' lang='grc'>586</span> 
     </span>
    </p>
   </div>
   <div class='ocr_carea' id='block_1_16' title="bbox 1914 432 3619 502">
    <p class='ocr_par' dir='ltr' id='par_1_16' title="bbox 1914 432 3619 502">
     <span class='ocr_line' id='line_1_16' title="bbox 1914 432 3619 502; baseline 0.002 -17"><span class='ocrx_word' id='word_1_99' title='bbox 1914 436 2204 485; x_wconf 85' lang='lat' dir='ltr'>terrenam</span> <span class='ocrx_word' id='word_1_100' title='bbox 2236 432 2531 502; x_wconf 80' lang='lat' dir='ltr'>gerebam,</span> <span class='ocrx_word' id='word_1_101' title='bbox 2564 434 2662 487; x_wconf 90' lang='lat' dir='ltr'>sed</span> <span class='ocrx_word' id='word_1_102' title='bbox 2704 432 2886 487; x_wconf 90' lang='lat' dir='ltr'>adhuc</span> <span class='ocrx_word' id='word_1_103' title='bbox 2926 434 3265 488; x_wconf 89' lang='lat' dir='ltr'>secularium</span> <span class='ocrx_word' id='word_1_104' title='bbox 3303 435 3619 490; x_wconf 86' lang='lat' dir='ltr'>litterarum</span> 
     </span>
    </p>
   </div>
   <div class='ocr_carea' id='block_1_17' title="bbox 1916 520 3619 592">
    <p class='ocr_par' dir='ltr' id='par_1_17' title="bbox 1916 520 3619 592">
     <span class='ocr_line' id='line_1_17' title="bbox 1916 520 3619 592; baseline 0.002 -19"><span class='ocrx_word' id='word_1_105' title='bbox 1916 520 2147 574; x_wconf 87' lang='lat' dir='ltr'>inﬂatus</span> <span class='ocrx_word' id='word_1_106' title='bbox 2176 522 2585 575; x_wconf 83' lang='lat' dir='ltr'>consuetudine</span> <span class='ocrx_word' id='word_1_107' title='bbox 2608 521 2807 591; x_wconf 87' lang='lat' dir='ltr'>scripsi</span> <span class='ocrx_word' id='word_1_108' title='bbox 2842 540 2852 575; x_wconf 95' lang='lat'>:</span> <span class='ocrx_word' id='word_1_109' title='bbox 2887 523 3020 592; x_wconf 87' lang='lat' dir='ltr'>quia</span> <span class='ocrx_word' id='word_1_110' title='bbox 3041 526 3096 575; x_wconf 90' lang='lat' dir='ltr'>et</span> <span class='ocrx_word' id='word_1_111' title='bbox 3122 522 3242 592; x_wconf 89' lang='lat' dir='ltr'>ipsa</span> <span class='ocrx_word' id='word_1_112' title='bbox 3274 523 3536 577; x_wconf 84' lang='lat' dir='ltr'>exierunt</span> <span class='ocrx_word' id='word_1_113' title='bbox 3561 526 3619 578; x_wconf 90' lang='lat' dir='ltr'>in</span> 
     </span>
    </p>
   </div>
   <div class='ocr_carea' id='block_1_18' title="bbox 1919 609 3625 683">
    <p class='ocr_par' dir='ltr' id='par_1_18' title="bbox 1919 609 3625 683">
     <span class='ocr_line' id='line_1_18' title="bbox 1919 609 3625 683; baseline 0.002 -21"><span class='ocrx_word' id='word_1_114' title='bbox 1919 609 2179 662; x_wconf 82' lang='lat' dir='ltr'>notitiam</span> <span class='ocrx_word' id='word_1_115' title='bbox 2209 610 2655 665; x_wconf 89' lang='lat' dir='ltr'>describentium</span> <span class='ocrx_word' id='word_1_116' title='bbox 2685 615 2856 680; x_wconf 89' lang='lat' dir='ltr'>atque</span> <span class='ocrx_word' id='word_1_117' title='bbox 2888 612 3222 681; x_wconf 82' lang='lat' dir='ltr'>legentium,</span> <span class='ocrx_word' id='word_1_118' title='bbox 3254 610 3325 681; x_wconf 61' lang='lat' dir='ltr'>{et</span> <span class='ocrx_word' id='word_1_119' title='bbox 3354 614 3625 683; x_wconf 86' lang='lat' dir='ltr'>leguntur</span> 
     </span>
    </p>
   </div>
   <div class='ocr_carea' id='block_1_19' title="bbox 1920 697 3620 770">
    <p class='ocr_par' dir='ltr' id='par_1_19' title="bbox 1920 697 3620 770">
     <span class='ocr_line' id='line_1_19' title="bbox 1920 697 3620 770; baseline 0.002 -19"><span class='ocrx_word' id='word_1_120' title='bbox 1920 697 2157 766; x_wconf 85' lang='lat' dir='ltr'>utiliter,</span> <span class='ocrx_word' id='word_1_121' title='bbox 2186 697 2232 750; x_wconf 91' lang='lat' dir='ltr'>si</span> <span class='ocrx_word' id='word_1_122' title='bbox 2260 700 2554 752; x_wconf 88' lang='lat' dir='ltr'>nonnullis</span> <span class='ocrx_word' id='word_1_123' title='bbox 2577 699 3032 769; x_wconf 85' lang='lat' dir='ltr'>ignoscatur;vel</span> <span class='ocrx_word' id='word_1_124' title='bbox 3056 700 3103 752; x_wconf 91' lang='lat' dir='ltr'>si</span> <span class='ocrx_word' id='word_1_125' title='bbox 3132 717 3245 754; x_wconf 91' lang='lat' dir='ltr'>non</span> <span class='ocrx_word' id='word_1_126' title='bbox 3274 700 3620 770; x_wconf 81' lang='lat' dir='ltr'>ignoscatur,</span> 
     </span>
    </p>
   </div>
   <div class='ocr_carea' id='block_1_20' title="bbox 1921 786 3624 859">
    <p class='ocr_par' dir='ltr' id='par_1_20' title="bbox 1921 786 3624 859">
     <span class='ocr_line' id='line_1_20' title="bbox 1921 786 3624 859; baseline 0.002 -20"><span class='ocrx_word' id='word_1_127' title='bbox 1921 802 2034 839; x_wconf 87' lang='lat' dir='ltr'>non</span> <span class='ocrx_word' id='word_1_128' title='bbox 2066 790 2257 839; x_wconf 88' lang='lat' dir='ltr'>tamen</span> <span class='ocrx_word' id='word_1_129' title='bbox 2281 786 2630 840; x_wconf 68' lang='lat' dir='ltr'>inhmreatur</span> <span class='ocrx_word' id='word_1_130' title='bbox 2656 787 2873 840; x_wconf 81' lang='lat' dir='ltr'>erratis.</span> <span class='ocrx_word' id='word_1_131' title='bbox 2901 788 3624 859; x_wconf 86' lang='lat' dir='ltr'>Quapropterquicumque</span> 
     </span>
    </p>
   </div>
   <div class='ocr_carea' id='block_1_21' title="bbox 1922 873 3625 943">
    <p class='ocr_par' dir='ltr' id='par_1_21' title="bbox 1922 873 3625 943">
     <span class='ocr_line' id='line_1_21' title="bbox 1922 873 3625 943; baseline 0.003 -17"><span class='ocrx_word' id='word_1_132' title='bbox 1922 873 2026 927; x_wconf 92' lang='lat' dir='ltr'>ista</span> <span class='ocrx_word' id='word_1_133' title='bbox 2052 874 2252 927; x_wconf 89' lang='lat' dir='ltr'>lecturi</span> <span class='ocrx_word' id='word_1_134' title='bbox 2282 880 2434 935; x_wconf 85' lang='lat' dir='ltr'>sunt.</span> <span class='ocrx_word' id='word_1_135' title='bbox 2469 892 2584 928; x_wconf 90' lang='lat' dir='ltr'>non</span> <span class='ocrx_word' id='word_1_136' title='bbox 2616 892 2705 929; x_wconf 91' lang='lat' dir='ltr'>me</span> <span class='ocrx_word' id='word_1_137' title='bbox 2738 876 3034 929; x_wconf 84' lang='lat' dir='ltr'>imitentur</span> <span class='ocrx_word' id='word_1_138' title='bbox 3075 882 3384 943; x_wconf 88' lang='lat' dir='ltr'>errantem,</span> <span class='ocrx_word' id='word_1_139' title='bbox 3418 878 3515 931; x_wconf 92' lang='lat' dir='ltr'>sed</span> <span class='ocrx_word' id='word_1_140' title='bbox 3566 878 3625 931; x_wconf 90' lang='lat' dir='ltr'>iu</span> 
     </span>
    </p>
   </div>
   <div class='ocr_carea' id='block_1_22' title="bbox 1924 962 3625 1034">
    <p class='ocr_par' dir='ltr' id='par_1_22' title="bbox 1924 962 3625 1034">
     <span class='ocr_line' id='line_1_22' title="bbox 1924 962 3625 1034; baseline 0.002 -19"><span class='ocrx_word' id='word_1_141' title='bbox 1924 962 2131 1015; x_wconf 90' lang='lat' dir='ltr'>melius</span> <span class='ocrx_word' id='word_1_142' title='bbox 2158 962 2571 1032; x_wconf 79' lang='lat' dir='ltr'>proﬁcientem.</span> <span class='ocrx_word' id='word_1_143' title='bbox 2606 964 2862 1017; x_wconf 86' lang='lat' dir='ltr'>Inveniet</span> <span class='ocrx_word' id='word_1_144' title='bbox 2888 964 3041 1016; x_wconf 90' lang='lat' dir='ltr'>enim</span> <span class='ocrx_word' id='word_1_145' title='bbox 3064 964 3301 1018; x_wconf 81' lang='lat' dir='ltr'>fortasse</span> <span class='ocrx_word' id='word_1_146' title='bbox 3336 966 3625 1034; x_wconf 91' lang='lat' dir='ltr'>quomodo</span> 
     </span>
    </p>
   </div>
   <div class='ocr_carea' id='block_1_23' title="bbox 1926 1049 3626 1121">
    <p class='ocr_par' dir='ltr' id='par_1_23' title="bbox 1926 1049 3626 1121">
     <span class='ocr_line' id='line_1_23' title="bbox 1926 1049 3626 1121; baseline 0.001 -18"><span class='ocrx_word' id='word_1_147' title='bbox 1926 1049 2223 1103; x_wconf 88' lang='lat' dir='ltr'>scribendo</span> <span class='ocrx_word' id='word_1_148' title='bbox 2252 1051 2612 1120; x_wconf 85' lang='lat' dir='ltr'>profecerim,</span> <span class='ocrx_word' id='word_1_149' title='bbox 2647 1051 2906 1121; x_wconf 88' lang='lat' dir='ltr'>quisquis</span> <span class='ocrx_word' id='word_1_150' title='bbox 2935 1053 3203 1121; x_wconf 88' lang='lat' dir='ltr'>opuscula</span> <span class='ocrx_word' id='word_1_151' title='bbox 3236 1068 3383 1117; x_wconf 84' lang='lat' dir='ltr'>mea,</span> <span class='ocrx_word' id='word_1_152' title='bbox 3426 1052 3626 1105; x_wconf 89' lang='lat' dir='ltr'>ordine</span> 
     </span>
    </p>
   </div>
   <div class='ocr_carea' id='block_1_24' title="bbox 1927 1138 3625 1209">
    <p class='ocr_par' dir='ltr' id='par_1_24' title="bbox 1927 1138 3625 1209">
     <span class='ocr_line' id='line_1_24' title="bbox 1927 1138 3625 1209; baseline 0.001 -18"><span class='ocrx_word' id='word_1_153' title='bbox 1927 1154 2041 1209; x_wconf 89' lang='lat' dir='ltr'>quo</span> <span class='ocrx_word' id='word_1_154' title='bbox 2066 1138 2273 1209; x_wconf 89' lang='lat' dir='ltr'>scripta</span> <span class='ocrx_word' id='word_1_155' title='bbox 2304 1143 2456 1203; x_wconf 91' lang='lat' dir='ltr'>sunt,</span> <span class='ocrx_word' id='word_1_156' title='bbox 2490 1139 2717 1208; x_wconf 88' lang='lat' dir='ltr'>legerit.</span> <span class='ocrx_word' id='word_1_157' title='bbox 2758 1140 2917 1202; x_wconf 89' lang='lat' dir='ltr'>Quod</span> <span class='ocrx_word' id='word_1_158' title='bbox 2953 1144 3012 1191; x_wconf 91' lang='lat' dir='ltr'>ut</span> <span class='ocrx_word' id='word_1_159' title='bbox 3050 1140 3248 1209; x_wconf 88' lang='lat' dir='ltr'>possit,</span> <span class='ocrx_word' id='word_1_160' title='bbox 3296 1140 3402 1193; x_wconf 91' lang='lat' dir='ltr'>hoc</span> <span class='ocrx_word' id='word_1_161' title='bbox 3432 1156 3625 1208; x_wconf 86' lang='lat' dir='ltr'>opere,</span> 
     </span>
    </p>
   </div>
   <div class='ocr_carea' id='block_1_25' title="bbox 1927 1228 3623 1298">
    <p class='ocr_par' dir='ltr' id='par_1_25' title="bbox 1927 1228 3623 1298">
     <span class='ocr_line' id='line_1_25' title="bbox 1927 1228 3623 1298; baseline 0.001 -18"><span class='ocrx_word' id='word_1_162' title='bbox 1927 1232 2208 1298; x_wconf 89' lang='lat' dir='ltr'>quantum</span> <span class='ocrx_word' id='word_1_163' title='bbox 2238 1231 2457 1296; x_wconf 91' lang='lat' dir='ltr'>potero,</span> <span class='ocrx_word' id='word_1_164' title='bbox 2511 1228 2718 1281; x_wconf 86' lang='lat' dir='ltr'>curabo</span> <span class='ocrx_word' id='word_1_165' title='bbox 2776 1233 2841 1280; x_wconf 91' lang='lat' dir='ltr'>ut</span> <span class='ocrx_word' id='word_1_166' title='bbox 2898 1229 3161 1282; x_wconf 89' lang='lat' dir='ltr'>eumdem</span> <span class='ocrx_word' id='word_1_167' title='bbox 3212 1228 3472 1281; x_wconf 86' lang='lat' dir='ltr'>ordinem</span> <span class='ocrx_word' id='word_1_168' title='bbox 3522 1244 3623 1281; x_wconf 82' lang='lat' dir='ltr'>no-</span> 
     </span>
    </p>
   </div>
   <div class='ocr_carea' id='block_1_26' title="bbox 1927 1315 2091 1370">
    <p class='ocr_par' dir='ltr' id='par_1_26' title="bbox 1927 1315 2091 1370">
     <span class='ocr_line' id='line_1_26' title="bbox 1927 1315 2091 1370; baseline 0.012 -2"><span class='ocrx_word' id='word_1_169' title='bbox 1927 1315 2091 1370; x_wconf 87' lang='lat' dir='ltr'>verit.</span> 
     </span>
    </p>
   </div>
   <div class='ocr_carea' id='block_1_27' title="bbox 1238 1536 2522 1741">
    <p class='ocr_par' dir='ltr' id='par_1_27' title="bbox 1238 1536 2522 1741">
     <span class='ocr_line' id='line_1_27' title="bbox 1238 1536 2522 1741; baseline 0.003 -6"><span class='ocrx_word' id='word_1_170' title='bbox 1238 1614 1752 1735; x_wconf 82' lang='lat' dir='ltr'>LIBER</span> <span class='ocrx_word' id='word_1_171' title='bbox 1852 1536 2522 1741; x_wconf 79' lang='lat' dir='ltr'>PRIMUS.</span> 
     </span>
    </p>
   </div>
   <div class='ocr_carea' id='block_1_28' title="bbox 787 1801 3002 1858">
    <p class='ocr_par' dir='ltr' id='par_1_28' title="bbox 787 1801 3002 1858">
     <span class='ocr_line' id='line_1_28' title="bbox 787 1801 3002 1858; baseline -0.003 -9"><span class='ocrx_word' id='word_1_172' title='bbox 787 1804 853 1849; x_wconf 85' lang='lat' dir='ltr'>IN</span> <span class='ocrx_word' id='word_1_173' title='bbox 903 1804 1024 1858; x_wconf 83' lang='lat' dir='ltr'>QUO</span> <span class='ocrx_word' id='word_1_174' title='bbox 1074 1802 1557 1847; x_wconf 73' lang='lat' dir='ltr'>RETRACTANTL&#39;R</span> <span class='ocrx_word' id='word_1_175' title='bbox 1608 1801 1770 1844; x_wconf 80' lang='lat' dir='ltr'><strong>LIBRI</strong></span> <span class='ocrx_word' id='word_1_176' title='bbox 1820 1801 1976 1853; x_wconf 83' lang='lat' dir='ltr'>QUOS</span> <span class='ocrx_word' id='word_1_177' title='bbox 2027 1801 2299 1844; x_wconf 80' lang='lat' dir='ltr'>SCRIPSIT</span> <span class='ocrx_word' id='word_1_178' title='bbox 2348 1801 2605 1843; x_wconf 73' lang='lat' dir='ltr'>NONDI&#39;M</span> <span class='ocrx_word' id='word_1_179' title='bbox 2656 1801 3002 1845; x_wconf 74' lang='lat' dir='ltr'>EPISCOPI&#39;S.</span> 
     </span>
    </p>
   </div>
   <div class='ocr_carea' id='block_1_29' title="bbox 694 2003 1255 2059">
    <p class='ocr_par' dir='ltr' id='par_1_29' title="bbox 694 2003 1255 2059">
     <span class='ocr_line' id='line_1_29' title="bbox 694 2003 1255 2059; baseline -0.005 -1"><span class='ocrx_word' id='word_1_180' title='bbox 694 2004 919 2059; x_wconf 79' lang='lat' dir='ltr'>CAPUT</span> <span class='ocrx_word' id='word_1_181' title='bbox 962 2003 1255 2057; x_wconf 77' lang='lat' dir='ltr'>PRIMUM.</span> 
     </span>
    </p>
   </div>
   <div class='ocr_carea' id='block_1_30' title="bbox 506 2117 1451 2184">
    <p class='ocr_par' dir='ltr' id='par_1_30' title="bbox 506 2117 1451 2184">
     <span class='ocr_line' id='line_1_30' title="bbox 506 2117 1451 2184; baseline -0.005 -11"><span class='ocrx_word' id='word_1_182' title='bbox 506 2120 705 2174; x_wconf 84' lang='lat' dir='ltr'>Contra</span> <span class='ocrx_word' id='word_1_183' title='bbox 742 2118 1110 2184; x_wconf 84' lang='lat' dir='ltr'>Academicos,</span> <span class='ocrx_word' id='word_1_184' title='bbox 1154 2117 1286 2170; x_wconf 81' lang='lat' dir='ltr'>libri</span> <span class='ocrx_word' id='word_1_185' title='bbox 1325 2120 1451 2169; x_wconf 89' lang='lat' dir='ltr'>tres.</span> 
     </span>
    </p>
   </div>
   <div class='ocr_carea' id='block_1_31' title="bbox 190 2227 1832 2303">
    <p class='ocr_par' dir='ltr' id='par_1_31' title="bbox 190 2227 1832 2303">
     <span class='ocr_line' id='line_1_31' title="bbox 190 2227 1832 2303; baseline -0.007 -13"><span class='ocrx_word' id='word_1_186' title='bbox 190 2242 242 2293; x_wconf 81' lang='lat' dir='ltr'>l.</span> <span class='ocrx_word' id='word_1_187' title='bbox 292 2236 434 2289; x_wconf 90' lang='lat' dir='ltr'>Cum</span> <span class='ocrx_word' id='word_1_188' title='bbox 472 2250 607 2303; x_wconf 86' lang='lat' dir='ltr'>ergo</span> <span class='ocrx_word' id='word_1_189' title='bbox 638 2232 1023 2303; x_wconf 87' lang='lat' dir='ltr'>reliquissem,</span> <span class='ocrx_word' id='word_1_190' title='bbox 1051 2231 1140 2284; x_wconf 86' lang='lat' dir='ltr'>vel</span> <span class='ocrx_word' id='word_1_191' title='bbox 1172 2246 1299 2300; x_wconf 69' lang='lat' dir='ltr'>qum</span> <span class='ocrx_word' id='word_1_192' title='bbox 1337 2230 1573 2299; x_wconf 87' lang='lat' dir='ltr'>adeptus</span> <span class='ocrx_word' id='word_1_193' title='bbox 1611 2227 1832 2281; x_wconf 85' lang='lat' dir='ltr'>fueram</span> 
     </span>
    </p>
   </div>
   <div class='ocr_carea' id='block_1_32' title="bbox 114 2316 1835 2394">
    <p class='ocr_par' dir='ltr' id='par_1_32' title="bbox 114 2316 1835 2394">
     <span class='ocr_line' id='line_1_32' title="bbox 114 2316 1835 2394; baseline -0.007 -15"><span class='ocrx_word' id='word_1_194' title='bbox 114 2326 174 2379; x_wconf 88' lang='lat' dir='ltr'>in</span> <span class='ocrx_word' id='word_1_195' title='bbox 208 2323 626 2394; x_wconf 87' lang='lat' dir='ltr'>cupiditatibus</span> <span class='ocrx_word' id='word_1_196' title='bbox 665 2321 836 2391; x_wconf 88' lang='lat' dir='ltr'>hujus</span> <span class='ocrx_word' id='word_1_197' title='bbox 881 2320 1102 2386; x_wconf 88' lang='lat' dir='ltr'>mundi,</span> <span class='ocrx_word' id='word_1_198' title='bbox 1130 2319 1216 2371; x_wconf 93' lang='lat' dir='ltr'>vel</span> <span class='ocrx_word' id='word_1_199' title='bbox 1250 2335 1378 2388; x_wconf 67' lang='lat' dir='ltr'>qua:</span> <span class='ocrx_word' id='word_1_200' title='bbox 1410 2316 1644 2386; x_wconf 87' lang='lat' dir='ltr'>adipisci</span> <span class='ocrx_word' id='word_1_201' title='bbox 1676 2316 1835 2368; x_wconf 88' lang='lat' dir='ltr'>vole—</span> 
     </span>
    </p>
   </div>
   <div class='ocr_carea' id='block_1_33' title="bbox 113 2404 1830 2478">
    <p class='ocr_par' dir='ltr' id='par_1_33' title="bbox 113 2404 1830 2478">
     <span class='ocr_line' id='line_1_33' title="bbox 113 2404 1830 2478; baseline -0.007 -10"><span class='ocrx_word' id='word_1_202' title='bbox 113 2416 278 2478; x_wconf 86' lang='lat' dir='ltr'>bam,</span> <span class='ocrx_word' id='word_1_203' title='bbox 333 2417 390 2466; x_wconf 90' lang='lat' dir='ltr'>et</span> <span class='ocrx_word' id='word_1_204' title='bbox 430 2427 522 2464; x_wconf 91' lang='lat' dir='ltr'>me</span> <span class='ocrx_word' id='word_1_205' title='bbox 553 2410 621 2465; x_wconf 89' lang='lat' dir='ltr'>ad</span> <span class='ocrx_word' id='word_1_206' title='bbox 657 2410 981 2463; x_wconf 51' lang='lat' dir='ltr'>christiana),</span> <span class='ocrx_word' id='word_1_207' title='bbox 1022 2408 1155 2461; x_wconf 64' lang='lat' dir='ltr'>vitae</span> <span class='ocrx_word' id='word_1_208' title='bbox 1205 2408 1385 2460; x_wconf 91' lang='lat' dir='ltr'>otium</span> <span class='ocrx_word' id='word_1_209' title='bbox 1428 2404 1830 2465; x_wconf 85' lang='lat' dir='ltr'>contulissem;</span> 
     </span>
    </p>
   </div>
   <div class='ocr_carea' id='block_1_34' title="bbox 115 2492 1831 2569">
    <p class='ocr_par' dir='ltr' id='par_1_34' title="bbox 115 2492 1831 2569">
     <span class='ocr_line' id='line_1_34' title="bbox 115 2492 1831 2569; baseline -0.007 -13"><span class='ocrx_word' id='word_1_210' title='bbox 115 2502 386 2556; x_wconf 89' lang='lat' dir='ltr'>nondum</span> <span class='ocrx_word' id='word_1_211' title='bbox 428 2500 762 2569; x_wconf 82' lang='lat' dir='ltr'>baptizatus,</span> <span class='ocrx_word' id='word_1_212' title='bbox 806 2502 1001 2551; x_wconf 88' lang='lat' dir='ltr'>contra</span> <span class='ocrx_word' id='word_1_213' title='bbox 1048 2494 1413 2549; x_wconf 84' lang='lat' dir='ltr'>Academicos</span> <span class='ocrx_word' id='word_1_214' title='bbox 1459 2494 1543 2547; x_wconf 89' lang='lat' dir='ltr'>vel</span> <span class='ocrx_word' id='word_1_215' title='bbox 1586 2492 1655 2546; x_wconf 89' lang='lat' dir='ltr'>de</span> <span class='ocrx_word' id='word_1_216' title='bbox 1695 2495 1831 2546; x_wconf 83' lang='lat' dir='ltr'>Aca-</span> 
     </span>
    </p>
   </div>
   <div class='ocr_carea' id='block_1_35' title="bbox 122 2586 1835 2658">
    <p class='ocr_par' dir='ltr' id='par_1_35' title="bbox 122 2586 1835 2658">
     <span class='ocr_line' id='line_1_35' title="bbox 122 2586 1835 2658; baseline -0.006 -15"><span class='ocrx_word' id='word_1_217' title='bbox 122 2589 369 2645; x_wconf 89' lang='lat' dir='ltr'>demicis</span> <span class='ocrx_word' id='word_1_218' title='bbox 401 2588 653 2658; x_wconf 89' lang='lat' dir='ltr'>primum</span> <span class='ocrx_word' id='word_1_219' title='bbox 700 2586 917 2657; x_wconf 90' lang='lat' dir='ltr'>scripsi,</span> <span class='ocrx_word' id='word_1_220' title='bbox 967 2590 1030 2639; x_wconf 91' lang='lat' dir='ltr'>ut</span> <span class='ocrx_word' id='word_1_221' title='bbox 1060 2589 1399 2651; x_wconf 81' lang='lat' dir='ltr'>argumenta</span> <span class='ocrx_word' id='word_1_222' title='bbox 1450 2598 1670 2647; x_wconf 91' lang='lat' dir='ltr'>eorum,</span> <span class='ocrx_word' id='word_1_223' title='bbox 1708 2598 1835 2651; x_wconf 71' lang='lat' dir='ltr'>qua:</span> 
     </span>
    </p>
   </div>
   <div class='ocr_carea' id='block_1_36' title="bbox 113 2671 1839 2745">
    <p class='ocr_par' dir='ltr' id='par_1_36' title="bbox 113 2671 1839 2745">
     <span class='ocr_line' id='line_1_36' title="bbox 113 2671 1839 2745; baseline -0.006 -13"><span class='ocrx_word' id='word_1_224' title='bbox 113 2677 319 2732; x_wconf 89' lang='lat' dir='ltr'>multis</span> <span class='ocrx_word' id='word_1_225' title='bbox 368 2676 641 2745; x_wconf 87' lang='lat' dir='ltr'>ingerunt</span> <span class='ocrx_word' id='word_1_226' title='bbox 694 2675 813 2728; x_wconf 89' lang='lat' dir='ltr'>veri</span> <span class='ocrx_word' id='word_1_227' title='bbox 862 2672 1187 2727; x_wconf 83' lang='lat' dir='ltr'>inveniendi</span> <span class='ocrx_word' id='word_1_228' title='bbox 1243 2671 1720 2742; x_wconf 86' lang='lat' dir='ltr'>desperationem,</span> <span class='ocrx_word' id='word_1_229' title='bbox 1782 2674 1839 2722; x_wconf 87' lang='lat' dir='ltr'>et</span> 
     </span>
    </p>
   </div>
   <div class='ocr_carea' id='block_1_37' title="bbox 117 2757 1834 2838">
    <p class='ocr_par' dir='ltr' id='par_1_37' title="bbox 117 2757 1834 2838">
     <span class='ocr_line' id='line_1_37' title="bbox 117 2757 1834 2838; baseline -0.006 -18"><span class='ocrx_word' id='word_1_230' title='bbox 117 2766 438 2838; x_wconf 88' lang='lat' dir='ltr'>prohibent</span> <span class='ocrx_word' id='word_1_231' title='bbox 465 2765 731 2834; x_wconf 90' lang='lat' dir='ltr'>cuiquam</span> <span class='ocrx_word' id='word_1_232' title='bbox 770 2762 854 2817; x_wconf 85' lang='lat' dir='ltr'>rei</span> <span class='ocrx_word' id='word_1_233' title='bbox 893 2761 1177 2823; x_wconf 88' lang='lat' dir='ltr'>assentiri,</span> <span class='ocrx_word' id='word_1_234' title='bbox 1220 2766 1276 2813; x_wconf 89' lang='lat' dir='ltr'>et</span> <span class='ocrx_word' id='word_1_235' title='bbox 1307 2760 1543 2813; x_wconf 91' lang='lat' dir='ltr'>omnino</span> <span class='ocrx_word' id='word_1_236' title='bbox 1591 2757 1834 2827; x_wconf 89' lang='lat' dir='ltr'>aliquid,</span> 
     </span>
    </p>
   </div>
   <div class='ocr_carea' id='block_1_38' title="bbox 119 2847 1836 2926">
    <p class='ocr_par' dir='ltr' id='par_1_38' title="bbox 119 2847 1836 2926">
     <span class='ocr_line' id='line_1_38' title="bbox 119 2847 1836 2926; baseline -0.007 -17"><span class='ocrx_word' id='word_1_237' title='bbox 119 2861 403 2926; x_wconf 82' lang='lat' dir='ltr'>tanquam</span> <span class='ocrx_word' id='word_1_238' title='bbox 452 2853 823 2906; x_wconf 87' lang='lat' dir='ltr'>manifestum</span> <span class='ocrx_word' id='word_1_239' title='bbox 863 2855 1199 2920; x_wconf 87' lang='lat' dir='ltr'>certumque</span> <span class='ocrx_word' id='word_1_240' title='bbox 1247 2849 1335 2913; x_wconf 90' lang='lat' dir='ltr'>sit,</span> <span class='ocrx_word' id='word_1_241' title='bbox 1386 2847 1704 2917; x_wconf 86' lang='lat' dir='ltr'>approbare</span> <span class='ocrx_word' id='word_1_242' title='bbox 1750 2862 1836 2897; x_wconf 89' lang='lat' dir='ltr'>sa-</span> 
     </span>
    </p>
   </div>
   <div class='ocr_carea' id='block_1_39' title="bbox 120 2934 1838 3015">
    <p class='ocr_par' dir='ltr' id='par_1_39' title="bbox 120 2934 1838 3015">
     <span class='ocr_line' id='line_1_39' title="bbox 120 2934 1838 3015; baseline -0.008 -16"><span class='ocrx_word' id='word_1_243' title='bbox 120 2946 409 3015; x_wconf 90' lang='lat' dir='ltr'>pientem,</span> <span class='ocrx_word' id='word_1_244' title='bbox 433 2958 563 2997; x_wconf 90' lang='lat' dir='ltr'>cum</span> <span class='ocrx_word' id='word_1_245' title='bbox 595 2941 674 2995; x_wconf 88' lang='lat' dir='ltr'>eis</span> <span class='ocrx_word' id='word_1_246' title='bbox 704 2940 897 2994; x_wconf 91' lang='lat' dir='ltr'>omnia</span> <span class='ocrx_word' id='word_1_247' title='bbox 915 2939 1216 2993; x_wconf 88' lang='lat' dir='ltr'>videantur</span> <span class='ocrx_word' id='word_1_248' title='bbox 1237 2938 1477 2991; x_wconf 90' lang='lat' dir='ltr'>obscura</span> <span class='ocrx_word' id='word_1_249' title='bbox 1509 2939 1565 2988; x_wconf 88' lang='lat' dir='ltr'>et</span> <span class='ocrx_word' id='word_1_250' title='bbox 1597 2934 1838 3000; x_wconf 89' lang='lat' dir='ltr'>incerta,</span> 
     </span>
    </p>
   </div>
   <div class='ocr_carea' id='block_1_40' title="bbox 120 3018 1841 3101">
    <p class='ocr_par' dir='ltr' id='par_1_40' title="bbox 120 3018 1841 3101">
     <span class='ocr_line' id='line_1_40' title="bbox 120 3018 1841 3101; baseline -0.009 -14"><span class='ocrx_word' id='word_1_251' title='bbox 120 3036 193 3087; x_wconf 89' lang='lat' dir='ltr'>ab</span> <span class='ocrx_word' id='word_1_252' title='bbox 224 3032 424 3086; x_wconf 86' lang='lat' dir='ltr'>animo</span> <span class='ocrx_word' id='word_1_253' title='bbox 456 3047 607 3093; x_wconf 90' lang='lat' dir='ltr'>meo,</span> <span class='ocrx_word' id='word_1_254' title='bbox 637 3030 769 3101; x_wconf 90' lang='lat' dir='ltr'>quia</span> <span class='ocrx_word' id='word_1_255' title='bbox 799 3034 855 3083; x_wconf 89' lang='lat' dir='ltr'>et</span> <span class='ocrx_word' id='word_1_256' title='bbox 884 3045 975 3081; x_wconf 90' lang='lat' dir='ltr'>me</span> <span class='ocrx_word' id='word_1_257' title='bbox 1007 3027 1330 3089; x_wconf 85' lang='lat' dir='ltr'>movebant,</span> <span class='ocrx_word' id='word_1_258' title='bbox 1360 3018 1589 3094; x_wconf 83' lang='lat' dir='ltr'>quantis</span> <span class='ocrx_word' id='word_1_259' title='bbox 1614 3037 1841 3092; x_wconf 90' lang='lat' dir='ltr'>possem</span> 
     </span>
    </p>
   </div>
   <div class='ocr_carea' id='block_1_41' title="bbox 120 3111 1839 3183">
    <p class='ocr_par' dir='ltr' id='par_1_41' title="bbox 120 3111 1839 3183">
     <span class='ocr_line' id='line_1_41' title="bbox 120 3111 1839 3183; baseline -0.008 -8"><span class='ocrx_word' id='word_1_260' title='bbox 120 3122 450 3176; x_wconf 84' lang='lat' dir='ltr'>rationibus</span> <span class='ocrx_word' id='word_1_261' title='bbox 472 3135 813 3173; x_wconf 87' lang='lat' dir='ltr'>amoverem.</span> <span class='ocrx_word' id='word_1_262' title='bbox 838 3117 996 3181; x_wconf 86' lang='lat' dir='ltr'>Quod</span> <span class='ocrx_word' id='word_1_263' title='bbox 1018 3116 1323 3169; x_wconf 88' lang='lat' dir='ltr'>miserante</span> <span class='ocrx_word' id='word_1_264' title='bbox 1346 3119 1515 3183; x_wconf 90' lang='lat' dir='ltr'>atque</span> <span class='ocrx_word' id='word_1_265' title='bbox 1538 3111 1603 3164; x_wconf 89' lang='lat' dir='ltr'>ad</span> <span class='ocrx_word' id='word_1_266' title='bbox 1605 3112 1839 3180; x_wconf 88' lang='lat' dir='ltr'>juvante</span> 
     </span>
    </p>
   </div>
   <div class='ocr_carea' id='block_1_42' title="bbox 125 3210 749 3265">
    <p class='ocr_par' dir='ltr' id='par_1_42' title="bbox 125 3210 749 3265">
     <span class='ocr_line' id='line_1_42' title="bbox 125 3210 749 3265; baseline -0.01 0"><span class='ocrx_word' id='word_1_267' title='bbox 125 3211 375 3265; x_wconf 91' lang='lat' dir='ltr'>Domino</span> <span class='ocrx_word' id='word_1_268' title='bbox 407 3210 618 3262; x_wconf 84' lang='lat' dir='ltr'>factum</span> <span class='ocrx_word' id='word_1_269' title='bbox 649 3211 749 3260; x_wconf 89' lang='lat' dir='ltr'>est.</span> 
     </span>
    </p>
   </div>
   <div class='ocr_carea' id='block_1_43' title="bbox 199 3286 1846 3357">
    <p class='ocr_par' dir='ltr' id='par_1_43' title="bbox 199 3286 1846 3357">
     <span class='ocr_line' id='line_1_43' title="bbox 199 3286 1846 3357; baseline -0.009 -4"><span class='ocrx_word' id='word_1_270' title='bbox 199 3303 254 3353; x_wconf 65' lang='grc' dir='ltr'>εὶ.</span> <span class='ocrx_word' id='word_1_271' title='bbox 298 3298 409 3353; x_wconf 88' lang='lat' dir='ltr'>Sed</span> <span class='ocrx_word' id='word_1_272' title='bbox 431 3298 491 3351; x_wconf 91' lang='lat' dir='ltr'>in</span> <span class='ocrx_word' id='word_1_273' title='bbox 521 3297 734 3351; x_wconf 90' lang='lat' dir='ltr'>eisdem</span> <span class='ocrx_word' id='word_1_274' title='bbox 764 3294 947 3348; x_wconf 90' lang='lat' dir='ltr'>tribus</span> <span class='ocrx_word' id='word_1_275' title='bbox 966 3293 1125 3347; x_wconf 90' lang='lat' dir='ltr'>libris</span> <span class='ocrx_word' id='word_1_276' title='bbox 1154 3291 1318 3349; x_wconf 89' lang='lat' dir='ltr'>meis,</span> <span class='ocrx_word' id='word_1_277' title='bbox 1342 3306 1455 3343; x_wconf 91' lang='lat' dir='ltr'>non</span> <span class='ocrx_word' id='word_1_278' title='bbox 1480 3286 1625 3342; x_wconf 89' lang='lat' dir='ltr'>mihi</span> <span class='ocrx_word' id='word_1_279' title='bbox 1658 3287 1846 3357; x_wconf 87' lang='lat' dir='ltr'>placet</span> 
     </span>
    </p>
   </div>
   <div class='ocr_carea' id='block_1_44' title="bbox 129 3375 1841 3456">
    <p class='ocr_par' dir='ltr' id='par_1_44' title="bbox 129 3375 1841 3456">
     <span class='ocr_line' id='line_1_44' title="bbox 129 3375 1841 3456; baseline -0.009 -13"><span class='ocrx_word' id='word_1_280' title='bbox 129 3389 299 3443; x_wconf 85' lang='lat' dir='ltr'>toties</span> <span class='ocrx_word' id='word_1_281' title='bbox 321 3403 415 3441; x_wconf 90' lang='lat' dir='ltr'>me</span> <span class='ocrx_word' id='word_1_282' title='bbox 444 3386 758 3456; x_wconf 85' lang='lat' dir='ltr'>appellasse</span> <span class='ocrx_word' id='word_1_283' title='bbox 782 3385 1088 3438; x_wconf 86' lang='lat' dir='ltr'>Fortunam</span> <span class='ocrx_word' id='word_1_284' title='bbox 1122 3381 1259 3445; x_wconf 86' lang='lat' dir='ltr'>(Lib.</span> <span class='ocrx_word' id='word_1_285' title='bbox 1298 3383 1346 3440; x_wconf 85' lang='lat' dir='ltr'>l,</span> <span class='ocrx_word' id='word_1_286' title='bbox 1380 3394 1424 3433; x_wconf 89' lang='lat' dir='ltr'>c.</span> <span class='ocrx_word' id='word_1_287' title='bbox 1463 3382 1509 3443; x_wconf 88' lang='lat' dir='ltr'>l,</span> <span class='ocrx_word' id='word_1_288' title='bbox 1542 3393 1599 3429; x_wconf 81' lang='grc' dir='ltr'>η.</span> <span class='ocrx_word' id='word_1_289' title='bbox 1634 3380 1653 3429; x_wconf 85' lang='lat' dir='ltr'>l</span> <span class='ocrx_word' id='word_1_290' title='bbox 1682 3380 1732 3429; x_wconf 85' lang='lat' dir='ltr'>et</span> <span class='ocrx_word' id='word_1_291' title='bbox 1758 3375 1841 3442; x_wconf 82' lang='lat'>7);</span> 
     </span>
    </p>
   </div>
   <div class='ocr_carea' id='block_1_45' title="bbox 130 3462 1844 3548">
    <p class='ocr_par' dir='ltr' id='par_1_45' title="bbox 130 3462 1844 3548">
     <span class='ocr_line' id='line_1_45' title="bbox 130 3462 1844 3548; baseline -0.009 -17"><span class='ocrx_word' id='word_1_292' title='bbox 130 3476 397 3548; x_wconf 83' lang='lat' dir='ltr'>quamvis</span> <span class='ocrx_word' id='word_1_293' title='bbox 428 3491 548 3529; x_wconf 89' lang='lat' dir='ltr'>non</span> <span class='ocrx_word' id='word_1_294' title='bbox 576 3474 827 3544; x_wconf 87' lang='lat' dir='ltr'>aliquam</span> <span class='ocrx_word' id='word_1_295' title='bbox 858 3472 1024 3526; x_wconf 91' lang='lat' dir='ltr'>deam</span> <span class='ocrx_word' id='word_1_296' title='bbox 1053 3469 1333 3524; x_wconf 88' lang='lat' dir='ltr'>voluerim</span> <span class='ocrx_word' id='word_1_297' title='bbox 1355 3468 1467 3520; x_wconf 86' lang='lat' dir='ltr'>hoc</span> <span class='ocrx_word' id='word_1_298' title='bbox 1497 3462 1729 3519; x_wconf 91' lang='lat' dir='ltr'>nomine</span> <span class='ocrx_word' id='word_1_299' title='bbox 1756 3463 1844 3516; x_wconf 90' lang='lat' dir='ltr'>in-</span> 
     </span>
    </p>
   </div>
   <div class='ocr_carea' id='block_1_46' title="bbox 132 3550 1848 3635">
    <p class='ocr_par' dir='ltr' id='par_1_46' title="bbox 132 3550 1848 3635">
     <span class='ocr_line' id='line_1_46' title="bbox 132 3550 1848 3635; baseline -0.009 -16"><span class='ocrx_word' id='word_1_300' title='bbox 132 3564 341 3635; x_wconf 88' lang='lat' dir='ltr'>telligi,</span> <span class='ocrx_word' id='word_1_301' title='bbox 376 3564 475 3617; x_wconf 90' lang='lat' dir='ltr'>sed</span> <span class='ocrx_word' id='word_1_302' title='bbox 513 3562 810 3617; x_wconf 84' lang='lat' dir='ltr'>fortuitum</span> <span class='ocrx_word' id='word_1_303' title='bbox 844 3576 1037 3614; x_wconf 89' lang='lat' dir='ltr'>rerum</span> <span class='ocrx_word' id='word_1_304' title='bbox 1075 3565 1364 3621; x_wconf 84' lang='lat' dir='ltr'>eventum,</span> <span class='ocrx_word' id='word_1_305' title='bbox 1392 3555 1479 3608; x_wconf 92' lang='lat' dir='ltr'>vel</span> <span class='ocrx_word' id='word_1_306' title='bbox 1508 3554 1566 3607; x_wconf 92' lang='lat' dir='ltr'>in</span> <span class='ocrx_word' id='word_1_307' title='bbox 1596 3550 1848 3621; x_wconf 89' lang='lat' dir='ltr'>corporis</span> 
     </span>
    </p>
   </div>
   <div class='ocr_carea' id='block_1_47' title="bbox 136 3638 1851 3719">
    <p class='ocr_par' dir='ltr' id='par_1_47' title="bbox 136 3638 1851 3719">
     <span class='ocr_line' id='line_1_47' title="bbox 136 3638 1851 3719; baseline -0.011 -11"><span class='ocrx_word' id='word_1_308' title='bbox 136 3653 342 3719; x_wconf 89' lang='lat' dir='ltr'>nostri,</span> <span class='ocrx_word' id='word_1_309' title='bbox 386 3653 472 3705; x_wconf 86' lang='lat' dir='ltr'>vel</span> <span class='ocrx_word' id='word_1_310' title='bbox 510 3651 569 3705; x_wconf 92' lang='lat' dir='ltr'>in</span> <span class='ocrx_word' id='word_1_311' title='bbox 609 3650 855 3704; x_wconf 86' lang='lat' dir='ltr'>externis</span> <span class='ocrx_word' id='word_1_312' title='bbox 892 3647 1056 3702; x_wconf 91' lang='lat' dir='ltr'>bonis</span> <span class='ocrx_word' id='word_1_313' title='bbox 1095 3650 1193 3699; x_wconf 87' lang='lat' dir='ltr'>aut</span> <span class='ocrx_word' id='word_1_314' title='bbox 1234 3644 1417 3698; x_wconf 92' lang='lat' dir='ltr'>malis.</span> <span class='ocrx_word' id='word_1_315' title='bbox 1461 3641 1620 3696; x_wconf 91' lang='lat' dir='ltr'>Unde</span> <span class='ocrx_word' id='word_1_316' title='bbox 1662 3644 1717 3693; x_wconf 91' lang='lat' dir='ltr'>et</span> <span class='ocrx_word' id='word_1_317' title='bbox 1754 3638 1851 3691; x_wconf 91' lang='lat' dir='ltr'>illa</span> 
     </span>
    </p>
   </div>
   <div class='ocr_carea' id='block_1_48' title="bbox 136 3729 1847 3809">
    <p class='ocr_par' dir='ltr' id='par_1_48' title="bbox 136 3729 1847 3809">
     <span class='ocr_line' id='line_1_48' title="bbox 136 3729 1847 3809; baseline -0.011 -13"><span class='ocrx_word' id='word_1_318' title='bbox 136 3742 317 3796; x_wconf 85' lang='lat' dir='ltr'>verba</span> <span class='ocrx_word' id='word_1_319' title='bbox 345 3744 500 3805; x_wconf 89' lang='lat' dir='ltr'>sunt,</span> <span class='ocrx_word' id='word_1_320' title='bbox 535 3755 664 3809; x_wconf 58' lang='lat' dir='ltr'>qua</span> <span class='ocrx_word' id='word_1_321' title='bbox 695 3738 851 3791; x_wconf 89' lang='lat' dir='ltr'>nulla</span> <span class='ocrx_word' id='word_1_322' title='bbox 880 3735 1080 3805; x_wconf 88' lang='lat' dir='ltr'>religio</span> <span class='ocrx_word' id='word_1_323' title='bbox 1115 3734 1302 3787; x_wconf 88' lang='lat' dir='ltr'>dicere</span> <span class='ocrx_word' id='word_1_324' title='bbox 1340 3729 1631 3801; x_wconf 88' lang='lat' dir='ltr'>prohibet,</span> <span class='ocrx_word' id='word_1_325' title='bbox 1666 3729 1847 3791; x_wconf 85' lang='lat' dir='ltr'>Forte,</span> 
     </span>
    </p>
   </div>
   <div class='ocr_carea' id='block_1_49' title="bbox 142 3819 1852 3895">
    <p class='ocr_par' dir='ltr' id='par_1_49' title="bbox 142 3819 1852 3895">
     <span class='ocr_line' id='line_1_49' title="bbox 142 3819 1852 3895; baseline -0.011 -9"><span class='ocrx_word' id='word_1_326' title='bbox 142 3832 358 3895; x_wconf 81' lang='lat' dir='ltr'>forsan,</span> <span class='ocrx_word' id='word_1_327' title='bbox 394 3828 648 3893; x_wconf 87' lang='lat' dir='ltr'>forsitan,</span> <span class='ocrx_word' id='word_1_328' title='bbox 678 3826 932 3890; x_wconf 82' lang='lat' dir='ltr'>fortasse,</span> <span class='ocrx_word' id='word_1_329' title='bbox 962 3822 1228 3877; x_wconf 85' lang='lat' dir='ltr'>fortuito:</span> <span class='ocrx_word' id='word_1_330' title='bbox 1263 3819 1417 3891; x_wconf 92' lang='lat' dir='ltr'>quod</span> <span class='ocrx_word' id='word_1_331' title='bbox 1441 3824 1635 3871; x_wconf 90' lang='lat' dir='ltr'>tamen</span> <span class='ocrx_word' id='word_1_332' title='bbox 1664 3819 1852 3869; x_wconf 89' lang='lat' dir='ltr'>totum</span> 
     </span>
    </p>
   </div>
   <div class='ocr_carea' id='block_1_50' title="bbox 142 3903 1855 3981">
    <p class='ocr_par' dir='ltr' id='par_1_50' title="bbox 142 3903 1855 3981">
     <span class='ocr_line' id='line_1_50' title="bbox 142 3903 1855 3981; baseline -0.011 -8"><span class='ocrx_word' id='word_1_333' title='bbox 142 3920 213 3973; x_wconf 83' lang='lat' dir='ltr'>ad</span> <span class='ocrx_word' id='word_1_334' title='bbox 241 3917 499 3971; x_wconf 86' lang='lat' dir='ltr'>divinam</span> <span class='ocrx_word' id='word_1_335' title='bbox 532 3914 910 3968; x_wconf 88' lang='lat' dir='ltr'>revocandum</span> <span class='ocrx_word' id='word_1_336' title='bbox 947 3917 1032 3964; x_wconf 89' lang='lat' dir='ltr'>est</span> <span class='ocrx_word' id='word_1_337' title='bbox 1061 3907 1500 3981; x_wconf 88' lang='lat' dir='ltr'>providentiam.</span> <span class='ocrx_word' id='word_1_338' title='bbox 1539 3906 1652 3958; x_wconf 87' lang='lat' dir='ltr'>Hoc</span> <span class='ocrx_word' id='word_1_339' title='bbox 1682 3903 1855 3955; x_wconf 84' lang='lat' dir='ltr'>etiam</span> 
     </span>
    </p>
   </div>
   <div class='ocr_carea' id='block_1_51' title="bbox 144 3994 1853 4069">
    <p class='ocr_par' dir='ltr' id='par_1_51' title="bbox 144 3994 1853 4069">
     <span class='ocr_line' id='line_1_51' title="bbox 144 3994 1853 4069; baseline -0.01 -9"><span class='ocrx_word' id='word_1_340' title='bbox 144 4008 224 4061; x_wconf 90' lang='lat' dir='ltr'>ibi</span> <span class='ocrx_word' id='word_1_341' title='bbox 250 4022 363 4059; x_wconf 89' lang='lat' dir='ltr'>non</span> <span class='ocrx_word' id='word_1_342' title='bbox 385 4003 557 4069; x_wconf 89' lang='lat' dir='ltr'>tacui,</span> <span class='ocrx_word' id='word_1_343' title='bbox 600 4002 822 4056; x_wconf 90' lang='lat' dir='ltr'>dicens:</span> <span class='ocrx_word' id='word_1_344' title='bbox 870 4002 1077 4054; x_wconf 90' lang='lat' dir='ltr'>Etenim</span> <span class='ocrx_word' id='word_1_345' title='bbox 1110 4000 1363 4065; x_wconf 84' lang='lat' dir='ltr'>fortasse,</span> <span class='ocrx_word' id='word_1_346' title='bbox 1406 4010 1524 4062; x_wconf 68' lang='lat' dir='ltr'>quae</span> <span class='ocrx_word' id='word_1_347' title='bbox 1553 3994 1709 4059; x_wconf 79' lang='lat' dir='ltr'>vulgo</span> <span class='ocrx_word' id='word_1_348' title='bbox 1738 3994 1853 4057; x_wconf 85' lang='lat' dir='ltr'>for-</span> 
     </span>
    </p>
   </div>
   <div class='ocr_carea' id='block_1_52' title="bbox 148 4080 1857 4156">
    <p class='ocr_par' dir='ltr' id='par_1_52' title="bbox 148 4080 1857 4156">
     <span class='ocr_line' id='line_1_52' title="bbox 148 4080 1857 4156; baseline -0.011 -7"><span class='ocrx_word' id='word_1_349' title='bbox 148 4103 283 4149; x_wconf 87' lang='lat' dir='ltr'>tuna</span> <span class='ocrx_word' id='word_1_350' title='bbox 322 4096 652 4153; x_wconf 84' lang='lat' dir='ltr'>nominatur,</span> <span class='ocrx_word' id='word_1_351' title='bbox 698 4091 897 4144; x_wconf 87' lang='lat' dir='ltr'>occulto</span> <span class='ocrx_word' id='word_1_352' title='bbox 935 4088 1168 4156; x_wconf 84' lang='lat' dir='ltr'>quodam</span> <span class='ocrx_word' id='word_1_353' title='bbox 1195 4085 1383 4139; x_wconf 79' lang='lat' dir='ltr'>ordine</span> <span class='ocrx_word' id='word_1_354' title='bbox 1420 4084 1658 4150; x_wconf 81' lang='lat' dir='ltr'>reg-itur;</span> <span class='ocrx_word' id='word_1_355' title='bbox 1692 4080 1857 4133; x_wconf 86' lang='lat' dir='ltr'>nihil-</span> 
     </span>
    </p>
   </div>
   <div class='ocr_carea' id='block_1_53' title="bbox 148 4169 1861 4253">
    <p class='ocr_par' dir='ltr' id='par_1_53' title="bbox 148 4169 1861 4253">
     <span class='ocr_line' id='line_1_53' title="bbox 148 4169 1861 4253; baseline -0.011 -16"><span class='ocrx_word' id='word_1_356' title='bbox 148 4200 249 4253; x_wconf 84' lang='lat' dir='ltr'>que</span> <span class='ocrx_word' id='word_1_357' title='bbox 279 4183 436 4236; x_wconf 89' lang='lat' dir='ltr'>aliud</span> <span class='ocrx_word' id='word_1_358' title='bbox 478 4183 535 4233; x_wconf 90' lang='lat' dir='ltr'>in</span> <span class='ocrx_word' id='word_1_359' title='bbox 562 4180 715 4233; x_wconf 83' lang='lat' dir='ltr'>rebus</span> <span class='ocrx_word' id='word_1_360' title='bbox 767 4192 950 4231; x_wconf 88' lang='lat' dir='ltr'>casum</span> <span class='ocrx_word' id='word_1_361' title='bbox 987 4189 1258 4239; x_wconf 79' lang='lat' dir='ltr'>vocamus,</span> <span class='ocrx_word' id='word_1_362' title='bbox 1307 4173 1418 4225; x_wconf 88' lang='lat' dir='ltr'>nisi</span> <span class='ocrx_word' id='word_1_363' title='bbox 1446 4170 1601 4237; x_wconf 85' lang='lat' dir='ltr'>cujus</span> <span class='ocrx_word' id='word_1_364' title='bbox 1630 4169 1773 4221; x_wconf 81' lang='lat' dir='ltr'>ratio</span> <span class='ocrx_word' id='word_1_365' title='bbox 1813 4170 1861 4219; x_wconf 89' lang='lat' dir='ltr'>et</span> 
     </span>
    </p>
   </div>
   <div class='ocr_carea' id='block_1_54' title="bbox 152 4261 1861 4335">
    <p class='ocr_par' dir='ltr' id='par_1_54' title="bbox 152 4261 1861 4335">
     <span class='ocr_line' id='line_1_54' title="bbox 152 4261 1861 4335; baseline -0.012 -8"><span class='ocrx_word' id='word_1_366' title='bbox 152 4287 322 4327; x_wconf 86' lang='lat' dir='ltr'>causa</span> <span class='ocrx_word' id='word_1_367' title='bbox 350 4274 553 4325; x_wconf 86' lang='lat' dir='ltr'>secreta</span> <span class='ocrx_word' id='word_1_368' title='bbox 588 4273 685 4321; x_wconf 88' lang='lat' dir='ltr'>est.</span> <span class='ocrx_word' id='word_1_369' title='bbox 716 4266 839 4320; x_wconf 83' lang='lat' dir='ltr'>Dixi</span> <span class='ocrx_word' id='word_1_370' title='bbox 874 4264 1103 4335; x_wconf 88' lang='lat' dir='ltr'>quidem</span> <span class='ocrx_word' id='word_1_371' title='bbox 1132 4263 1261 4329; x_wconf 90' lang='lat' dir='ltr'>hoc,</span> <span class='ocrx_word' id='word_1_372' title='bbox 1302 4261 1696 4312; x_wconf 87' lang='lat' dir='ltr'>verumtamen</span> <span class='ocrx_word' id='word_1_373' title='bbox 1740 4271 1861 4324; x_wconf 82' lang='lat' dir='ltr'>poe-</span> 
     </span>
    </p>
   </div>
   <div class='ocr_carea' id='block_1_55' title="bbox 154 4344 1864 4415">
    <p class='ocr_par' dir='ltr' id='par_1_55' title="bbox 154 4344 1864 4415">
     <span class='ocr_line' id='line_1_55' title="bbox 154 4344 1864 4415; baseline -0.012 -1"><span class='ocrx_word' id='word_1_374' title='bbox 154 4361 303 4415; x_wconf 90' lang='lat' dir='ltr'>nitet</span> <span class='ocrx_word' id='word_1_375' title='bbox 341 4374 437 4411; x_wconf 90' lang='lat' dir='ltr'>me</span> <span class='ocrx_word' id='word_1_376' title='bbox 478 4357 558 4409; x_wconf 89' lang='lat' dir='ltr'>sic</span> <span class='ocrx_word' id='word_1_377' title='bbox 598 4355 713 4409; x_wconf 92' lang='lat' dir='ltr'>illic</span> <span class='ocrx_word' id='word_1_378' title='bbox 753 4353 1079 4407; x_wconf 90' lang='lat' dir='ltr'>nominasse</span> <span class='ocrx_word' id='word_1_379' title='bbox 1117 4351 1430 4413; x_wconf 87' lang='lat' dir='ltr'>fortunam,</span> <span class='ocrx_word' id='word_1_380' title='bbox 1464 4361 1595 4399; x_wconf 91' lang='lat' dir='ltr'>cum</span> <span class='ocrx_word' id='word_1_381' title='bbox 1645 4344 1864 4397; x_wconf 91' lang='lat' dir='ltr'>videam</span> 
     </span>
    </p>
   </div>
   <div class='ocr_carea' id='block_1_56' title="bbox 154 4427 1868 4510">
    <p class='ocr_par' dir='ltr' id='par_1_56' title="bbox 154 4427 1868 4510">
     <span class='ocr_line' id='line_1_56' title="bbox 154 4427 1868 4510; baseline -0.012 -10"><span class='ocrx_word' id='word_1_382' title='bbox 154 4445 422 4501; x_wconf 87' lang='lat' dir='ltr'>homines</span> <span class='ocrx_word' id='word_1_383' title='bbox 458 4443 671 4496; x_wconf 86' lang='lat' dir='ltr'>habere</span> <span class='ocrx_word' id='word_1_384' title='bbox 716 4440 777 4493; x_wconf 89' lang='lat' dir='ltr'>in</span> <span class='ocrx_word' id='word_1_385' title='bbox 817 4438 1065 4510; x_wconf 87' lang='lat' dir='ltr'>pessima</span> <span class='ocrx_word' id='word_1_386' title='bbox 1122 4432 1560 4497; x_wconf 82' lang='lat' dir='ltr'>consuetudine,</span> <span class='ocrx_word' id='word_1_387' title='bbox 1610 4430 1711 4483; x_wconf 90' lang='lat' dir='ltr'>ubi</span> <span class='ocrx_word' id='word_1_388' title='bbox 1756 4427 1868 4481; x_wconf 93' lang='lat' dir='ltr'>dici</span> 
     </span>
    </p>
   </div>
   <div class='ocr_carea' id='block_1_57' title="bbox 157 4518 1862 4594">
    <p class='ocr_par' dir='ltr' id='par_1_57' title="bbox 157 4518 1862 4594">
     <span class='ocr_line' id='line_1_57' title="bbox 157 4518 1862 4594; baseline -0.011 -6"><span class='ocrx_word' id='word_1_389' title='bbox 157 4535 346 4594; x_wconf 86' lang='lat' dir='ltr'>debet.</span> <span class='ocrx_word' id='word_1_390' title='bbox 392 4533 504 4585; x_wconf 88' lang='lat' dir='ltr'>Hoc</span> <span class='ocrx_word' id='word_1_391' title='bbox 544 4532 690 4583; x_wconf 88' lang='lat' dir='ltr'>Deus</span> <span class='ocrx_word' id='word_1_392' title='bbox 732 4528 933 4591; x_wconf 91' lang='lat' dir='ltr'>voluit,</span> <span class='ocrx_word' id='word_1_393' title='bbox 982 4524 1189 4589; x_wconf 91' lang='lat' dir='ltr'>dicere,</span> <span class='ocrx_word' id='word_1_394' title='bbox 1236 4524 1351 4577; x_wconf 84' lang='lat' dir='ltr'>Hoc</span> <span class='ocrx_word' id='word_1_395' title='bbox 1399 4520 1579 4575; x_wconf 89' lang='lat' dir='ltr'>voluit</span> <span class='ocrx_word' id='word_1_396' title='bbox 1620 4518 1862 4571; x_wconf 84' lang='lat' dir='ltr'>fortuna.</span> 
     </span>
    </p>
   </div>
   <div class='ocr_carea' id='block_1_58' title="bbox 158 4608 1869 4688">
    <p class='ocr_par' dir='ltr' id='par_1_58' title="bbox 158 4608 1869 4688">
     <span class='ocr_line' id='line_1_58' title="bbox 158 4608 1869 4688; baseline -0.011 -12"><span class='ocrx_word' id='word_1_397' title='bbox 158 4622 323 4687; x_wconf 81' lang='lat' dir='ltr'>Quod</span> <span class='ocrx_word' id='word_1_398' title='bbox 372 4624 566 4673; x_wconf 90' lang='lat' dir='ltr'>autem</span> <span class='ocrx_word' id='word_1_399' title='bbox 617 4616 866 4688; x_wconf 90' lang='lat' dir='ltr'>quodam</span> <span class='ocrx_word' id='word_1_400' title='bbox 916 4616 1040 4668; x_wconf 92' lang='lat' dir='ltr'>loco</span> <span class='ocrx_word' id='word_1_401' title='bbox 1086 4612 1223 4678; x_wconf 80' lang='lat' dir='ltr'>dixi,</span> <span class='ocrx_word' id='word_1_402' title='bbox 1256 4613 1342 4665; x_wconf 90' lang='lat' dir='ltr'>Ita</span> <span class='ocrx_word' id='word_1_403' title='bbox 1378 4612 1747 4677; x_wconf 83' lang='lat' dir='ltr'>comparatum</span> <span class='ocrx_word' id='word_1_404' title='bbox 1771 4608 1869 4668; x_wconf 87' lang='lat' dir='ltr'>est,</span> 
     </span>
    </p>
   </div>
   <div class='ocr_carea' id='block_1_59' title="bbox 157 4696 1874 4779">
    <p class='ocr_par' dir='ltr' id='par_1_59' title="bbox 157 4696 1874 4779">
     <span class='ocr_line' id='line_1_59' title="bbox 157 4696 1874 4779; baseline -0.012 -14"><span class='ocrx_word' id='word_1_405' title='bbox 157 4716 270 4765; x_wconf 84' lang='lat' dir='ltr'>sive</span> <span class='ocrx_word' id='word_1_406' title='bbox 293 4726 398 4779; x_wconf 80' lang='lat' dir='ltr'>pro</span> <span class='ocrx_word' id='word_1_407' title='bbox 429 4709 635 4762; x_wconf 84' lang='lat' dir='ltr'>meritis</span> <span class='ocrx_word' id='word_1_408' title='bbox 656 4707 876 4769; x_wconf 87' lang='lat' dir='ltr'>nostris,</span> <span class='ocrx_word' id='word_1_409' title='bbox 919 4706 1030 4757; x_wconf 86' lang='lat' dir='ltr'>sive</span> <span class='ocrx_word' id='word_1_410' title='bbox 1055 4716 1156 4769; x_wconf 77' lang='lat' dir='ltr'>pro</span> <span class='ocrx_word' id='word_1_411' title='bbox 1194 4700 1509 4754; x_wconf 85' lang='lat' dir='ltr'>necessitate</span> <span class='ocrx_word' id='word_1_412' title='bbox 1543 4699 1774 4761; x_wconf 74' lang='lat' dir='ltr'>naturae,</span> <span class='ocrx_word' id='word_1_413' title='bbox 1814 4696 1874 4745; x_wconf 89' lang='lat' dir='ltr'>ut</span> 
     </span>
    </p>
   </div>
   <div class='ocr_carea' id='block_1_60' title="bbox 159 4789 1876 4853">
    <p class='ocr_par' dir='ltr' id='par_1_60' title="bbox 159 4789 1876 4853">
     <span class='ocr_line' id='line_1_60' title="bbox 159 4789 1876 4853; baseline -0.012 0"><span class='ocrx_word' id='word_1_414' title='bbox 159 4801 414 4853; x_wconf 68' lang='lat' dir='ltr'>divinum</span> <span class='ocrx_word' id='word_1_415' title='bbox 472 4798 713 4849; x_wconf 89' lang='lat' dir='ltr'>animum</span> <span class='ocrx_word' id='word_1_416' title='bbox 764 4791 1085 4847; x_wconf 83' lang='lat' dir='ltr'>mortalibus</span> <span class='ocrx_word' id='word_1_417' title='bbox 1138 4789 1484 4843; x_wconf 74' lang='lat' dir='ltr'>inhaerentem</span> <span class='ocrx_word' id='word_1_418' title='bbox 1534 4797 1876 4852; x_wconf 81' lang='lat' dir='ltr'>nequaquam</span> 
     </span>
    </p>
   </div>
   <div class='ocr_carea' id='block_1_61' title="bbox 156 4869 1878 4958">
    <p class='ocr_par' dir='ltr' id='par_1_61' title="bbox 156 4869 1878 4958">
     <span class='ocr_line' id='line_1_61' title="bbox 156 4869 1878 4958; baseline -0.012 -16"><span class='ocrx_word' id='word_1_419' title='bbox 156 4887 519 4958; x_wconf 57' lang='lat' dir='ltr'>philosophia</span> <span class='ocrx_word' id='word_1_420' title='bbox 579 4888 765 4952; x_wconf 83' lang='lat' dir='ltr'>portus</span> <span class='ocrx_word' id='word_1_421' title='bbox 830 4882 1099 4948; x_wconf 87' lang='lat' dir='ltr'>accipiat,</span> <span class='ocrx_word' id='word_1_422' title='bbox 1156 4881 1264 4931; x_wconf 91' lang='lat' dir='ltr'>etc.</span> <span class='ocrx_word' id='word_1_423' title='bbox 1324 4873 1571 4944; x_wconf 76' lang='grc' dir='ltr'>(Ιὸἰιί.),</span> <span class='ocrx_word' id='word_1_424' title='bbox 1643 4875 1739 4925; x_wconf 89' lang='lat' dir='ltr'>aut</span> <span class='ocrx_word' id='word_1_425' title='bbox 1788 4869 1878 4958; x_wconf 82' lang='lat' dir='ltr'>ni-</span> 
     </span>
    </p>
   </div>
   <div class='ocr_carea' id='block_1_62' title="bbox 164 4956 1881 5032">
    <p class='ocr_par' dir='ltr' id='par_1_62' title="bbox 164 4956 1881 5032">
     <span class='ocr_line' id='line_1_62' title="bbox 164 4956 1881 5032; baseline -0.012 -2"><span class='ocrx_word' id='word_1_426' title='bbox 164 4956 240 5030; x_wconf 86' lang='lat' dir='ltr'>hil</span> <span class='ocrx_word' id='word_1_427' title='bbox 287 4976 502 5029; x_wconf 87' lang='lat' dir='ltr'>horum</span> <span class='ocrx_word' id='word_1_428' title='bbox 549 4973 795 5025; x_wconf 90' lang='lat' dir='ltr'>duorum</span> <span class='ocrx_word' id='word_1_429' title='bbox 843 4968 1151 5023; x_wconf 89' lang='lat' dir='ltr'>dicendum</span> <span class='ocrx_word' id='word_1_430' title='bbox 1202 4963 1331 5030; x_wconf 89' lang='lat' dir='ltr'>fuit,</span> <span class='ocrx_word' id='word_1_431' title='bbox 1392 4961 1528 5032; x_wconf 91' lang='lat' dir='ltr'>quia</span> <span class='ocrx_word' id='word_1_432' title='bbox 1574 4959 1749 5014; x_wconf 90' lang='lat' dir='ltr'>etiam</span> <span class='ocrx_word' id='word_1_433' title='bbox 1804 4956 1881 5010; x_wconf 91' lang='lat' dir='ltr'>sic</span> 
     </span>
    </p>
   </div>
   <div class='ocr_carea' id='block_1_63' title="bbox 164 5048 1883 5131">
    <p class='ocr_par' dir='ltr' id='par_1_63' title="bbox 164 5048 1883 5131">
     <span class='ocr_line' id='line_1_63' title="bbox 164 5048 1883 5131; baseline -0.012 -13"><span class='ocrx_word' id='word_1_434' title='bbox 164 5080 369 5119; x_wconf 86' lang='lat' dir='ltr'>sensus</span> <span class='ocrx_word' id='word_1_435' title='bbox 418 5064 615 5131; x_wconf 87' lang='lat' dir='ltr'>posset</span> <span class='ocrx_word' id='word_1_436' title='bbox 644 5074 763 5113; x_wconf 90' lang='lat' dir='ltr'>esse</span> <span class='ocrx_word' id='word_1_437' title='bbox 804 5056 1059 5127; x_wconf 84' lang='lat' dir='ltr'>integer;</span> <span class='ocrx_word' id='word_1_438' title='bbox 1092 5057 1191 5108; x_wconf 90' lang='lat' dir='ltr'>aut</span> <span class='ocrx_word' id='word_1_439' title='bbox 1238 5051 1371 5105; x_wconf 86' lang='lat' dir='ltr'>satis</span> <span class='ocrx_word' id='word_1_440' title='bbox 1401 5054 1523 5104; x_wconf 90' lang='lat' dir='ltr'>erat</span> <span class='ocrx_word' id='word_1_441' title='bbox 1551 5048 1756 5109; x_wconf 89' lang='lat' dir='ltr'>dicere,</span> <span class='ocrx_word' id='word_1_442' title='bbox 1783 5062 1883 5115; x_wconf 83' lang='lat' dir='ltr'>pro</span> 
     </span>
    </p>
   </div>
   <div class='ocr_carea' id='block_1_64' title="bbox 161 5134 1885 5217">
    <p class='ocr_par' dir='ltr' id='par_1_64' title="bbox 161 5134 1885 5217">
     <span class='ocr_line' id='line_1_64' title="bbox 161 5134 1885 5217; baseline -0.012 -10"><span class='ocrx_word' id='word_1_443' title='bbox 161 5156 377 5208; x_wconf 83' lang='lat' dir='ltr'>meritis</span> <span class='ocrx_word' id='word_1_444' title='bbox 418 5151 643 5217; x_wconf 73' lang='lat' dir='ltr'>nostris,</span> <span class='ocrx_word' id='word_1_445' title='bbox 676 5148 821 5201; x_wconf 89' lang='lat' dir='ltr'>sicut</span> <span class='ocrx_word' id='word_1_446' title='bbox 847 5161 1049 5199; x_wconf 90' lang='lat' dir='ltr'>verum</span> <span class='ocrx_word' id='word_1_447' title='bbox 1088 5146 1173 5197; x_wconf 89' lang='lat' dir='ltr'>est</span> <span class='ocrx_word' id='word_1_448' title='bbox 1204 5158 1267 5196; x_wconf 82' lang='lat' dir='ltr'><strong>ex</strong></span> <span class='ocrx_word' id='word_1_449' title='bbox 1298 5141 1480 5195; x_wconf 82' lang='lat' dir='ltr'>Adam</span> <span class='ocrx_word' id='word_1_450' title='bbox 1509 5141 1685 5191; x_wconf 90' lang='lat' dir='ltr'>tracta</span> <span class='ocrx_word' id='word_1_451' title='bbox 1713 5134 1885 5188; x_wconf 88' lang='lat' dir='ltr'>mise-</span> 
     </span>
    </p>
   </div>
   <div class='ocr_carea' id='block_1_65' title="bbox 164 5223 1887 5307">
    <p class='ocr_par' dir='ltr' id='par_1_65' title="bbox 164 5223 1887 5307">
     <span class='ocr_line' id='line_1_65' title="bbox 164 5223 1887 5307; baseline -0.012 -12"><span class='ocrx_word' id='word_1_452' title='bbox 164 5243 280 5307; x_wconf 86' lang='lat' dir='ltr'>ria;</span> <span class='ocrx_word' id='word_1_453' title='bbox 316 5254 425 5293; x_wconf 93' lang='lat' dir='ltr'>nec</span> <span class='ocrx_word' id='word_1_454' title='bbox 456 5238 690 5305; x_wconf 89' lang='lat' dir='ltr'>addere,</span> <span class='ocrx_word' id='word_1_455' title='bbox 722 5239 833 5290; x_wconf 86' lang='lat' dir='ltr'>sive</span> <span class='ocrx_word' id='word_1_456' title='bbox 868 5250 969 5304; x_wconf 83' lang='lat' dir='ltr'>pro</span> <span class='ocrx_word' id='word_1_457' title='bbox 1010 5234 1321 5287; x_wconf 85' lang='lat' dir='ltr'>necessitate</span> <span class='ocrx_word' id='word_1_458' title='bbox 1362 5233 1590 5289; x_wconf 54' lang='lat' dir='ltr'>natura,</span> <span class='ocrx_word' id='word_1_459' title='bbox 1629 5223 1887 5295; x_wconf 90' lang='lat' dir='ltr'>quando-</span> 
     </span>
    </p>
   </div>
   <div class='ocr_carea' id='block_1_66' title="bbox 166 5313 1890 5402">
    <p class='ocr_par' dir='ltr' id='par_1_66' title="bbox 166 5313 1890 5402">
     <span class='ocr_line' id='line_1_66' title="bbox 166 5313 1890 5402; baseline -0.011 -18"><span class='ocrx_word' id='word_1_460' title='bbox 166 5329 411 5402; x_wconf 89' lang='lat' dir='ltr'>quidem</span> <span class='ocrx_word' id='word_1_461' title='bbox 440 5330 660 5380; x_wconf 86' lang='lat' dir='ltr'>naturae</span> <span class='ocrx_word' id='word_1_462' title='bbox 692 5328 900 5378; x_wconf 68' lang='lat' dir='ltr'>nostra:</span> <span class='ocrx_word' id='word_1_463' title='bbox 934 5323 1079 5377; x_wconf 90' lang='lat' dir='ltr'>dura</span> <span class='ocrx_word' id='word_1_464' title='bbox 1110 5318 1418 5375; x_wconf 87' lang='lat' dir='ltr'>necessitas</span> <span class='ocrx_word' id='word_1_465' title='bbox 1442 5313 1648 5369; x_wconf 89' lang='lat' dir='ltr'>merito</span> <span class='ocrx_word' id='word_1_466' title='bbox 1678 5327 1890 5381; x_wconf 58' lang='lat' dir='ltr'>praece-</span> 
     </span>
    </p>
   </div>
   <div class='ocr_carea' id='block_1_67' title="bbox 167 5398 1890 5485">
    <p class='ocr_par' dir='ltr' id='par_1_67' title="bbox 167 5398 1890 5485">
     <span class='ocr_line' id='line_1_67' title="bbox 167 5398 1890 5485; baseline -0.013 -12"><span class='ocrx_word' id='word_1_467' title='bbox 167 5398 363 5473; x_wconf 80' lang='lat' dir='ltr'>dentis</span> <span class='ocrx_word' id='word_1_468' title='bbox 392 5414 712 5485; x_wconf 84' lang='lat' dir='ltr'>iniquitatis</span> <span class='ocrx_word' id='word_1_469' title='bbox 760 5415 952 5467; x_wconf 84' lang='lat' dir='ltr'>exorta</span> <span class='ocrx_word' id='word_1_470' title='bbox 976 5414 1079 5464; x_wconf 91' lang='lat' dir='ltr'>est.</span> <span class='ocrx_word' id='word_1_471' title='bbox 1130 5410 1388 5477; x_wconf 86' lang='lat' dir='ltr'>Itemque</span> <span class='ocrx_word' id='word_1_472' title='bbox 1431 5404 1545 5457; x_wconf 91' lang='lat' dir='ltr'>illic</span> <span class='ocrx_word' id='word_1_473' title='bbox 1574 5400 1727 5471; x_wconf 86' lang='lat' dir='ltr'>quod</span> <span class='ocrx_word' id='word_1_474' title='bbox 1756 5398 1890 5464; x_wconf 89' lang='lat' dir='ltr'>dixi,</span> 
     </span>
    </p>
   </div>
   <div class='ocr_carea' id='block_1_68' title="bbox 169 5485 1893 5565">
    <p class='ocr_par' dir='ltr' id='par_1_68' title="bbox 169 5485 1893 5565">
     <span class='ocr_line' id='line_1_68' title="bbox 169 5485 1893 5565; baseline -0.013 -5"><span class='ocrx_word' id='word_1_475' title='bbox 169 5508 326 5563; x_wconf 68' lang='lat' dir='ltr'>Nihil</span> <span class='ocrx_word' id='word_1_476' title='bbox 353 5506 571 5559; x_wconf 86' lang='lat' dir='ltr'>omnino</span> <span class='ocrx_word' id='word_1_477' title='bbox 596 5502 873 5557; x_wconf 88' lang='lat' dir='ltr'>colendum</span> <span class='ocrx_word' id='word_1_478' title='bbox 893 5515 1022 5564; x_wconf 89' lang='lat' dir='ltr'>esse,</span> <span class='ocrx_word' id='word_1_479' title='bbox 1048 5502 1319 5565; x_wconf 88' lang='lat' dir='ltr'>totumque</span> <span class='ocrx_word' id='word_1_480' title='bbox 1340 5495 1405 5547; x_wconf 89' lang='lat' dir='ltr'>ab</span> <span class='ocrx_word' id='word_1_481' title='bbox 1404 5490 1706 5562; x_wconf 85' lang='lat' dir='ltr'>jiciendum</span> <span class='ocrx_word' id='word_1_482' title='bbox 1730 5485 1893 5556; x_wconf 84' lang='lat' dir='ltr'>quid-</span> 
     </span>
    </p>
   </div>
   <div class='ocr_carea' id='block_1_69' title="bbox 174 5579 1896 5663">
    <p class='ocr_par' dir='ltr' id='par_1_69' title="bbox 174 5579 1896 5663">
     <span class='ocr_line' id='line_1_69' title="bbox 174 5579 1896 5663; baseline -0.014 -12"><span class='ocrx_word' id='word_1_483' title='bbox 174 5595 314 5663; x_wconf 85' lang='lat' dir='ltr'>quid</span> <span class='ocrx_word' id='word_1_484' title='bbox 346 5592 672 5649; x_wconf 83' lang='lat' dir='ltr'>mortalibus</span> <span class='ocrx_word' id='word_1_485' title='bbox 720 5590 885 5644; x_wconf 82' lang='lat' dir='ltr'>oculis</span> <span class='ocrx_word' id='word_1_486' title='bbox 929 5589 1185 5653; x_wconf 87' lang='lat' dir='ltr'>cernitur,</span> <span class='ocrx_word' id='word_1_487' title='bbox 1230 5581 1503 5654; x_wconf 82' lang='lat' dir='ltr'>quidquid</span> <span class='ocrx_word' id='word_1_488' title='bbox 1545 5579 1687 5633; x_wconf 87' lang='lat' dir='ltr'>ullus</span> <span class='ocrx_word' id='word_1_489' title='bbox 1712 5588 1896 5631; x_wconf 87' lang='lat' dir='ltr'>sensus</span> 
     </span>
    </p>
   </div>
   <div class='ocr_carea' id='block_1_70' title="bbox 493 5721 1070 5791">
    <p class='ocr_par' dir='ltr' id='par_1_70' title="bbox 493 5721 1070 5791">
     <span class='ocr_line' id='line_1_70' title="bbox 493 5721 1070 5791; baseline -0.01 0"><span class='ocrx_word' id='word_1_490' title='bbox 493 5727 771 5791; x_wconf 77' lang='lat' dir='ltr'>PATROL.</span> <span class='ocrx_word' id='word_1_491' title='bbox 822 5721 1070 5790; x_wconf 80' lang='lat' dir='ltr'><strong>XXXII.</strong></span> 
     </span>
    </p>
   </div>
   <div class='ocr_carea' id='block_1_71' title="bbox 1941 1995 3636 2066">
    <p class='ocr_par' dir='ltr' id='par_1_71' title="bbox 1941 1995 3636 2066">
     <span class='ocr_line' id='line_1_71' title="bbox 1941 1995 3636 2066; baseline -0.002 -14"><span class='ocrx_word' id='word_1_492' title='bbox 1941 2001 2167 2065; x_wconf 85' lang='lat' dir='ltr'>attingit</span> <span class='ocrx_word' id='word_1_493' title='bbox 2197 1998 2379 2066; x_wconf 87' lang='lat' dir='ltr'>(Ibid.,</span> <span class='ocrx_word' id='word_1_494' title='bbox 2402 2014 2458 2051; x_wconf 91' lang='lat' dir='ltr'>n.</span> <span class='ocrx_word' id='word_1_495' title='bbox 2491 1998 2545 2065; x_wconf 80' lang='lat'>3)</span> <span class='ocrx_word' id='word_1_496' title='bbox 2572 1996 2860 2059; x_wconf 86' lang='lat' dir='ltr'>;addenda</span> <span class='ocrx_word' id='word_1_497' title='bbox 2874 2000 3036 2049; x_wconf 89' lang='lat' dir='ltr'>erant</span> <span class='ocrx_word' id='word_1_498' title='bbox 3057 1995 3229 2049; x_wconf 89' lang='lat' dir='ltr'>verba</span> <span class='ocrx_word' id='word_1_499' title='bbox 3244 2001 3306 2049; x_wconf 92' lang='lat' dir='ltr'>ut</span> <span class='ocrx_word' id='word_1_500' title='bbox 3331 1996 3636 2061; x_wconf 87' lang='lat' dir='ltr'>diceretur,</span> 
     </span>
    </p>
   </div>
   <div class='ocr_carea' id='block_1_72' title="bbox 1942 2085 3641 2157">
    <p class='ocr_par' dir='ltr' id='par_1_72' title="bbox 1942 2085 3641 2157">
     <span class='ocr_line' id='line_1_72' title="bbox 1942 2085 3641 2157; baseline -0.002 -17"><span class='ocrx_word' id='word_1_501' title='bbox 1942 2087 2215 2157; x_wconf 83' lang='lat' dir='ltr'>quidquid</span> <span class='ocrx_word' id='word_1_502' title='bbox 2261 2088 2507 2141; x_wconf 83' lang='lat' dir='ltr'>mortalis</span> <span class='ocrx_word' id='word_1_503' title='bbox 2552 2088 2791 2153; x_wconf 84' lang='lat' dir='ltr'>corporis</span> <span class='ocrx_word' id='word_1_504' title='bbox 2833 2085 2975 2137; x_wconf 88' lang='lat' dir='ltr'>ullus</span> <span class='ocrx_word' id='word_1_505' title='bbox 3020 2099 3204 2137; x_wconf 89' lang='lat' dir='ltr'>sensus</span> <span class='ocrx_word' id='word_1_506' title='bbox 3255 2086 3513 2149; x_wconf 81' lang='lat' dir='ltr'>attingit:</span> <span class='ocrx_word' id='word_1_507' title='bbox 3557 2089 3641 2137; x_wconf 92' lang='lat' dir='ltr'>est</span> 
     </span>
    </p>
   </div>
   <div class='ocr_carea' id='block_1_73' title="bbox 1943 2173 3637 2241">
    <p class='ocr_par' dir='ltr' id='par_1_73' title="bbox 1943 2173 3637 2241">
     <span class='ocr_line' id='line_1_73' title="bbox 1943 2173 3637 2241; baseline -0.003 -12"><span class='ocrx_word' id='word_1_508' title='bbox 1943 2176 2097 2229; x_wconf 90' lang='lat' dir='ltr'>enim</span> <span class='ocrx_word' id='word_1_509' title='bbox 2128 2191 2323 2228; x_wconf 90' lang='lat' dir='ltr'>sensus</span> <span class='ocrx_word' id='word_1_510' title='bbox 2351 2179 2406 2227; x_wconf 90' lang='lat' dir='ltr'>et</span> <span class='ocrx_word' id='word_1_511' title='bbox 2434 2174 2663 2228; x_wconf 89' lang='lat' dir='ltr'>mentis.</span> <span class='ocrx_word' id='word_1_512' title='bbox 2695 2173 2803 2227; x_wconf 90' lang='lat' dir='ltr'>Sed</span> <span class='ocrx_word' id='word_1_513' title='bbox 2834 2188 3034 2225; x_wconf 90' lang='lat' dir='ltr'>eorum</span> <span class='ocrx_word' id='word_1_514' title='bbox 3083 2188 3243 2225; x_wconf 88' lang='lat' dir='ltr'>more</span> <span class='ocrx_word' id='word_1_515' title='bbox 3274 2177 3409 2225; x_wconf 90' lang='lat' dir='ltr'>tunc</span> <span class='ocrx_word' id='word_1_516' title='bbox 3438 2173 3637 2241; x_wconf 89' lang='lat' dir='ltr'>loque-</span> 
     </span>
    </p>
   </div>
   <div class='ocr_carea' id='block_1_74' title="bbox 1943 2259 3641 2333">
    <p class='ocr_par' dir='ltr' id='par_1_74' title="bbox 1943 2259 3641 2333">
     <span class='ocr_line' id='line_1_74' title="bbox 1943 2259 3641 2333; baseline -0.004 -16"><span class='ocrx_word' id='word_1_517' title='bbox 1943 2264 2065 2329; x_wconf 88' lang='lat' dir='ltr'>bar,</span> <span class='ocrx_word' id='word_1_518' title='bbox 2097 2264 2195 2333; x_wconf 86' lang='lat' dir='ltr'>qui</span> <span class='ocrx_word' id='word_1_519' title='bbox 2222 2279 2449 2316; x_wconf 91' lang='lat' dir='ltr'>sensum</span> <span class='ocrx_word' id='word_1_520' title='bbox 2484 2278 2599 2315; x_wconf 93' lang='lat' dir='ltr'>non</span> <span class='ocrx_word' id='word_1_521' title='bbox 2633 2262 2743 2314; x_wconf 90' lang='lat' dir='ltr'>nisi</span> <span class='ocrx_word' id='word_1_522' title='bbox 2787 2260 3039 2331; x_wconf 91' lang='lat' dir='ltr'>corporis</span> <span class='ocrx_word' id='word_1_523' title='bbox 3069 2260 3285 2325; x_wconf 90' lang='lat' dir='ltr'>dicunt,</span> <span class='ocrx_word' id='word_1_524' title='bbox 3319 2264 3375 2313; x_wconf 92' lang='lat' dir='ltr'>et</span> <span class='ocrx_word' id='word_1_525' title='bbox 3403 2259 3641 2312; x_wconf 90' lang='lat' dir='ltr'>sensibi-</span> 
     </span>
    </p>
   </div>
   <div class='ocr_carea' id='block_1_75' title="bbox 1946 2348 3643 2421">
    <p class='ocr_par' dir='ltr' id='par_1_75' title="bbox 1946 2348 3643 2421">
     <span class='ocr_line' id='line_1_75' title="bbox 1946 2348 3643 2421; baseline -0.003 -17"><span class='ocrx_word' id='word_1_526' title='bbox 1946 2352 2020 2405; x_wconf 87' lang='lat' dir='ltr'>lia</span> <span class='ocrx_word' id='word_1_527' title='bbox 2051 2368 2165 2405; x_wconf 91' lang='lat' dir='ltr'>non</span> <span class='ocrx_word' id='word_1_528' title='bbox 2194 2350 2303 2404; x_wconf 89' lang='lat' dir='ltr'>nisi</span> <span class='ocrx_word' id='word_1_529' title='bbox 2330 2350 2669 2421; x_wconf 89' lang='lat' dir='ltr'>corporalia.</span> <span class='ocrx_word' id='word_1_530' title='bbox 2702 2352 2899 2419; x_wconf 87' lang='lat' dir='ltr'>Itaque</span> <span class='ocrx_word' id='word_1_531' title='bbox 2936 2349 3282 2419; x_wconf 85' lang='lat' dir='ltr'>ubicumque</span> <span class='ocrx_word' id='word_1_532' title='bbox 3314 2348 3389 2400; x_wconf 91' lang='lat' dir='ltr'>sic</span> <span class='ocrx_word' id='word_1_533' title='bbox 3420 2348 3643 2401; x_wconf 88' lang='lat' dir='ltr'>locutus</span> 
     </span>
    </p>
   </div>
   <div class='ocr_carea' id='block_1_76' title="bbox 1946 2436 3646 2509">
    <p class='ocr_par' dir='ltr' id='par_1_76' title="bbox 1946 2436 3646 2509">
     <span class='ocr_line' id='line_1_76' title="bbox 1946 2436 3646 2509; baseline -0.002 -16"><span class='ocrx_word' id='word_1_534' title='bbox 1946 2458 2094 2505; x_wconf 90' lang='lat' dir='ltr'>sum,</span> <span class='ocrx_word' id='word_1_535' title='bbox 2128 2456 2331 2509; x_wconf 85' lang='lat' dir='ltr'>parum</span> <span class='ocrx_word' id='word_1_536' title='bbox 2362 2444 2445 2492; x_wconf 90' lang='lat' dir='ltr'>est</span> <span class='ocrx_word' id='word_1_537' title='bbox 2473 2438 2814 2508; x_wconf 90' lang='lat' dir='ltr'>ambiguitas</span> <span class='ocrx_word' id='word_1_538' title='bbox 2836 2436 3183 2505; x_wconf 88' lang='lat' dir='ltr'>cvitata,nisi</span> <span class='ocrx_word' id='word_1_539' title='bbox 3201 2436 3351 2505; x_wconf 88' lang='lat' dir='ltr'>apud</span> <span class='ocrx_word' id='word_1_540' title='bbox 3384 2452 3481 2489; x_wconf 91' lang='lat' dir='ltr'>eos</span> <span class='ocrx_word' id='word_1_541' title='bbox 3512 2452 3646 2505; x_wconf 90' lang='lat' dir='ltr'>quo-</span> 
     </span>
    </p>
   </div>
   <div class='ocr_carea' id='block_1_77' title="bbox 1946 2524 3648 2595">
    <p class='ocr_par' dir='ltr' id='par_1_77' title="bbox 1946 2524 3648 2595">
     <span class='ocr_line' id='line_1_77' title="bbox 1946 2524 3648 2595; baseline -0.004 -13"><span class='ocrx_word' id='word_1_542' title='bbox 1946 2546 2074 2582; x_wconf 89' lang='lat' dir='ltr'>rum</span> <span class='ocrx_word' id='word_1_543' title='bbox 2105 2529 2449 2582; x_wconf 90' lang='lat' dir='ltr'>consuetudo</span> <span class='ocrx_word' id='word_1_544' title='bbox 2471 2532 2554 2581; x_wconf 91' lang='lat' dir='ltr'>est</span> <span class='ocrx_word' id='word_1_545' title='bbox 2582 2527 2887 2581; x_wconf 86' lang='lat' dir='ltr'>locutionis</span> <span class='ocrx_word' id='word_1_546' title='bbox 2907 2527 3094 2595; x_wconf 90' lang='lat' dir='ltr'>hujus.</span> <span class='ocrx_word' id='word_1_547' title='bbox 3135 2528 3274 2579; x_wconf 90' lang='lat' dir='ltr'>Item</span> <span class='ocrx_word' id='word_1_548' title='bbox 3306 2524 3419 2579; x_wconf 80' lang='lat' dir='ltr'>dixi</span> <span class='ocrx_word' id='word_1_549' title='bbox 3455 2541 3467 2578; x_wconf 95' lang='lat'>:</span> <span class='ocrx_word' id='word_1_550' title='bbox 3502 2524 3648 2589; x_wconf 85' lang='lat' dir='ltr'>Quid</span> 
     </span>
    </p>
   </div>
   <div class='ocr_carea' id='block_1_78' title="bbox 1947 2613 3647 2681">
    <p class='ocr_par' dir='ltr' id='par_1_78' title="bbox 1947 2613 3647 2681">
     <span class='ocr_line' id='line_1_78' title="bbox 1947 2613 3647 2681; baseline -0.004 -10"><span class='ocrx_word' id='word_1_551' title='bbox 1947 2633 2120 2671; x_wconf 83' lang='lat' dir='ltr'>censes</span> <span class='ocrx_word' id='word_1_552' title='bbox 2144 2618 2299 2670; x_wconf 87' lang='lat' dir='ltr'>aliud</span> <span class='ocrx_word' id='word_1_553' title='bbox 2336 2633 2445 2671; x_wconf 87' lang='lat' dir='ltr'>esse</span> <span class='ocrx_word' id='word_1_554' title='bbox 2470 2617 2616 2670; x_wconf 84' lang='lat' dir='ltr'>beate</span> <span class='ocrx_word' id='word_1_555' title='bbox 2644 2619 2841 2681; x_wconf 65' lang='lat' dir='ltr'>vivere,</span> <span class='ocrx_word' id='word_1_556' title='bbox 2876 2618 2986 2668; x_wconf 86' lang='lat' dir='ltr'>nisi</span> <span class='ocrx_word' id='word_1_557' title='bbox 3013 2614 3303 2668; x_wconf 84' lang='lat' dir='ltr'>secundum</span> <span class='ocrx_word' id='word_1_558' title='bbox 3334 2617 3390 2667; x_wconf 87' lang='lat' dir='ltr'>in</span> <span class='ocrx_word' id='word_1_559' title='bbox 3422 2613 3565 2680; x_wconf 88' lang='lat' dir='ltr'>quod</span> <span class='ocrx_word' id='word_1_560' title='bbox 3590 2616 3647 2665; x_wconf 89' lang='lat' dir='ltr'>in</span> 
     </span>
    </p>
   </div>
   <div class='ocr_carea' id='block_1_79' title="bbox 1949 2702 3647 2773">
    <p class='ocr_par' dir='ltr' id='par_1_79' title="bbox 1949 2702 3647 2773">
     <span class='ocr_line' id='line_1_79' title="bbox 1949 2702 3647 2773; baseline -0.002 -16"><span class='ocrx_word' id='word_1_561' title='bbox 1949 2705 2156 2759; x_wconf 85' lang='lat' dir='ltr'>homine</span> <span class='ocrx_word' id='word_1_562' title='bbox 2200 2708 2463 2773; x_wconf 77' lang='lat' dir='ltr'>optimum</span> <span class='ocrx_word' id='word_1_563' title='bbox 2516 2710 2611 2770; x_wconf 88' lang='lat' dir='ltr'>est,</span> <span class='ocrx_word' id='word_1_564' title='bbox 2653 2708 2827 2757; x_wconf 75' lang='lat' dir='ltr'>vivere</span> <span class='ocrx_word' id='word_1_565' title='bbox 2850 2705 2876 2758; x_wconf 62' lang='grc' dir='ltr'>ἲ)</span> <span class='ocrx_word' id='word_1_566' title='bbox 2906 2706 2971 2757; x_wconf 85' lang='lat' dir='ltr'>Et</span> <span class='ocrx_word' id='word_1_567' title='bbox 3001 2703 3137 2773; x_wconf 91' lang='lat' dir='ltr'>quid</span> <span class='ocrx_word' id='word_1_568' title='bbox 3170 2703 3430 2763; x_wconf 83' lang='lat' dir='ltr'>dixerim,</span> <span class='ocrx_word' id='word_1_569' title='bbox 3464 2704 3522 2753; x_wconf 81' lang='lat' dir='ltr'>in</span> <span class='ocrx_word' id='word_1_570' title='bbox 3554 2702 3647 2754; x_wconf 87' lang='lat' dir='ltr'>ho-</span> 
     </span>
    </p>
   </div>
   <div class='ocr_carea' id='block_1_80' title="bbox 1947 2791 3649 2862">
    <p class='ocr_par' dir='ltr' id='par_1_80' title="bbox 1947 2791 3649 2862">
     <span class='ocr_line' id='line_1_80' title="bbox 1947 2791 3649 2862; baseline -0.004 -16"><span class='ocrx_word' id='word_1_571' title='bbox 1947 2796 2089 2846; x_wconf 85' lang='lat' dir='ltr'>mine</span> <span class='ocrx_word' id='word_1_572' title='bbox 2128 2809 2237 2847; x_wconf 89' lang='lat' dir='ltr'>esse</span> <span class='ocrx_word' id='word_1_573' title='bbox 2285 2795 2566 2861; x_wconf 86' lang='lat' dir='ltr'>optimum,</span> <span class='ocrx_word' id='word_1_574' title='bbox 2623 2794 2795 2862; x_wconf 89' lang='lat' dir='ltr'>paulo</span> <span class='ocrx_word' id='word_1_575' title='bbox 2845 2797 2977 2862; x_wconf 91' lang='lat' dir='ltr'>post</span> <span class='ocrx_word' id='word_1_576' title='bbox 3005 2792 3291 2859; x_wconf 82' lang='lat' dir='ltr'>explicans</span> <span class='ocrx_word' id='word_1_577' title='bbox 3325 2807 3337 2842; x_wconf 89' lang='lat'>:</span> <span class='ocrx_word' id='word_1_578' title='bbox 3373 2792 3528 2854; x_wconf 87' lang='lat' dir='ltr'>Quis,</span> <span class='ocrx_word' id='word_1_579' title='bbox 3556 2791 3649 2841; x_wconf 87' lang='lat' dir='ltr'>in—</span> 
     </span>
    </p>
   </div>
   <div class='ocr_carea' id='block_1_81' title="bbox 1948 2880 3646 2950">
    <p class='ocr_par' dir='ltr' id='par_1_81' title="bbox 1948 2880 3646 2950">
     <span class='ocr_line' id='line_1_81' title="bbox 1948 2880 3646 2950; baseline -0.004 -16"><span class='ocrx_word' id='word_1_580' title='bbox 1948 2899 2131 2950; x_wconf 80' lang='lat' dir='ltr'>quam,</span> <span class='ocrx_word' id='word_1_581' title='bbox 2164 2882 2517 2945; x_wconf 79' lang='lat' dir='ltr'>dubitaverit,</span> <span class='ocrx_word' id='word_1_582' title='bbox 2550 2882 2693 2933; x_wconf 84' lang='lat' dir='ltr'>nihil</span> <span class='ocrx_word' id='word_1_583' title='bbox 2746 2896 2854 2934; x_wconf 87' lang='lat' dir='ltr'>esse</span> <span class='ocrx_word' id='word_1_584' title='bbox 2902 2880 3058 2932; x_wconf 85' lang='lat' dir='ltr'>aliud</span> <span class='ocrx_word' id='word_1_585' title='bbox 3088 2881 3316 2932; x_wconf 87' lang='lat' dir='ltr'>hominis</span> <span class='ocrx_word' id='word_1_586' title='bbox 3368 2880 3646 2945; x_wconf 80' lang='lat' dir='ltr'>optimum,</span> 
     </span>
    </p>
   </div>
   <div class='ocr_carea' id='block_1_82' title="bbox 1951 2966 3654 3038">
    <p class='ocr_par' dir='ltr' id='par_1_82' title="bbox 1951 2966 3654 3038">
     <span class='ocr_line' id='line_1_82' title="bbox 1951 2966 3654 3038; baseline -0.002 -19"><span class='ocrx_word' id='word_1_587' title='bbox 1951 2985 2123 3038; x_wconf 80' lang='lat' dir='ltr'>quam</span> <span class='ocrx_word' id='word_1_588' title='bbox 2153 2986 2268 3022; x_wconf 87' lang='lat' dir='ltr'>eam</span> <span class='ocrx_word' id='word_1_589' title='bbox 2297 2974 2513 3037; x_wconf 80' lang='lat' dir='ltr'>partem</span> <span class='ocrx_word' id='word_1_590' title='bbox 2559 2970 2752 3035; x_wconf 89' lang='lat' dir='ltr'>animi,</span> <span class='ocrx_word' id='word_1_591' title='bbox 2795 2971 2883 3021; x_wconf 88' lang='lat' dir='ltr'>cui</span> <span class='ocrx_word' id='word_1_592' title='bbox 2938 2967 3244 3020; x_wconf 87' lang='lat' dir='ltr'>dominanti</span> <span class='ocrx_word' id='word_1_593' title='bbox 3292 2966 3654 3032; x_wconf 81' lang='lat' dir='ltr'>obtemperare</span> 
     </span>
    </p>
   </div>
   <div class='ocr_carea' id='block_1_83' title="bbox 1950 3055 3656 3125">
    <p class='ocr_par' dir='ltr' id='par_1_83' title="bbox 1950 3055 3656 3125">
     <span class='ocr_line' id='line_1_83' title="bbox 1950 3055 3656 3125; baseline -0.005 -12"><span class='ocrx_word' id='word_1_594' title='bbox 1950 3062 2193 3113; x_wconf 84' lang='lat' dir='ltr'>convenit</span> <span class='ocrx_word' id='word_1_595' title='bbox 2223 3063 2415 3112; x_wconf 69' lang='lat' dir='ltr'>caetera</span> <span class='ocrx_word' id='word_1_596' title='bbox 2444 3073 2665 3125; x_wconf 70' lang='lat' dir='ltr'>quaeque</span> <span class='ocrx_word' id='word_1_597' title='bbox 2702 3059 2760 3110; x_wconf 89' lang='lat' dir='ltr'>in</span> <span class='ocrx_word' id='word_1_598' title='bbox 2781 3057 2991 3110; x_wconf 89' lang='lat' dir='ltr'>homine</span> <span class='ocrx_word' id='word_1_599' title='bbox 3018 3060 3142 3110; x_wconf 90' lang='lat' dir='ltr'>sunt</span> <span class='ocrx_word' id='word_1_600' title='bbox 3165 3055 3191 3109; x_wconf 67' lang='lat'>‘2‘</span> <span class='ocrx_word' id='word_1_601' title='bbox 3216 3057 3337 3109; x_wconf 61' lang='lat' dir='ltr'>Haec</span> <span class='ocrx_word' id='word_1_602' title='bbox 3367 3058 3564 3117; x_wconf 86' lang='lat' dir='ltr'>autem,</span> <span class='ocrx_word' id='word_1_603' title='bbox 3591 3068 3656 3105; x_wconf 86' lang='lat' dir='ltr'>ne</span> 
     </span>
    </p>
   </div>
   <div class='ocr_carea' id='block_1_84' title="bbox 1952 3144 3657 3215">
    <p class='ocr_par' dir='ltr' id='par_1_84' title="bbox 1952 3144 3657 3215">
     <span class='ocr_line' id='line_1_84' title="bbox 1952 3144 3657 3215; baseline -0.004 -15"><span class='ocrx_word' id='word_1_604' title='bbox 1952 3149 2119 3200; x_wconf 87' lang='lat' dir='ltr'>aliam</span> <span class='ocrx_word' id='word_1_605' title='bbox 2144 3148 2381 3215; x_wconf 80' lang='lat' dir='ltr'>postules</span> <span class='ocrx_word' id='word_1_606' title='bbox 2413 3147 2793 3213; x_wconf 77' lang='lat' dir='ltr'>deﬁnitionem,</span> <span class='ocrx_word' id='word_1_607' title='bbox 2835 3160 2980 3199; x_wconf 87' lang='lat' dir='ltr'>mens</span> <span class='ocrx_word' id='word_1_608' title='bbox 3034 3150 3127 3198; x_wconf 91' lang='lat' dir='ltr'>aut</span> <span class='ocrx_word' id='word_1_609' title='bbox 3157 3147 3299 3198; x_wconf 86' lang='lat' dir='ltr'>ratio</span> <span class='ocrx_word' id='word_1_610' title='bbox 3347 3144 3458 3196; x_wconf 82' lang='lat' dir='ltr'>dici</span> <span class='ocrx_word' id='word_1_611' title='bbox 3483 3146 3657 3211; x_wconf 85' lang='lat' dir='ltr'>potest</span> 
     </span>
    </p>
   </div>
   <div class='ocr_carea' id='block_1_85' title="bbox 1956 3234 3656 3305">
    <p class='ocr_par' dir='ltr' id='par_1_85' title="bbox 1956 3234 3656 3305">
     <span class='ocr_line' id='line_1_85' title="bbox 1956 3234 3656 3305; baseline -0.004 -15"><span class='ocrx_word' id='word_1_612' title='bbox 1956 3236 2141 3305; x_wconf 89' lang='lat' dir='ltr'>(Ibid.,</span> <span class='ocrx_word' id='word_1_613' title='bbox 2166 3252 2209 3290; x_wconf 92' lang='lat' dir='ltr'>c.</span> <span class='ocrx_word' id='word_1_614' title='bbox 2240 3238 2293 3303; x_wconf 80' lang='lat'>2,</span> <span class='ocrx_word' id='word_1_615' title='bbox 2322 3251 2377 3289; x_wconf 90' lang='lat' dir='ltr'>n.</span> <span class='ocrx_word' id='word_1_616' title='bbox 2404 3234 2477 3304; x_wconf 84' lang='grc'>5).</span> <span class='ocrx_word' id='word_1_617' title='bbox 2512 3235 2627 3287; x_wconf 87' lang='lat' dir='ltr'>Hoc</span> <span class='ocrx_word' id='word_1_618' title='bbox 2657 3234 2889 3304; x_wconf 89' lang='lat' dir='ltr'>quidem</span> <span class='ocrx_word' id='word_1_619' title='bbox 2920 3250 3119 3287; x_wconf 91' lang='lat' dir='ltr'>verum</span> <span class='ocrx_word' id='word_1_620' title='bbox 3150 3238 3265 3299; x_wconf 90' lang='lat' dir='ltr'>est;</span> <span class='ocrx_word' id='word_1_621' title='bbox 3306 3249 3440 3286; x_wconf 91' lang='lat' dir='ltr'>nam</span> <span class='ocrx_word' id='word_1_622' title='bbox 3471 3246 3656 3301; x_wconf 90' lang='lat' dir='ltr'>quan-</span> 
     </span>
    </p>
   </div>
   <div class='ocr_carea' id='block_1_86' title="bbox 1954 3320 3657 3387">
    <p class='ocr_par' dir='ltr' id='par_1_86' title="bbox 1954 3320 3657 3387">
     <span class='ocr_line' id='line_1_86' title="bbox 1954 3320 3657 3387; baseline -0.003 -10"><span class='ocrx_word' id='word_1_623' title='bbox 1954 3329 2077 3377; x_wconf 90' lang='lat' dir='ltr'>tum</span> <span class='ocrx_word' id='word_1_624' title='bbox 2123 3324 2324 3378; x_wconf 87' lang='lat' dir='ltr'>attinet</span> <span class='ocrx_word' id='word_1_625' title='bbox 2372 3323 2441 3376; x_wconf 91' lang='lat' dir='ltr'>ad</span> <span class='ocrx_word' id='word_1_626' title='bbox 2494 3322 2745 3375; x_wconf 87' lang='lat' dir='ltr'>hominis</span> <span class='ocrx_word' id='word_1_627' title='bbox 2802 3327 3086 3387; x_wconf 88' lang='lat' dir='ltr'>naturam,</span> <span class='ocrx_word' id='word_1_628' title='bbox 3145 3321 3289 3374; x_wconf 89' lang='lat' dir='ltr'>nihil</span> <span class='ocrx_word' id='word_1_629' title='bbox 3340 3324 3423 3374; x_wconf 88' lang='lat' dir='ltr'>est</span> <span class='ocrx_word' id='word_1_630' title='bbox 3472 3320 3532 3373; x_wconf 91' lang='lat' dir='ltr'>in</span> <span class='ocrx_word' id='word_1_631' title='bbox 3590 3336 3657 3372; x_wconf 92' lang='lat' dir='ltr'>eo</span> 
     </span>
    </p>
   </div>
   <div class='ocr_carea' id='block_1_87' title="bbox 1956 3409 3659 3484">
    <p class='ocr_par' dir='ltr' id='par_1_87' title="bbox 1956 3409 3659 3484">
     <span class='ocr_line' id='line_1_87' title="bbox 1956 3409 3659 3484; baseline -0.004 -17"><span class='ocrx_word' id='word_1_632' title='bbox 1956 3414 2162 3467; x_wconf 89' lang='lat' dir='ltr'>melius</span> <span class='ocrx_word' id='word_1_633' title='bbox 2192 3430 2365 3484; x_wconf 90' lang='lat' dir='ltr'>quam</span> <span class='ocrx_word' id='word_1_634' title='bbox 2396 3430 2557 3467; x_wconf 91' lang='lat' dir='ltr'>mens</span> <span class='ocrx_word' id='word_1_635' title='bbox 2578 3416 2632 3466; x_wconf 90' lang='lat' dir='ltr'>et</span> <span class='ocrx_word' id='word_1_636' title='bbox 2654 3412 2798 3466; x_wconf 90' lang='lat' dir='ltr'>ratio</span> <span class='ocrx_word' id='word_1_637' title='bbox 2823 3429 2835 3465; x_wconf 93' lang='lat'><strong>:</strong></span> <span class='ocrx_word' id='word_1_638' title='bbox 2866 3413 2960 3465; x_wconf 91' lang='lat' dir='ltr'>sed</span> <span class='ocrx_word' id='word_1_639' title='bbox 2986 3428 3103 3464; x_wconf 89' lang='lat' dir='ltr'>non</span> <span class='ocrx_word' id='word_1_640' title='bbox 3133 3411 3444 3464; x_wconf 90' lang='lat' dir='ltr'>secundum</span> <span class='ocrx_word' id='word_1_641' title='bbox 3475 3409 3659 3477; x_wconf 89' lang='lat' dir='ltr'>ipsam</span> 
     </span>
    </p>
   </div>
   <div class='ocr_carea' id='block_1_88' title="bbox 1956 3498 3658 3572">
    <p class='ocr_par' dir='ltr' id='par_1_88' title="bbox 1956 3498 3658 3572">
     <span class='ocr_line' id='line_1_88' title="bbox 1956 3498 3658 3572; baseline -0.006 -15"><span class='ocrx_word' id='word_1_642' title='bbox 1956 3504 2124 3557; x_wconf 92' lang='lat' dir='ltr'>debet</span> <span class='ocrx_word' id='word_1_643' title='bbox 2169 3502 2376 3567; x_wconf 85' lang='lat' dir='ltr'>vivere,</span> <span class='ocrx_word' id='word_1_644' title='bbox 2421 3501 2519 3572; x_wconf 89' lang='lat' dir='ltr'>qui</span> <span class='ocrx_word' id='word_1_645' title='bbox 2573 3502 2738 3555; x_wconf 89' lang='lat' dir='ltr'>beate</span> <span class='ocrx_word' id='word_1_646' title='bbox 2768 3502 2887 3554; x_wconf 92' lang='lat' dir='ltr'>vult</span> <span class='ocrx_word' id='word_1_647' title='bbox 2917 3500 3125 3563; x_wconf 91' lang='lat' dir='ltr'>vivere,</span> <span class='ocrx_word' id='word_1_648' title='bbox 3172 3498 3425 3567; x_wconf 90' lang='lat' dir='ltr'>alioquin</span> <span class='ocrx_word' id='word_1_649' title='bbox 3457 3512 3658 3548; x_wconf 89' lang='lat' dir='ltr'>secun-</span> 
     </span>
    </p>
   </div>
   <div class='ocr_carea' id='block_1_89' title="bbox 1957 3584 3659 3654">
    <p class='ocr_par' dir='ltr' id='par_1_89' title="bbox 1957 3584 3659 3654">
     <span class='ocr_line' id='line_1_89' title="bbox 1957 3584 3659 3654; baseline -0.006 -8"><span class='ocrx_word' id='word_1_650' title='bbox 1957 3592 2095 3646; x_wconf 89' lang='lat' dir='ltr'>dum</span> <span class='ocrx_word' id='word_1_651' title='bbox 2124 3590 2419 3645; x_wconf 88' lang='lat' dir='ltr'>hominem</span> <span class='ocrx_word' id='word_1_652' title='bbox 2448 3589 2601 3654; x_wconf 90' lang='lat' dir='ltr'>vivit,</span> <span class='ocrx_word' id='word_1_653' title='bbox 2635 3606 2765 3641; x_wconf 88' lang='lat' dir='ltr'>cum</span> <span class='ocrx_word' id='word_1_654' title='bbox 2796 3587 3109 3641; x_wconf 90' lang='lat' dir='ltr'>secundum</span> <span class='ocrx_word' id='word_1_655' title='bbox 3144 3590 3324 3639; x_wconf 87' lang='lat' dir='ltr'>Deum</span> <span class='ocrx_word' id='word_1_656' title='bbox 3354 3584 3659 3638; x_wconf 89' lang='lat' dir='ltr'>vivendum</span> 
     </span>
    </p>
   </div>
   <div class='ocr_carea' id='block_1_90' title="bbox 1960 3674 3663 3749">
    <p class='ocr_par' dir='ltr' id='par_1_90' title="bbox 1960 3674 3663 3749">
     <span class='ocr_line' id='line_1_90' title="bbox 1960 3674 3663 3749; baseline -0.006 -16"><span class='ocrx_word' id='word_1_657' title='bbox 1960 3680 2029 3733; x_wconf 93' lang='lat' dir='ltr'>sit</span> <span class='ocrx_word' id='word_1_658' title='bbox 2089 3684 2149 3733; x_wconf 89' lang='lat' dir='ltr'>ut</span> <span class='ocrx_word' id='word_1_659' title='bbox 2200 3678 2380 3749; x_wconf 88' lang='lat' dir='ltr'>possit</span> <span class='ocrx_word' id='word_1_660' title='bbox 2437 3677 2508 3730; x_wconf 92' lang='lat' dir='ltr'>ad</span> <span class='ocrx_word' id='word_1_661' title='bbox 2576 3676 2993 3729; x_wconf 88' lang='lat' dir='ltr'>beatitudinem</span> <span class='ocrx_word' id='word_1_662' title='bbox 3049 3674 3383 3744; x_wconf 89' lang='lat' dir='ltr'>pervenire;</span> <span class='ocrx_word' id='word_1_663' title='bbox 3429 3676 3663 3743; x_wconf 90' lang='lat' dir='ltr'>propter</span> 
     </span>
    </p>
   </div>
   <div class='ocr_carea' id='block_1_91' title="bbox 1962 3764 3663 3838">
    <p class='ocr_par' dir='ltr' id='par_1_91' title="bbox 1962 3764 3663 3838">
     <span class='ocr_line' id='line_1_91' title="bbox 1962 3764 3663 3838; baseline -0.005 -17"><span class='ocrx_word' id='word_1_664' title='bbox 1962 3784 2135 3838; x_wconf 87' lang='lat' dir='ltr'>quam</span> <span class='ocrx_word' id='word_1_665' title='bbox 2164 3766 2621 3837; x_wconf 89' lang='lat' dir='ltr'>consequendam</span> <span class='ocrx_word' id='word_1_666' title='bbox 2654 3781 2769 3819; x_wconf 91' lang='lat' dir='ltr'>non</span> <span class='ocrx_word' id='word_1_667' title='bbox 2803 3765 2990 3833; x_wconf 85' lang='lat' dir='ltr'>seipsa</span> <span class='ocrx_word' id='word_1_668' title='bbox 3017 3764 3187 3817; x_wconf 90' lang='lat' dir='ltr'>debet</span> <span class='ocrx_word' id='word_1_669' title='bbox 3225 3778 3346 3816; x_wconf 90' lang='lat' dir='ltr'>esse</span> <span class='ocrx_word' id='word_1_670' title='bbox 3376 3764 3663 3826; x_wconf 91' lang='lat' dir='ltr'>contenta,</span> 
     </span>
    </p>
   </div>
   <div class='ocr_carea' id='block_1_92' title="bbox 1964 3849 3669 3920">
    <p class='ocr_par' dir='ltr' id='par_1_92' title="bbox 1964 3849 3669 3920">
     <span class='ocr_line' id='line_1_92' title="bbox 1964 3849 3669 3920; baseline -0.005 -11"><span class='ocrx_word' id='word_1_671' title='bbox 1964 3857 2061 3910; x_wconf 92' lang='lat' dir='ltr'>sed</span> <span class='ocrx_word' id='word_1_672' title='bbox 2096 3858 2206 3909; x_wconf 91' lang='lat' dir='ltr'>Deo</span> <span class='ocrx_word' id='word_1_673' title='bbox 2236 3872 2399 3909; x_wconf 89' lang='lat' dir='ltr'>mens</span> <span class='ocrx_word' id='word_1_674' title='bbox 2428 3858 2622 3907; x_wconf 90' lang='lat' dir='ltr'>nostra</span> <span class='ocrx_word' id='word_1_675' title='bbox 2668 3852 2961 3907; x_wconf 89' lang='lat' dir='ltr'>subdenda</span> <span class='ocrx_word' id='word_1_676' title='bbox 2992 3857 3094 3905; x_wconf 89' lang='lat' dir='ltr'>est.</span> <span class='ocrx_word' id='word_1_677' title='bbox 3146 3853 3285 3905; x_wconf 92' lang='lat' dir='ltr'>Item</span> <span class='ocrx_word' id='word_1_678' title='bbox 3314 3849 3669 3920; x_wconf 90' lang='lat' dir='ltr'>respondens</span> 
     </span>
    </p>
   </div>
   <div class='ocr_carea' id='block_1_93' title="bbox 1966 3941 3669 4014">
    <p class='ocr_par' dir='ltr' id='par_1_93' title="bbox 1966 3941 3669 4014">
     <span class='ocr_line' id='line_1_93' title="bbox 1966 3941 3669 4014; baseline -0.004 -16"><span class='ocrx_word' id='word_1_679' title='bbox 1966 3945 2037 4011; x_wconf 92' lang='lat' dir='ltr'>ei,</span> <span class='ocrx_word' id='word_1_680' title='bbox 2063 3961 2190 3997; x_wconf 90' lang='lat' dir='ltr'>cum</span> <span class='ocrx_word' id='word_1_681' title='bbox 2214 3961 2325 4014; x_wconf 92' lang='lat' dir='ltr'>quo</span> <span class='ocrx_word' id='word_1_682' title='bbox 2357 3941 2756 4011; x_wconf 81' lang='lat' dir='ltr'>disputabatur</span> <span class='ocrx_word' id='word_1_683' title='bbox 2790 3957 2803 3993; x_wconf 90' lang='lat'><strong>:</strong></span> <span class='ocrx_word' id='word_1_684' title='bbox 2834 3943 2935 3994; x_wconf 81' lang='lat' dir='ltr'>Hic</span> <span class='ocrx_word' id='word_1_685' title='bbox 2954 3941 3137 4008; x_wconf 83' lang='lat' dir='ltr'>plane,</span> <span class='ocrx_word' id='word_1_686' title='bbox 3172 3942 3419 4007; x_wconf 86' lang='lat' dir='ltr'>inquam,</span> <span class='ocrx_word' id='word_1_687' title='bbox 3450 3954 3555 3991; x_wconf 90' lang='lat' dir='ltr'>non</span> <span class='ocrx_word' id='word_1_688' title='bbox 3585 3953 3669 3991; x_wconf 88' lang='lat' dir='ltr'>er-</span> 
     </span>
    </p>
   </div>
   <div class='ocr_carea' id='block_1_94' title="bbox 1966 4030 3672 4100">
    <p class='ocr_par' dir='ltr' id='par_1_94' title="bbox 1966 4030 3672 4100">
     <span class='ocr_line' id='line_1_94' title="bbox 1966 4030 3672 4100; baseline -0.005 -13"><span class='ocrx_word' id='word_1_689' title='bbox 1966 4049 2058 4087; x_wconf 85' lang='lat' dir='ltr'>ras</span> <span class='ocrx_word' id='word_1_690' title='bbox 2084 4051 2096 4099; x_wconf 90' lang='lat'>;</span> <span class='ocrx_word' id='word_1_691' title='bbox 2141 4033 2285 4100; x_wconf 83' lang='lat' dir='ltr'>quod</span> <span class='ocrx_word' id='word_1_692' title='bbox 2313 4037 2373 4085; x_wconf 88' lang='lat' dir='ltr'>ut</span> <span class='ocrx_word' id='word_1_693' title='bbox 2405 4034 2508 4087; x_wconf 90' lang='lat' dir='ltr'>tibi</span> <span class='ocrx_word' id='word_1_694' title='bbox 2537 4048 2687 4088; x_wconf 90' lang='lat' dir='ltr'>omen</span> <span class='ocrx_word' id='word_1_695' title='bbox 2732 4032 2806 4084; x_wconf 89' lang='lat' dir='ltr'>sit</span> <span class='ocrx_word' id='word_1_696' title='bbox 2837 4030 2910 4083; x_wconf 90' lang='lat' dir='ltr'>ad</span> <span class='ocrx_word' id='word_1_697' title='bbox 2940 4030 3168 4097; x_wconf 86' lang='lat' dir='ltr'>reliqua,</span> <span class='ocrx_word' id='word_1_698' title='bbox 3202 4030 3426 4082; x_wconf 81' lang='lat' dir='ltr'>libenter</span> <span class='ocrx_word' id='word_1_699' title='bbox 3447 4032 3672 4095; x_wconf 85' lang='lat' dir='ltr'>optave-</span> 
     </span>
    </p>
   </div>
   <div class='ocr_carea' id='block_1_95' title="bbox 1968 4113 3669 4190">
    <p class='ocr_par' dir='ltr' id='par_1_95' title="bbox 1968 4113 3669 4190">
     <span class='ocr_line' id='line_1_95' title="bbox 1968 4113 3669 4190; baseline -0.006 -16"><span class='ocrx_word' id='word_1_700' title='bbox 1968 4123 2075 4176; x_wconf 80' lang='lat' dir='ltr'>rim</span> <span class='ocrx_word' id='word_1_701' title='bbox 2118 4120 2312 4190; x_wconf 85' lang='lat' dir='ltr'>(Ibid.,</span> <span class='ocrx_word' id='word_1_702' title='bbox 2342 4136 2390 4174; x_wconf 90' lang='lat' dir='ltr'>c.</span> <span class='ocrx_word' id='word_1_703' title='bbox 2431 4122 2485 4184; x_wconf 83' lang='grc'>4,</span> <span class='ocrx_word' id='word_1_704' title='bbox 2515 4137 2567 4173; x_wconf 91' lang='lat' dir='ltr'>n.</span> <span class='ocrx_word' id='word_1_705' title='bbox 2610 4121 2717 4187; x_wconf 90' lang='lat' dir='ltr'>ll).</span> <span class='ocrx_word' id='word_1_706' title='bbox 2750 4119 2865 4170; x_wconf 87' lang='lat' dir='ltr'>Hoc</span> <span class='ocrx_word' id='word_1_707' title='bbox 2896 4116 3025 4169; x_wconf 91' lang='lat' dir='ltr'>licet</span> <span class='ocrx_word' id='word_1_708' title='bbox 3056 4132 3172 4169; x_wconf 90' lang='lat' dir='ltr'>non</span> <span class='ocrx_word' id='word_1_709' title='bbox 3211 4116 3381 4180; x_wconf 91' lang='lat' dir='ltr'>serio,</span> <span class='ocrx_word' id='word_1_710' title='bbox 3417 4114 3514 4167; x_wconf 90' lang='lat' dir='ltr'>sed</span> <span class='ocrx_word' id='word_1_711' title='bbox 3540 4113 3669 4180; x_wconf 89' lang='lat' dir='ltr'>joco</span> 
     </span>
    </p>
   </div>
   <div class='ocr_carea' id='block_1_96' title="bbox 1972 4200 3671 4274">
    <p class='ocr_par' dir='ltr' id='par_1_96' title="bbox 1972 4200 3671 4274">
     <span class='ocr_line' id='line_1_96' title="bbox 1972 4200 3671 4274; baseline -0.008 -10"><span class='ocrx_word' id='word_1_712' title='bbox 1972 4211 2188 4265; x_wconf 86' lang='lat' dir='ltr'>dictum</span> <span class='ocrx_word' id='word_1_713' title='bbox 2219 4208 2309 4274; x_wconf 87' lang='lat' dir='ltr'>sit,</span> <span class='ocrx_word' id='word_1_714' title='bbox 2344 4209 2553 4261; x_wconf 89' lang='lat' dir='ltr'>nollem</span> <span class='ocrx_word' id='word_1_715' title='bbox 2579 4212 2771 4261; x_wconf 90' lang='lat' dir='ltr'>tamen</span> <span class='ocrx_word' id='word_1_716' title='bbox 2803 4222 2867 4259; x_wconf 92' lang='lat' dir='ltr'>eo</span> <span class='ocrx_word' id='word_1_717' title='bbox 2891 4205 3061 4258; x_wconf 90' lang='lat' dir='ltr'>verbo</span> <span class='ocrx_word' id='word_1_718' title='bbox 3095 4203 3197 4256; x_wconf 92' lang='lat' dir='ltr'>uti.</span> <span class='ocrx_word' id='word_1_719' title='bbox 3231 4204 3411 4256; x_wconf 90' lang='lat' dir='ltr'>Omen</span> <span class='ocrx_word' id='word_1_720' title='bbox 3438 4200 3671 4269; x_wconf 91' lang='lat' dir='ltr'>quippe,</span> 
     </span>
    </p>
   </div>
   <div class='ocr_carea' id='block_1_97' title="bbox 1972 4288 3675 4366">
    <p class='ocr_par' dir='ltr' id='par_1_97' title="bbox 1972 4288 3675 4366">
     <span class='ocr_line' id='line_1_97' title="bbox 1972 4288 3675 4366; baseline -0.009 -13"><span class='ocrx_word' id='word_1_721' title='bbox 1972 4315 2065 4353; x_wconf 89' lang='lat' dir='ltr'>me</span> <span class='ocrx_word' id='word_1_722' title='bbox 2112 4296 2313 4366; x_wconf 91' lang='lat' dir='ltr'>legisse</span> <span class='ocrx_word' id='word_1_723' title='bbox 2366 4312 2483 4349; x_wconf 91' lang='lat' dir='ltr'>non</span> <span class='ocrx_word' id='word_1_724' title='bbox 2535 4295 2747 4360; x_wconf 89' lang='lat' dir='ltr'>recolo,</span> <span class='ocrx_word' id='word_1_725' title='bbox 2807 4294 2922 4347; x_wconf 88' lang='lat' dir='ltr'>sive</span> <span class='ocrx_word' id='word_1_726' title='bbox 2971 4293 3031 4345; x_wconf 91' lang='lat' dir='ltr'>in</span> <span class='ocrx_word' id='word_1_727' title='bbox 3079 4290 3251 4345; x_wconf 90' lang='lat' dir='ltr'>sacris</span> <span class='ocrx_word' id='word_1_728' title='bbox 3301 4288 3523 4341; x_wconf 89' lang='lat' dir='ltr'>Litteris</span> <span class='ocrx_word' id='word_1_729' title='bbox 3571 4304 3675 4340; x_wconf 92' lang='lat' dir='ltr'>no-</span> 
     </span>
    </p>
   </div>
   <div class='ocr_carea' id='block_1_98' title="bbox 1976 4375 3674 4456">
    <p class='ocr_par' dir='ltr' id='par_1_98' title="bbox 1976 4375 3674 4456">
     <span class='ocr_line' id='line_1_98' title="bbox 1976 4375 3674 4456; baseline -0.009 -14"><span class='ocrx_word' id='word_1_730' title='bbox 1976 4387 2103 4442; x_wconf 90' lang='lat' dir='ltr'>stris</span> <span class='ocrx_word' id='word_1_731' title='bbox 2134 4386 2231 4456; x_wconf 82' lang='lat' dir='ltr'>(a),</span> <span class='ocrx_word' id='word_1_732' title='bbox 2262 4384 2378 4438; x_wconf 90' lang='lat' dir='ltr'>sive</span> <span class='ocrx_word' id='word_1_733' title='bbox 2410 4384 2469 4437; x_wconf 94' lang='lat' dir='ltr'>in</span> <span class='ocrx_word' id='word_1_734' title='bbox 2500 4400 2763 4438; x_wconf 90' lang='lat' dir='ltr'>sermone</span> <span class='ocrx_word' id='word_1_735' title='bbox 2796 4384 3138 4453; x_wconf 87' lang='lat' dir='ltr'>cujusquam</span> <span class='ocrx_word' id='word_1_736' title='bbox 3168 4375 3529 4431; x_wconf 76' lang='lat' dir='ltr'>ecclesiastici</span> <span class='ocrx_word' id='word_1_737' title='bbox 3556 4375 3674 4429; x_wconf 93' lang='lat' dir='ltr'>dis-</span> 
     </span>
    </p>
   </div>
   <div class='ocr_carea' id='block_1_99' title="bbox 1977 4463 3675 4547">
    <p class='ocr_par' dir='ltr' id='par_1_99' title="bbox 1977 4463 3675 4547">
     <span class='ocr_line' id='line_1_99' title="bbox 1977 4463 3675 4547; baseline -0.007 -19"><span class='ocrx_word' id='word_1_738' title='bbox 1977 4472 2293 4547; x_wconf 88' lang='lat' dir='ltr'>putatoris:</span> <span class='ocrx_word' id='word_1_739' title='bbox 2328 4470 2585 4543; x_wconf 88' lang='lat' dir='ltr'>quamvis</span> <span class='ocrx_word' id='word_1_740' title='bbox 2615 4470 2965 4525; x_wconf 92' lang='lat' dir='ltr'>abominatio</span> <span class='ocrx_word' id='word_1_741' title='bbox 2998 4467 3131 4521; x_wconf 91' lang='lat' dir='ltr'>inde</span> <span class='ocrx_word' id='word_1_742' title='bbox 3158 4465 3229 4518; x_wconf 87' lang='lat' dir='ltr'>sit</span> <span class='ocrx_word' id='word_1_743' title='bbox 3257 4464 3425 4530; x_wconf 90' lang='lat' dir='ltr'>dicta,</span> <span class='ocrx_word' id='word_1_744' title='bbox 3459 4478 3587 4533; x_wconf 70' lang='lat' dir='ltr'>qua:</span> <span class='ocrx_word' id='word_1_745' title='bbox 3614 4463 3675 4516; x_wconf 91' lang='lat' dir='ltr'>in</span> 
     </span>
    </p>
   </div>
   <div class='ocr_carea' id='block_1_100' title="bbox 1980 4557 2981 4629">
    <p class='ocr_par' dir='ltr' id='par_1_100' title="bbox 1980 4557 2981 4629">
     <span class='ocr_line' id='line_1_100' title="bbox 1980 4557 2981 4629; baseline -0.008 -11"><span class='ocrx_word' id='word_1_746' title='bbox 1980 4562 2184 4620; x_wconf 89' lang='lat' dir='ltr'>divinis</span> <span class='ocrx_word' id='word_1_747' title='bbox 2214 4561 2395 4615; x_wconf 90' lang='lat' dir='ltr'>Libris</span> <span class='ocrx_word' id='word_1_748' title='bbox 2426 4560 2649 4614; x_wconf 88' lang='lat' dir='ltr'>assidue</span> <span class='ocrx_word' id='word_1_749' title='bbox 2677 4557 2981 4629; x_wconf 88' lang='lat' dir='ltr'>reperitur.</span> 
     </span>
    </p>
   </div>
   <div class='ocr_carea' id='block_1_101' title="bbox 2056 4641 3684 4711">
    <p class='ocr_par' dir='ltr' id='par_1_101' title="bbox 2056 4641 3684 4711">
     <span class='ocr_line' id='line_1_101' title="bbox 2056 4641 3684 4711; baseline -0.008 -6"><span class='ocrx_word' id='word_1_750' title='bbox 2056 4655 2107 4705; x_wconf 86' lang='lat'>3.</span> <span class='ocrx_word' id='word_1_751' title='bbox 2141 4652 2203 4704; x_wconf 91' lang='lat' dir='ltr'>In</span> <span class='ocrx_word' id='word_1_752' title='bbox 2260 4649 2506 4703; x_wconf 90' lang='lat' dir='ltr'>secundo</span> <span class='ocrx_word' id='word_1_753' title='bbox 2538 4651 2731 4702; x_wconf 88' lang='lat' dir='ltr'>autem</span> <span class='ocrx_word' id='word_1_754' title='bbox 2787 4646 2932 4699; x_wconf 91' lang='lat' dir='ltr'>libro</span> <span class='ocrx_word' id='word_1_755' title='bbox 2980 4656 3214 4711; x_wconf 82' lang='lat' dir='ltr'>prorsus</span> <span class='ocrx_word' id='word_1_756' title='bbox 3269 4641 3463 4710; x_wconf 91' lang='lat' dir='ltr'>inepta</span> <span class='ocrx_word' id='word_1_757' title='bbox 3506 4643 3590 4693; x_wconf 88' lang='lat' dir='ltr'>est</span> <span class='ocrx_word' id='word_1_758' title='bbox 3627 4644 3684 4693; x_wconf 89' lang='lat' dir='ltr'>et</span> 
     </span>
    </p>
   </div>
   <div class='ocr_carea' id='block_1_102' title="bbox 1986 4727 3680 4807">
    <p class='ocr_par' dir='ltr' id='par_1_102' title="bbox 1986 4727 3680 4807">
     <span class='ocr_line' id='line_1_102' title="bbox 1986 4727 3680 4807; baseline -0.008 -14"><span class='ocrx_word' id='word_1_759' title='bbox 1986 4739 2200 4794; x_wconf 90' lang='lat' dir='ltr'>insulsa</span> <span class='ocrx_word' id='word_1_760' title='bbox 2223 4738 2320 4791; x_wconf 92' lang='lat' dir='ltr'>illa</span> <span class='ocrx_word' id='word_1_761' title='bbox 2348 4736 2511 4807; x_wconf 90' lang='lat' dir='ltr'>quasi</span> <span class='ocrx_word' id='word_1_762' title='bbox 2539 4736 2731 4789; x_wconf 89' lang='lat' dir='ltr'>fabula</span> <span class='ocrx_word' id='word_1_763' title='bbox 2758 4733 2826 4786; x_wconf 91' lang='lat' dir='ltr'>de</span> <span class='ocrx_word' id='word_1_764' title='bbox 2857 4728 3166 4784; x_wconf 90' lang='lat' dir='ltr'>Philocalia</span> <span class='ocrx_word' id='word_1_765' title='bbox 3195 4732 3252 4782; x_wconf 91' lang='lat' dir='ltr'>et</span> <span class='ocrx_word' id='word_1_766' title='bbox 3290 4727 3680 4798; x_wconf 89' lang='lat' dir='ltr'>Philosophia,</span> 
     </span>
    </p>
   </div>
   <div class='ocr_carea' id='block_1_103' title="bbox 1988 4817 3685 4900">
    <p class='ocr_par' dir='ltr' id='par_1_103' title="bbox 1988 4817 3685 4900">
     <span class='ocr_line' id='line_1_103' title="bbox 1988 4817 3685 4900; baseline -0.008 -17"><span class='ocrx_word' id='word_1_767' title='bbox 1988 4828 2142 4900; x_wconf 90' lang='lat' dir='ltr'>quod</span> <span class='ocrx_word' id='word_1_768' title='bbox 2171 4830 2279 4881; x_wconf 87' lang='lat' dir='ltr'>sint</span> <span class='ocrx_word' id='word_1_769' title='bbox 2307 4840 2575 4893; x_wconf 73' lang='lat' dir='ltr'>germanae</span> <span class='ocrx_word' id='word_1_770' title='bbox 2598 4828 2647 4877; x_wconf 85' lang='lat' dir='ltr'>et</span> <span class='ocrx_word' id='word_1_771' title='bbox 2675 4821 2853 4875; x_wconf 87' lang='lat' dir='ltr'>eodem</span> <span class='ocrx_word' id='word_1_772' title='bbox 2880 4822 3102 4888; x_wconf 85' lang='lat' dir='ltr'>parente</span> <span class='ocrx_word' id='word_1_773' title='bbox 3130 4822 3423 4887; x_wconf 69' lang='lat' dir='ltr'>procreatae</span> <span class='ocrx_word' id='word_1_774' title='bbox 3455 4817 3598 4884; x_wconf 91' lang='lat' dir='ltr'>(Lib.</span> <span class='ocrx_word' id='word_1_775' title='bbox 3630 4819 3685 4881; x_wconf 83' lang='lat'>2,</span> 
     </span>
    </p>
   </div>
   <div class='ocr_carea' id='block_1_104' title="bbox 1991 4903 3693 4986">
    <p class='ocr_par' dir='ltr' id='par_1_104' title="bbox 1991 4903 3693 4986">
     <span class='ocr_line' id='line_1_104' title="bbox 1991 4903 3693 4986; baseline -0.01 -14"><span class='ocrx_word' id='word_1_776' title='bbox 1991 4934 2038 4972; x_wconf 90' lang='lat' dir='ltr'>c.</span> <span class='ocrx_word' id='word_1_777' title='bbox 2076 4922 2128 4986; x_wconf 90' lang='lat'>3,</span> <span class='ocrx_word' id='word_1_778' title='bbox 2160 4933 2214 4971; x_wconf 91' lang='lat' dir='ltr'>n.</span> <span class='ocrx_word' id='word_1_779' title='bbox 2239 4916 2315 4983; x_wconf 84' lang='lat'>7).</span> <span class='ocrx_word' id='word_1_780' title='bbox 2347 4917 2462 4968; x_wconf 86' lang='lat' dir='ltr'>Aut</span> <span class='ocrx_word' id='word_1_781' title='bbox 2492 4912 2640 4967; x_wconf 90' lang='lat' dir='ltr'>enim</span> <span class='ocrx_word' id='word_1_782' title='bbox 2674 4908 2979 4978; x_wconf 90' lang='lat' dir='ltr'>philocalia</span> <span class='ocrx_word' id='word_1_783' title='bbox 3010 4923 3137 4977; x_wconf 73' lang='lat' dir='ltr'>quas</span> <span class='ocrx_word' id='word_1_784' title='bbox 3166 4906 3392 4975; x_wconf 85' lang='lat' dir='ltr'>dicitur,</span> <span class='ocrx_word' id='word_1_785' title='bbox 3436 4922 3551 4959; x_wconf 91' lang='lat' dir='ltr'>non</span> <span class='ocrx_word' id='word_1_786' title='bbox 3582 4903 3693 4957; x_wconf 88' lang='lat' dir='ltr'>nisi</span> 
     </span>
    </p>
   </div>
   <div class='ocr_carea' id='block_1_105' title="bbox 1994 4994 3693 5076">
    <p class='ocr_par' dir='ltr' id='par_1_105' title="bbox 1994 4994 3693 5076">
     <span class='ocr_line' id='line_1_105' title="bbox 1994 4994 3693 5076; baseline -0.009 -15"><span class='ocrx_word' id='word_1_787' title='bbox 1994 5007 2055 5061; x_wconf 91' lang='lat' dir='ltr'>in</span> <span class='ocrx_word' id='word_1_788' title='bbox 2084 5005 2252 5076; x_wconf 89' lang='lat' dir='ltr'>nugis</span> <span class='ocrx_word' id='word_1_789' title='bbox 2291 5008 2394 5069; x_wconf 89' lang='lat' dir='ltr'>est,</span> <span class='ocrx_word' id='word_1_790' title='bbox 2427 5006 2482 5056; x_wconf 91' lang='lat' dir='ltr'>et</span> <span class='ocrx_word' id='word_1_791' title='bbox 2512 5001 2583 5054; x_wconf 89' lang='lat' dir='ltr'>ob</span> <span class='ocrx_word' id='word_1_792' title='bbox 2613 5000 2717 5053; x_wconf 90' lang='lat' dir='ltr'>hoc</span> <span class='ocrx_word' id='word_1_793' title='bbox 2746 4996 3123 5069; x_wconf 69' lang='lat' dir='ltr'>philosophim</span> <span class='ocrx_word' id='word_1_794' title='bbox 3144 4997 3303 5050; x_wconf 89' lang='lat' dir='ltr'>nulla</span> <span class='ocrx_word' id='word_1_795' title='bbox 3322 4994 3540 5049; x_wconf 91' lang='lat' dir='ltr'>ratione</span> <span class='ocrx_word' id='word_1_796' title='bbox 3571 5008 3693 5061; x_wconf 86' lang='lat' dir='ltr'>ger-</span> 
     </span>
    </p>
   </div>
   <div class='ocr_carea' id='block_1_106' title="bbox 1997 5080 3693 5161">
    <p class='ocr_par' dir='ltr' id='par_1_106' title="bbox 1997 5080 3693 5161">
     <span class='ocr_line' id='line_1_106' title="bbox 1997 5080 3693 5161; baseline -0.011 -10"><span class='ocrx_word' id='word_1_797' title='bbox 1997 5113 2169 5151; x_wconf 90' lang='lat' dir='ltr'>mana</span> <span class='ocrx_word' id='word_1_798' title='bbox 2202 5111 2215 5147; x_wconf 90' lang='lat'><strong>:</strong></span> <span class='ocrx_word' id='word_1_799' title='bbox 2243 5098 2341 5147; x_wconf 89' lang='lat' dir='ltr'>aut</span> <span class='ocrx_word' id='word_1_800' title='bbox 2370 5091 2416 5145; x_wconf 88' lang='lat' dir='ltr'>si</span> <span class='ocrx_word' id='word_1_801' title='bbox 2450 5093 2753 5161; x_wconf 88' lang='lat' dir='ltr'>propterea</span> <span class='ocrx_word' id='word_1_802' title='bbox 2784 5092 2868 5141; x_wconf 91' lang='lat' dir='ltr'>est</span> <span class='ocrx_word' id='word_1_803' title='bbox 2903 5086 3007 5139; x_wconf 89' lang='lat' dir='ltr'>hoc</span> <span class='ocrx_word' id='word_1_804' title='bbox 3040 5101 3251 5139; x_wconf 90' lang='lat' dir='ltr'>nomen</span> <span class='ocrx_word' id='word_1_805' title='bbox 3296 5080 3693 5137; x_wconf 88' lang='lat' dir='ltr'>honorandum</span> 
     </span>
    </p>
   </div>
   <div class='ocr_carea' id='block_1_107' title="bbox 2001 5166 3697 5256">
    <p class='ocr_par' dir='ltr' id='par_1_107' title="bbox 2001 5166 3697 5256">
     <span class='ocr_line' id='line_1_107' title="bbox 2001 5166 3697 5256; baseline -0.011 -18"><span class='ocrx_word' id='word_1_806' title='bbox 2001 5184 2135 5256; x_wconf 91' lang='lat' dir='ltr'>quia</span> <span class='ocrx_word' id='word_1_807' title='bbox 2164 5182 2337 5236; x_wconf 90' lang='lat' dir='ltr'>latine</span> <span class='ocrx_word' id='word_1_808' title='bbox 2368 5180 2829 5248; x_wconf 90' lang='lat' dir='ltr'>interpretatum,</span> <span class='ocrx_word' id='word_1_809' title='bbox 2854 5190 3110 5228; x_wconf 89' lang='lat' dir='ltr'>amorem</span> <span class='ocrx_word' id='word_1_810' title='bbox 3142 5172 3420 5243; x_wconf 76' lang='lat' dir='ltr'>signiﬁcat</span> <span class='ocrx_word' id='word_1_811' title='bbox 3448 5166 3697 5239; x_wconf 88' lang='lat' dir='ltr'>pulchri—</span> 
     </span>
    </p>
   </div>
   <div class='ocr_carea' id='block_1_108' title="bbox 2001 5255 3696 5337">
    <p class='ocr_par' dir='ltr' id='par_1_108' title="bbox 2001 5255 3696 5337">
     <span class='ocr_line' id='line_1_108' title="bbox 2001 5255 3696 5337; baseline -0.011 -11"><span class='ocrx_word' id='word_1_812' title='bbox 2001 5255 2237 5337; x_wconf 86' lang='lat' dir='ltr'>tudinis,</span> <span class='ocrx_word' id='word_1_813' title='bbox 2284 5272 2339 5322; x_wconf 90' lang='lat' dir='ltr'>et</span> <span class='ocrx_word' id='word_1_814' title='bbox 2389 5271 2473 5319; x_wconf 91' lang='lat' dir='ltr'>est</span> <span class='ocrx_word' id='word_1_815' title='bbox 2527 5281 2660 5319; x_wconf 90' lang='lat' dir='ltr'>vera</span> <span class='ocrx_word' id='word_1_816' title='bbox 2718 5282 2779 5317; x_wconf 91' lang='lat' dir='ltr'>ac</span> <span class='ocrx_word' id='word_1_817' title='bbox 2836 5279 3061 5316; x_wconf 88' lang='lat' dir='ltr'>summa</span> <span class='ocrx_word' id='word_1_818' title='bbox 3106 5260 3398 5331; x_wconf 64' lang='lat' dir='ltr'>sapientiae</span> <span class='ocrx_word' id='word_1_819' title='bbox 3446 5255 3696 5326; x_wconf 89' lang='lat' dir='ltr'>pulchri-</span> 
     </span>
    </p>
   </div>
   <div class='ocr_carea' id='block_1_109' title="bbox 2071 5370 3702 5447">
    <p class='ocr_par' dir='ltr' id='par_1_109' title="bbox 2071 5370 3702 5447">
     <span class='ocr_line' id='line_1_109' title="bbox 2071 5370 3702 5447; baseline -0.011 -12"><span class='ocrx_word' id='word_1_820' title='bbox 2071 5388 2140 5447; x_wconf 86' lang='lat'>((1)</span> <span class='ocrx_word' id='word_1_821' title='bbox 2170 5389 2325 5434; x_wconf 88' lang='lat' dir='ltr'>Omen</span> <span class='ocrx_word' id='word_1_822' title='bbox 2348 5387 2527 5447; x_wconf 79' lang='lat' dir='ltr'>tamen</span> <span class='ocrx_word' id='word_1_823' title='bbox 2558 5380 2783 5447; x_wconf 77' lang='lat' dir='ltr'>legimus</span> <span class='ocrx_word' id='word_1_824' title='bbox 2814 5380 2881 5427; x_wconf 87' lang='lat' dir='ltr'><strong>III</strong></span> <span class='ocrx_word' id='word_1_825' title='bbox 2906 5379 3027 5439; x_wconf 73' lang='lat' dir='ltr'>Reg.</span> <span class='ocrx_word' id='word_1_826' title='bbox 3052 5391 3147 5447; x_wconf 51' lang='lat' dir='ltr'>ar,</span> <span class='ocrx_word' id='word_1_827' title='bbox 3173 5378 3256 5447; x_wconf 74' lang='grc'>¹33.</span> <span class='ocrx_word' id='word_1_828' title='bbox 3287 5370 3702 5447; x_wconf 24' lang='grc' dir='ltr'>Λῐὶδηᾼιιευειί-</span> 
     </span>
    </p>
   </div>
   <div class='ocr_carea' id='block_1_110' title="bbox 2007 5433 3702 5502">
    <p class='ocr_par' dir='ltr' id='par_1_110' title="bbox 2007 5433 3702 5502">
     <span class='ocr_line' id='line_1_110' title="bbox 2007 5433 3702 5502; baseline -0.012 -3"><span class='ocrx_word' id='word_1_829' title='bbox 2007 5433 2208 5499; x_wconf 29' lang='lat' dir='ltr'>nus-vel</span> <span class='ocrx_word' id='word_1_830' title='bbox 2224 5459 2329 5494; x_wconf 89' lang='lat' dir='ltr'>non</span> <span class='ocrx_word' id='word_1_831' title='bbox 2348 5444 2543 5502; x_wconf 83' lang='lat' dir='ltr'>legerat</span> <span class='ocrx_word' id='word_1_832' title='bbox 2566 5433 2878 5491; x_wconf 66' lang='lat' dir='ltr'>inversione</span> <span class='ocrx_word' id='word_1_833' title='bbox 2895 5433 3271 5502; x_wconf 54' lang='lat' dir='ltr'>(metuebatur,</span> <span class='ocrx_word' id='word_1_834' title='bbox 3291 5433 3512 5502; x_wconf 42' lang='lat' dir='ltr'>vel-quia</span> <span class='ocrx_word' id='word_1_835' title='bbox 3532 5446 3702 5480; x_wconf 86' lang='lat' dir='ltr'>sermo</span> 
     </span>
    </p>
   </div>
   <div class='ocr_carea' id='block_1_111' title="bbox 2007 5493 3704 5568">
    <p class='ocr_par' dir='ltr' id='par_1_111' title="bbox 2007 5493 3704 5568">
     <span class='ocr_line' id='line_1_111' title="bbox 2007 5493 3704 5568; baseline -0.011 -9"><span class='ocrx_word' id='word_1_836' title='bbox 2007 5493 2268 5560; x_wconf 18' lang='lat' dir='ltr'>i—bwi&#39;estide</span> <span class='ocrx_word' id='word_1_837' title='bbox 2300 5493 2522 5568; x_wconf 55' lang='lat' dir='ltr'>l’agiinis</span> <span class='ocrx_word' id='word_1_838' title='bbox 2534 5505 2676 5568; x_wconf 89' lang='lat' dir='ltr'>viris,</span> <span class='ocrx_word' id='word_1_839' title='bbox 2693 5493 2926 5568; x_wconf 61' lang='lat' dir='ltr'>profani&#39;</span> <span class='ocrx_word' id='word_1_840' title='bbox 2939 5498 3180 5548; x_wconf 86' lang='lat' dir='ltr'>vocabuli</span> <span class='ocrx_word' id='word_1_841' title='bbox 3206 5493 3497 5543; x_wconf 86' lang='lat' dir='ltr'>usuminde</span> <span class='ocrx_word' id='word_1_842' title='bbox 3515 5508 3704 5557; x_wconf 87' lang='lat' dir='ltr'>appro-</span> 
     </span>
    </p>
   </div>
   <div class='ocr_carea' id='block_1_112' title="bbox 2006 5564 2887 5625">
    <p class='ocr_par' dir='ltr' id='par_1_112' title="bbox 2006 5564 2887 5625">
     <span class='ocr_line' id='line_1_112' title="bbox 2006 5564 2887 5625; baseline -0.017 -1"><span class='ocrx_word' id='word_1_843' title='bbox 2006 5572 2240 5625; x_wconf 83' lang='lat' dir='ltr'>bandum</span> <span class='ocrx_word' id='word_1_844' title='bbox 2262 5564 2516 5617; x_wconf 59' lang='lat' dir='ltr'>esse&#39;nou</span> <span class='ocrx_word' id='word_1_845' title='bbox 2551 5564 2887 5616; x_wconf 75' lang='lat' dir='ltr'>existimavit.</span> 
     </span>
    </p>
   </div>
   <div class='ocr_carea' id='block_1_113' title="bbox 3017 5680 3440 5767">
    <p class='ocr_par' dir='ltr' id='par_1_113' title="bbox 3017 5680 3440 5767">
     <span class='ocr_line' id='line_1_113' title="bbox 3017 5680 3440 5767; baseline -0.005 -20"><span class='ocrx_word' id='word_1_846' title='bbox 3017 5680 3440 5767; x_wconf 75' lang='lat' dir='ltr'>(Dix-Neuf.)</span> 
     </span>
    </p>
   </div>
  </div>
