4028 6174
469 272 568 324 587
1066 284 1087 297 '
1632 262 2287 319 BETBAC'I‘ATIONUM
2327 264 2379 315 ὃ.
2429 263 2469 315 Α
2481 260 2829 316 [ῖϐυδῚῚΝΙ.
3789 272 3855 321 588

471 391 610 447 tudo
638 411 653 458 ;
678 388 881 444 eadem
908 388 1032 459 ipsa
1061 393 1145 442 est
1172 387 1232 441 in
1274 388 1444 442 rebus
1489 386 1943 457 ineorporalibus
1992 390 2161 456 atque

472 478 712 534 summis
740 476 1047 549 philocalia
1076 490 1202 548 quae
1228 474 1614 546 philosophia,
1645 489 1831 545 neque
1850 474 1967 528 ullo
1987 474 2163 529 modo

473 572 607 623 sunt
634 567 797 639 quasi
826 582 1047 620 sorores
1102 565 1249 619 duae.
1306 563 1432 617 Alio
1487 563 1611 617 loco
1664 562 1732 617 de
1787 562 2001 625 animo,
2035 578 2163 617 cum

473 673 704 729 agerem
733 656 848 710 dixi
881 672 892 708 :
923 656 1169 710 Securior
1186 653 1463 706 rediturus
1494 654 1551 704 in
1580 652 1764 705 cmlum
1787 651 1931 719 (Lib.
1965 653 2019 719 2,
2039 667 2084 705 c.
2110 654 2163 718 9,

471 762 528 801 η.
561 747 668 814 22).
716 747 905 799 Iturus
957 746 1168 806 autem,
1201 756 1397 811 quam,
1450 740 1727 794 rediturus
1779 738 2047 793 dixissem
2077 756 2166 794 se-

472 834 682 899 curius,
715 836 946 903 propter
975 846 1069 884 eos
1101 829 1199 900 qui
1252 832 1455 899 putant
1482 827 1704 882 animos
1745 826 2026 881 humanos
2067 844 2166 898 pro

469 920 688 974 meritis
715 923 1079 989 peccatorum
1110 932 1345 970 suorum
1378 917 1447 969 de
1492 917 1631 970 cmlo
1687 916 1874 987 lapsos
1915 915 2031 969 sive
2060 916 2167 970 de-

458 1007 660 1077 jectos,
690 1006 747 1059 in
775 1022 1013 1076 corpora
1042 1005 1152 1058 ista
1188 1004 1414 1059 detrudi
1468 1004 1566 1073 (a).
1603 1003 1710 1058 Sed
1740 1004 1846 1057 hoc
1876 1020 1981 1074 ego
2031 1020 2167 1074 pro-

463 1099 661 1166 pterea
690 1111 806 1149 non
845 1093 1099 1148 dubitavi
1145 1093 1352 1159 dicere,
1404 1093 1540 1164 quia
1571 1094 1647 1147 ita
1678 1092 1815 1159 dixi,
1856 1096 1914 1147 in
1951 1095 2167 1162 coelum,

464 1188 737 1255 tanquam
771 1182 1041 1248 dicerem,
1090 1182 1155 1235 ad
1212 1183 1415 1248 Deum,
1456 1182 1555 1252 qui
1601 1182 1723 1250 ejus
1773 1186 1856 1235 est
1884 1185 2082 1235 auctor
2112 1184 2169 1234 et

463 1271 725 1326 conditor
771 1270 916 1325 sicut
965 1270 1163 1324 beatus
1224 1269 1537 1340 Cyprianus
1588 1286 1703 1323 non
1741 1274 2034 1324 cunctatus
2085 1273 2169 1323 est

464 1360 652 1415 dicere
687 1376 699 1413 :
741 1361 881 1415 Nam
912 1374 1032 1413 cum
1086 1372 1278 1427 corpus
1308 1373 1334 1410 θ
1365 1363 1532 1423 terra,
1575 1360 1832 1426 spiritum
1879 1358 2166 1427 possidea-

462 1464 581 1502 mus
603 1463 629 1501 ε
653 1448 796 1513 coelo,
836 1449 946 1515 ipsi
976 1451 1121 1500 terra
1170 1451 1219 1500 et
1261 1447 1447 1500 emtum
1497 1462 1681 1500 sumus
1714 1448 1920 1515 (Cypra,
1972 1446 2066 1500 lib.
2101 1446 2167 1499 de

466 1537 619 1591 Orat.
652 1535 849 1605 Dom).
878 1536 941 1589 Et
970 1534 1030 1588 in
1059 1534 1203 1589 libro
1234 1534 1578 1588 Ecclesiasten
1604 1534 1877 1603 scriptum
1903 1538 2014 1589 est:
2037 1535 2167 1604 Spi-

396 1674 417 1681 _
464 1626 604 1679 ritus
626 1629 931 1678 revertatur
959 1623 1032 1677 ad
1059 1627 1247 1689 Deum,
1281 1626 1379 1692 qui
1399 1624 1550 1677 dedit
1574 1625 1726 1678 illum
1760 1625 1943 1691 (Eerle.
1963 1640 2056 1688 xu,
2086 1625 2159 1693 7).

467 1711 629 1776 Quod
660 1710 858 1784 utique
888 1710 967 1764 sic
1004 1711 1443 1781 intelligendum
1482 1716 1587 1780 est,
1621 1716 1681 1764 ut
1724 1728 1842 1765 non
1873 1712 2166 1766 resistatur

465 1800 732 1869 Apostolo
787 1799 1019 1868 dicenti,
1076 1800 1334 1852 nondum
1393 1803 1555 1853 natos
1604 1799 1743 1853 nihil
1802 1799 1984 1870 egisse
2025 1799 2164 1855 boni

466 1891 564 1942 aut
591 1886 727 1940 mali
784 1886 951 1956 (Rom.
1007 1902 1081 1953 1x,
1124 1887 1222 1954 ll).
1252 1886 1384 1941 Sine
1432 1887 1813 1941 controversia
1842 1904 1979 1958 ergo
2007 1904 2162 1958 quae-

466 1976 596 2030 dam
628 1974 923 2045 originalis
969 1974 1130 2044 regio
1187 1974 1556 2029 beatitudinis
1615 1975 1810 2042 animi,
1856 1977 2004 2029 Deus
2042 1976 2162 2046 ipse

464 2069 566 2126 est,
600 2064 701 2134 qui
730 2079 863 2117 eum
901 2079 1019 2116 non
1064 2062 1295 2132 quidem
1343 2063 1412 2116 de
1460 2062 1646 2133 seipse
1693 2064 1914 2133 genuit,
1967 2066 2062 2118 sed
2092 2064 2161 2118 de

462 2152 622 2205 nulla
650 2166 711 2205 re
745 2151 856 2205 alia
885 2150 1163 2216 condidit,
1209 2151 1354 2204 sicut
1382 2150 1636 2205 condidit
1685 2167 1887 2221 corpus
1918 2168 1947 2204 e
1988 2157 2159 2206 terra.

466 2239 608 2292 Nam
633 2237 788 2309 quod
818 2237 1020 2291 attinet
1074 2238 1146 2291 ad
1175 2238 1296 2307 ejus
1327 2237 1631 2307 originem,
1675 2254 1789 2309 qua
1818 2239 1884 2293 fit
1913 2244 1978 2293 ut
2005 2239 2077 2293 sit
2102 2239 2163 2292 in

463 2342 724 2397 corpore,
754 2329 952 2379 utrum
978 2324 1047 2378 de
1079 2325 1176 2379 illo
1208 2342 1323 2379 uno
1366 2326 1456 2392 sit,
1498 2326 1600 2396 qui
1646 2326 1897 2395 primum
1942 2332 2164 2381 creatus

463 2420 570 2486 est,
614 2415 844 2486 quando
874 2414 1055 2467 factus
1085 2418 1171 2467 est
1197 2414 1370 2467 homo
1426 2414 1483 2466 in
1528 2414 1778 2468 animam
1830 2414 2051 2481 vivam;
2089 2431 2164 2469 an

463 2502 727 2557 similiter
764 2501 844 2555 ita
873 2500 1012 2554 ﬁant
1043 2500 1281 2571 singulis
1310 2499 1541 2571 singuli,
1575 2516 1679 2556 nec
1719 2506 1854 2556 tunc
1893 2502 2160 2569 sciebam,

464 2608 569 2646 nec
598 2590 784 2644 adhuc
810 2588 944 2643 scio.

534 2682 587 2734 4.
620 2681 685 2732 In
716 2678 863 2732 libro
897 2676 1067 2731 tertio
1105 2693 1118 2730 :
1160 2677 1224 2731 Si
1268 2677 1409 2746 quid
1448 2677 1588 2732 mihi
1636 2677 1887 2733 videatur
1940 2682 2160 2747 quantis,

461 2769 717 2836 inquam;
750 2768 809 2820 in
839 2769 1009 2820 mente
1063 2765 1302 2819 arbitror
1338 2780 1449 2820 esse
1491 2780 1758 2821 summum
1791 2768 2022 2821 hominis
2072 2768 2161 2821 bo-

459 2872 588 2910 num
610 2855 750 2927 (Lib.
785 2858 837 2922 3,
888 2871 934 2909 ο.
972 2857 1057 2921 12,
1084 2870 1139 2909 n.
1190 2855 1300 2924 27).
1352 2855 1552 2909 Verius
1579 2855 1871 2923 dixissem,
1905 2858 1968 2911 In
1997 2859 2115 2911 Deo
2146 2875 2157 2911 :

458 2945 580 3015 ipso
607 2943 763 2998 enim
787 2959 950 2997 mens
981 2942 1209 3010 fruitur,
1256 2947 1318 2996 ut
1347 2943 1512 2997 beata
1554 2943 1647 3013 sit,
1692 2948 1967 3016 tanquam
2006 2962 2164 2999 sum-

376 3034 379 3037 ’
460 3048 555 3085 mo
583 3032 732 3086 bono
763 3047 889 3086 suo.
932 3032 1045 3085 Nec
1083 3030 1222 3085 mihi
1271 3030 1413 3084 illud
1465 3032 1842 3103 placet-quod
1872 3033 1990 3087 dixi
2024 3053 2035 3089 :
2070 3036 2162 3088 Li-

460 3124 585 3188 quet
619 3122 632 3156 ¹
670 3119 913 3187 dejerare
960 3134 1060 3186 per
1099 3134 1249 3172 omne
1278 3119 1525 3173 ditinum
1557 3119 1683 3191 (Id.,
1717 3138 1761 3174 c.
1804 3124 1885 3187 l6,
1934 3138 1990 3175 η.
2046 3124 2159 3189 35).

462 3207 601 3260 Item
626 3206 777 3276 quod
808 3205 923 3259 dixi
954 3206 1022 3259 de
1054 3205 1423 3271 Academicis,
1452 3206 1587 3277 quia
1627 3223 1824 3262 verum
1858 3214 2155 3275 noverant,

462 3294 621 3363 cujus
651 3292 835 3347 simile
866 3285 1234 3364 appellabant
1263 3293 1591 3363 verisimile,
1622 3294 1796 3365 idque
1842 3295 2030 3365 ipsum
2063 3313 2160 3349 ve-

463 3381 697 3436 risimile
741 3381 1019 3453 appellavi
1067 3380 1295 3443 falsum,
1349 3381 1505 3452 quod
1555 3383 2160 3453 approbabant;duas

461 3471 533 3524 ob
563 3486 760 3525 causas
789 3486 907 3524 non
938 3472 1086 3523 recte
1116 3468 1332 3523 dictum
1364 3473 1449 3524 est
1480 3487 1494 3538 ;
1523 3472 1607 3524 vel
1639 3471 1794 3541 quod
1826 3471 2031 3526 falsum
2070 3489 2160 3526 es—

459 3561 562 3626 set,
591 3558 743 3629 quod
800 3558 994 3629 aliquo
1048 3557 1217 3611 modo
1274 3561 1419 3612 esset
1478 3557 1664 3613 simile
1730 3559 1970 3630 alicujus
2019 3561 2158 3629 veri,

459 3645 594 3717 quia
623 3646 684 3700 in
714 3662 922 3717 genere
950 3662 1050 3700 suo
1077 3650 1135 3701 et
1161 3646 1269 3700 hoc
1293 3662 1491 3701 verum
1515 3653 1631 3716 est;
1655 3647 1743 3702 vel
1772 3650 1925 3719 quod
1957 3666 2161 3720 appro-

458 3734 670 3788 babant
698 3735 805 3788 ista
841 3735 998 3801 falsa,
1031 3750 1160 3804 quae
1189 3735 1467 3789 vocabant
1518 3736 1870 3799 verisimilia,
1914 3753 2043 3791 eum
2076 3737 2159 3791 illi

458 3822 605 3876 nihil
654 3822 1055 3892 approbarent,
1130 3825 1187 3876 et
1254 3822 1580 3877 afﬁmarent
1642 3824 1786 3878 nihil
1836 3827 2157 3895 approbare

460 3908 801 3979 sapientem.
868 3908 979 3962 Sed
1035 3908 1172 3979 quia
1223 3910 1332 3963 hoc
1384 3910 1575 3981 ipsum
1632 3912 1939 3966 verisimile
1984 3914 2157 3968 etiam

458 3995 754 4067 probabile
816 3996 1245 4066 nuncupabant,
1303 3996 1437 4051 hinc
1496 3998 1710 4052 factum
1780 4003 1866 4053 est
1929 4005 1995 4054 ut
2052 4001 2159 4055 hoc

459 4084 529 4139 de
560 4084 674 4139 illis
704 4083 971 4138 dicerem.
1030 4086 1175 4139 Laus
1230 4100 1459 4155 quoque
1504 4085 1647 4157 ipsa,
1703 4103 1817 4157 qua
1866 4088 2159 4144 Platonem

455 4174 545 4228 vel
614 4172 930 4228 Platonicos
998 4188 1098 4226 seu
1163 4173 1551 4239 Academicos.
1593 4175 1967 4246 philosophos
2031 4181 2157 4232 tan-

454 4267 578 4317 tum
605 4261 779 4317 extuli
811 4261 938 4331 (Id.,
969 4276 1015 4315 c.
1066 4264 1127 4315 17
1177 4277 1232 4315 n.
1286 4261 1374 4333 37)
1418 4267 1699 4333 quantum
1727 4263 1940 4335 impios
1968 4266 2157 4320 homi-

455 4367 557 4405 nes
606 4367 723 4405 non
777 4349 1052 4421 oportuit,
1101 4364 1219 4403 non
1274 4349 1566 4406 immerito
1616 4352 1761 4407 mihi
1819 4353 2153 4424 displicuit:

451 4439 775 4510 praesertim
795 4454 1041 4510 quorum
1063 4442 1259 4493 contra
1281 4454 1503 4493 errores
1534 4455 1773 4511 magnos
1799 4441 2157 4496 defendenda

456 4533 541 4582 est
569 4527 879 4583 christiana
908 4525 1188 4583 doctrina.
1246 4527 1392 4581 Illud
1439 4527 1613 4582 etiam
1644 4529 1798 4598 quod
1836 4530 1897 4584 in
1927 4545 2156 4600 compa-

454 4614 676 4669 ratione
701 4620 1171 4685 argumentorum
1199 4615 1509 4683 Ciceronis,
1529 4617 1738 4688 quibus
1766 4618 1828 4672 in
1856 4618 2015 4673 libris
2041 4619 2158 4673 suis

453 4703 804 4757 Academicis
833 4720 969 4758 usus
989 4710 1070 4759 est
1095 4702 1281 4774 2mea,
1314 4720 1493 4776 nugas
1524 4721 1646 4759 esse
1676 4705 1791 4760 dixi
1814 4706 1951 4775 (Id.,
1983 4723 2035 4760 c.
2064 4709 2154 4774 20,

452 4808 511 4846 η.
535 4789 648 4860 45),
686 4790 893 4862 quibus
932 4797 1272 4862 argumenta
1324 4793 1423 4847 illa
1454 4792 1770 4849 certissima
1807 4794 2028 4849 ratione
2073 4810 2158 4848 re-

452 4874 666 4943 futavi;
694 4877 952 4946 quamvis
984 4879 1231 4947 jocando
1279 4881 1494 4936 dictum
1534 4881 1626 4947 sit,
1662 4886 1720 4936 et
1748 4882 1929 4953 magis
1968 4883 2156 4938 ironia

452 4963 730 5019 videatur.
759 4974 893 5025 {non
934 4966 1131 5020 debuit
1179 4972 1372 5023 tamen
1414 4970 1543 5024 dici.
1596 4971 1707 5024 Hoc
1732 4987 1876 5042 opus
1908 4970 1986 5026 sic
2013 4971 2154 5026 inci-

451 5051 539 5124 pit
567 5068 580 5105 :
607 5052 650 5108 Ο
686 5053 919 5119 utinam,
948 5054 1298 5121 Romaniane,
1330 5057 1593 5113 hominem
1622 5059 1729 5114 sibi
1757 5064 1964 5129 aptum.

513 5214 644 5278 1_Er.
671 5216 723 5263 et
752 5211 1097 5278 Lov._habent
1120 5213 1244 5278 libet
1271 5215 1529 5278 dejerare.
1558 5217 1659 5269 Sed
1682 5220 1870 5269 melius
1891 5234 2009 5269 cum
2033 5221 2148 5270 Am.

448 5273 1442 5345 geriptioctodeCim,_liquet_d{ierare,
1474 5282 1615 5345 quod
1637 5287 1951 5345 usurpatum
1978 5290 2057 5332 est
2086 5296 2151 5332 ex

448 5294 626 5339 ECl'lpu
656 5294 970 5334 οοῑοαεειω,
1003 5294 1165 5337 nque:
1188 5294 1442 5337 (tolerare,
1512 5296 1518 5326 l

447 5336 687 5388 Terentio
718 5338 774 5387 in
793 5336 1072 5395 Eunucho,
1104 5341 1204 5386 act.
1227 5339 1273 5396 2,
1306 5354 1448 5389 scen.

508 5398 625 5472 ?Sie
640 5400 807 5472 codex
824 5399 1042 5472 Demgp.
1061 5399 1224 5472 :psus
1237 5405 1313 5448 est
1323 5414 1444 5452 mea
1458 5416 1631 5472 nugas
1641 5417 1755 5472 esse
1773 5405 1889 5472 dixi
1906 5422 1918 5469 ;
1938 5407 2143 5472 supple,

447 5465 799 5531 argumenta.
829 5462 930 5511 Alii
960 5461 1214 5524 plerique,
1250 5474 1407 5521 meas.
1431 5468 1490 5513 ut
1522 5461 1577 5514 in
1603 5468 1848 5531 vulgatis.

509 5528 585 5593 (α)
607 5532 924 5593 Platonicos,
953 5539 1009 5582 ut
1044 5532 1222 5582 videre
1257 5536 1339 5583 est
1375 5532 1468 5584 lib.
1494 5538 1553 5585 12
1583 5536 1647 5587 de
1672 5528 1822 5589 civit.
1853 5540 1967 5600 Dei,
1997 5555 2042 5592 c.
2070 5543 2151 5595 26.

2955 383 3182 437 CAPUT
3223 384 3291 437 ll.

2698 474 2772 526 De
2808 473 2975 526 Beata
3018 473 3167 534 Vita,
3207 470 3340 525 liber
3373 486 3524 529 unus.

2348 569 2580 625 Librum
2613 570 2682 625 de
2732 570 2902 623 Beata
2945 568 3083 635 Vita,
3126 585 3241 622 non
3283 575 3408 639 post
3443 569 3597 624 libros
3622 571 3682 625 de
3706 574 3860 627 Acade-

2276 659 2459 725 micis,
2499 660 2597 714 Sed
2633 660 2782 713 inter
2820 658 2947 712 illos
2987 662 3048 712 ut
3086 657 3409 725 scriberem,
3445 658 3672 728 contigit.
3707 661 3771 714 Ex
3798 678 3864 715 oc-

2276 748 2503 803 casione
2545 748 2759 819 quippe
2807 752 2967 801 ortus
3011 751 3094 800 est
3122 746 3235 800 diei
3279 746 3474 799 natalis
3503 747 3620 812 mei,
3662 753 3712 801 et
3744 749 3865 803 tridui

2276 836 2657 906 disputatione
2703 836 3037 905 completus,
3088 834 3235 887 sicut
3275 833 3404 887 satis
3446 833 3555 904 ipse
3598 833 3789 889 indicat.
3826 839 3864 891 In

2277 939 2391 994 quo
2419 924 2565 977 libro
2600 922 2857 977 constitit
2895 922 3045 987 inter
3072 937 3195 991 nos,
3225 920 3325 992 qui
3351 920 3510 975 simul
3536 924 3866 992 quaerebamus,

2279 1028 2395 1065 non
2424 1025 2545 1064 esse
2582 1011 2808 1065 beatam
2851 1010 3049 1076 vitam,
3096 1009 3205 1062 nisi
3238 1008 3535 1079 perfectam
3566 1011 3867 1080 cognitionem

2278 1100 2396 1154 Dei.
2436 1099 2707 1170 Displicet
2743 1103 2935 1153 autem
2980 1098 3097 1152 illic
3127 1098 3282 1169 quod
3311 1098 3508 1152 Manlio
3539 1099 3802 1165 Theodoro,
3826 1103 3870 1154 ad
3952 1100 3953 1165 ἶ

2277 1205 2451 1260 quem
2488 1188 2700 1242 librum
2746 1187 2939 1257 ipsum
2985 1186 3203 1257 scripsi,
3250 1186 3500 1257 quamvis
3535 1187 3680 1240 docto
3705 1193 3751 1240 et
3771 1188 3872 1242 chri-

2276 1277 2458 1332 stiano
2486 1277 2627 1341 viro,
2651 1277 2780 1347 plus
2798 1275 2976 1331 tribui
2996 1291 3171 1347 quam
3191 1274 3451 1330 deberem
3466 1274 3543 1345 (In
3556 1277 3763 1343 prie/at,
3786 1292 3825 1329 η.
3839 1281 3871 1335 7,
3952 1270 3953 1311 ῖ

2274 1367 2441 1435 sqq.l.
2475 1367 2540 1419 Et
2576 1365 2731 1436 quod
2770 1366 3078 1419 Fortunam
3117 1363 3441 1418 etiam-illic
3467 1379 3605 1433 saape
3638 1364 3871 1417 nominavi.
3952 1404 3953 1411 η

2276 1434 2520 1524 Είῗίῖαοά
2550 1434 2810 1524 tempore
2848 1452 2978 1506 vitae
3016 1452 3186 1523 hujus
3226 1452 3286 1505 in
3324 1451 3438 1504 solo
3474 1451 3645 1505 animo
3679 1452 3874 1521 sapientis
3952 1434 3953 1483 Ῑ

2274 1540 2388 1594 dixi
2416 1540 2670 1593 habitare
2709 1538 2881 1593 vitam
2930 1539 3154 1593 beatam
3206 1536 3437 1608 (Disput.
3491 1537 3562 1608 3),
3603 1537 3874 1608 quomodoli-
3952 1544 3953 1605 1

2274 1628 2372 1682 bet
2399 1644 2457 1681 se
2493 1627 2699 1682 habeat
2728 1644 2935 1697 corpus
2966 1628 3115 1697 ejus;
3166 1642 3299 1680 cum
3338 1612 3629 1696 perfectam
3668 1626 3873 1696 cognitio.
3952 1616 3953 1687 ἓ

2275 1733 2405 1771 nem
2445 1717 2565 1783 Dei,
2607 1718 2713 1771 hoc
2751 1722 2837 1771 est
2887 1732 3001 1787 qua
3050 1702 3275 1770 homini
3312 1715 3491 1783 major
3526 1729 3635 1767 esse
3668 1729 3760 1767 non
3788 1730 3875 1783 ρος·

2273 1804 2364 1871 sit,
2397 1804 2458 1859 in
2488 1805 2680 1859 futura
2724 1805 2840 1858 vita
2869 1808 3059 1874 speret
3108 1803 3430 1874 Apostolus,
3476 1818 3594 1872 qua:
3633 1802 3735 1855 sola
3764 1801 3875 1855 beata
3952 1800 3953 1869 ᾗ

2274 1893 2386 1947 vita
2426 1894 2667 1947 dicenda
2709 1892 2953 1956 est,'ubi
2996 1897 3053 1946 et
3089 1907 3297 1962 corpus
3338 1890 3733 1961 incorruptibile
3757 1895 3873 1959 atque
3952 1880 3953 1933 ἶ

2271 1981 2594 2036 immortale
2624 1980 2851 2050 spiritui
2895 1997 2996 2033 suo
3018 1979 3139 2034 sine
3169 1980 3288 2033 ulla
3335 1978 3583 2033 molestia
3608 1980 3684 2032 vel
3705 1979 3877 2031 relucta-
3952 1984 3953 1993 ‘

2271 2069 2427 2123 tione
2465 2068 2763 2123 subdetur.
2794 2069 2939 2124 Sane
2975 2068 3152 2123 istum
3184 2068 3401 2123 librum
3443 2071 3623 2123 nostro
3659 2067 3709 2121 in
3744 2066 3874 2120 codice
3952 2116 3953 2119 η

2272 2156 2659 2228 interruptum
2708 2158 2914 2228 reperi,
2964 2162 3021 2210 et
3067 2173 3183 2211 non
3239 2172 3444 2227 parum
3500 2154 3671 2209 minus
3711 2154 3875 2215 habere,

2273 2250 2330 2299 et
2355 2245 2433 2300 sic
2468 2264 2499 2300 a
2540 2245 2808 2300 fratribus
2848 2244 3195 2316 quibusdam
3232 2244 3540 2315 descriptus
3572 2246 3663 2310 est,
3700 2258 3782 2296 nec
3813 2240 3875 2294 ad-

2271 2333 2384 2388 huc
2446 2335 2597 2405 apud
2663 2334 2914 2405 aliquem
2978 2333 3270 2404 integrum
3338 2333 3669 2399 inveneram,
3709 2347 3764 2383 ex
3801 2346 3874 2398 quo
3952 2333 3953 2391 ξ

2273 2423 2637 2477 emendarem
2682 2422 2914 2494 quando
2942 2423 3065 2476 haec
3094 2422 3413 2477 retractavi.
3458 2421 3550 2475 Hic
3593 2419 3715 2474 liber
3738 2417 3796 2471 sic
3818 2416 3870 2469 in-
3952 2448 3953 2483 1

2271 2510 2443 2580 cipit:
2471 2512 2533 2566 Si
2552 2510 2625 2564 ad
2648 2511 3003 2580 philosophias
3030 2515 3265 2578 portum.

2939 2606 3163 2662 CAPUT
3204 2608 3307 2661 ΙΙΙ.

2785 2698 2860 2751 De
2898 2696 3113 2757 Ordine,
3156 2697 3288 2750 libri
3326 2695 3456 2750 duo.

2346 2797 2394 2847 1.
2437 2792 2725 2848 Ρθι*’ἱάρω
2754 2797 3001 2863 tempus,
3043 2793 3194 2846 inter
3235 2793 3361 2847 illos
3400 2790 3497 2862 qui
3524 2790 3588 2846 de
3612 2785 3875 2843 Academicis
3952 2814 3953 2863 ξ

2271 2882 2467 2953 scripti
2494 2886 2645 2951 sunt,
2695 2881 2838 2937 duos
2863 2882 3036 2935 etiam
3074 2881 3251 2935 libros
3296 2881 3365 2936 de
3412 2880 3607 2936 Ordine
3645 2875 3819 2945 scripsi,
3840 2873 3876 2924 in
3952 2880 3953 2953 ᾗ

2271 2971 2478 3041 quibus
2504 2986 2714 3042 magna
2751 2970 2992 3040 qumstio
3033 2975 3311 3037 versatur,
3360 2973 3545 3023 utrum
3584 2964 3749 3021 omnia
3778 2962 3876 3014 bona

2270 3066 2327 3115 et
2354 3060 2505 3113 mala
2534 3059 2740 3113 divinae
2770 3058 3140 3128 providentiae
3179 3058 3321 3113 ordo
3361 3057 3650 3112 contineat.
3683 3053 3767 3107 Sed
3791 3064 3875 3102 cum

2270 3164 2394 3202 rem
2424 3148 2677 3202 viderem
2707 3146 2779 3201 ad
2815 3146 3260 3216 intelligendum
3300 3145 3600 3210 difﬁcilem,
3637 3141 3747 3195 satis
3776 3150 3878 3206 aegre

2272 3236 2337 3291 ad
2383 3252 2583 3290 eorum
2626 3235 3074 3306 perceptionem,
3117 3251 3252 3289 cum
3301 3234 3503 3305 quibus
3543 3231 3765 3301 agebam,
3794 3225 3874 3279 dis-
3952 3248 3953 3253 η

2271 3325 2525 3394 putando
2572 3340 2737 3394 posse
2785 3323 3049 3395 perduci;
3104 3322 3174 3377 de
3234 3323 3436 3377 ordine
3499 3316 3732 3375 studendi
3768 3310 3875 3380 loqui

2271 3412 2474 3478 malui.
2531 3428 2645 3483 quo
2699 3428 2732 3466 a
2777 3410 3164 3483 corporalibus
3214 3411 3291 3465 ad
3347 3407 3700 3480 incorporalia
3750 3404 3876 3472 potest
3952 3444 3953 3447 η

2269 3500 2489 3571 proﬁci.

2339 3591 2391 3643 2.
2434 3589 2642 3642 Verum
2698 3592 2755 3643 et
2795 3588 2857 3643 in
2920 3586 3010 3642 his
3068 3586 3227 3642 libris
3287 3587 3541 3658 displicet
3606 3580 3729 3638 mihi
3772 3591 3873 3646 saepe

2268 3674 2671 3746 interpositum
2744 3674 2989 3729 fortuna:
3061 3674 3405 3730 vocabulum
3487 3673 3613 3743 (Lib.
3663 3674 3708 3732 2,
3761 3683 3796 3719 ο.
3838 3668 3872 3719 9.

2267 3779 2323 3817 η.
2372 3765 2485 3833 27).
2549 3764 2613 3817 Et
2666 3763 2820 3833 quod
2872 3779 2988 3816 non
3036 3762 3341 3831 addebam,
3400 3757 3666 3833 Corporis,
3710 3751 3873 3827 quandu

2268 3866 2468 3905 sensus
2514 3851 2768 3921 corporis
2824 3851 3117 3906 nominavi
3173 3853 3333 3923 (Lib.
3394 3856 3444 3918 1,
3483 3867 3551 3905 cc.
3596 3852 3639 3915 l,
3680 3849 3724 3911 2,
3769 3840 3873 3903 θέε)-

2270 3940 2331 3994 Et
2415 3940 2566 4011 quod
2640 3940 2887 3994 multum
2964 3939 3144 3995 tribui
3223 3940 3551 3996 liberalibus
3636 3925 3873 4002 disciplinis

2270 4026 2407 4098 (Ῑάον
2440 4044 2485 4082 0-
2525 4030 2586 4093 8;
2619 4032 2669 4082 et
2707 4028 2799 4082 lib.
2840 4030 2895 4095 2,
2926 4044 2971 4083 ο.
3018 4030 3125 4096 14),
3172 4044 3317 4100 quas
3364 4027 3527 4083 multi
3579 4022 3733 4080 sancti
3770 4015 3873 4072 mul-

2268 4118 2390 4169 tum
2425 4117 2715 4183 nesciunt;
2745 4115 2974 4187 quidam
3007 4116 3202 4186 etiam,
3231 4117 3334 4189 qui
3388 4117 3569 4171 sciunt
3613 4129 3712 4177 eas,
3748 4101 3875 4161 sancti

2268 4220 2384 4258 non
2413 4208 2563 4259 sunt.
2596 4205 2663 4259 Et
2691 4204 2847 4274 quod
2873 4205 3057 4259 Musas
3082 4205 3245 4276 quasi
3277 4205 3494 4276 aliquas
3520 4203 3658 4267 deas,
3685 4189 3876 4269 quamvis

2260 4292 2528 4363 jocando,
2566 4293 3006 4347 commemoravi
3046 4293 3155 4363 (Id.
3180 4336 3195 4360 ,
3227 4309 3275 4349 c.
3312 4297 3365 4363 3,
3392 4310 3444 4349 η.
3477 4291 3547 4363 6).
3583 4290 3639 4344 Et
3665 4282 3789 4357 quod
3811 4277 3876 4331 ad-

2266 4380 2629 4435 mirationem
2676 4381 2880 4435 vitium
2916 4381 3241 4451 nuncupavi
3290 4381 3555 4452 (Ibid.,n.
3585 4378 3655 4447 8).
3678 4375 3733 4429 Et
3769 4364 3876 4440 quod

2263 4469 2635 4539 philosophos
2680 4485 2798 4523 non
2836 4485 2971 4523 vera
3013 4469 3225 4539 pietate
3264 4470 3531 4541 praeditos
3575 4464 3675 4520 dixi
3713 4453 3877 4547 virtutis

2264 4558 2389 4612 luce
2417 4557 2660 4612 fulsisse.
2695 4559 2759 4612 Et
2789 4557 2945 4629 quod
2984 4557 3125 4612 duos
3174 4560 3437 4626 mundos,
3493 4568 3657 4610 unum
3702 4543 3877 4603 sensibi-

2264 4646 2399 4714 lem,
2447 4647 2693 4701 alterum
2747 4646 3170 4717 intelligibilem
3231 4648 3366 4717 (Id.,
3416 4663 3459 4702 ο.
3498 4649 3549 4699 11
3583 4658 3664 4698 nn.
3692 4629 3873 4705 31,39),

2264 4750 2381 4789 non
2405 4751 2473 4788 ex
2504 4735 2756 4789 Platonis
2784 4736 2869 4788 vel
2899 4751 2967 4789 ex
2999 4735 3421 4790 Platonicorum
3469 4745 3704 4806 persona,
3731 4721 3807 4777 sed
3828 4731 3874 4769 εἰ

2265 4838 2391 4877 mea
2416 4822 2495 4876 sic
2521 4822 2938 4890 commendavi,
2993 4826 3269 4893 tanquam
3320 4825 3426 4879 hoc
3464 4821 3624 4877 etiam
3665 4808 3873 4870 Domini!S

2264 4912 2582 4983 signiﬁcare
2608 4912 2873 4979 voluerit,
2901 4911 3039 4983 quia
3059 4928 3179 4967 non
3208 4913 3307 4981 ait,
3340 4915 3591 4983 Regnum
3615 4916 3773 4962 meum
3791 4908 3873 4950 non

2262 5001 2443 5056 estde
2498 5002 2746 5068 mundo;
2790 5002 2907 5067 sed,
2966 5005 3208 5069 Regnum
3253 5018 3426 5056 meum
3477 5014 3576 5055 non
3620 4998 3689 5050 est
3721 4990 3774 5044 de
3810 4985 3875 5037 hoc

2260 5090 2458 5144 mundo
2490 5090 2664 5160 (Joan.
2696 5106 2847 5157 xvm,
2881 5090 2997 5158 36);
3027 5106 3155 5143 cum
3184 5091 3364 5161 possit
3384 5093 3440 5144 et
3460 5087 3635 5158 aliqua
3655 5073 3875 5168 lociiticge

2261 5176 2476 5232 dictum
2506 5177 2780 5244 inveniri;
2810 5181 2866 5231 et
2891 5175 2939 5230 si
2968 5177 3114 5232 alius
3141 5194 3176 5232 a
3216 5178 3455 5232 Domino
3485 5173 3686 5231 Christo
3708 5158 3874 5254 δίεφθ’·

2259 5271 2417 5321 catus
2445 5270 2530 5321 est
2555 5267 2825 5332 mundus,
2874 5266 2970 5320 ille
3017 5268 3424 5339 congruentius
3469 5261 3636 5337 possit
3671 5249 3874 5318 intelligi,

2257 5354 2318 5409 in
2349 5371 2461 5426 quo
2490 5354 2600 5409 erit
2626 5355 2835 5409 coelum
2863 5370 3077 5409 novum
3106 5360 3163 5409 et
3188 5358 3340 5410 terra
3368 5370 3524 5419 nova,
3546 5345 3743 5422 quando
3757 5349 3872 5393 com-

2257 5443 2510 5514 plebitur
2566 5445 2718 5515 quod
2775 5459 3027 5514 oramus,
3080 5442 3349 5512 dicentes,
3404 5438 3659 5499 Adveniat
3703 5435 3871 5496 ream

2265 5536 2415 5588 tuum
2457 5531 2676 5601 (Matth.
2700 5548 2775 5600 v1,
2803 5531 2908 5602 l0).
2941 5532 3053 5588 Nec
3083 5532 3241 5589 Plato
3271 5528 3498 5604 quidem
3532 5528 3588 5583 in
3628 5525 3721 5579 hoc
3757 5524 3869 5570 erra-
