4028 6174
150 319 251 369 589
1638 316 1849 372 LIBER
1890 314 2173 375 PRIMUS.

148 437 244 506 vit,
278 436 413 507 quia
462 452 582 491 esse
631 437 912 492 mundum
961 435 1377 509 intelligibilem
1412 434 1587 508 ‘dixit,
1638 439 1683 494 si
1731 456 1850 494 non

145 526 480 581 vocabulum
525 526 681 597 quod
721 525 1107 581 ecclesiasticae
1149 526 1544 582 consuetudini
1576 527 1634 581 in
1665 545 1725 583 re
1754 528 1851 583 illa

149 631 267 669 non
295 614 562 668 usitatum
604 618 707 681 est,
740 608 839 669 sed
878 614 1061 686 ipsam
1100 631 1222 670 rem
1255 615 1497 671 velimus
1534 618 1846 673 attendere.

148 703 417 757 Mundam
445 702 658 774 quippe
698 703 794 757 ille
824 702 1243 774 intelligibilem
1277 706 1628 775 nuncupavit
1665 707 1849 778 ipsam

144 790 429 845 rationem
469 791 875 861 sempiternam
923 797 1093 864 atque
1142 793 1692 857 incommutabilem,
1737 812 1851 866 qua

138 879 281 934 fecit
326 882 475 934 Deus
515 881 817 936 mundum.
862 880 1041 945 Quam
1072 882 1173 952 qui
1203 899 1324 936 esse
1362 887 1553 953 negat,
1594 884 1852 954 sequitur

138 971 203 1021 ut
248 967 421 1034 dicat,
473 967 941 1024 irrationabiliter
988 971 1171 1024 Deum
1222 970 1419 1025 fecisse
1477 972 1630 1042 quod
1686 971 1846 1037 fecit;

138 1061 242 1111 aut
274 1074 405 1111 cum
432 1057 661 1123 faceret,
699 1060 785 1112 vel
828 1061 1135 1129 antequam
1172 1059 1400 1125 faceret,
1433 1059 1678 1114 nescisse
1710 1059 1849 1131 quid

134 1146 387 1213 faceret;
413 1146 461 1199 si
489 1146 640 1217 apud
667 1163 798 1200 eum
831 1146 974 1201 ratio
1004 1147 1251 1202 faciendi
1290 1165 1405 1202 non
1442 1151 1580 1203 erat.
1624 1148 1682 1203 Si
1714 1164 1848 1202 vero

134 1238 286 1299 erat,
318 1235 462 1288 sicut
502 1238 644 1301 erat,
675 1235 858 1306 ipsam
905 1235 1130 1291 videtur
1168 1235 1326 1291 Plato
1364 1252 1590 1307 vocasse
1639 1235 1848 1290 intelli-

130 1321 380 1391 gibilem
421 1323 724 1378 mundum.
763 1324 877 1378 Nec
915 1327 1109 1378 tamen
1138 1323 1247 1378 ista
1273 1325 1506 1379 nomine
1538 1341 1639 1379 nos
1660 1330 1847 1380 utere-

131 1427 294 1476 mur,
356 1411 402 1465 si
459 1411 581 1482 jam
650 1411 785 1466 satis
854 1429 1107 1467 essemus
1180 1411 1385 1467 litteris
1459 1412 1850 1467 ecclesiastieis

130 1499 375 1553 eruditi.

200 1591 263 1643 3.
308 1588 421 1642 Nec
477 1588 619 1643 illud
672 1587 816 1642 mihi
870 1590 1074 1659 placet,
1149 1590 1301 1661 quod
1351 1606 1481 1644 cum
1543 1589 1847 1656 dixissem,

129 1676 367 1731 Summa
398 1691 561 1745 opera
589 1676 777 1730 danda
802 1682 880 1731 est
908 1678 1126 1746 optimis
1155 1679 1425 1742 moribus;
1460 1694 1589 1732 mox
1620 1677 1809 1732 addidi
1833 1696 1845 1733 :

131 1766 279 1817 Deus
309 1764 451 1818 enim
479 1767 658 1819 noster
705 1764 864 1818 aliter
904 1780 999 1819 nos
1017 1765 1281 1820 ectaudire
1320 1781 1426 1819 non
1465 1768 1693 1834 reterit;
1727 1765 1852 1818 bene

129 1857 320 1906 autem
350 1854 590 1921 viventes
618 1853 883 1918 facillime
918 1852 1174 1906 emaudiet
1206 1852 1348 1920 (Lib.
1373 1856 1427 1920 2,
1458 1869 1503 1907 c.
1531 1855 1620 1915 20,
1657 1868 1711 1905 n.
1738 1855 1848 1918 52).

128 1940 223 1994 Sic
279 1939 438 1994 enim
488 1941 702 1995 dictum
747 1945 850 2007 est,
901 1944 1175 2011 tanquam
1230 1943 1377 1995 Deus
1422 1957 1539 1995 non
1588 1940 1854 1995 exaudiat

129 2032 503 2098 peccatores;
535 2030 690 2100 quod
736 2029 970 2100 quidam
999 2029 1138 2083 dixit
1171 2029 1231 2083 in
1266 2029 1590 2101 Evangelio,
1626 2029 1726 2083 sed
1755 2028 1851 2082 ille

128 2116 234 2185 qui
279 2116 544 2170 nondum
583 2119 923 2187 cognoverat
977 2115 1285 2182 Christum,
1320 2134 1350 2170 a
1381 2133 1494 2188 quo
1525 2117 1709 2171 fuerat
1728 2117 1851 2187 jam

129 2203 500 2257 illuminatus
549 2203 609 2258 in
652 2220 889 2273 corpore
939 2203 1114 2274 (Joan.
1162 2222 1236 2273 ιχ,
1276 2207 1365 2273 30,
1397 2206 1507 2271 31).
1550 2206 1662 2259 Nec
1708 2204 1852 2258 illud

130 2292 281 2346 mihi
303 2292 515 2361 placet,
550 2292 701 2363 quod
727 2292 1064 2362 Pythagora:
1095 2292 1435 2362 philosopho
1479 2298 1699 2347 tantum
1728 2293 1850 2346 lau-

128 2382 219 2436 dis
264 2380 401 2435 dedi
455 2381 596 2451 (Lib.
621 2384 674 2445 2,
712 2382 880 2447 c.'20,
913 2396 972 2434 η.
1007 2380 1118 2448 53),
1161 2385 1223 2435 ut
1263 2381 1360 2452 qui
1384 2381 1530 2435 hanc
1570 2382 1729 2436 audit
1764 2382 1852 2436 vel

134 2469 283 2541 legit
336 2468 516 2538 possit
570 2472 792 2539 putare,
851 2484 943 2522 me
990 2468 1296 2523 credidisse
1323 2469 1512 2523 nullos
1542 2485 1763 2524 errores
1792 2470 1850 2523 in

133 2556 523 2629 Pythagorica
551 2572 673 2611 esse
705 2555 985 2623 doctrina,
1017 2573 1146 2611 cum
1176 2556 1289 2612 sint
1314 2558 1527 2628 plures,
1559 2556 1851 2629 iidemque

132 2645 441 2717 capitales.
476 2646 591 2699 Hoc
616 2661 762 2717 opus
778 2644 857 2699 sic
878 2643 1108 2714 incipit:
1134 2646 1386 2701 Ordinem
1410 2662 1609 2707 rerum.
1639 2647 1848 2702 Zenobi.

822 2733 1049 2788 CAPUT
1088 2735 1175 2788 IV.

621 2821 1041 2890 Soliloquiorum
1078 2821 1209 2875 libri
1247 2822 1369 2876 duo.

200 2916 227 2966 t
248 2952 261 2965 .
308 2911 469 2965 Inter
499 2910 623 2965 hanc
650 2908 1049 2981 scripsi,etiam
1078 2909 1191 2964 duo
1221 2908 1511 2963 volumina
1540 2910 1849 2964 secundum

116 2997 398 3071 [studium
436 3015 629 3053 meum
666 3003 723 3053 et
759 3013 1038 3064 amorem,
1078 2996 1329 3052 ratione‘
1371 2997 1710 3068 indagandae
1754 3015 1850 3052 ve-

128 3088 350 3155 ritatis,
379 3087 448 3140 de
474 3086 562 3141 his
588 3087 756 3141 rebus
786 3102 928 3157 quas
954 3086 1202 3140 maxime
1233 3085 1374 3140 scire
1404 3087 1727 3156 cupiebam,
1759 3094 1865 3141 me'

132 3176 530 3246 interrogans,
562 3175 819 3246 mihique
849 3174 1221 3247 respondens,
1254 3179 1529 3244 tanquam
1559 3175 1672 3229 duo
1712 3192 1853 3229 esse-

135 3281 295 3331 mus,
325 3263 474 3318 ratio
504 3268 563 3317 et
590 3279 718 3334 ego,
751 3280 878 3317 cum
920 3264 1074 3317 solus
1122 3278 1332 3329 essem;
1370 3262 1523 3315 unde
1559 3263 1666 3316 hoc
1708 3279 1852 3332 opus

135 3351 465 3423 Soliloquia
505 3351 816 3417 nominavi,
846 3352 943 3406 sed
986 3351 1383 3422 imperfectum
1426 3351 1730 3405 remansit:
1776 3352 1852 3405 ita

136 3447 340 3497 tamen
374 3446 440 3496 ut
458 3441 519 3495 in
547 3441 733 3511 primo
761 3441 903 3495 libro
932 3443 1306 3511 quaereretur,
1330 3444 1385 3493 et
1411 3443 1720 3510 utcumque
1751 3456 1850 3509 ap-

134 3533 392 3601 pareret,
426 3527 612 3600 qualis
642 3545 763 3583 esse
794 3527 998 3583 debeat
1027 3527 1126 3599 qui
1154 3528 1275 3583 vult
1303 3527 1597 3599 percipere
1629 3528 1852 3598 sapien-

135 3618 303 3685 tiam,
339 3633 472 3688 quae
497 3616 699 3687 utique
728 3633 847 3671 non
876 3633 1045 3671 sensu
1073 3615 1347 3686 corporis,
1383 3616 1479 3671 sed
1502 3619 1693 3670 mente
1725 3632 1854 3687 per-

136 3707 388 3777 cipitur;
414 3710 470 3759 et
497 3705 747 3775 quadarn
782 3704 1221 3759 ratiocinatione
1263 3704 1324 3758 in
1364 3704 1497 3759 libri
1533 3704 1647 3759 ﬁne
1687 3704 1853 3759 colli—

140 3793 320 3865 gitur,
354 3809 422 3847 ea
451 3808 579 3864 quae
619 3809 749 3847 vere
777 3797 910 3848 sunt
928 3792 1277 3847 immortalia
1316 3808 1458 3848 esse.
1502 3793 1568 3847 In
1605 3792 1853 3847 secundo

140 3887 362 3949 autem,
393 3881 462 3937 de
492 3880 923 3936 immortalitate
953 3879 1158 3935 ani'mae
1179 3880 1278 3935 diu
1303 3896 1395 3936 res
1423 3879 1633 3951 agitur,
1661 3884 1716 3935 et
1740 3896 1855 3935 non

140 3970 465 4042 peragitur.

211 4063 265 4114 2.
314 4059 381 4113 In
413 4058 503 4112 his
535 4074 669 4113 sane
700 4057 861 4113 libris
896 4074 1011 4112 non
1049 4057 1304 4128 approbo
1333 4058 1486 4130 quod
1516 4058 1575 4112 in
1598 4056 1856 4112 oratione

144 4147 302 4202 dixi:
361 4149 524 4212 Deus,
568 4148 667 4215 qui
718 4149 832 4201 nisi
879 4146 1351 4209 mundosmerum
1401 4148 1536 4201 scire
1589 4145 1857 4200 noluisti’

145 4236 290 4305 (Lib.
322 4239 369 4301 l,
402 4251 449 4290 c.
483 4238 533 4303 1,
569 4250 624 4288 n.
670 4234 747 4304 2).
799 4235 1152 4306 Responderi
1195 4234 1350 4289 enim
1385 4238 1593 4305 potest,
1645 4234 1857 4288 multos

143 4324 324 4378 etiam
355 4339 473 4377 non
501 4323 749 4377 mundos
773 4323 955 4377 multa
982 4322 1123 4377 scire
1151 4339 1319 4377 vera:
1357 4339 1542 4395 neque
1573 4323 1725 4376 enim
1757 4322 1854 4377 de-

146 4412 384 4467 [initum
417 4416 503 4466 est
531 4410 626 4465 hic
656 4410 796 4481 quid
826 4410 898 4465 sit
924 4427 1145 4480 verum,
1172 4411 1324 4482 quod
1352 4410 1463 4465 nisi
1492 4410 1695 4466 mundi
1716 4410 1857 4464 scire

143 4516 261 4554 non
303 4497 564 4571 possint;
597 4502 653 4553 et
683 4498 822 4569 quid
850 4498 923 4553 sit
953 4498 1116 4554 scire.
1142 4500 1207 4554 Et
1248 4499 1390 4553 illud
1441 4499 1596 4571 quod
1644 4499 1724 4554 ibi
1751 4515 1857 4571 po-

143 4588 323 4643 situm
354 4592 458 4654 est,
492 4590 652 4653 Deus,
686 4587 844 4656 cujus
871 4603 1095 4656 regnum
1124 4591 1202 4643 est
1231 4592 1371 4642 totus
1404 4588 1655 4652 mundus,
1702 4603 1858 4657 quem

120 4686 333 4731 'sensus
363 4676 606 4743 ignorat,
638 4675 786 4743 (Id.,
818 4691 865 4730 c.
902 4678 952 4737 1,
978 4691 1034 4730 n.
1070 4674 1168 4746 3);
1199 4673 1249 4729 si
1277 4676 1425 4729 Deus
1456 4674 1857 4745 intelligendus

146 4769 251 4829 est,
286 4763 554 4818 addenda
581 4762 809 4817 fuerant
835 4763 1006 4818 verba
1031 4804 1047 4832 ,
1078 4767 1145 4818 ut
1172 4763 1473 4830 diceretur,
1498 4779 1669 4835 quem
1697 4779 1858 4817 mor-

145 4852 279 4906 talis
310 4850 568 4923 corporis
598 4867 797 4905 sensus
825 4850 1072 4922 ignorat.
1097 4849 1155 4906 Si
1183 4855 1376 4905 autem
1404 4852 1656 4906 mundus
1677 4851 1858 4907 dictus

148 4946 250 5008 est,
286 4956 464 5012 quem
495 4956 696 4994 sensus
744 4939 991 5010 ignorat,
1036 4938 1131 4993 ille
1163 4943 1313 4994 recte
1354 4938 1712 5011 intelligitur,
1759 4939 1860 5011 qui

145 5029 377 5083 futurus
417 5033 505 5082 est
550 5028 693 5081 ccelo
735 5043 880 5083 novo
915 5031 972 5082 et
999 5031 1153 5082 terra
1199 5043 1380 5082 nova:
1413 5028 1507 5082 sed
1557 5026 1728 5081 etiam
1767 5026 1860 5081 hic

150 5110 415 5173 addenda
459 5119 625 5171 erant
672 5115 789 5179 illa,
844 5119 911 5170 ut
951 5115 1262 5182 diceretur;
1306 5115 1562 5170 mortalis
1608 5113 1861 5186 corporis

212 5223 392 5284 liLov.,
416 5221 657 5272 talionis.
680 5220 745 5269 At
759 5220 935 5284 plures
951 5221 1073 5270 Mss.
1090 5234 1299 5270 necnon
1314 5219 1434 5269 -Am.
1454 5223 1506 5269 et
1522 5219 1628 5283 Er.,
1658 5221 1862 5269 ratione

149 5312 209 5321 -—
232 5283 361 5333 Lov.
386 5285 508 5333 Par.
524 5320 536 5341 ,
560 5286 789 5334 ratione.
812 5283 884 5331 M.

216 5345 237 5374 ²
258 5347 579 5406 Ouinonnisi
593 5344 824 5394 mundos
838 5357 1030 5395 verum
1050 5345 1180 5395 scire
1197 5345 1444 5395 voluisti.
1466 5344 1588 5392 Haec
1604 5342 1759 5406 lectio
1784 5345 1862 5391 est

148 5404 320 5457 \‘atic.
337 5408 537 5471 codicis
556 5411 610 5456 et
630 5406 719 5471 lib.
736 5409 765 5471 t_
778 5406 944 5471 Sent,
962 5406 1083 5471 dist.
1096 5409 1146 5471 _2,
1162 5407 1330 5471 magis
1340 5406 1552 5471 quidem
1564 5404 1857 5471 perspicua:

150 5482 336 5533 verum
353 5470 406 5519 S.
422 5468 723 5533 Augustino
744 5465 1053 5518 familiarior
1064 5468 1228 5533 altera
1246 5465 1403 5533 quam
1424 5465 1863 5533 retinuimus:_Sic

149 5528 812 5655 goécontratAcademq
826 5543 938 5594 cap.
954 5533 1030 5580 l7:
1048 5546 1075 5577 ‹‹
1088 5532 1216 5589 Quae
1227 5528 1328 5579 nisi
1340 5531 1521 5593 paucis
1532 5528 1857 5592 sapientibus

248 5607 280 5641 ο
371 5606 526 5643 essen
556 5608 603 5642 ,η

248 5598 349 5644 oue
371 5598 603 5643 essent.»

3556 331 3659 383 590

1959 456 2173 498 sensus.
2214 441 2321 497 Sed
2349 441 2450 496 illo
2498 458 2655 498 more
2698 444 2880 500 adhuc
2935 445 3230 517 loquebar,
3289 465 3404 519 quo
3462 465 3659 506 sensus

1957 530 2191 601 proprie
2221 530 2472 602 corporis
2501 533 2852 603 appellatur:
2895 550 2998 588 nec
3028 535 3253 591 assidue
3282 538 3660 607 repetendum

1959 624 2064 687 est,
2098 619 2254 690 quod
2285 624 2341 674 et
2382 621 2642 692 superius
2680 622 2812 677 inde
2836 623 2957 693 jam
2996 622 3110 677 dixi
3139 624 3281 692 (Lib.
3316 629 3337 679 1
3389 628 3657 694 Retract.,

1956 723 2031 762 cc.
2071 712 2119 775 1,
2169 712 2241 776 3),
2299 709 2398 763 sed
2452 709 2559 764 hoc
2598 711 2986 775 recolendum,
3027 712 3378 784 ubicumque
3427 714 3536 768 ista
3578 715 3661 769 lo-

1957 793 2111 848 cutio
2141 795 2201 849 in
2232 795 2374 849 meis
2403 794 2608 850 litteris
2636 796 2945 852 invenitur.

2029 885 2080 937 3.
2123 884 2190 936 Et
2218 883 2318 938 ubi
2346 883 2458 938 dixi
2488 885 2557 939 de
2597 887 2764 939 Patre
2794 891 2851 940 et
2877 885 3039 955 Filio,
3072 887 3177 952 Qui
3197 889 3395 956 gignit,
3428 893 3479 943 et
3507 905 3661 958 quem

1956 972 2154 1038 gignit,
2186 987 2354 1026 unum
2407 978 2484 1026 est
2530 971 2683 1043 (Lib.
2741 977 2790 1042 l,
2818 989 2862 1028 c.
2900 978 2947 1040 1,
2980 991 3035 1028 n.
3063 976 3147 1042 4);
3193 976 3496 1030 dicendum
3536 977 3659 1043 fuit,

1956 1075 2139 1113 unum
2167 1063 2317 1125 sunt,
2344 1059 2487 1114 sicut
2517 1065 2710 1132 aperte
2733 1062 2857 1132 ipsa
2886 1063 3104 1118 Veritas
3129 1064 3405 1135 loquitur,
3431 1065 3657 1120 dicens:

1956 1150 2069 1215 Ego
2115 1152 2164 1202 et
2202 1150 2362 1202 Pater
2417 1164 2583 1203 unum
2614 1166 2798 1205 sumus
2850 1152 3022 1219 (Joan.
3067 1168 3121 1216 Χ,
3184 1152 3292 1222 30).
3354 1154 3465 1207 Nec
3521 1152 3663 1208 illud

1955 1235 2099 1289 mihi
2119 1237 2323 1306 placet,
2349 1237 2500 1307 quod
2534 1237 2593 1291 in
2624 1237 2730 1291 ista
2758 1237 2869 1292 vita
2912 1240 3026 1293 Deo
3053 1238 3342 1293 intellecto
3371 1240 3493 1311 jam
3523 1241 3663 1295 bea—

1957 1327 2074 1376 tam
2103 1338 2223 1377 esse
2253 1322 2504 1378 animam
2536 1324 2672 1391 dixi,
2704 1324 2817 1378 nisi
2846 1326 2993 1379 forte
3014 1342 3132 1396 spe.
3166 1327 3308 1381 Item
3340 1328 3493 1397 quod
3524 1327 3661 1395 dixi,

1956 1410 2050 1465 Ad
2070 1412 2352 1480 sapientia:
2379 1412 2803 1479 conjunctionem
2830 1428 2935 1467 non
2964 1429 3074 1467 una
3097 1415 3188 1467 via
3214 1414 3491 1483 perveniri
3521 1416 3660 1481 (Lib.

1961 1499 2009 1564 l,
2041 1514 2085 1552 c.
2124 1501 2207 1566 13,
2239 1515 2295 1552 η.
2346 1499 2455 1566 23),
2502 1515 2619 1553 non
2664 1499 2811 1554 bene
2844 1504 3039 1567 sonat;
3090 1501 3252 1571 quasi
3300 1502 3409 1555 alia
3457 1503 3547 1556 via
3595 1502 3671 1556 sit

1956 1591 2170 1655 praeter
2197 1586 2502 1652 Christum,
2536 1587 2634 1659 qui
2663 1587 2839 1643 dixit:
2890 1591 3002 1655 Ego
3049 1604 3167 1642 sum
3208 1591 3298 1643 tia
3340 1588 3522 1659 (Joan.
3557 1607 3663 1652 xw,

1958 1672 2032 1741 6).
2075 1672 2314 1727 Vitanda
2341 1689 2476 1744 ergo
2516 1679 2640 1729 erat
2666 1676 2789 1729 hinc
2829 1676 3065 1731 offensio
3105 1676 3333 1732 aurium
3365 1678 3666 1748 religiosa-

1956 1759 2115 1827 rum;
2147 1762 2408 1831 quamvis
2437 1762 2547 1815 alia
2580 1762 2653 1817 sit
2682 1763 2780 1817 illa
2810 1764 3141 1819 universalis
3176 1765 3284 1832 via,
3322 1765 3447 1820 aliae
3475 1770 3669 1820 autem

1959 1848 2061 1901 viae
2096 1849 2165 1903 de
2198 1848 2404 1919 quibus
2436 1850 2495 1902 in
2527 1851 2750 1904 Psalmo
2771 1851 3067 1905 canimus:
3099 1855 3227 1907 Vias
3245 1857 3388 1919 tuas,
3424 1856 3663 1921 Domine,

1957 1942 2111 1990 notas
2141 1939 2233 2004 fac
2262 1938 2416 2003 mihi,
2448 1942 2498 1991 et
2527 1940 2747 1992 semitas
2778 1944 2899 1993 tuas
2925 1940 3051 1994 doce
3078 1956 3159 1994 me
3191 1941 3355 2010 (Psal.
3392 1957 3541 2006 xx1v,
3572 1943 3658 2009 4).

1962 2025 2026 2078 Et
2061 2026 2119 2078 in
2153 2041 2219 2079 eo
2253 2025 2403 2096 quod
2426 2025 2501 2079 ibi
2520 2025 2733 2080 dictum
2755 2031 2859 2093 est,
2883 2029 3100 2082 Penitus
3118 2044 3228 2083 esse
3248 2030 3357 2083 ista
3387 2029 3668 2083 sensibilia

1956 2114 2224 2181 fugienda
2254 2114 2387 2183 (Lib.
2418 2117 2463 2181 t,
2496 2129 2539 2168 c.
2579 2115 2664 2181 14,
2704 2131 2757 2169 n.
2792 2116 2904 2185 24),
2954 2117 3270 2171 cavendum
3310 2117 3421 2171 fuit
3450 2134 3522 2171 ne
3554 2134 3667 2189 pu-

1958 2205 2213 2255 taremur
2242 2201 2400 2255 illam
2432 2202 2734 2273 Porphyrii
2771 2203 2896 2257 falsi
2936 2204 3263 2275 philosophi
3300 2209 3496 2259 tenere
3536 2221 3666 2259 sen-

1960 2289 2221 2355 tentiam,
2245 2306 2359 2361 qua
2381 2289 2518 2349 dixit
2541 2306 2553 2343 :
2586 2290 2766 2345 Omne
2790 2307 2995 2362 corpus
3017 2309 3137 2347 esse
3160 2292 3516 2363 fugiendum,
3544 2294 3671 2348 Non

1960 2383 2150 2434 autem
2182 2377 2298 2432 dixi
2330 2394 2457 2449 ego,
2502 2378 2712 2433 Omnia
2753 2379 3074 2447 sensibilia;
3108 2381 3225 2447 sed,
3260 2384 3387 2447 ista,
3422 2380 3527 2436 hoc
3562 2386 3668 2451 est,

1959 2466 2385 2538 corruptibilia;
2452 2467 2551 2521 sed
2613 2467 2721 2522 hoc
2767 2468 2958 2538 potius
3017 2468 3322 2524 dicendum
3352 2469 3491 2524 fuit:
3546 2472 3671 2525 Non

1959 2559 2151 2609 autem
2183 2555 2319 2610 talia
2345 2555 2637 2610 sensibilia
2657 2556 2849 2612 futura
2869 2562 3002 2612 sunt
3024 2557 3085 2612 in
3106 2558 3285 2613 futuri
3316 2558 3509 2613 saeculi
3529 2560 3669 2614 ccelo

1960 2660 2107 2698 novo
2135 2648 2191 2697 et
2222 2648 2373 2698 terra
2406 2660 2568 2698 nova.

2031 2735 2083 2785 4.
2104 2732 2244 2785 Item
2267 2731 2517 2802 quodam
2536 2731 2660 2785 loco
2684 2731 2823 2801 dixi,
2848 2733 3000 2802 quod
3023 2733 3332 2802 disciplinis
3353 2733 3671 2789 liberalibus

1959 2820 2181 2886 eruditi,
2201 2822 2315 2874 sine
2335 2819 2498 2873 dubio
2519 2822 2577 2873 in
2601 2836 2655 2874 se
2674 2821 2799 2874 illas
2830 2820 3094 2874 oblivione
3121 2821 3342 2875 obrutas
3367 2825 3562 2875 eruunt
3588 2821 3670 2875 di-

1959 2907 2169 2967 scendo,
2202 2913 2252 2962 et
2274 2907 2505 2976 quodam
2536 2907 2691 2962 modo
2723 2907 3003 2974 refodiunt
3029 2908 3167 2975 (Lib.
3190 2911 3247 2977 2,
3277 2923 3322 2962 c.
3351 2910 3444 2976 20,
3470 2924 3525 2962 η.
3561 2911 3670 2978 35).

1960 2995 2066 3051 Sed
2097 2994 2202 3049 hoc
2227 3011 2456 3066 quoque
2503 2994 2809 3064 improbo:
2854 2994 3181 3067 credibilius
3230 3000 3316 3050 est
3340 2996 3493 3050 enim
3536 3012 3671 3067 pro-

1957 3087 2156 3153 pterea
2174 3099 2307 3136 vera
2328 3083 2677 3152 respondere
2690 3083 2757 3137 de
2772 3082 3114 3153 quibusdam
3140 3082 3475 3154 disciplinis,
3494 3083 3670 3139 etiam

1934 3162 2257 3240 'imperitos
2287 3185 2506 3235 earum,
2556 3169 2786 3241 quando
2836 3169 2983 3223 bene
3028 3168 3479 3239 interrogantur,
3536 3169 3673 3240 quia

1958 3274 2212 3328 praesens
2246 3261 2329 3311 est
2360 3257 2460 3320 eis,
2516 3262 2795 3328 quantum
2828 3257 2886 3312 id
2936 3272 3135 3326 capere
3184 3260 3442 3326 possunt,
3475 3257 3672 3311 lumen

1958 3344 2199 3399 rationis
2215 3349 2464 3410 aderam,
2486 3345 2718 3400 ubime
2730 3344 3115 3399 immutabilia
3129 3361 3264 3399 vera
3281 3344 3668 3416 conspiciunt;
3727 3373 3737 3392 ι

1959 3450 2076 3488 non
2105 3433 2242 3505 quia
2274 3449 2341 3488 ea
2371 3438 2649 3488 noverant
2681 3434 3010 3504 aliquando,
3042 3437 3097 3486 et
3127 3433 3291 3487 obliti
3323 3436 3474 3499 sunt,
3518 3433 3672 3503 quod

1960 3522 2202 3589 Platoni,
2237 3523 2324 3576 vel
2359 3522 2566 3576 talibus
2593 3521 2777 3575 visum
2808 3525 2910 3575 est.
2951 3520 3159 3573 Contra
3180 3535 3430 3590 quorum
3450 3518 3674 3588 opinio-

1960 3627 2093 3665 nem
2116 3615 2331 3681 quanta
2380 3626 2484 3681 pro
2516 3613 2777 3679 suscepto
2830 3624 3001 3679 opere
3046 3608 3288 3661 dabatur
3336 3606 3579 3673 occasio,
3609 3605 3670 3660 in

1960 3699 2106 3755 libro
2136 3698 2477 3753 duodecimo
2499 3699 2567 3752 de
2599 3698 2899 3763 Trinitate,
2928 3694 3172 3751 disserui
3205 3694 3345 3765 (Lib.
3377 3697 3462 3761 12,
3486 3711 3532 3749 c.
3564 3693 3670 3764 l5).

1963 3789 2076 3843 Hoc
2126 3803 2270 3859 opus
2313 3786 2393 3841 sic
2442 3786 2678 3858 incipit:
2722 3786 2967 3842 Volventi
3011 3783 3150 3839 mihi
3189 3785 3363 3839 multa
3409 3799 3472 3839 ac
3510 3784 3671 3838 varia

1961 3891 2186 3932 mecum.

2641 3962 2867 4018 CAPUT
2906 3962 2952 4016 V
2964 4003 2976 4017 .

2224 4065 2301 4117 De
2336 4061 2755 4117 Immortalitate
2790 4059 3026 4125 Animae,
3069 4057 3206 4111 liber
3243 4070 3402 4111 unus.

2039 4172 2087 4223 l.
2128 4170 2263 4223 Post
2291 4166 2468 4222 libros
2500 4164 2946 4237 Soliloquiorum
2970 4163 3091 4232 jam
3124 4160 3195 4215 de
3235 4175 3372 4230 agro
3404 4157 3671 4213 Mediola-

1964 4272 2105 4310 num
2124 4272 2403 4320 reversus,
2422 4252 2848 4324 scripsilibrum
2864 4252 2945 4304 De
2966 4246 3403 4303 Immortalitate
3422 4247 3461 4298 A
3474 4243 3667 4309 nime},

1964 4343 2121 4415 quod
2150 4342 2293 4397 mihi
2325 4341 2489 4413 quasi
2520 4337 3026 4395 commonitorium
3059 4351 3181 4389 esse
3208 4332 3502 4387 volueram
3534 4347 3671 4401 pro-

1962 4436 2092 4502 pter
2122 4420 2433 4501 Soliloquia
2466 4427 2848 4493 terminanda,
2886 4441 3017 4496 quae
3068 4420 3400 4493 imperfecta
3442 4435 3674 4474 reman-

1970 4523 2197 4573 serant:
2234 4517 2331 4572 sed
2363 4516 2556 4572 nescio
2588 4514 2880 4587 quomodo
2898 4528 2991 4566 me
3022 4509 3197 4565 invito
3220 4506 3355 4562 exiit
3373 4506 3435 4561 in
3465 4523 3674 4563 manus

1969 4604 2292 4672 hominum,
2316 4610 2373 4661 et
2391 4605 2543 4659 inter
2558 4619 2688 4659 mea
2699 4601 2971 4673 Opuscula
2986 4597 3341 4653 nominatur.
3360 4595 3469 4661 Qui
3484 4595 3673 4667 primo

1965 4693 2468 4749 ratiocinationum
2511 4690 2867 4747 contortione
2916 4690 3089 4757 atque
3138 4683 3412 4739 brevitate
3462 4684 3541 4738 sic
3573 4683 3674 4738 ob-

1966 4798 2163 4837 scurus
2193 4787 2296 4849 est,
2330 4785 2397 4835 ut
2426 4779 2651 4850 fatiget,
2686 4773 3071 4851 cum'legitur,
3098 4771 3267 4827 etiam
3290 4770 3674 4826 intentionem

1963 4887 2152 4925 meam
2183 4869 2389 4940 vixque
2422 4866 2779 4935 intelligatur
2808 4880 2841 4917 a
2868 4860 3113 4932 meipso.

2032 4963 2087 5013 2.
2131 4958 2343 5013 Deinde
2375 4954 2633 5026 cogitans
2666 4949 3000 5006 nihil'aliud
3031 4963 3207 5020 quam
3237 4946 3463 5001 animos
3493 4942 3674 4999 homi-

1965 5062 2127 5110 num,
2161 5046 2221 5100 in
2256 5045 2504 5117 quadam
2537 5037 3036 5112 argumentatione
3069 5035 3327 5107 ejusdem
3356 5032 3490 5088 libri
3521 5028 3669 5086 dixi:

1968 5139 2070 5192 Nec
2091 5152 2202 5192 esse
2228 5139 2287 5190 in
2329 5151 2384 5189 eo
2411 5132 2554 5202 quod
2579 5132 2721 5185 nihil
2751 5129 2933 5197 discit,
2966 5127 3264 5195 disciplina
3279 5126 3470 5194 potest.
3504 5121 3675 5173 Item-

1969 5242 2080 5298 que
2110 5225 2222 5279 alio
2254 5224 2380 5278 loco
2402 5220 2542 5283 dixi,
2568 5221 2675 5276 Nec
2702 5219 2873 5273 ullam
2894 5232 3007 5271 rem
3026 5216 3253 5271 scientia
3283 5208 3673 5298 complectitur,

1966 5294 2079 5370 nisi
2106 5329 2225 5382 quae
2253 5312 2327 5366 ad
2348 5312 2595 5378 aliquam
2616 5309 2854 5376 pertinet
2875 5305 3224 5372 disciplinam
3241 5299 3398 5370 (Cap.
3428 5298 3477 5382 1,
3500 5309 3555 5382 n.
3596 5294 3671 5363 l),

1969 5418 2075 5458 nec
2102 5380 2259 5455 venit
2292 5398 2351 5452 in
2383 5401 2638 5452 mentem
2674 5396 2854 5449 Deum
2897 5407 3011 5445 non
3059 5389 3279 5443 discere
3320 5380 3669 5452 disciplinas,

1972 5494 2029 5545 et
2072 5488 2285 5544 habere
2330 5484 2593 5540 omnium
2638 5498 2834 5538 rerum
2890 5477 3206 5539 scientiam,
3247 5473 3309 5526 in
3341 5486 3455 5541 qua
3505 5467 3677 5523 etiam

1973 5575 2333 5648 prtescientia
2384 5577 2472 5630 est
2516 5573 2871 5628 futurorum.
2926 5567 3057 5620 Tale
3095 5566 3181 5618 est
3207 5559 3353 5615 illud
3400 5556 3549 5629 quod
3598 5554 3680 5609 ibi
