4028 6174
461 335 553 384 391
1605 326 2255 383 llETllAlITATIONUM
2310 327 2364 380 S.
2408 323 2791 382 AUGUSTINI
2805 366 2816 378 .
3803 339 3871 387 5N3

461 456 676 509 dictum
706 456 809 519 est,
838 454 952 507 Non
984 467 1093 506 esse
1115 453 1284 506 vitam
1306 467 1425 506 cum
1444 453 1653 505 ratione
1678 451 1797 516 ulli,
1828 450 1941 504 nisi
1961 452 2156 503 anima:

461 541 623 613 (Cap.
656 543 710 608 4,
748 558 804 595 n.
840 541 928 610 5):
975 557 1159 611 neque
1181 541 1334 593 enim
1366 541 1478 593 Deo
1509 539 1629 595 sine
1660 537 1877 591 ratione
1897 538 2013 591 vita
2050 541 2154 606 est,

460 647 590 685 cum
638 630 789 700 apud
836 646 967 683 eum
1012 634 1068 682 et
1106 644 1328 681 summa
1356 628 1492 696 vita,
1541 633 1597 680 et
1624 642 1848 680 summa
1876 625 1949 678 sit
1987 625 2151 681 ratio.

464 719 526 772 Et
584 718 726 772 illud
790 717 940 788 quod
1008 716 1313 787 aliquando
1357 714 1619 785 superius
1685 712 1817 776 dixi,
1887 714 1951 768 Id
2012 715 2157 782 quod

458 808 802 873 intelligitur,
868 804 1133 874 ejusmodi
1194 819 1304 858 esse
1367 820 1571 873 semper
1619 804 1774 873 (Cap.
1862 807 1908 868 1,
1959 820 2014 857 n.
2078 806 2152 875 1),

458 909 588 947 cum
608 892 962 962 intelligatur
993 896 1050 945 et
1076 890 1322 956 animus,
1355 892 1453 962 qui
1484 892 1683 962 utique
1723 907 1839 944 non
1870 891 2155 961 ejusmodi

457 986 541 1034 est
587 996 827 1050 semper.
880 979 1041 1043 Quod
1079 996 1210 1033 vero
1241 978 1379 1043 dixi,
1420 982 1681 1033 Animum
1718 983 2006 1048 propterea
2048 996 2154 1034 non

449 1084 606 1138 posse
634 1068 701 1122 ab
729 1072 929 1123 aeterna
974 1069 1184 1121 ratione
1222 1068 1490 1137 separari,
1525 1070 1657 1136 quia
1695 1081 1802 1121 non
1836 1068 1885 1119 ei
1915 1067 2154 1122 localiter

452 1158 705 1227 jungitur
743 1157 897 1227 (Cap.
950 1160 1002 1222 6,
1058 1172 1113 1210 η.
1170 1155 1276 1226 11),
1314 1156 1567 1226 profecto
1600 1172 1714 1209 non
1769 1155 2059 1223 dixissem,
2106 1156 2153 1210 si

447 1245 568 1315 jam
597 1249 733 1298 tunc
777 1260 960 1298 essem
992 1244 1215 1297 Litteris
1262 1243 1434 1297 sacris
1465 1242 1544 1296 ita
1574 1242 1853 1308 eruditus,
1888 1247 1953 1297 ut
1991 1259 2151 1297 reco-

453 1332 631 1385 lerem
652 1330 805 1402 quod
836 1330 1109 1399 scriptum
1141 1336 1225 1383 est
1249 1332 1505 1383 :Peccata
1521 1334 1702 1383 vestra
1726 1336 1983 1399 separant
2010 1333 2152 1384 inter

453 1434 545 1474 vos
575 1424 624 1473 et
662 1422 824 1472 Deum
870 1419 1016 1487 (Isai.
1050 1434 1157 1480 1.1x,
1186 1419 1265 1488 2).
1310 1418 1466 1471 Unde
1511 1416 1755 1487 intelligi
1785 1417 1953 1471 datur
1980 1418 2152 1472 etiam

457 1523 656 1561 earum
681 1522 873 1560 rerum
904 1522 1065 1576 posse
1097 1505 1207 1559 dici
1236 1505 1675 1575 separationem,
1701 1522 1829 1576 quae
1850 1522 1964 1559 non
1989 1506 2149 1573 locis,

456 1595 555 1651 sed
579 1596 1013 1666 incorporaliter
1034 1595 1250 1664 junctze
1280 1595 1527 1648 fuerant.

528 1688 578 1739 3.
614 1684 763 1748 Quid
786 1683 858 1737 sit
885 1684 1057 1736 etiam
1086 1683 1236 1753 quod
1261 1682 1394 1750 dixi,
1425 1683 1629 1736 Anima
1659 1686 1707 1736 si
1733 1687 1877 1737 caret
1909 1699 2147 1753 corpore,

455 1775 515 1826 in
554 1773 648 1825 hoc
683 1770 880 1825 mundo
924 1786 1030 1824 non
1080 1775 1157 1823 est
1196 1770 1352 1842 (Cap.
1398 1773 1482 1837 13,
1516 1787 1570 1823 n.
1607 1773 1717 1839 22),
1757 1788 1872 1825 non
1922 1772 2082 1841 potui
2130 1774 2146 1809 ¹

454 1858 761 1914 recordari.
821 1857 1114 1928 Numquid
1171 1858 1326 1912 enim
1368 1857 1576 1912 anima:
1628 1863 1987 1913 mortuorum
2049 1865 2149 1914 aut

454 1965 571 2003 non
616 1952 811 2002 carent
853 1963 1112 2017 corpore,
1160 1951 1261 2001 aut
1311 1947 1370 2001 in
1413 1948 1521 2001 hoc
1560 1948 1776 2002 mundo
1812 1965 1929 2003 non
1978 1950 2150 2004 sunt?

454 2036 625 2101 Quasi
648 2052 781 2090 vero
824 2035 991 2089 inferi
1033 2052 1150 2089 non
1180 2035 1294 2090 sint
1340 2036 1401 2090 in
1430 2036 1535 2090 hoc
1583 2037 1823 2091 mundo.
1875 2037 1981 2091 Sed
2014 2037 2150 2108 quia

454 2141 648 2179 carere
675 2140 935 2194 corpore,
964 2125 1025 2177 in
1060 2124 1212 2178 bono
1242 2125 1431 2194 posui,
1462 2126 1699 2179 fortasse
1751 2125 1985 2180 nomine
2016 2142 2145 2179 cor-

454 2213 611 2283 poris
637 2217 822 2281 pestes
852 2227 1153 2282 corporeus
1181 2212 1478 2282 appellavi.
1498 2212 1658 2276 Quod
1684 2212 1732 2265 si
1754 2212 1830 2266 ita
1852 2216 1953 2280 est,
1976 2212 2149 2267 nimis

454 2289 765 2354 insolenter
792 2300 962 2353 verbo
1008 2316 1141 2353 usus
1170 2315 1317 2353 sum.
1361 2300 1508 2353 Illud
1549 2316 1779 2370 quoque
1806 2305 2019 2355 temere
2063 2301 2149 2355 di-

458 2391 613 2441 ctum
642 2390 752 2440 est:
798 2387 847 2441 Λ
881 2402 1089 2441 summa
1136 2390 1367 2441 essentia
1403 2389 1627 2455 speciem
1656 2391 1869 2456 corpori
1892 2405 1994 2458 per
2022 2392 2147 2443 ani-

457 2491 599 2530 mam
616 2475 809 2541 tribui,
837 2491 945 2544 qua
965 2480 1061 2536 est.
1080 2477 1136 2528 in
1163 2479 1649 2544 quantumcumque
1666 2481 1765 2530 est.
1790 2478 1890 2530 Per
1910 2480 2148 2531 animam

457 2580 581 2631 ergo
610 2579 801 2632 corpus
830 2564 1099 2631 subsistit,
1127 2568 1178 2617 et
1204 2579 1259 2617 eo
1291 2566 1409 2633 ipso
1439 2568 1536 2629 est,
1567 2580 1670 2633 quo
1696 2567 1994 2630 animatur,
2040 2567 2152 2619 sive

453 2654 852 2719 nniversatiter,
883 2657 943 2705 ut
980 2652 1234 2721 mundus,
1260 2655 1372 2706 sive
1396 2654 1829 2723 particulariter,
1864 2659 1925 2707 ut
1955 2671 2149 2709 unum-

454 2740 702 2809 quodque
722 2742 930 2794 animal
948 2742 1097 2794 intra
1120 2740 1379 2794 mundum
1406 2741 1562 2811 (Cap.
1589 2744 1673 2808 15,
1697 2758 1760 2798 n.
1789 2743 1902 2813 24).
1927 2744 2041 2797 Hoc
2063 2749 2149 2797 to-

454 2833 575 2882 tum
599 2845 833 2898 prorsus
860 2833 1072 2883 temere
1116 2828 1332 2884 dictum
1359 2833 1462 2883 est.
1493 2830 1590 2883 Hic
1619 2831 1765 2885 liber
1794 2830 1871 2884 sic
1910 2831 2148 2902 incipit:

455 2918 517 2971 Si
542 2917 747 2970 alicubi
773 2921 852 2971 est
879 2918 1200 2986 disciplina.
1630 2905 1640 2914 ’

1126 3015 1351 3069 CAPUT
1383 3017 1449 3070 VI
1462 3056 1474 3071 .

1000 3105 1422 3172 Disciplinarum
1453 3105 1600 3159 libri.

526 3193 633 3245 Per
669 3191 823 3244 idem
868 3194 1092 3260 tempus
1140 3207 1253 3260 quo
1304 3191 1607 3245 Mediolani
1646 3191 1751 3260 fui,
1796 3192 2147 3263 Baptismum

453 3283 841 3351 percepturus,
875 3278 1046 3332 etiam
1078 3278 1518 3348 Disciplinarum
1548 3280 1726 3333 libros
1751 3284 1988 3334 conatus
2020 3298 2148 3335 sum

456 3367 721 3433 scribere,
755 3362 1112 3438 interrogans
1146 3383 1241 3420 eos
1267 3366 1367 3438 qui
1398 3383 1623 3421 mecum
1663 3373 1846 3434 erant,
1879 3373 2048 3440 atque
2078 3370 2149 3424 ab

422 3456 785 3527 ,hujusmodi
830 3456 1033 3511 studiis
1079 3472 1193 3510 non
1233 3456 1645 3510 abhorrebant:
1688 3472 1791 3528 per
1830 3458 2152 3528 corporalia

452 3545 685 3616 cupiens
701 3545 772 3599 ad
786 3544 1163 3615 incorporalia
1176 3544 1520 3616 quibusdam
1534 3545 1695 3616 quasi
1710 3546 1967 3616 passibus
1982 3547 2149 3603 certis

451 3634 538 3686 vel
569 3632 865 3703 pervenire
886 3634 971 3687 vel
996 3633 1220 3687 ducere.
1253 3633 1358 3688 Sed
1386 3648 1583 3687 earum
1615 3636 1803 3688 solum
1853 3636 1920 3690 de
1952 3636 2145 3691 Gram-

452 3722 659 3775 matica
702 3722 916 3775 librum
963 3722 1255 3776 absolvere
1302 3721 1484 3791 potui,
1530 3739 1669 3791 qum
1713 3727 1909 3793 postea
1948 3723 2018 3778 de
2059 3740 2149 3778 ar-

452 3809 633 3862 mario
664 3814 860 3863 nostro
901 3809 1160 3878 perdidi:
1212 3813 1269 3865 et
1310 3810 1378 3863 de
1422 3810 1636 3864 Musica
1688 3828 1782 3865 sex
1826 3812 2144 3880 volumina;

452 3901 734 3967 quantum
764 3897 967 3950 attinet
1011 3898 1083 3951 ad
1135 3913 1263 3951 eam
1304 3903 1525 3967 partem
1575 3914 1705 3968 qua).
1750 3900 2027 3969 Bythmus
2054 3918 2151 3954 vo-

452 3989 630 4039 catur.
664 3984 773 4039 Sed
811 3984 1040 4038 eosdem
1066 4000 1162 4038 sex
1192 3985 1365 4038 libros
1388 3985 1509 4054 jam
1535 3984 1877 4056 baptizatus,
1912 3988 2148 4059 jamque

452 4090 515 4128 ex
557 4073 719 4129 Italia
765 4088 1054 4143 regressus
1101 4072 1161 4125 in
1191 4073 1437 4127 Africam
1463 4073 1696 4145 scripsi:
1745 4075 2147 4131 inchoaveram

450 4161 665 4234 quippe
693 4161 1092 4215 tantummodo
1122 4160 1289 4215 istam
1311 4162 1461 4232 apud
1485 4163 1868 4218 Mediolanum
1902 4165 2147 4235 discipli-

448 4268 606 4306 nam.
656 4252 736 4305 De
765 4249 889 4304 aliis
917 4265 1050 4303 vero
1092 4249 1346 4321 quinque
1376 4250 1692 4322 disciplinis
1740 4251 1856 4307 illic
1886 4253 2149 4308 similiter

446 4340 752 4407 inchoatis;
788 4340 856 4394 de
885 4338 1205 4405 Dialectica,
1238 4339 1306 4393 de
1339 4339 1661 4403 Rhetorica,
1695 4341 1764 4395 de
1800 4343 2145 4413 Geometria,

449 4430 517 4484 de
543 4428 933 4495 Arithmetica,
970 4427 1039 4482 de
1056 4427 1445 4498 Philosophia,
1473 4429 1594 4483 sola
1614 4428 1899 4502 principia
1923 4447 2146 4486 reman-

426 4522 667 4585 ‘serunt,
692 4534 822 4589 quae
845 4522 1039 4572 tamen
1068 4516 1240 4571 etiam
1263 4516 1387 4586 ipsa
1414 4517 1801 4587 perdidimus:
1831 4519 1924 4573 sed
1949 4520 2145 4575 haberi

450 4606 518 4660 ab
547 4606 834 4678 aliquibus
862 4607 1122 4663 existimo
1157 4606 1254 4676 (a).

1094 4705 1225 4758 CAP
1235 4704 1319 4758 UT
1360 4704 1483 4758 VII.

519 4795 592 4846 De
620 4792 858 4847 Moribus
895 4794 1143 4847 Ecclesiae
1173 4792 1476 4861 Catholicae,
1516 4796 1567 4847 et
1594 4792 1661 4847 de
1693 4793 1934 4849 Moribus
1964 4794 2138 4859 Mani-

560 4949 567 4953 _
1000 4882 1286 4948 chaeorum,
1320 4880 1453 4935 libri
1478 4881 1605 4935 duo.

521 4973 577 5026 1.
623 4969 749 5023 Jam
796 4968 1114 5039 baptizatus
1159 4975 1352 5024 autem
1382 4986 1513 5024 cum
1544 4972 1741 5026 Romae
1788 4987 1991 5040 essem,
2038 4989 2142 5027 nec

506 5095 521 5130 ¹
559 5093 647 5143 Er.
686 5095 738 5142 et
765 5092 871 5141 duo
892 5092 1034 5153 Mss,
1058 5104 1172 5143 non
1200 5094 1355 5155 potui
1382 5097 1613 5144 mortuos
1638 5093 1941 5146 recordari.

505 5176 575 5237 (α)
600 5172 827 5237 Additur
850 5172 905 5220 in
922 5171 1169 5237 vulgatis,
1193 5174 1343 5237 «(Hoc
1358 5187 1491 5237 opus
1510 5174 1584 5237 sic
1602 5174 1787 5237 incipit
1811 5190 1821 5221 :
1843 5174 2138 5237 Omniano-

440 5233 589 5304 mina
617 5234 896 5304 tredecim;
922 5253 944 5275 ››
986 5233 1368 5304 quodinitium
1392 5233 1481 5304 'est
1509 5236 1628 5304 libri
1664 5233 1729 5284 de
1765 5236 2135 5304 Grammatice,

400 5322 409 5333 ·
437 5299 674 5361 adeoque
696 5297 834 5347 male
854 5310 973 5361 cum
996 5297 1232 5361 proxime
1254 5298 1686 5361 antecedentibus
1702 5297 1933 5347 cohaeret
1950 5298 2136 5361 isthmc

436 5358 834 5428 clausula,.quaa
858 5359 1013 5428 etiam
1048 5358 1197 5405 abest
1225 5358 1401 5428 a‘Mss.
1417 5360 1504 5428 _Ex
1529 5360 1676 5409 libris
1701 5366 1877 5409 autem
1901 5360 2137 5428 Discipli-

437 5435 626 5471 narum
650 5418 1050 5484 hie‘recensitis,
1067 5432 1212 5484 quos
1236 5418 1429 5484 dialogi
1451 5435 1612 5484 more.
1632 5428 1789 5484 atque
1811 5436 1873 5471 eo
1894 5418 2133 5481 consilio,

437 5486 497 5529 ut
525 5501 550 5547 ς
579 5497 674 5546 per
700 5483 994 5547 corporalia
1018 5478 1463 5547 act—incorporalia
1494 5498 1521 5547 ξ)
1546 5478 1846 5547 deduceret,
1868 5497 1900 5532 a
1928 5499 1982 5547 se
2012 5478 2134 5547 con;

435 5543 657 5615 scriptos
685 5543 812 5594 dicit
839 5544 1183 5609 Augustinus,
1207 5555 1316 5592 non
1341 5543 1674 5606 reperiuntur
1695 5545 1796 5595 nisi
1813 5559 1905 5595 sex
1924 5546 1989 5595 de
2019 5545 2131 5595 Mu-

438 5617 561 5654 sica.

2266 448 2412 502 ferre
2466 447 2666 501 tacitus
2722 462 2949 517 possem
3008 447 3441 501 Manichaeorum
3493 450 3783 517 jactantiam
3828 457 3873 507 de

2264 534 2405 588 falsa
2438 543 2495 589 et
2523 534 2710 588 fallaci
2747 533 3099 588 continentia
3129 535 3211 587 vel
3253 533 3599 604 abstinentia,
3634 552 3732 607 qua
3758 554 3803 592 se
3828 543 3873 595 ad

2264 622 2560 694 imperitos
2636 622 3019 693 decipiendos,
3096 622 3243 675 veris
3322 622 3656 692 Christianis,
3722 627 3875 695 quibus

2263 712 2629 783 comparandi
2655 728 2772 766 non
2792 716 2945 780 sunt,
2974 711 3207 781 insuper
3226 710 3549 781 praeferunt,
3573 712 3747 782 scripsi
3775 714 3878 769 duos

2263 800 2463 867 libros;
2492 817 2668 854 unum
2688 800 2768 854 .de
2800 800 3048 854 Moribus
3078 799 3334 853 Ecclesia:
3355 800 3667 867 Catholicae;
3692 803 3877 858 alterum

2263 890 2331 944 de
2364 890 2612 945 Moribus
2642 889 3106 945 Manichaeorum.
3702 890 3711 897 ’

2332 981 2383 1033 2.
2426 980 2490 1033 In
2520 995 2586 1033 eo
2620 979 2797 1050 igitur
2826 978 2926 1050 qui
2958 982 3041 1032 est
3071 978 3140 1033 de
3173 977 3419 1033 Moribus
3456 978 3692 1032 Ecclesia:
3728 980 3879 1035 Catho-

2261 1066 2403 1131 licaa,
2443 1067 2539 1121 ubi
2567 1067 2734 1137 posui
2771 1067 3186 1133 testimonium,
3221 1066 3282 1120 in
3310 1082 3422 1136 quo
3461 1066 3672 1136 legitur,
3708 1069 3877 1137 Propter

2263 1160 2311 1209 te
2338 1157 2601 1223 a/ﬁcimur
2627 1161 2739 1210 tota
2767 1155 2884 1221 die;
2922 1158 3181 1209 aestimati
3226 1169 3411 1209 sumus
3430 1159 3487 1208 ut
3515 1170 3624 1209 oves
3664 1159 3878 1211 occisionis

2260 1245 2428 1312 (Psal.
2482 1261 2630 1314 xun,
2689 1248 2798 1311 22;
2847 1247 2997 1299 Rom.
3055 1261 3171 1310 vm,
3222 1247 3340 1313 36);
3384 1243 3705 1297 mendositas
3752 1247 3879 1299 nostri

2261 1330 2467 1384 codicis
2498 1348 2588 1385 me
2620 1331 2822 1385 fefellit
2848 1330 3039 1385 minus
3068 1347 3387 1385 memorem
3420 1329 3815 1400 Scripturarum,
3830 1326 3874 1385 in

2262 1420 2468 1491 quibus
2493 1419 2751 1474 nondum
2790 1422 3049 1473 assuetus
3078 1435 3252 1473 eram.
3298 1420 3440 1473 Nam
3481 1419 3715 1489 ejusdem
3748 1419 3877 1472 inter-

2260 1507 2593 1578 pretationis
2620 1508 2719 1561 alii
2750 1507 2969 1560 codices
3000 1523 3117 1561 non
3145 1508 3379 1574 habent,
3425 1509 3638 1576 Propter
3677 1512 3719 1561 te
3754 1509 3877 1574 amci-

2260 1611 2407 1650 mur:
2442 1595 2561 1662 sed,
2592 1598 2816 1664 Propter
2848 1600 2895 1649 te
2920 1601 3087 1649 morte
3118 1597 3415 1663 aﬂicimur;
3456 1594 3601 1667 quod
3628 1610 3729 1649 uno
3760 1596 3880 1649 verbo

2261 1683 2358 1737 alii
2379 1684 2663 1753 dixerunt,
2692 1683 3106 1771 mortiﬁcamjtr.
3136 1686 3249 1738 Hoc
3280 1701 3400 1738 esse
3426 1684 3605 1737 verius
3626 1682 3771 1754 graeci
3791 1683 3879 1737 libri

2259 1771 2533 1839 indicant,
2568 1789 2635 1826 ex
2666 1788 2781 1843 qua
2812 1771 3006 1842 lingua
3026 1772 3087 1825 in
3112 1772 3354 1826 latinam
3382 1772 3680 1826 secundum
3707 1771 3881 1841 Septua-

2259 1859 2418 1931 ginta
2460 1860 2819 1931 interpretes,
2861 1865 3117 1913 veterum
3162 1859 3484 1913 divinarum
3530 1857 3873 1929 Scripturarum

2260 1952 2344 2002 est
2372 1948 2519 2002 facta
2550 1948 2879 2002 translatio:
2917 1952 2974 2002 et
3003 1952 3198 2002 tamen
3240 1948 3552 2003 secundum
3591 1947 3699 2001 haec
3740 1948 3876 2009 verba,

2258 2036 2319 2091 id
2348 2042 2430 2090 est
2454 2038 2679 2106 Propter
2708 2041 2756 2090 te
2784 2038 3067 2104 afﬁcimur,
3102 2037 3285 2090 multa
3327 2036 3613 2107 disputans
3641 2034 3743 2089 dixi
3782 2036 3877 2103 (Lib.

2262 2129 2312 2191 1,
2341 2141 2387 2179 c.
2421 2128 2473 2190 9,
2504 2141 2605 2179 nn.
2648 2127 2732 2192 14,
2773 2128 2880 2194 15),
2917 2141 3046 2195 qua:
3074 2125 3135 2178 in
3162 2124 3303 2195 ipsis
3332 2125 3502 2179 rebus
3530 2140 3639 2178 non
3668 2127 3875 2194 tanquam

2258 2212 2400 2267 falsa
2436 2211 2721 2283 improbo.
2766 2214 3171 2267 Verumtamen
3200 2212 3646 2267 convenientiam
3688 2211 3879 2280 Scriptu-

2258 2317 2454 2355 rarum
2480 2306 2736 2355 veterum
2763 2306 2820 2355 et
2840 2317 3135 2368 novarum,
3155 2317 3333 2372 quam
3355 2302 3724 2356 demonstrare
3746 2299 3878 2370 cupie-

2257 2390 2413 2457 bam,
2446 2405 2513 2443 ex
2545 2389 2634 2443 his
2663 2390 2939 2444 duntaxat
2958 2390 3143 2443 verbis
3174 2406 3295 2443 non
3316 2391 3510 2461 utique
3532 2388 3875 2451 demonstravi;

2259 2479 2415 2533 unde
2470 2483 2663 2533 autem
2717 2479 2858 2533 mihi
2919 2495 3080 2533 error
3121 2479 3465 2549 obrepserit,
3516 2478 3658 2533 dixi:
3699 2494 3753 2532 ex
3793 2475 3877 2530 aliis

2259 2581 2391 2620 vero
2434 2566 2774 2620 testimoniis
2812 2567 3072 2621 eamdem
3121 2566 3573 2639 convenientiam
3606 2565 3877 2621 sufﬁcienter

2262 2654 2485 2708 ostendi
2515 2654 2615 2723 (ld.
2636 2695 2651 2721 ,
2679 2671 2726 2711 ο.
2762 2658 2844 2722 16,
2873 2671 2929 2708 n.
2962 2658 3181 2725 26-29).

2332 2746 2382 2797 3.
2425 2741 2697 2797 Similiter
2726 2748 2784 2797 et
2811 2744 2983 2814 paulo
3013 2748 3140 2813 post
3168 2744 3561 2798 testimonium
3593 2741 3740 2814 posui
3761 2741 3813 2795 de
3833 2739 3877 2790 li-

2260 2830 2362 2884 bro
2390 2830 2713 2901 Sapientiae,
2757 2832 3072 2885 secundum
3123 2832 3380 2887 codicem
3422 2836 3685 2896 nostrum,
3717 2830 3765 2883 in
3802 2843 3880 2897 quo

2262 2918 2536 2989 scriptum
2580 2924 2737 2973 erat:
2791 2920 3143 2974 Sobrietatem
3198 2922 3343 2974 enim
3385 2920 3646 2990 sapientia
3678 2918 3812 2982 docet,
3846 2920 3877 2966 tl

2255 3008 2533 3075 justitiam
2561 3012 2609 3061 et
2636 3010 2890 3062 virtutem
2920 3009 3074 3077 (Sap.
3118 3025 3235 3078 vm,
3260 3010 3337 3080 ’7).
3374 3011 3436 3064 Et
3478 3008 3759 3062 secundum
3794 3005 3875 3056 hec

2259 3096 2432 3151 verba
2454 3095 2696 3150 disserui
2716 3113 2805 3149 res
2822 3096 3057 3167 quidem
3080 3113 3261 3164 veras,
3293 3097 3393 3152 sed
3410 3114 3474 3152 ex
3495 3096 3754 3151 occasione
3771 3107 3876 3145 men-

2263 3184 2515 3239 dositatis
2534 3185 2791 3239 inventas
2809 3186 2945 3254 (Lib.
2972 3190 3017 3251 1,
3038 3185 3262 3257 ο.ζ16,ἠ.
3287 3186 3401 3257 27).
3416 3186 3556 3250 Quid
3579 3183 3713 3237 enim
3729 3180 3877 3235 verius

2262 3289 2435 3345 quam
2447 3273 2602 3344 quod
2614 3273 2894 3344 sapientia
2912 3273 3421 3328 doceatveritatem
3434 3266 3875 3342 contemplationis,

2261 3380 2433 3434 quam
2464 3363 2695 3417 nomine
2716 3362 3037 3417 sobrietatis
3057 3362 3439 3433 signiﬁcatam
3462 3360 3671 3434 putavi;
3693 3362 3738 3413 et
3759 3355 3878 3411 actio-

2261 3451 2349 3504 nis
2377 3451 2744 3522 probitatem,
2778 3468 2950 3523 quam
2976 3468 3080 3522 per
3109 3452 3221 3506 duo
3246 3451 3364 3506 alia
3386 3450 3621 3521 intelligi
3646 3445 3789 3509 volui,
3811 3456 3877 3513 per

2256 3539 2537 3609 justitiam
2570 3546 2741 3611 atque
2763 3542 3065 3594 virtutem:
3100 3556 3229 3594 cum
3251 3540 3473 3595 codices
3504 3538 3733 3609 ejusdem
3756 3535 3878 3586 inter-

2260 3628 2594 3700 pretationis
2643 3629 2891 3682 veriores
2935 3629 3200 3694 habeant,
3236 3630 3574 3683 sobrietatem
3616 3627 3735 3679 enim
3756 3626 3874 3675 etsu-

2254 3720 2521 3787 pientiam
2550 3718 2716 3784 docet,
2749 3722 2800 3771 et
2826 3718 3105 3786 justitiam
3134 3722 3184 3771 et
3212 3719 3510 3771 virtutem?
3540 3716 3626 3769 His
3653 3712 3779 3767 enim
3805 3723 3872 3760 no-

2260 3805 2509 3860 minibus
2536 3806 2746 3860 latinus
2777 3804 3057 3875 interpres
3083 3810 3333 3876 quatuor
3375 3807 3495 3860 illas
3537 3804 3756 3865 virtutes,
3786 3810 3873 3866 qua?

2258 3892 2505 3947 maxime
2535 3893 2595 3947 in
2624 3909 2720 3947 ore
2748 3893 3221 3964 philosophorum
3252 3909 3377 3948 esse
3409 3892 3658 3955 assolent,
3684 3884 3874 3941 nomina-

2262 3979 2367 4048 vit;
2398 3981 2760 4036 sobrietatem
2790 3981 3081 4052 appellans
3129 3980 3586 4051 temperantiam,
3628 3968 3872 4048 prudentie

2258 4068 2560 4140 imponens
2588 4086 2799 4124 nomen
2823 4068 3178 4141 sapientiam,
3208 4068 3601 4123 fortitudinem
3620 4079 3731 4119 vero
3744 4060 3871 4114 virtu-

2256 4157 2327 4210 tis
2352 4158 2621 4212 vocabulo
2667 4157 2991 4225 enuntians,
3025 4158 3203 4213 solam
3246 4158 3529 4228 justitiam
3573 4171 3663 4210 suo
3701 4146 3872 4205 nomine

2256 4244 2658 4317 interpretatus
2674 4249 2777 4300 est.
2799 4247 2906 4300 Has
2932 4249 3123 4300 autem
3151 4252 3401 4318 quatuor
3429 4246 3649 4300 virtutes
3662 4240 3713 4294 in
3730 4235 3871 4291 eodem

2196 4336 2207 4342 ’
2256 4334 2401 4388 libro
2426 4334 2731 4405 Sapientiae
2752 4334 2870 4388 suis
2881 4334 3213 4389 nominibus
3230 4336 3559 4405 appellatas,
3578 4331 3704 4385 sicut
3726 4324 3870 4379 δετερ-

2256 4423 2333 4477 cis
2354 4427 2645 4488 vocantur,
2666 4423 2835 4494 longe
2857 4428 3052 4493 postea
3076 4423 3395 4493 reperimus
3425 4422 3482 4476 in
3505 4417 3754 4475 codicibus
3773 4422 3871 4481 grve-

2255 4512 2352 4568 cis.
2390 4513 2549 4578 Item,
2572 4512 2727 4583 quod
2748 4511 2911 4582 posui
2928 4513 2997 4566 de
3030 4512 3175 4566 libro
3195 4511 3532 4574 Salomonis,
3564 4508 3779 4567 Vanitas,

2252 4598 2603 4667 nitantium‘,
2653 4600 2801 4654 dixit
2834 4600 3181 4655 Ecclesiastes
3224 4601 3417 4670 (Eccle.
3450 4618 3486 4663 ι,
3519 4599 3599 4668 2);
3639 4596 3690 4649 in
3729 4586 3869 4643 multis

2253 4689 2485 4761 quidem
2505 4688 2786 4743 codicibus
2817 4688 2950 4759 legi,
2975 4689 3073 4743 sed
3103 4690 3210 4743 hoc
3231 4689 3455 4742 Graecus
3484 4702 3590 4740 non
3608 4682 3777 4737 habet:
3798 4674 3867 4727 ha-

2250 4777 2346 4831 bet
2375 4782 2585 4843 autem,
2606 4779 2823 4831 vanitas
2850 4779 3180 4841 sanitatum;
3206 4778 3361 4847 quod
3381 4779 3568 4847 postea
3589 4769 3715 4833 vidi;
3741 4768 3785 4817 et
3806 4761 3866 4813 in-

2251 4866 2379 4920 veni
2400 4882 2495 4920 eos
2518 4866 2743 4942 Latinos
2766 4882 2886 4919 esse
2916 4864 3183 4931 veriores,
3226 4864 3327 4936 qui
3354 4865 3577 4928 habent,
3606 4856 3865 4942 υαηίωξωιξν

2250 4971 2386 5022 non,
2418 4939 2802 5009 vanitaritium.
2836 4954 2913 5008 Ex
2943 4953 3236 5007 occasione
3254 4958 3447 5008 tamen
3470 4950 3629 5019 hujus
3648 4937 3867 4998 mendosi-

2249 5044 2380 5098 tatis
2403 5060 2779 5115 quaecumque
2801 5042 3041 5097 disserui
3061 5058 3195 5097 vera
3221 5058 3341 5097 esse
3362 5040 3497 5113 ipsis
3517 5038 3671 5093 rebus
3688 5023 3866 5101 δρρετθί

2250 5132 2392 5202 (Lib.
2424 5136 2474 5202 1,
2502 5149 2547 5187 c.
2581 5134 2671 5199 21,
2698 5148 2753 5185 n.
2788 5133 2898 5202 39).

2310 5239 2710 5301 {lfanitantium
2727 5236 3053 5301 restituimus
3073 5251 3136 5301 ex
3150 5236 3447 5301 sanioribus
3460 5213 3865 5301 bisstI‘QH‘E‘l‘fﬂ'

2244 5299 2556 5362 gatiferunt,
2584 5302 2900 5350 vanitatum.
2927 5300 2999 5347 Ac
3020 5299 3177 5362 paulo
3197 5303 3331 5362 post.
3356 5299 3468 5346 Am.
3492 5300 3540 5344 et
3562 5290 3637 5342 Er.
3657 5290 3717 5362 ita
3733 5290 3862 5362 ριξιῗῗξ

2243 5343 2901 5423 ξῦῐίιὶὶἱιῖῗῖιὲιῦέῖἇὲιῐέιῆ
2927 5343 3171 5410 vitae;
3184 5343 3551 5423 nauium.
3587 5343 3862 5423 erit???

2242 5405 3653 5480 ὂίὶιῖῖὲῖἱὴυἱιῖἷὲὀςῖᾰὶέῆιίοᾙέεῖὲτῖἇτὲἓὲῖᾰιὶῦιάδεῆίν
3674 5405 3861 5480 "erit:

2243 5464 2392 5539 tium.
2424 5498 2544 5538 non.
2568 5488 2883 5535 vanilalum.
2915 5484 3167 5548 Corrupte
3197 5464 3502 5539 admbdum;
3531 5482 3669 5539 atque
3695 5464 3859 5541 βελοω

2246 5546 2409 5569 ..ςιηειλ
2442 5546 2642 5569 ρηιεηε..-
2675 5547 2877 5569 ...ωεηη
2911 5547 3009 5569 υ..-
3131 5545 3577 5569 ηηηλλεηιεηΑ-ηηη
3610 5521 3858 5569 Ιορ1ιηηιίδ·

2246 5535 2412 5595 nihilo
2441 5535 2645 5595 felicius
2675 5547 2881 5595 variant
2908 5547 3029 5595 Mss.
3052 5535 3112 5582 -'-
3131 5535 3786 5595 Benedictinorum’lectiom
3805 5535 3842 5569 ιε

2242 5613 2331 5658 vet
2350 5608 2432 5658 Er.
2465 5608 2619 5658 Guill.
2652 5609 2708 5657 in
2734 5608 2992 5672 margine.
3025 5609 3091 5657 Μ.
