4028 6174
132 206 245 256 593

212 329 263 380 4.
297 324 458 389 Quod
505 327 698 376 autem
750 320 898 374 dixi:
931 322 1069 375 Eum
1129 318 1312 387 ipsum
1365 334 1519 386 quem
1539 331 1845 386 cognoscere

137 415 409 480 volumus,
442 413 537 466 hoc
567 414 644 464 est
669 413 853 474 Deum,
877 411 1036 478 prius
1063 408 1230 476 plena
1259 408 1525 460 cha-ritate
1553 406 1846 472 diligamus

138 503 288 572 (Lib.
321 506 368 567 1,
399 517 444 554 c.
477 503 570 566 ‘25,
596 516 651 552 n.
683 499 803 568 47):
833 496 1036 551 melius
1059 494 1363 559 diceretur,
1390 494 1639 560 Sincera,
1673 509 1846 563 quam

138 594 309 662 ple-na
341 591 429 644 nel
463 589 608 643 forte
639 592 939 658 putaretur
963 585 1296 639 charitatem
1329 584 1427 637 Dei
1449 600 1565 637 non
1596 584 1844 637 futuram

137 697 280 735 esse
304 678 602 748 majorem,
633 676 860 747 quando
882 672 1201 728 videbimus
1222 671 1363 725 facie
1385 672 1456 726 ad
1489 671 1710 725 faciem.
1760 671 1847 725 Sic

133 768 339 838 itaque
381 766 492 820 hoc
531 764 862 835 accipiatur,
893 768 1165 832 tanquam
1214 763 1382 830 plena
1429 760 1577 814 dicta
1609 761 1700 826 sit,
1736 776 1849 830 qua

129 857 329 925 major
345 871 465 908 esse
486 870 602 907 non
623 851 819 922 possit,
838 851 1114 922 quamdiu
1135 850 1495 903 ambulamus
1517 865 1622 918 per
1641 847 1846 901 ﬁdem:

129 945 250 997 erit
275 944 432 997 enim
462 942 708 1013 plenior,
741 941 856 994 imo
886 939 1239 1010 plenissima,
1293 937 1417 992 sed3
1440 954 1544 1008 per
1572 936 1839 1008 speciem.

131 1035 285 1087 Item
310 1033 464 1104 quod
485 1031 599 1086 dixi
615 1032 684 1085 de
705 1030 774 1084 iis
792 1029 891 1100 qui
916 1028 1258 1082 subveniunt
1275 1026 1688 1097 indigentibus,
1716 1025 1850 1096 quia

129 1121 522 1176 misericordes
543 1124 823 1183 vocantur,
842 1120 1006 1171 etiam
1022 1120 1071 1171 si
1086 1118 1353 1184 sapientes
1379 1130 1545 1183 usque
1565 1115 1696 1167 adeo
1721 1115 1849 1177 sint,

131 1217 192 1264 ut
217 1212 351 1280 jam
383 1210 531 1265 nullo
565 1209 736 1263 animi
764 1209 942 1262 dolore
975 1207 1257 1259 turbentur
1290 1204 1411 1272 (Id.,
1445 1221 1490 1256 c.
1523 1206 1610 1268 27,
1645 1218 1699 1255 η.
1735 1201 1850 1269 53);

131 1315 262 1353 non
297 1298 377 1354 sic
420 1296 814 1368 accipiendum
845 1299 930 1348 est
957 1299 1233 1364 tanquam
1277 1289 1618 1352 deﬁnierim.
1652 1290 1709 1342 in
1749 1291 1854 1342 hac

129 1388 255 1440 vita
272 1403 398 1440 esse
421 1387 560 1440 tales
591 1383 903 1455 sapientes:
941 1397 1057 1434 non
1078 1379 1234 1434 enim
1261 1377 1400 1447 dixi,
1424 1379 1564 1433 Cum
1591 1376 1703 1430 sint
1723 1394 1734 1444 ;
1757 1377 1853 1430 sed

131 1476 287 1542 dixi,
317 1479 482 1530 etiam
513 1476 563 1528 si
591 1477 721 1528 sint.

309 1563 438 1618 Alio
478 1564 602 1615 loco
641 1559 738 1614 ubi
779 1557 890 1612 dixi
939 1557 1064 1626 (Id.,
1111 1573 1156 1611 c.
1211 1559 1298 1621 30,
1341 1571 1396 1608 n.
1439 1555 1524 1623 64)
1560 1555 1693 1607 Jam
1731 1568 1855 1606 vero

131 1672 263 1710 cum
309 1656 421 1708 haec
443 1655 682 1706 humana
701 1648 916 1704 dilectio
945 1649 1287 1702 inhaerentem
1319 1645 1570 1700 uberibus
1604 1646 1711 1698 tuis
1743 1658 1850 1695 nu—

134 1745 366 1796 triverit
413 1747 464 1795 et
513 1741 846 1794 roboraverit
893 1740 1157 1802 animum,
1201 1734 1468 1804 sequendo
1512 1738 1608 1788 Deo
1647 1736 1856 1799 factum

133 1834 422 1898 idoneum,
470 1831 568 1884 ubi
590 1830 702 1898 ejus
734 1827 990 1896 majestas
1034 1842 1100 1879 ea:
1127 1829 1280 1879 tanta
1317 1828 1493 1891 parte,
1529 1827 1734 1891 quanta
1761 1822 1855 1873 ho-

134 1923 305 1982 mini,
335 1921 465 1973 dum
499 1923 650 1972 terra:
689 1917 852 1985 hujus
882 1915 1220 1969 inhabitator
1240 1918 1340 1979 est,
1384 1913 1611 1979 sufﬁcit,
1644 1912 1858 1978 aperire

135 2027 191 2064 se
208 2012 466 2078 cmperit;
498 2012 683 2061 tantus
702 2007 991 2059 charitatis
1013 2003 1180 2056 ardor
1204 2003 1525 2068 innascitur,
1549 1996 1623 2053 et3
1649 2003 1858 2052 tantum

136 2100 332 2153 div-ini
382 2099 583 2150 amo-ris
614 2096 888 2160 consurgit
918 2091 1246 2158 incendium,
1279 2095 1337 2143 ut
1380 2091 1586 2142 crustis
1612 2087 1857 2141 omnibus

137 2191 323 2253 riliis,
355 2191 407 2240 et
438 2188 648 2240 homine
672 2185 1007 2251 sanctiﬁcata
1030 2186 1192 2249 atque
1215 2183 1471 2248 purgato,
1513 2179 1646 2230 satis
1678 2192 1857 2244 appa-

139 2281 266 2331 reat
305 2291 475 2345 quam
518 2274 698 2327 divine
735 2272 939 2325 dictum
983 2270 1082 2324 sit:
1122 2287 1148 2318 «
1194 2270 1307 2333 Ego
1347 2282 1465 2320 sum
1495 2267 1634 2333 ignis
1677 2279 1860 2318 consu-

142 2381 298 2420 mens
330 2387 361 2411 η
398 2364 568 2433 (Deut.
623 2379 694 2427 Iv,
729 2363 824 2424 2i;
859 2359 1021 2413 Hebr.
1069 2374 1166 2421 xu,
1217 2358 1342 2425 29);
1374 2357 1613 2425 possunt
1661 2357 1860 2423 putare

146 2451 462 2524 Pelagiani
492 2451 662 2503 istam
702 2447 1111 2520 perfectionem
1141 2445 1201 2498 in
1231 2445 1335 2498 hac
1365 2441 1594 2497 mortali
1625 2441 1736 2494 vita
1770 2456 1861 2494 me

145 2543 367 2598 dixisse
395 2556 560 2612 posse
609 2537 959 2607 contingere.
994 2535 1100 2590 Sed
1132 2549 1247 2586 non
1285 2533 1392 2586 hoc
1422 2535 1653 2602 putent:
1697 2529 1864 2582 ardor

147 2632 378 2704 quippe
403 2626 695 2683 charitatis
725 2624 1014 2696 sequendo
1039 2625 1153 2677 Deo
1175 2623 1356 2676 factus
1377 2620 1638 2684 idoneus,
1675 2623 1730 2672 et
1746 2623 1863 2671 tam

148 2735 406 2791 magnus
437 2722 499 2771 ut
527 2716 662 2770 vitia
685 2718 884 2769 cuncta
909 2716 1225 2779 consumat,
1257 2711 1317 2764 in
1344 2709 1450 2762 hac
1476 2709 1591 2762 vita
1625 2706 1780 2778 pasci
1812 2711 1867 2760 et

149 2824 412 2864 crescere
442 2810 656 2876 potest;
697 2803 971 2873 perficere
993 2817 1119 2854 vere
1151 2803 1384 2871 propter
1407 2797 1560 2869 quod
1593 2794 1863 2861 nascitur,

149 2905 216 2953 ut
243 2897 475 2952 nullum
505 2894 638 2948 insit
665 2891 888 2947 homini
926 2890 1147 2956 vitium,
1181 2905 1298 2942 non
1328 2889 1744 2957 consequenter
1775 2883 1867 2937 hic

149 2989 379 3056 potest:
407 2982 669 3054 quamvis
701 2984 857 3034 tanta
876 2978 982 3032 ista
1004 2995 1091 3031 res
1113 2977 1315 3031 eodem
1347 2975 1548 3029 ardore
1578 2972 1868 3026 cbaritatis

151 3073 514 3145 perﬁciatur,
561 3069 662 3124 ubi
713 3067 910 3140 perlici
957 3072 1010 3121 et
1042 3065 1270 3137 quando
1303 3063 1499 3134 perlici
1542 3065 1758 3131 potest;
1805 3064 1869 3114 ut

153 3160 657 3234 quemadmodum
673 3159 958 3212 lavacrum
975 3152 1424 3225 regenerationis
1441 3155 1694 3223 purgata
1708 3153 1870 3203 reatu

155 3250 426 3306 omnium
460 3252 842 3320 peccatorum,
875 3261 1001 3315 quae
1025 3245 1278 3299 humana
1302 3239 1474 3296 traxit
1504 3238 1789 3304 nativitas,
1815 3240 1872 3290 et

156 3338 451 3394 contraxit
475 3336 780 3407 iniquitas;
804 3335 882 3388 ita
912 3335 1009 3387 illa
1050 3330 1318 3403 perfectio
1351 3332 1557 3401 purget
1603 3327 1672 3381 ab
1713 3325 1872 3381 omni

159 3429 290 3482 labe
323 3427 616 3490 vitiorum,
650 3424 771 3478 sine
803 3423 1010 3494 quibus
1029 3423 1283 3474 humana
1312 3435 1432 3472 esse
1461 3434 1573 3470 non
1602 3421 1790 3487 potest
1813 3415 1872 3468 in

159 3519 274 3571 hoc
322 3515 528 3570 saculo
576 3511 900 3567 infirmitas.
946 3511 1099 3564 Sicut
1141 3506 1536 3575 accipiendum
1571 3507 1654 3557 est
1700 3503 1871 3556 etiam

161 3605 326 3676 quod
367 3603 446 3656 ait
463 3601 796 3672 Apostolus:
829 3601 1075 3656 Christus
1115 3597 1310 3650 dilexit
1339 3595 1652 3657 Ecclesiam,
1699 3595 1748 3643 et
1791 3605 1872 3643 se-

165 3697 350 3763 ipsum
383 3691 620 3745 tradidit
650 3705 748 3759 pro
786 3705 877 3748 ea;
933 3686 1203 3741 mandans
1233 3699 1349 3737 eam
1389 3684 1603 3736 lavacro
1633 3695 1789 3748 aqum
1818 3680 1875 3731 in

164 3783 330 3835 uerbo
367 3787 430 3834 ut
482 3779 756 3833 exhiberet
802 3779 909 3830 sibi
953 3777 1244 3844 gloriosam
1284 3773 1596 3834 Ecclesium,
1633 3784 1737 3822 non
1785 3768 1877 3820 hu-

169 3873 380 3924 bentem
419 3869 688 3922 maculam
740 3871 837 3920 aut
882 3879 1098 3932 rugam,
1149 3866 1244 3915 aut
1311 3859 1526 3928 aliquid
1565 3856 1878 3926 hujusmodi

172 3961 340 4028 (Eph.
399 3973 451 4025 v,
498 3959 565 4010 23
618 3957 729 4024 27).
782 3953 904 4008 Hie‘
952 3956 1036 4005 est
1085 3950 1236 4003 enim
1277 3949 1564 4001 lavacrum
1615 3962 1778 4015 aquae
1817 3943 1876 3996 iu

172 4048 350 4100 verbo
401 4061 517 4114 quo
563 4043 872 4097 mundatur
915 4039 1173 4094 Ecclesia.
1227 4037 1335 4092 Sed
1392 4052 1521 4089 cum
1564 4039 1682 4087 tota
1730 4032 1880 4086 dicat

173 4133 455 4208 quamdiu
476 4133 567 4186 hic
597 4137 699 4198 est,
724 4133 946 4186 Dimitte
969 4129 1120 4182 nobis
1151 4127 1331 4180 debita
1351 4129 1538 4177 nostra
1561 4122 1777 4191 (Matth.
1803 4138 1876 4186 vx,

180 4229 295 4294 l2);
332 4239 451 4276 non
490 4221 692 4292 utique
721 4219 813 4274 hic
843 4223 928 4272 est
959 4217 1082 4270 sine
1117 4215 1341 4269 macula
1370 4218 1426 4266 et
1453 4228 1615 4280 ruga,
1649 4214 1747 4263 aut
1776 4209 1879 4262 ali-

174 4312 318 4384 quid
343 4309 657 4383 ejusmodi:
689 4325 755 4362 ex
787 4324 852 4361 eo
881 4311 1075 4360 tamen
1097 4303 1248 4375 quod
1268 4301 1360 4355 hic
1383 4299 1605 4367 accipit,
1631 4297 1702 4351 ad
1722 4297 1880 4350 illam

176 4400 450 4472 gloriam,
473 4415 603 4469 qua:
624 4396 715 4451 hic
735 4413 851 4450 non
869 4399 970 4458 est,
991 4391 1513 4466 perfectionemque
1531 4385 1879 4456 perducitur.

251 4503 303 4554 6.
346 4499 414 4552 In
445 4496 556 4551 alio
585 4495 734 4550 libro
765 4495 924 4565 cujus
955 4495 1039 4545 est
1067 4490 1284 4549 titulus,
1316 4486 1385 4540 de
1426 4483 1672 4539 Moribus
1722 4478 1886 4535 Mani-

179 4590 502 4654 chaeorum,
536 4585 678 4640 illud
707 4583 860 4655 quod
888 4581 1032 4636 dixi:
1069 4581 1164 4635 Dei
1187 4578 1392 4631 bonitas
1424 4572 1609 4628 omnia
1640 4570 1887 4641 deﬁcien-

180 4681 260 4732 tia
291 4679 372 4731 sic
411 4675 633 4729 ordinat
670 4678 730 4727 ut
773 4673 852 4726 ibi
899 4673 1010 4724 sint
1059 4669 1153 4721 ubi
1186 4663 1656 4733 congruentissime
1675 4661 1887 4729 possint

179 4782 312 4832 esse,
340 4766 508 4819 donec
537 4762 806 4818 ordinatis
834 4758 1064 4813 motibus
1093 4755 1166 4808 ad
1190 4753 1250 4807 id
1277 4754 1560 4805 recurrant
1587 4748 1726 4802 unde
1746 4748 1885 4813 defe-

184 4853 614 4923 cerunt(Lib,2.
659 4867 705 4905 c.
750 4854 806 4916 7,
849 4865 905 4901 n.
953 4846 1032 4913 9),
1065 4859 1180 4897 non
1223 4841 1302 4894 sic
1347 4837 1741 4908 accipiendum
1785 4839 1890 4903 est,

185 4947 472 5012 tanquam
502 4939 698 4994 omnia
727 4939 1023 4992 recurrant
1043 4933 1111 4986 ad
1139 4931 1197 4984 id
1227 4928 1381 4984 unde
1409 4927 1758 4987 defecerunt,
1791 4923 1890 4976 sie-

185 5036 250 5085 ut
281 5027 519 5099 Origeni
565 5026 750 5081 visum
791 5029 903 5078 est:
937 5021 1034 5076 sed
1065 5036 1131 5074 ea
1184 5016 1378 5072 omnia
1410 5030 1539 5086 quae
1570 5015 1890 5067 recurrunt.
1957 5040 1969 5052 η

256 5194 268 5225 ¹
305 5193 366 5239 In
388 5191 511 5238 Mss.
536 5189 640 5235 fere
662 5185 908 5234 omnibus
926 5183 1026 5230 nisi
1039 5181 1184 5243 forte
1212 5179 1460 5242 putatur.
1478 5177 1533 5222 In
1556 5173 1684 5222 Edd.
1707 5171 1819 5220 Am.
1847 5175 1899 5220 et

192 5254 303 5310 Er.,
335 5252 437 5301 nisi
472 5250 611 5313 forte
636 5252 941 5313 putaretur.
994 5306 1038 5313 __
1353 5305 1363 5313 ,

256 5319 278 5351 ³
296 5302 432 5362 Ἀω.
459 5302 513 5361 et
536 5302 772 5360 Erfcum
796 5309 964 5358 tribus
993 5306 1137 5364 Mss.,
1165 5302 1364 5353 scilicet
1387 5313 1476 5362 per
1508 5302 1750 5361 speciem.

259 5380 280 5412 ³
310 5377 433 5425 Mss.
463 5377 682 5436 septem,
711 5375 762 5422 et
792 5374 846 5419 in
880 5372 1112 5436 tantum.

263 5442 280 5472 ⁸
310 5419 892 5498 Ῑίεῖὼῖιῖέῑίὸἶόᾑέερω
907 5432 1029 5498 Mss.
1048 5431 1112 5478 At
1130 5427 1283 5482 Edd.,
1301 5425 1395 5474 hoc
1408 5422 1631 5484 estquod
1648 5419 1899 5468 mendum

201 5514 316 5549 esse
348 5493 544 5563 probat
576 5494 830 5545 orationis
858 5493 1037 5543 series.

1630 194 1844 249 LIBER
1885 193 2168 249 PRIMUS.

3552 191 3655 245 594

1960 318 2084 370 Νοη
2116 315 2272 369 enim
2300 318 2605 369 recurrunt
2633 314 2707 368 ad
2736 315 2915 368 Deum
2962 331 2995 366 a
3024 329 3137 384 quo
3166 313 3513 378 defecerunt,
3555 311 3654 382 qui

1955 405 2307 475 sempiterno
2340 403 2472 474 igne
2504 403 2821 473 punientur
2840 422 2855 469 ς
2889 400 3146 472 quamvis
3167 400 3361 454 omnia
3389 399 3655 454 deﬁcien-

1953 493 2033 547 tia
2078 493 2155 546 sic
2189 492 2547 558 ordinentur,
2597 496 2662 545 ut
2691 490 2772 544 ibi
2815 491 2949 559 sint,
2998 488 3100 543 ubi
3145 487 3656 558 congruentissime

1956 583 2174 652 possint
2203 598 2321 636 esse
2345 601 2359 647 ;
2390 580 2526 651 quia
2552 580 2605 633 ei
2635 579 2718 633 illi
2740 579 2839 650 qui
2863 595 2976 632 non
2995 581 3313 642 recurrunt,
3338 591 3655 646 congruen-

1955 672 2171 726 tissime
2203 671 2262 724 in
2312 687 2481 741 poena
2508 674 2657 723 sunt.
2691 669 2815 723 Alio
2861 669 3008 728 loco,
3037 666 3210 721 'Nemo
3237 667 3370 731 fere,
3412 667 3658 732 inquam,

1956 761 2020 814 d'e
2041 761 2330 814 scarabwis
2353 759 2589 822 dubitat,
2615 761 2747 827 quin
2769 757 2832 810 de
2847 759 2970 824 ﬁmo
2993 757 3046 808 in
3061 755 3237 823 pilam
3261 754 3552 807 rotundata
3591 753 3658 805 ab

1959 851 2042 903 his
2083 855 2243 918 atque
2286 849 2476 902 obruto
2501 849 2740 900 eccistant
2770 846 2901 914 (Id.,
2929 863 2972 899 e.
3012 849 3095 911 l7,
3128 862 3189 900 n.
3241 846 3361 912 63);
3394 859 3524 897 cum
3553 845 3660 897 hoc

1959 943 2151 991 utrum
2179 952 2377 990 verum
2410 935 2502 1000 sit,
2535 935 2700 988 multi
2731 934 3016 1001 dubitent,
3044 932 3208 985 multi
3239 947 3310 984 ne
3343 931 3662 985 audiverint

1960 1026 2220 1097 quidem.
2261 1027 2371 1078 Hoc
2401 1040 2545 1094 Opus
2566 1023 2644 1076 sic
2673 1021 2900 1092 incipit:
2945 1025 3005 1076 In
3037 1023 3162 1075 aliis
3194 1021 3349 1074 libris
3379 1023 3514 1074 satis
3535 1023 3660 1089 cpi—

1960 1122 2060 1160 nor
2088 1107 2256 1172 egisse
2284 1119 2396 1156 nos.

2627 1172 2852 1225 CAPUT
2881 1171 3020 1224 VIII.

2069 1250 2142 1300 De
2172 1246 2389 1300 Animae
2430 1243 2766 1308 Quantitate,
2809 1243 2942 1295 liber
2969 1257 3129 1294 unus.
3161 1269 3230 1280 —
3265 1240 3456 1312 [Tom.
3501 1240 3550 1310 1]

2039 1340 2087 1390 t.
2121 1336 2183 1388 In
2201 1333 2401 1387 eadem
2425 1332 2564 1384 urbe
2590 1330 2792 1406 scripsi
2812 1330 3124 1398 dialogum,
3153 1329 3212 1381 in
3243 1344 3356 1398 quo
3380 1328 3449 1381 de
3471 1328 3664 1380 anima

1965 1426 2148 1480 multa
2182 1425 2524 1494 quaeruntur
2541 1436 2605 1473 ac
2626 1419 3017 1483 disseruntur;
3040 1417 3093 1470 id
3120 1422 3221 1482 est,
3247 1417 3393 1470 unde
3415 1415 3505 1480 sit,
3529 1433 3665 1486 qua-

1964 1515 2031 1567 lis
2063 1513 2153 1572 sit,
2179 1515 2390 1582 quanta
2420 1510 2512 1574 sit,
2546 1524 2646 1561 cur
2675 1507 2899 1578 corpori
2931 1505 3105 1560 fuerit
3131 1506 3282 1570 data,
3311 1520 3438 1558 cum
3459 1504 3526 1557 ad
3545 1519 3665 1557 cor-

1963 1619 2070 1673 pus
2102 1600 2319 1655 venerit
2348 1599 2531 1671 quali‘s
2562 1596 2865 1663 efﬁciatur,
2899 1595 3084 1666 qualis
3127 1609 3258 1647 cum
3301 1590 3656 1647 abscesserit.

1965 1692 2068 1747 Sed
2097 1690 2370 1762 quoniam
2395 1690 2608 1758 quanta
2630 1685 2722 1754 sit,
2747 1682 3183 1754 diligentissime
3215 1697 3277 1735 ac
3298 1679 3666 1734 subtilissime

1964 1781 2317 1850 disputatum
2357 1782 2461 1840 est,
2495 1780 2558 1828 ut
2589 1790 2736 1835 eam,
2771 1774 2818 1826 si
2867 1787 3184 1842 possemus,
3238 1770 3665 1824 ostenderemus

1965 1867 2274 1940 corporalis
2295 1864 2629 1936 quantitatis
2654 1879 2770 1915 non
2793 1877 2934 1923 esse,
2959 1864 3015 1912 et
3041 1864 3232 1912 tamen
3266 1872 3541 1926 magnum
3569 1856 3669 1908 ali-

1965 1957 2104 2030 quid
2135 1972 2285 2020 esse;
2319 1971 2386 2007 ex
2415 1954 2522 2006 hac
2556 1968 2672 2006 una
2704 1949 3070 2020 inquisitione
3100 1952 3251 2000 totus
3282 1946 3426 1999 liber
3455 1959 3667 1998 nomen

1967 2045 2181 2115 accepit
2211 2047 2272 2097 ut
2301 2041 2705 2113 appellaretur,
2745 2039 2813 2092 de
2842 2037 3064 2091 Anima:
3094 2034 3432 2107 quantitate.

2037 2137 2089 2188 ‘2.
2125 2135 2191 2187 In
2221 2147 2335 2202 quo
2367 2131 2514 2184 libro
2537 2129 2678 2182 illud
2707 2128 2856 2198 quod
2886 2125 3023 2187 dixi,
3047 2140 3224 2178 omnes
3256 2127 3399 2177 artes
3429 2125 3668 2176 animum

1967 2239 2142 2279 secum
2168 2221 2414 2275 attulisse
2441 2218 2578 2271 mihi
2605 2217 2806 2281 videri;
2837 2231 2928 2268 nec
2955 2213 3111 2268 aliud
3139 2211 3442 2281 quidquam
3471 2225 3580 2264 esse
3610 2211 3672 2262 id

1969 2313 2113 2383 quod
2129 2311 2241 2364 dici
2245 2315 2334 2363 tur
2345 2308 2566 2371 discere,
2583 2321 2745 2373 quam
2760 2304 3034 2357 reminisci
3045 2317 3106 2354 ac
3122 2300 3399 2354 recordari
3411 2298 3562 2368 (Cap.
3583 2300 3667 2362 10,

1968 2419 2024 2456 n.
2058 2400 2166 2470 34),
2201 2415 2317 2452 non
2350 2396 2429 2449 sic
2468 2393 2860 2463 accipiendum
2886 2395 2990 2455 est,
3025 2389 3188 2460 quasi
3218 2405 3283 2442 ex
3313 2389 3422 2440 hoc
3463 2402 3670 2456 appro-

1970 2492 2158 2554 betur,
2193 2486 2444 2541 animam
2464 2483 2551 2537 vel
2581 2482 2674 2536 hic
2715 2481 2776 2534 in
2821 2480 2930 2533 alio
2964 2493 3226 2547 corpore,
3256 2477 3342 2529 vel
3375 2475 3510 2529 alibi
3555 2474 3671 2528 sive

1971 2579 2031 2632 in
2075 2591 2331 2647 corpore,
2376 2573 2491 2626 sive
2534 2575 2692 2624 extra
2737 2584 2963 2637 corpus,
2996 2565 3305 2636 aliquando
3335 2563 3570 2629 vixisse;
3617 2566 3675 2616 et

1973 2684 2040 2721 ea
2078 2681 2206 2736 qua:
2231 2663 2582 2731 interrogata
2611 2656 2936 2726 respondet,
2963 2670 3096 2707 cum
3128 2653 3219 2706 hic
3240 2668 3355 2706 non
3388 2649 3670 2707 didicerit.

1971 2756 2030 2810 in
2061 2753 2171 2810 alia
2195 2753 2310 2806 vita
2335 2754 2467 2804 ante
2498 2745 2758 2801 didicisse
2791 2745 2890 2813 (a).
2919 2741 3066 2796 Fieri
3097 2741 3251 2794 enim
3292 2742 3496 2809 potest,
3529 2738 3676 2791 sicut

1970 2847 2090 2917 jam
2122 2843 2182 2896 in
2221 2842 2327 2894 hoc
2371 2851 2540 2908 opere
2587 2849 2762 2902 supra
2790 2831 3065 2898 diximus,
3095 2833 3158 2882 ut
3183 2828 3291 2881 hoc
3319 2827 3448 2880 ideo
3473 2825 3672 2896 possit,

1975 2915 2111 3004 quia
2141 2934 2345 2984 natura
2371 2921 2749 2993 intelligibilis
2779 2924 2864 2973 est
2895 2918 3076 2988 (Sup.,
3105 2933 3150 2970 c.
3184 2917 3237 2981 4,
3270 2931 3328 2968 η.
3363 2915 3434 2981 4),
3459 2918 3514 2966 et
3542 2929 3674 2966 con-

1975 3001 2221 3076 nectitur
2249 3031 2364 3070 non
2395 3014 2581 3067 solum
2612 3006 3091 3079 intelligibilibus,
3126 3019 3325 3058 verum
3357 3002 3531 3056 etiam
3564 3001 3672 3055 im-

1975 3106 2344 3164 mutabilibus
2371 3103 2556 3162 rebus,
2591 3116 2656 3154 eo
2682 3097 2886 3153 ordine
2915 3095 3104 3160 facta,1
3142 3097 3206 3147 ut
3234 3108 3360 3146 cum
3392 3108 3450 3145 se
3482 3091 3550 3145 ad
3581 3107 3675 3144 eas

1974 3215 2064 3254 res
2087 3200 2276 3252 movet
2295 3193 2500 3264 quibus
2525 3204 2777 3244 connexa
2797 3189 2898 3249 est,
2923 3185 3007 3237 vel
3035 3183 3108 3236 ad
3127 3181 3392 3252 seipsam,
3421 3180 3478 3233 in
3497 3195 3676 3251 quan-

1977 3293 2101 3342 tum
2129 3302 2222 3340 eas
2240 3283 2413 3341 videt,
2445 3281 2506 3333 in
2536 3281 2760 3333 tantum
2791 3275 2860 3329 de
2888 3273 2974 3327 his
3000 3287 3133 3325 vera
3160 3267 3526 3339 respondeat.
3563 3267 3676 3318 Nec

1980 3392 2115 3430 sane
2142 3389 2342 3429 omnes
2374 3373 2520 3424 artes
2550 3383 2618 3420 eo
2643 3365 2812 3419 modo
2843 3377 3035 3416 secum
3051 3359 3260 3424 attulit,
3289 3373 3353 3411 ac
3378 3370 3571 3409 secum
3587 3354 3678 3406 ha-

1979 3465 2103 3519 bet:
2137 3477 2271 3516 nam
2295 3461 2363 3514 de
2394 3457 2610 3511 artibus
2640 3470 2769 3524 quae
2793 3451 2860 3504 ad
2879 3465 3074 3503 sensus
3091 3444 3347 3516 corporis
3366 3443 3676 3513 pertinent,

1983 3552 2128 3607 sicut
2145 3550 2325 3603 multa
2343 3544 2638 3599 medicinae
2650 3587 2662 3609 ,
2683 3541 2827 3595 sicut
2840 3535 3161 3605 astrologia:
3178 3532 3388 3597 omnia,
3404 3531 3514 3584 nisi
3529 3530 3680 3600 quod

1983 3641 2074 3695 hic
2094 3635 2372 3695 didicerit.
2401 3649 2520 3687 non
2540 3634 2726 3702 potest
2744 3628 2949 3681 dicere.
2976 3627 3050 3678 Ea
3069 3638 3202 3676 vero
3226 3636 3355 3691 qua:
3377 3620 3498 3672 sola
3517 3618 3682 3672 intel-

1983 3724 2218 3796 ligentia
2247 3720 2672 3790 capit,'propter
2697 3715 2752 3768 id
2781 3713 2932 3784 quod
2947 3710 3083 3776 dixi,
3099 3725 3229 3762 cum
3242 3708 3373 3760 vela
3390 3705 3575 3776 seipsa
3591 3706 3684 3759 vel

1984 3794 2054 3869 ab
2075 3812 2184 3867 alio
2205 3809 2378 3866 fuerit
2397 3808 2548 3862 bene-
2564 3805 2934 3872 interrogata,
2955 3804 3009 3852 et
3037 3797 3334 3852 recordata
3355 3794 3681 3865 respondet.

2058 3906 2108 3957 3.
2143 3900 2271 3954 Alio
2299 3899 2452 3952 loco:
2500 3895 2720 3959 Vellem,
2751 3894 2996 3960 inquam,
3028 3889 3152 3940 hinc
3187 3887 3352 3954 plura
3379 3884 3573 3948 dicere,
3623 3897 3686 3935 ac

1984 3993 2246 4060 meipsum
2273 3987 2660 4050 constringere,
2687 3981 2820 4034 dum
2845 3978 3007 4046 quasi
3038 3975 3140 4029 tibi
3163 3974 3439 4043 praecipio,
3461 3975 3522 4024 ut
3545 3971 3688 4024 nihil

1986 4080 2141 4134 aliud
2161 4092 2370 4145 agerem
2399 4089 2562 4144 quam
2583 4070 2840 4125 redderer
2856 4068 3014 4132 mihi,
3040 4065 3126 4118 cui
3154 4078 3234 4116 me
3254 4061 3488 4115 mamime
3507 4057 3684 4111 debeo.

1991 4167 2093 4222 Ubi
2123 4142 2321 4220 videor
2349 4142 2536 4217 dicere
2570 4157 2761 4229 potius
2801 4153 3082 4217 debuisse,
3121 4149 3406 4204 Redderer
3434 4147 3570 4209 Deo,
3597 4142 3691 4196 cui

1988 4272 2082 4310 me
2113 4251 2360 4306 maxime
2383 4249 2581 4303 debeo.
2615 4245 2722 4300 Sed
2756 4242 3029 4314 quoniam
3055 4239 3214 4310 prius
3237 4234 3345 4288 sibi
3374 4234 3494 4302 ipse
3514 4232 3688 4285 homo

1990 4342 2313 4399 reddendus
2365 4341 2466 4398 est,
2499 4339 2562 4388 ut
2603 4333 2719 4389 illic
2749 4330 2915 4403 quasi
2945 4327 3120 4398 gradu
3154 4325 3300 4378 facto
3337 4320 3470 4374 inde
3496 4321 3692 4387 surgat

1992 4438 2164 4502 atque
2194 4427 2486 4482 attollatur
2515 4423 2587 4477 ad
2615 4424 2818 4486 Deum,
2843 4419 2988 4473 sicut
3007 4414 3156 4469 ﬁlius
3188 4412 3283 4465 ille
3313 4409 3503 4463 minor
3529 4407 3692 4476 prius

1992 4498 2252 4575 reversus
2279 4520 2362 4569 est
2389 4515 2462 4568 ad
2512 4510 2903 4580 semetipsum,
2938 4510 2993 4559 et
3033 4508 3170 4556 tunc
3209 4498 3312 4552 ait:
3359 4499 3613 4565 Surgam,
3645 4499 3695 4548 et

1993 4611 2078 4664 ibo
2108 4608 2181 4662 ad
2208 4610 2420 4676 patrem
2446 4617 2620 4656 meum
2654 4600 2803 4668 (Luc.
2836 4612 2923 4658 xv,
2962 4593 3078 4657 l8);
3112 4589 3237 4643 ideo
3266 4587 3344 4640 sic
3382 4601 3510 4676 sum
3540 4585 3692 4638 locu-

1994 4703 2104 4752 tus.
2143 4675 2398 4764 Denique
2430 4706 2561 4744 mox
2595 4684 2814 4742 addidi:
2850 4683 3031 4749 Atque
3048 4680 3129 4731 ita
3149 4678 3269 4764 ﬁeri
3297 4675 3529 4727 amicum
3548 4689 3696 4727 man-

1996 4787 2198 4854 cipium
2223 4760 2445 4837 Domino
2467 4781 2488 4847 (
2511 4779 2654 4844 Cap.
2707 4775 2799 4838 28,
2829 4785 2885 4822 τι.
2923 4767 3032 4837 55).
3067 4763 3230 4854 Quod
3261 4777 3396 4854 ergo
3428 4760 3566 4854 dixi,

1995 4848 2078 4929 me
2105 4875 2342 4927 maxime
2361 4869 2538 4932 debeo,
2567 4864 2636 4917 ad
2657 4859 2919 4914 homines
2941 4853 3145 4910 retuli:
3171 4852 3356 4922 magis
3377 4849 3532 4904 enim
3555 4848 3696 4902 mihi

2001 4979 2093 5016 me
2114 4962 2316 5028 debeo,
2335 4971 2508 5028 quam
2527 4947 2860 5006 hominibus
2881 4943 3118 5007 caeteris,
3147 4939 3408 5013 quamvis
3440 4939 3554 4992 Deo
3576 4952 3698 4989 ma-

2003 5051 2090 5123 gis
2119 5024 2479 5121 quamvmihi.
2514 5039 2613 5095 Hic
2641 5036 2786 5091 liber
2805 5033 2884 5088 sic
2913 5031 3146 5103 incipit:
3179 5030 3441 5101 Quoniam
3466 5024 3620 5079 video
3653 5028 3700 5076 te

2005 5139 2283 5196 abundare
2306 5136 2434 5189 otio.

2072 5231 2085 5263 1
2124 5228 2184 5275 In
2210 5223 2338 5272 Edd.
2363 5218 2510 5268 nullo
2534 5227 2696 5280 prope
2721 5211 3037 5280 nexu_verbt_1
3051 5209 3144 5258 illa
3169 5207 3243 5280 sic
3268 5200 3704 5280 redd‘untu‘rilg-

2009 5265 2338 5340 rum-(ilicium-
2354 5265 2770 5340 {nti—nutabﬁibus
2791 5275 2970 5340 rebus.
2993 5275 3066 5340 Eo
3092 5270 3273 5340 ordine
3290 5265 3545 5340 factaiut
3558 5273 3700 5340 qum;

2009 5326 2840 5421 iEié'rﬁiiﬁéiidﬁé‘iﬁ'ﬁﬁmimus
2861 5337 3061 5400 abjecto
3087 5336 3183 5398 est,
3204 5341 3306 5391 quo
3323 5326 3504 5374 carent
3524 5326 3703 5386 scripti

2010 5417 2212 5475 Optimi.

2074 5475 2145 5534 (a)
2183 5470 2299 5519 Vid.
2330 5468 2424 5517 lib.
2456 5469 2513 5516 12
2543 5465 2606 5515 de
2639 5464 2825 5518 Trnit.,
2857 5475 2902 5510 c.
2944 5463 3092 5510 15.n.
3129 5457 3206 5502 2t.
