4028 6174
399 248 499 300 595

1055 365 1280 422 CAPUT
1310 365 1396 419 IX.

794 462 867 513 De
898 456 1089 512 Libero
1120 454 1390 523 Arbitrio,
1426 451 1554 506 libri
1582 455 1707 506 tres.

476 556 523 605 1.
558 551 700 606 Cum
732 547 915 602 adhuc
934 547 1132 600 Roma
1166 543 1619 605 demoraremur,
1653 534 1940 591 voluimus
1986 534 2099 589 dis-

402 637 658 711 putando
690 649 947 706 quaerere
976 632 1125 686 unde
1156 630 1228 684 sit
1257 628 1491 683 malum.
1522 627 1588 681 Et
1617 642 1683 679 eo
1702 624 1871 678 modo
1902 622 2098 693 dispu-

404 726 671 795 tavimus,
701 729 765 779 ut
778 724 827 777 si
850 736 1164 793 possemus,
1187 718 1243 772 id
1275 718 1425 788 quod
1456 716 1525 770 de
1555 715 1660 768 hac
1686 729 1744 766 re
1771 712 1977 768 divinae
2006 727 2101 764 au-

403 815 650 871 ctoritati
680 810 893 867 subditi
919 808 1312 874 credebamus,
1345 805 1519 859 etiam
1547 803 1617 857 ad
1655 799 2100 872 intelligentiam

405 909 675 965 nostram.
722 903 999 972 quantum
1045 895 1371 951 disserendo
1415 892 1731 963 opitulante
1776 892 1889 945 Deo
1930 904 2101 959 agere

404 1007 721 1065 possemus,
749 988 894 1043 ratio
923 985 1280 1041 considerata
1302 988 1357 1037 et
1380 986 1620 1036 tractata
1647 978 2005 1050 perduceret.
2037 978 2104 1032 Et

405 1081 680 1153 quoniam
697 1075 953 1133 constitit
970 1076 1121 1129 inter
1143 1090 1244 1127 nos
1270 1071 1572 1141 diligenter
1589 1067 1811 1122 ratione
1830 1065 2100 1132 discussa,

359 1160 371 1209 l
405 1164 620 1218 malum
634 1180 752 1218 non
780 1167 1043 1217 exortum
1065 1162 1173 1215 nisi
1204 1176 1270 1215 ex
1299 1159 1485 1225 libcrg
1501 1154 1807 1223 voluntatis
1833 1154 2100 1220 arbitrio;

404 1258 517 1306 tres
537 1252 670 1306 libri
689 1268 831 1323 quos
848 1251 1049 1305 eadem
1068 1247 1375 1318 disputatio
1391 1244 1637 1317 peperit,
1661 1241 1930 1315 appellati
1952 1246 2103 1307 sunt,

407 1340 476 1395 de
510 1340 707 1395 Libero
751 1338 1021 1392 Arbitrio.
1057 1337 1315 1400 Quorum
1358 1334 1670 1388 secundum
1704 1336 1759 1385 et
1787 1331 2020 1385 tertium
2047 1329 2107 1383 in

406 1428 593 1482 Africa
616 1428 737 1497 jam
765 1426 937 1480 etiam
969 1422 1441 1496 Hippone-Regio
1461 1421 1760 1492 presbyter
1790 1418 2106 1486 ordinatus,

409 1515 555 1569 sicut
578 1520 715 1568 tunc
744 1515 926 1584 potui,
961 1512 1283 1568 terminavi.

478 1606 533 1656 2.
568 1604 631 1656 In
659 1601 749 1656 his
780 1601 939 1656 libris
973 1601 1055 1655 ita
1082 1602 1265 1655 multa
1289 1599 1528 1654 disserta
1574 1600 1726 1663 sunt,
1759 1600 1819 1651 ut
1847 1594 2106 1650 inciden-

409 1696 495 1746 tes
519 1690 813 1744 nonnullee
835 1689 1199 1760 quaestiones,
1232 1704 1374 1758 quas
1405 1688 1491 1741 vel
1522 1685 1772 1740 enodare
1802 1701 1920 1740 non
1949 1688 2111 1755 pote-

412 1794 554 1844 ram,
584 1779 670 1831 vel
695 1778 923 1846 longam
953 1776 1493 1830 sermocinationem
1521 1774 1582 1828 in
1613 1773 1887 1845 praesenti
1917 1772 2108 1843 requi-

410 1866 633 1931 rebant,
666 1865 746 1919 ita
777 1864 1161 1933 differrentur,
1203 1868 1267 1918 ut
1306 1880 1374 1917 ex
1417 1867 1661 1933 utraque
1706 1866 1888 1932 parte,
1921 1862 2008 1915 vel
2040 1876 2111 1914 ex

412 1954 676 2009 omnibus
704 1953 1038 2007 earumdem
1072 1953 1461 2024 quaestionum
1492 1950 1775 2022 partibus,
1806 1950 1867 2004 in
1898 1949 2109 2021 quibus

410 2058 530 2097 non
558 2041 868 2113 apparebat
897 2041 1037 2112 quid
1066 2040 1258 2111 potius
1280 2043 1621 2110 congrueret
1640 2037 1881 2104 veritati,
1906 2037 1978 2092 ad
2003 2037 2112 2091 hoc

411 2134 606 2184 tamen
631 2129 988 2183 ratiOcinatio
1014 2132 1207 2182 nostra
1241 2129 1697 2194 concluderetur,
1727 2131 1790 2181 ut
1819 2125 2115 2196 quodlibet

415 2233 614 2272 eorum
642 2232 840 2270 verum
870 2220 1033 2283 esset,
1076 2216 1395 2270 laudandus
1432 2216 1781 2282 crederetur,
1822 2215 1910 2269 vel
1940 2214 2113 2268 etiam

416 2304 814 2360 ostenderetur
839 2305 1005 2359 Deus.
1034 2305 1271 2373 Propter
1292 2320 1390 2357 eos
1421 2303 1634 2374 quippe
1678 2302 1988 2372 disputatio
2017 2302 2115 2356 illa

418 2396 676 2461 suscepta
705 2396 806 2457 est,
844 2391 941 2461 qui
971 2396 1202 2461 negant,
1234 2408 1303 2445 ex
1332 2391 1510 2445 libero
1543 2390 1851 2444 voluntatis
1879 2388 2114 2444 arbitrio

419 2479 558 2534 mali
607 2479 889 2550 originem
940 2480 1091 2547 duci,
1123 2485 1180 2534 et
1217 2481 1419 2545 Deum,
1454 2479 1501 2533 si
1540 2479 1621 2534 ita
1668 2483 1772 2545 est,
1803 2482 2115 2533 creatorem

420 2567 679 2622 omnium
717 2575 1052 2622 naturarum
1095 2567 1443 2638 culpandum
1474 2583 1594 2623 esse
1640 2567 2021 2621 contendunt:
2047 2582 2114 2621 eo

418 2657 587 2711 modo
651 2657 913 2723 volentes,
947 2657 1263 2711 secundum
1317 2672 1435 2710 suae
1497 2656 1809 2726 impietatis
1863 2671 2116 2709 errorem

416 2746 740 2815 (Manichmi
796 2744 1184 2816 enimsunt),
1242 2744 1659 2800 immutabilem
1708 2744 2015 2816 quamdam
2061 2749 2117 2798 et

420 2835 532 2889 Deo
562 2838 901 2889 coaeternam
931 2833 1294 2888 introducere
1323 2833 1461 2888 mali
1509 2838 1794 2888 naturam.
1829 2835 1906 2888 De
1934 2832 2117 2904 gratia

418 2939 549 2979 vero
597 2923 719 2990 Dei,
751 2939 866 2994 qua
893 2939 1027 2976 suos
1057 2924 1264 2976 electos
1308 2922 1385 2975 sic
1414 2922 1860 2992 praedestinavit,
1913 2927 1975 2976 ut
2019 2937 2115 2976 eo-

420 3027 577 3077 rum,
603 3011 703 3082 qui
717 3012 837 3081 jam
861 3012 922 3065 in
950 3010 1029 3065 eis
1051 3016 1292 3065 utuntur
1312 3010 1493 3065 libero
1517 3010 1776 3075 arbitrio,
1799 3010 1923 3081 ipse
1944 3010 2118 3083 etiam

418 3104 703 3170 praeparet
729 3099 1065 3166 voluntates,
1104 3098 1244 3152 nihil
1269 3099 1328 3152 in
1356 3098 1444 3152 his
1475 3098 1634 3153 libris
1657 3098 2010 3168 disputatum
2033 3103 2118 3153 est

418 3191 654 3257 propter
682 3187 790 3240 hoc
832 3185 1129 3256 proposita
1158 3186 1474 3257 quaestione
1502 3184 1545 3240 ‘.
1582 3185 1688 3241 Ubi
1732 3189 1925 3241 autem
1974 3187 2115 3241 inci-

419 3274 504 3329 dit
531 3275 689 3328 locus
717 3279 780 3328 ut
798 3275 970 3343 hujus
1000 3274 1198 3344 gratia:
1229 3274 1391 3328 ﬁeret
1419 3274 1911 3343 commemoratio,
1939 3280 2119 3329 trans-

421 3366 623 3417 eunter
651 3366 1099 3416 commemorata
1127 3364 1238 3415 est:
1281 3377 1421 3430 non,
1454 3361 1619 3433 quasi
1644 3361 1778 3417 inde
1826 3368 2114 3433 ageretur,

420 3466 661 3522 operosa
697 3449 1133 3504 ratiocinatione
1164 3450 1414 3504 defensa.
1447 3450 1618 3505 Aliud
1657 3455 1744 3504 est
1772 3450 1926 3505 enim
1955 3466 2114 3521 quaa-

424 3544 569 3604 rere,
603 3538 752 3593 unde
773 3538 846 3593 sit
872 3540 1119 3605 malum;
1153 3544 1209 3593 et
1237 3538 1394 3593 aliud
1420 3543 1508 3593 est
1537 3554 1817 3610 quaerere,
1848 3538 2000 3594 unde
2025 3556 2118 3593 re-

419 3626 621 3681 deatur
640 3626 708 3682 ad
730 3627 1055 3698 pristinum,
1079 3628 1165 3682 vel
1187 3628 1255 3682 ad
1282 3629 1467 3698 majus
1486 3627 1855 3698 perveniatur
1875 3627 2115 3684 bonum.

493 3718 548 3769 3.
590 3715 949 3785 Quapropter
966 3715 1099 3769 novi
1120 3715 1373 3770 haeretici
1394 3715 1707 3786 Pelagiani,
1744 3715 1846 3785 qui
1870 3714 2117 3770 liberum

421 3801 502 3855 sic
533 3806 793 3856 asserunt
838 3804 1144 3857 voluntatis
1187 3804 1507 3869 arbitrium,
1545 3809 1606 3857 ut
1637 3803 1835 3873 gratim
1866 3803 1968 3858 Dei
1999 3820 2117 3857 non

421 3889 752 3959 relinquant
780 3890 989 3957 locum,
1009 3890 1479 3960 quandoquidem
1500 3906 1628 3944 eam
1650 3890 1965 3944 secundum
1994 3906 2116 3945 me-

419 3977 529 4031 rita
559 3980 757 4031 nostra
784 3976 908 4031 dari
940 3983 1218 4043 asserunt,
1254 3994 1368 4031 non
1398 3994 1456 4031 se
1486 3979 1778 4044 extollant,
1820 3979 1984 4049 quasi
2013 3996 2115 4035 eo-

420 4081 552 4119 rum
582 4064 799 4135 egerim
824 4080 1052 4119 causam
1072 4065 1101 4121 ?
1124 4067 1261 4137 quia
1284 4066 1464 4121 multa
1481 4065 1542 4120 in
1563 4066 1652 4121 his
1679 4066 1839 4121 libris
1870 4067 1987 4122 dixi
2011 4084 2114 4139 pro

417 4153 599 4211 libero
641 4152 874 4208 arbitrio
904 4170 1032 4225 quia
1074 4155 1228 4208 illius
1256 4154 1662 4225 disputationis
1712 4172 1881 4210 causa
1913 4144 2114 4227 posce-

419 4242 535 4297 bat.
570 4242 703 4297 Dixi
718 4242 933 4315 quippe
962 4243 1023 4298 in
1051 4244 1198 4299 libro
1218 4244 1427 4315 primo,
1461 4244 1757 4300 malefacta
1768 4245 1993 4317 justitia
2018 4247 2116 4301 Dei

419 4331 695 4387 vindicari
712 4332 734 4392 ':
781 4337 840 4387 et
867 4332 1088 4388 addidi:
1138 4335 1260 4391 Non
1302 4335 1443 4389 enim
1492 4334 1635 4404 juste
1677 4336 2113 4403 vindicarentur,

420 4422 530 4475 nisi
567 4425 755 4490 ﬁerent
796 4422 1072 4477 voluntate
1116 4422 1255 4493 (Lib.
1304 4426 1352 4487 1,
1395 4438 1440 4477 c.
1484 4426 1534 4489 1,
1572 4438 1628 4477 n.
1680 4424 1753 4494 1).
1804 4425 1946 4478 Item
1983 4440 2114 4479 cum

419 4505 604 4577 ipsam
632 4508 843 4564 bonam
883 4512 1239 4565 voluntatem
1276 4514 1394 4565 tam
1444 4527 1721 4582 magnum
1750 4512 1966 4567 bonum
1994 4529 2114 4567 esse

418 4599 819 4663 monstrarem,
852 4604 916 4653 ut
944 4600 1210 4655 omnibus
1238 4600 1527 4669 corporeis
1557 4604 1615 4655 et
1652 4601 1901 4655 externis
1949 4601 2114 4656 bonis

417 4680 624 4734 merito
646 4688 1107 4754 anteponeretur,
1131 4686 1279 4741 dixi:
1309 4687 1470 4743 Vides
1483 4688 1657 4755 igitur
1676 4689 1815 4758 jam.
1838 4693 1898 4743 ut
1926 4691 2113 4744 emisti-

419 4783 524 4835 mo,
565 4771 625 4823 in
667 4772 939 4828 voluntate
987 4780 1174 4830 nostra
1220 4790 1331 4831 esse
1377 4777 1744 4842 constitutum,
1793 4781 1854 4831 ut
1895 4777 1990 4832 hoc
2030 4779 2114 4832 vel

415 4859 674 4923 fruamur
714 4860 797 4912 vel
842 4876 1121 4918 careamus
1168 4868 1317 4919 tanta
1360 4869 1410 4920 et
1453 4869 1563 4919 tam
1606 4880 1727 4919 vero
1771 4865 1933 4920 bona:
1977 4866 2115 4936 quid

418 4948 562 5001 enim
591 4950 702 5001 tam
731 4949 789 5002 in
807 4950 1079 5005 voluntate
1108 4967 1272 5021 quam
1290 4954 1413 5022 ipsa
1426 4954 1674 5008 voluntas
1693 4954 1803 5008 sita
1835 4953 1955 5009 est?
1985 4953 2110 5024 (Id.,

414 5053 463 5091 c.
507 5038 594 5105 12,
624 5051 687 5090 n.
723 5035 846 5103 26.)
880 5037 951 5092 Et
978 5037 1088 5093 alio
1118 5041 1277 5095 loco:
1314 5042 1461 5108 Quid
1497 5057 1623 5110 ergo
1646 5040 1835 5113 {causae
1880 5047 1977 5109 est,
2027 5045 2111 5097 in-

416 5141 601 5195 quam,
629 5140 727 5179 cur
753 5125 1117 5182 dubitandum
1128 5134 1398 5200 putemus,
1417 5133 1579 5185 etiam
1607 5133 1657 5186 si
1672 5146 1964 5202 .nunquam
1988 5137 2113 5188 ante

413 5216 682 5285 sapientes
737 5217 965 5282 fuimus,
1013 5218 1286 5273 voluntate
1331 5234 1426 5275 nos
1487 5224 1663 5275 tamen
1705 5220 2033 5275 laudabilem
2062 5226 2113 5277 et

416 5298 628 5355 beatam
680 5302 874 5370 vitam,
902 5301 1172 5355 voluntate
1200 5306 1410 5373 turpem
1453 5309 1505 5360 et
1531 5306 1782 5360 miseram
1819 5308 2022 5362 mereri
2049 5322 2111 5362 ac

476 5452 491 5484 ι
522 5449 646 5522 Mss.
672 5451 874 5515 aliquot
892 5465 1015 5503 cum
1030 5450 1143 5502 Am.
1176 5455 1229 5501 et
1256 5452 1360 5509 ΕΓ..
1389 5457 1607 5518 propter
1634 5455 1775 5508 hanc
1790 5461 2109 5522 propositam

412 5513 785 5571 quaestionem.

1536 234 2192 297 RETRACTATIONUM
2233 233 2287 288 S.
2339 230 2745 289 AUGUSTINI.
3765 240 3838 292 596

2211 356 2445 426 degere?
2501 354 2624 425 (Id.,
2674 369 2719 409 c.
2768 356 2852 421 l3,
2902 357 3100 423 11.28).
3159 355 3306 408 Item
3345 353 3453 408 alio
3488 355 3628 410 loco:
3671 360 3841 429 Ecqua

2209 447 2506 515 conﬁcitur,
2560 446 2808 514 inquam,
2853 448 2914 497 ut
2952 445 3207 514 quisquis
3256 446 3396 497 recte
3440 442 3727 514 honesteque
3759 449 3844 502 vult

2207 537 2386 590 vivere
2409 535 2460 587 si
2486 532 2545 586 id
2559 548 2615 588 se
2641 533 2773 586 velle
2796 547 2915 601 pra:
2933 532 3229 599 fugacibus
3259 519 3419 586 rebus
3448 532 3596 600 velit;
3634 549 3843 603 assequa-

2210 628 2301 678 tur
2348 626 2556 675 tantam
2602 636 2713 675 rem
2764 624 2919 675 tanta
2964 620 3264 688 facilitate,
3332 625 3393 673 ut
3438 620 3570 674 nihil
3624 624 3687 686 ei,
3722 639 3848 690 quam

2209 715 2386 782 ipsum
2415 712 2567 777 velle,
2597 713 2670 764 sit
2700 710 2893 763 habere
2937 708 3082 777 quod
3107 708 3288 762 voluit
3319 706 3445 778 (Id.,
3493 724 3544 762 η.
3575 712 3679 780 29).
3711 712 3847 765 Item-

2211 815 2321 871 que
2365 797 2500 852 alibi
2540 797 2685 851 dixi:
2737 799 2846 851 Hoc
2893 800 3033 850 enim
3085 800 3293 850 aeterna
3346 797 3431 849 leo:
3465 797 3576 862 illa,
3621 798 3686 850 ad
3731 800 3849 868 cujus

2210 887 2689 943 considerationem
2716 885 2894 939 redire
2926 885 3049 954 jam
3089 889 3301 953 tempus
3348 888 3444 951 est,
3487 886 3850 942 incommutabili

2212 975 2512 1030 stabilitate
2528 975 2788 1043 ﬁrmavit,
2818 977 2879 1027 ut
2906 975 2965 1027 in
2984 974 3265 1027 voluntate
3295 975 3539 1027 meritum
3559 975 3661 1039 sit;
3693 977 3742 1028 in
3760 976 3849 1030 bea-

2215 1066 2370 1119 titate
2426 1068 2604 1116 autem
2664 1067 2715 1116 et
2756 1064 2979 1116 miseria
3032 1063 3322 1131 praemium
3375 1065 3536 1133 atque
3586 1064 3854 1131 supplicium

2217 1152 2347 1222 (Id.,
2401 1166 2446 1205 c.
2483 1154 2567 1216 14,
2600 1166 2653 1205 n.
2689 1152 2800 1220 30).
2836 1151 2901 1205 Et
2929 1150 3040 1204 alio
3078 1149 3244 1205 loco:
3288 1150 3450 1216 Quid,
3484 1153 3707 1219 inquam,
3734 1154 3850 1219 quis-

2216 1255 2318 1309 que
2336 1238 2647 1294 sectandum
2666 1245 2717 1293 et
2746 1238 3173 1307 amplectendam
3204 1239 3394 1307 eligat,
3423 1240 3481 1292 in
3507 1238 3854 1309 voluntateessc

2210 1331 2447 1398 positum
2495 1329 2736 1382 constitit
2782 1328 2909 1396 (Id.,
2958 1343 3003 1381 c.
3046 1330 3127 1395 16,
3178 1343 3236 1381 η.
3281 1327 3388 1395 34).
3435 1328 3498 1380 Et
3535 1326 3590 1380 in
3627 1327 3754 1381 libro
3786 1345 3851 1381 se-

2215 1417 2429 1472 cundo:
2465 1419 2629 1471 Homo
2657 1418 2798 1470 enim
2830 1419 2965 1485 ipse,
3003 1418 3253 1484 inquam,
3278 1418 3338 1469 in
3355 1419 3610 1484 quantum
3638 1417 3852 1481 homocst,

2218 1506 2443 1576 aliquod
2481 1505 2674 1559 bonum
2721 1510 2818 1571 est,
2848 1507 2982 1573 quia
3005 1510 3144 1559 recte
3187 1506 3371 1559 vivere
3419 1519 3535 1558 cum
3579 1505 3701 1570 vult,
3724 1509 3855 1574 potest

2222 1594 2360 1665 (Lib.
2388 1597 2439 1660 2,
2472 1609 2520 1659 c,
2559 1596 2607 1659 1,
2647 1609 2701 1647 n.
2733 1596 2815 1660 2).
2864 1595 2935 1647 Et
2967 1593 3078 1647 alio
3119 1594 3249 1648 loco
3283 1592 3430 1646 dixi:
3468 1595 3615 1648 Recte
3647 1595 3750 1661 ﬁeri
3779 1609 3853 1649 non

2214 1697 2394 1753 posse,
2424 1683 2537 1736 nisi
2577 1681 2757 1735 eodem
2786 1681 2949 1735 libero
2994 1682 3296 1737 voluntatis
3334 1682 3559 1735 arbitrio
3582 1681 3699 1750 (Id.,
3732 1696 3768 1736 c.
3794 1684 3851 1743 18,

2220 1787 2276 1825 n.
2308 1770 2418 1839 47).
2452 1770 2515 1823 Et
2540 1768 2602 1823 in
2630 1769 2777 1823 libro
2809 1769 3008 1823 tertio:
3043 1771 3192 1836 Quid
3213 1785 3349 1839 opus
3375 1773 3471 1832 est,
3487 1772 3710 1838 inquam,
3730 1772 3855 1837 φικγὶ

2221 1858 2362 1913 unde
2385 1860 2486 1913 iste
2510 1862 2682 1913 motus
2704 1860 2927 1925 existat,
2959 1874 3062 1929 quo
3083 1860 3338 1914 voluntas
3356 1861 3614 1913 avertitur
3634 1857 3693 1911 ab
3709 1860 3857 1911 incom-

2220 1948 2476 2002 mutabili
2505 1947 2636 2002 bono
2662 1947 2736 2001 ad
2754 1948 3127 2002 commutabile
3153 1948 3353 2001 bonum
3372 1966 3388 2012 ;
3405 1962 3521 2001 cum
3542 1962 3647 1999 eum
3676 1961 3763 1999 non
3777 1947 3856 1997 nisi

2222 2038 2415 2103 animi,
2437 2040 2488 2090 et
2518 2036 2902 2102 voluntarium,
2946 2040 2995 2090 et
3020 2037 3082 2090 ob
3113 2037 3209 2090 hoc
3240 2035 3560 2105 culpabilem
3595 2048 3693 2088 esse
3714 2035 3852 2099 fatea-

2222 2140 2374 2179 mur:
2404 2125 2680 2193 omnisque
2709 2123 2775 2177 de
2794 2125 2894 2178 hac
2921 2139 2980 2177 re
3009 2124 3311 2194 disciplina
3352 2124 3501 2178 utilis
3527 2122 3596 2177 ad
3623 2123 3675 2175 id
3698 2122 3849 2185 valeat,

2223 2218 2285 2268 ut
2312 2228 2368 2267 eo
2390 2217 2533 2266 motu
2554 2212 2853 2282 improbata
2874 2217 3037 2282 atque
3056 2213 3312 2279 cohibito,
3342 2213 3655 2267 voluntatem
3668 2214 3851 2263 nostram

2225 2302 2300 2357 ad
2320 2301 2716 2371 perfruendum
2757 2304 3075 2371 sempiterno
3098 2302 3252 2367 bono,
3286 2318 3321 2355 a
3352 2302 3509 2370 lapsu
3549 2299 3853 2369 temporalium

2225 2390 2630 2445 convertamus?
2669 2390 2808 2461 (Lib,
2840 2393 2950 2455 3,c.
2989 2394 3038 2460 1,
3062 2406 3115 2445 n.
3154 2394 3230 2459 2.)
3266 2392 3331 2445 Et
3356 2390 3464 2444 alio
3504 2390 3644 2443 loco:
3678 2388 3853 2454 Optime,

2224 2480 2470 2547 inquam,
2511 2476 2653 2548 de;te
2697 2478 2898 2531 veritas
2941 2478 3161 2546 clamat,
3190 2479 3309 2533 Non
3358 2478 3497 2531 enim
3540 2488 3700 2543 posses
3740 2471 3853 2525 aliud

2225 2568 2423 2621 sentire
2441 2580 2550 2619 esse
2572 2566 2631 2619 in
2653 2569 2920 2634 potestate
2943 2568 3147 2628 nostra,
3175 2567 3291 2618 nisi
3320 2563 3481 2633 quod,
3513 2578 3624 2617 cum
3649 2562 3852 2625 volumus,

2226 2656 2479 2721 facimus.
2506 2654 2848 2722 Quapropter
2874 2654 3015 2706 nihil
3034 2656 3146 2707 tam
3167 2655 3227 2706 in
3244 2656 3436 2707 nostra
3452 2654 3710 2721 potestate,
3729 2662 3847 2716 quam

2226 2745 2351 2812 ipsa
2378 2742 2650 2811 voluntas,
2671 2745 2767 2795 est.
2790 2744 2873 2796 Ea
2899 2743 3039 2796 enim
3055 2756 3285 2811 prorsus
3306 2742 3453 2795 nullo
3473 2738 3746 2802 intervallo,
3765 2750 3852 2787 mor

2226 2835 2288 2884 ut
2315 2831 2580 2896 volumus,
2609 2833 2808 2899 praesto
2839 2833 2916 2883 est
2943 2830 3066 2900 (Id.,
3099 2846 3145 2883 c.
3179 2832 3209 2884 3
3243 2846 3298 2883 η.
3331 2827 3406 2899 7).
3466 2828 3601 2881 Item
3626 2823 3721 2878 alio
3743 2824 3849 2876 loco:

2228 2918 2291 2974 Si
2307 2919 2447 2972 enim
2470 2922 2528 2972 tu
2548 2917 2818 2984 laudaris,
2836 2920 3082 2986 inquam,
3106 2917 3342 2972 videndo
3364 2916 3497 2987 quid
3511 2917 3676 2981 facere
3691 2910 3850 2973 debeas,

2227 3022 2347 3061 cum
2373 3007 2434 3061 id
2460 3023 2566 3062 non
2587 3006 2921 3076 videas,nisi
2947 3008 3003 3060 in
3032 3007 3124 3060 illo
3149 3008 3246 3074 qui
3269 3011 3347 3061 est
3371 3000 3781 3059 incommutabilis
3799 3010 3852 3049 ve-

2226 3099 2397 3162 ritas;
2438 3099 2640 3164 quanto
2680 3097 2856 3164 magis
2884 3095 2973 3148 ille
3015 3096 3110 3163 qui
3134 3099 3185 3148 et
3214 3096 3351 3150 velte
3381 3094 3644 3164 praecepit,
3672 3094 3713 3143 et
3737 3099 3851 3157 posse

2224 3184 2477 3253 praebuit,
2509 3188 2559 3237 et
2581 3199 2686 3238 non
2705 3186 2922 3252 impune
2945 3184 3082 3237 nolle
3104 3183 3403 3253 permisit?
3427 3181 3627 3237 Deinde
3647 3170 3850 3246 subjnnxi

2226 3272 2449 3327 dicens:
2483 3274 2549 3328 Si
2594 3274 2734 3326 enim
2765 3273 2860 3327 hoc
2888 3272 3041 3326 debet
3066 3274 3298 3342 quisque
3324 3270 3468 3343 quod
3495 3269 3699 3338 accepit,
3723 3269 3763 3317 et
3796 3262 3848 3314 sic

2228 3363 2379 3416 homo
2417 3363 2599 3428 factus
2643 3365 2740 3426 est,
2774 3364 2835 3415 ut
2871 3359 3167 3415 necessario
3198 3365 3380 3431 peccet
3425 3361 3516 3414 hoc
3551 3356 3847 3422 debetutpec-

2228 3453 2324 3503 cet'
2360 3450 2498 3502 Cum
2541 3463 2665 3516 ergo
2680 3452 2888 3518 peccat,
2923 3448 3085 3517 quod,
3109 3449 3264 3503 debet
3299 3450 3467 3517 facit:
3490 3445 3625 3515 quod
3652 3458 3694 3497 sa
3725 3438 3847 3493 scelus

2227 3542 2304 3592 est
2349 3537 2553 3603 dicere;
2594 3540 2856 3592 neminem
2896 3542 3096 3592 natura
3134 3552 3236 3591 sua
3283 3538 3425 3606 cogit
3468 3539 3525 3590 ut
3558 3534 3716 3604 peccet
3757 3524 3846 3598 (Ιάη,

2228 3642 2274 3681 c.
2328 3630 2412 3693 16,
2453 3642 2509 3680 n.
2559 3627 2666 3697 46).
2710 3627 2776 3680 Et
2822 3626 3061 3680 iterum:
3103 3627 3228 3692 Quae
3277 3626 3491 3683 tandem
3533 3637 3635 3677 esse
3678 3615 3843 3687 pater“,

2228 3716 2471 3785 inquam,
2509 3720 2631 3769 ante
2658 3716 2982 3769 voluntatem
3014 3731 3178 3770 causa
3200 3716 3493 3772 voluntatis
3510 3715 3536 3765 ?
3562 3712 3663 3766 Aut
3686 3706 3795 3761 enim
3814 3704 3847 3751 et

2227 3806 2349 3873 ipsa
2370 3805 2615 3858 voluntas
2645 3809 2755 3869 est;
2786 3809 2837 3858 et
2860 3820 2894 3857 a
2923 3803 3108 3859 radice
3136 3807 3246 3860 ista
3274 3804 3558 3860 voluntatis
3585 3812 3675 3852 non
3700 3789 3845 3847 recedi-

2227 3896 2351 3947 tur:
2392 3896 2487 3946 aut
2526 3907 2628 3947 non
2662 3896 2741 3946 est
2766 3892 3048 3958 voluntas;
3088 3897 3137 3946 et
3178 3898 3453 3962 peccatum
3498 3888 3683 3943 nultum
3713 3878 3843 3933 habet.

2226 3982 2341 4036 Aut
2366 3983 2537 4046 igitur
2577 3982 2824 4036 voluntas
2864 3985 2942 4035 est
2960 3983 3142 4050 prima
3170 3996 3339 4036 causa
3360 3975 3632 4050 peccandi;
3654 3973 3734 4025 aut
3753 3962 3845 4057 nul:

2227 4070 2338 4123 lum
2381 4073 2657 4138 peccatum
2702 4073 2780 4123 est
2810 4070 2995 4138 prima
3035 4083 3201 4123 causa
3235 4067 3523 4139 peccandi:
3570 4076 3651 4117 nec
3688 4061 3750 4111 est
3784 4064 3843 4103 cui

2224 4163 2363 4212 recte
2409 4159 2706 4226 imputetur
2736 4162 3013 4226 peccatum
3058 4160 3166 4211 nisi
3210 4157 3478 4227 peccanti.
3520 4153 3767 4210 Non-W90
3790 4139 3846 4191 ⁸⁵⁸

2226 4248 2316 4301 cui
2356 4250 2496 4301 recte
2543 4249 2838 4316 imputetur
2877 4248 2988 4301 nisi
3033 4246 3274 4300 volenti1
3309 4246 3433 4312 (Id.,
3482 4258 3524 4297 c.
3576 4241 3720 4305 17,11.

2227 4335 2291 4389 Et
2315 4335 2485 4405 paulo
2523 4313 2681 4405 post:
2716 4335 2869 4401 Quis,
2900 4336 3145 4403 inquam,
3186 4340 3379 4405 peccat
3405 4336 3461 4387 in
3488 4346 3541 4385 eo
3583 4321 3707 4396 quod
3736 4313 3842 4371 nullo

2224 4404 2378 4478 modo
2409 4404 2588 4477 caveri
2619 4422 2837 4493 potest?
2865 4424 3121 4477 Peccatur
3145 4404 3325 4478 autem
3352 4440 3364 4479 :
3397 4419 3567 4477 caveri
3588 4414 3734 4483 igitur
3756 4404 3842 4493 1’0"

2224 4517 2303 4567 est
2322 4512 2429 4582 (1d.
2466 4529 2510 4567 c.
2557 4492 2642 4579 18,
2673 4528 2732 4566 n.
2765 4512 2871 4579 50).
2902 4512 3024 4577 Quo
3050 4512 3379 4567 testimwio
3404 4524 3527 4566 meo
3556 4506 3608 4560 in
3649 4492 3840 4587 quodam

2222 4580 2371 4656 libro
2405 4616 2507 4655 suo
2534 4600 2797 4671 Pelagius
2828 4616 2962 4654 usus
2989 4605 3093 4655 est.
3124 4600 3224 4655 Cui
3255 4602 3402 4656 libro
3440 4611 3559 4653 cum
3585 4580 3836 4676 resPOmys'

2224 4706 2364 4756 sem,
2395 4690 2625 4745 titulum
2656 4688 2787 4744 libri
2812 4688 2927 4743 mei
2950 4706 3071 4744 esse
3103 4691 3276 4759 volui,
3308 4692 3377 4745 de
3400 4689 3595 4744 Natura
3619 4682 3665 4733 et
3680 4672 3837 4759 Gratia.

2293 4754 2357 4831 4.
2380 4777 2443 4830 In
2465 4775 2554 4831 his
2583 4780 2753 4848 atque
2782 4776 2881 4847 buj
2893 4775 3117 4831 usmodi
3149 4754 3330 4831 verbis
3373 4774 3526 4837 meis,
3558 4764 3676 4838 quia
3701 4754 3838 4848 ετξίίδ

2224 4863 2329 4918 Dei
2356 4869 2802 4919 commemorata
2845 4880 2962 4918 non
2991 4868 3094 4931 est,
3143 4865 3212 4919 de
3244 4880 3359 4936 qua
3388 4868 3517 4918 tunc
3556 4868 3654 4910 non
3680 4840 3835 4915 εεθδεν

2223 4956 2333 5017 tur,
2366 4957 2570 5023 putant
2608 4952 2918 5024 Pelagiani,
2943 4954 3032 5007 vel
3080 4957 3281 5024 putare
3325 4949 3572 5024 possunt,
3600 4949 3733 5024 suain
3765 4939 3837 5024 llos

2222 5019 2474 5097 tenuisse
2497 5019 2855 5097 sententiam.
2895 5019 3005 5098 Sed
3027 5019 3239 5097 frustra
3268 5019 3375 5097 hoc
3390 5038 3591 5112 putant.
3625 5019 3835 5112 Voluntas:

2223 5130 2437 5202 quippe
2485 5134 2569 5185 est
2613 5146 2727 5202 qua
2762 5134 2819 5184 et
2865 5136 3157 5201 peccatur,
3188 5135 3247 5185 et
3286 5099 3436 5186 recte
3479 5121 3693 5197 vivitur:
3719 5099 3835 5202 qugd

2221 5198 2527 5275 liis—verbis
2555 5198 2798 5291 egimus.
2836 5198 3104 5275 Vbluntas
3142 5198 3278 5291 ergo
3309 5219 3430 5293 ipsa
3466 5210 3565 5270 nisi
3591 5203 3673 5262 Dei
3697 5198 3833 5268 81‘3"“

2286 5396 2302 5429 ί
2317 5394 2440 5444 Lov.
2455 5397 2506 5444 et
2516 5393 2683 5457 codex
2699 5394 2874 5453 Corb.,
2894 5396 3004 5446 nisi
3016 5395 3176 5447 volun
3185 5396 3305 5447 lati.
3322 5392 3417 5445 Sed
3433 5387 3588 5457 verius
3597 5364 3829 5457 ᾼξξξῗξξξξῗ

2227 5470 2356 5533 529":
2369 5457 2495 5533 MSS;
2517 5456 2632 5533 s'iis
2656 5429 2955 5533 ριθςίὲἷῖῇεῗ
2968 5459 3072 5533 nisi
3086 5429 3309 5533 ἓοὲριῖιί
3326 5468 3476 5533 ἢπερ
3494 5429 3828 5533 .ii‘iffitllk‘lii

2221 5505 2311 5569 lib.
2330 5518 2357 5568 3
2386 5519 2452 5568 de
2478 5505 2910 5571 necromantia
2920 5505 3077 5571 LE}.
3091 5505 3258 5581 cali;
3267 5505 3471 5578 volenti,
3492 5513 3542 5563 in
3559 5505 3767 5562 marema-
