4028 6174
132 268 229 319 597

125 388 410 443 liberetur
435 402 469 440 a
497 385 792 452 servitute,
841 399 957 456 qua
1004 385 1151 438 facta
1191 388 1278 438 est
1306 399 1468 439 serva
1504 384 1738 455 peccati,
1784 388 1841 438 et

127 480 192 531 ut
217 476 360 529 vitia
389 477 640 545 superet,
671 473 1007 544 adjuvetur;
1047 477 1200 527 recte
1237 472 1446 544 pieque
1475 473 1590 527 vivi
1619 491 1652 528 a
1678 489 1839 529 mor-

128 565 343 620 talibus
371 580 488 618 non
524 566 734 633 potest.
790 563 854 615 Et
881 562 990 616 hoc
1025 560 1286 616 divinum
1332 561 1676 617 beneﬁcium
1726 578 1839 633 quo

128 654 427 718 liberatur,
459 651 569 705 nisi
602 667 726 705 eam
757 649 1115 722 praeveniret,
1163 650 1284 721 jam
1316 650 1534 704 meritis
1581 650 1703 721 ejus
1733 651 1833 704 da-

124 746 314 806 retur,
353 745 549 793 etnon
593 743 741 793 esset
777 738 980 810 gratia,
1014 754 1143 809 quae
1185 738 1386 810 utique
1428 739 1606 815 gratis
1645 739 1833 795 datur.

120 830 298 894 Quod
324 829 382 882 in
413 827 538 882 aliis
568 827 856 897 opusculis
882 826 1094 881 nostris
1124 825 1260 880 satis
1290 825 1533 896 egimus,
1566 827 1704 881 istos
1733 825 1839 880 ini-

119 918 311 972 micos
322 917 498 987 hujus
517 916 716 987 gratiae
730 931 908 970 novos
935 915 1233 969 haereticos
1254 915 1573 969 refellentes
1596 933 1610 981 ;
1633 931 1839 986 quam-

121 1007 283 1059 viset
312 1006 374 1058 in
405 1005 494 1058 bis
516 1003 694 1069 libris,
723 1002 824 1074 qui
840 1019 956 1057 non
986 1000 1321 1058 contraillos
1350 1003 1606 1071 omnino,
1624 1003 1837 1074 quippe

120 1096 213 1149 illi
268 1093 527 1148 nondum
567 1096 749 1157 erant,
781 1091 879 1146 sed
929 1097 1124 1146 contra
1162 1091 1503 1147 Manichacus
1532 1091 1837 1159 conscripti

117 1186 280 1244 sunt,
316 1182 390 1235 de
422 1181 620 1235 Libero
651 1179 901 1234 Arbitrio
930 1196 943 1246 ;
978 1196 1092 1233 non
1132 1179 1464 1234 omnimodo
1495 1180 1563 1233 de
1592 1179 1700 1233 ista
1741 1179 1835 1233 Dei

114 1267 315 1339 gratia
345 1268 698 1334 reticuimus,
731 1283 905 1339 quam
956 1267 1204 1321 nefanda
1232 1266 1528 1338 impietate
1559 1271 1838 1321 conantur

113 1357 373 1411 auferre.
411 1356 667 1411 Diximus
696 1356 911 1427 quippe
942 1355 1001 1410 in
1028 1356 1276 1410 secundo
1307 1356 1475 1425 libro,
1506 1372 1620 1409 non
1652 1357 1836 1409 solum

112 1460 361 1515 magna,
408 1443 505 1498 sed
537 1444 709 1497 etiam
748 1442 990 1497 minima
1019 1444 1168 1497 bona
1196 1459 1314 1497 non
1345 1460 1468 1497 esse
1498 1459 1683 1514 posse,
1727 1444 1838 1497 nisi

114 1533 195 1587 ab
234 1532 337 1586 illo
366 1549 401 1585 a
430 1548 544 1603 quo
574 1536 709 1587 sunt
734 1532 927 1587 omnia
942 1532 1114 1600 bona,
1136 1532 1254 1586 hoc
1274 1535 1377 1597 est,
1413 1534 1548 1587 Deo.
1575 1535 1640 1587 Et
1664 1534 1835 1603 paulo

114 1625 292 1691 post:
348 1623 611 1687 Virtutes,
659 1622 904 1691 inquam,
948 1621 1143 1689 quibus
1183 1626 1321 1675 recte
1363 1623 1589 1689 vivitur,
1634 1636 1837 1689 magna

116 1712 261 1764 bona
291 1714 449 1773 sunt;
508 1711 708 1778 species
753 1715 930 1763 autem
978 1709 1338 1778 quorumlibet
1376 1724 1681 1777 corporum,
1713 1712 1829 1763 sine

120 1798 327 1867 quibus
354 1802 495 1852 recte
518 1799 634 1851 vivi
651 1801 846 1867 potest,
862 1799 1087 1851 minima
1103 1797 1239 1851 bona
1254 1802 1379 1851 sunt
1404 1799 1687 1866 :potentiae
1715 1812 1836 1851 vero

119 1886 324 1953 animi,
365 1888 481 1938 sine
520 1886 715 1954 quibus
753 1889 892 1939 recte
934 1887 1049 1938 vivi
1096 1900 1201 1939 non
1237 1890 1432 1954 potest,
1471 1886 1650 1939 media
1700 1886 1837 1940 bona

117 1978 275 2027 sunt.
331 1973 636 2027 Virtutibus
655 1988 804 2027 nemo
820 1974 959 2027 male
985 1975 1161 2026 utitur
1184 1989 1198 2025 :
1232 1976 1436 2028 caeteris
1462 1978 1641 2027 autem
1663 1973 1833 2039 bonis,

121 2063 182 2116 id
205 2067 288 2117 est
316 2062 513 2116 mediis
543 2067 594 2115 et
622 2063 880 2127 minimis,
911 2077 1017 2117 non
1040 2062 1212 2115 solum
1242 2061 1387 2127 bene,
1406 2062 1499 2116 sed
1517 2064 1680 2115 etiam
1698 2062 1837 2115 male

120 2155 363 2220 quisque
389 2152 473 2204 uti
496 2154 688 2219 potest.
723 2152 793 2205 Et
846 2150 966 2205 ideo
1001 2152 1203 2204 virtute
1229 2165 1379 2204 nemo
1437 2151 1575 2204 male
1623 2151 1832 2204 utitur:

121 2243 259 2309 quia
286 2255 426 2308 opus
455 2241 678 2293 virtutis
705 2243 784 2293 est
813 2239 978 2293 bonus
1008 2253 1143 2294 usus
1172 2241 1419 2304 istorum,
1452 2238 1648 2307 quibus
1673 2238 1837 2293 etiam

122 2345 231 2383 non
262 2329 397 2382 bene
426 2330 509 2382 uti
531 2343 816 2396 possumus
840 2344 854 2381 :
882 2343 1033 2382 nemo
1070 2331 1249 2382 autem
1279 2327 1405 2381 bene
1434 2327 1650 2392 utendo,
1697 2328 1837 2381 male

124 2421 321 2471 utitur.
353 2416 535 2482 Quare
554 2416 893 2470 abundantia
908 2415 1288 2484 etmaqnitudo
1306 2415 1560 2469 bonitatis
1585 2418 1705 2484 Dei,
1729 2431 1836 2470 non

122 2508 299 2561 solum
346 2521 569 2573 magna,
619 2505 714 2559 sed
759 2506 921 2558 etiam
968 2505 1146 2558 media
1187 2508 1253 2563 et.
1281 2506 1508 2559 minima
1548 2504 1686 2559 bona
1726 2520 1836 2560 esse

124 2597 410 2664 praestitit.
447 2595 624 2660 Magis
665 2593 946 2647 laudanda
979 2597 1058 2648 est
1100 2594 1311 2648 bonitas
1341 2594 1458 2662 ejus
1488 2595 1547 2647 in
1593 2596 1831 2661 magnis,

123 2700 290 2753 quam
318 2684 379 2737 in
401 2682 591 2736 mediis
615 2699 629 2748 ;
659 2685 709 2735 et
743 2683 918 2747 magis
945 2684 1006 2735 in
1032 2680 1243 2746 mediis,
1271 2697 1436 2749 quam
1482 2683 1542 2734 in
1593 2683 1834 2737 minimis

126 2773 278 2826 bonis
304 2787 318 2823 :
352 2771 449 2825 sed
495 2772 670 2836 magis
700 2771 757 2823 in
781 2769 1046 2836 omnibus,
1075 2784 1240 2839 quam
1266 2772 1316 2824 si
1342 2784 1449 2829 non
1495 2770 1677 2823 omnia
1733 2770 1832 2821 tri-

126 2861 331 2915 buisset
362 2859 500 2929 (Lib.
533 2862 587 2924 2,
617 2874 662 2913 c.
702 2861 785 2925 19,
815 2875 870 2913 η.
904 2862 1010 2929 50).
1062 2859 1126 2913 Et
1153 2858 1264 2912 alio
1298 2859 1458 2912 loco:
1494 2860 1574 2911 Tu
1600 2860 1831 2923 tantum,

126 2952 376 3019 inquam,
406 2950 663 3017 pietatem
693 2950 1061 3002 inconcussam
1092 2952 1207 3002 tene
1236 2949 1275 3013 ί,
1306 2950 1368 3001 ut
1396 2947 1606 3000 nullum
1633 2945 1733 2998 tibi
1749 2945 1833 2999 bo-

120 3054 275 3104 num,
316 3037 401 3092 vel
424 3038 697 3101 sentienti,
728 3036 811 3090 vel
840 3037 1182 3104 intelligenti,
1213 3036 1297 3090 vel
1324 3049 1535 3103 quoquo
1564 3033 1718 3087 modo
1747 3048 1828 3085 co-

117 3129 331 3194 gitanti
356 3130 625 3192 occurrat,
656 3126 802 3195 quod
817 3141 919 3180 non
944 3127 1017 3180 sit
1040 3141 1107 3178 ex
1126 3128 1247 3179 Dco.
1279 3126 1539 3194 Itemque
1561 3122 1674 3176 alio
1703 3122 1829 3176 loco

120 3216 240 3271 dixi
268 3234 283 3270 :
318 3216 427 3271 Sed
452 3217 709 3284 quoniam
734 3230 842 3268 non
889 3217 1031 3269 sicut
1071 3216 1260 3282 sponte
1301 3214 1454 3267 homo
1490 3211 1701 3277 cecidit,
1750 3213 1830 3264 ita

120 3308 289 3359 etiam
329 3308 517 3373 sponte
555 3317 773 3369 surgere
811 3306 1018 3371 potest;
1057 3306 1361 3372 porrectam
1405 3301 1559 3355 nobis
1602 3299 1831 3368 desuper

121 3396 410 3448 dexteram
438 3394 551 3458 Dei,
580 3392 643 3445 id
659 3396 736 3446 est
756 3393 1039 3447 Dominum
1052 3394 1296 3445 nostrum
1309 3391 1504 3445 Jesum
1532 3389 1826 3459 Christum,

120 3486 284 3550 ﬁrma
303 3482 414 3550 ﬁde
446 3485 714 3535 teneamus
746 3480 869 3549 {Id.,
895 3495 940 3533 c.
974 3481 1064 3544 20,
1086 3495 1141 3532 η.
1167 3476 1280 3548 54).

194 3575 246 3625 5.
281 3571 347 3624 Et
394 3568 456 3622 in
509 3568 654 3623 libro
712 3566 902 3633 tertio,
963 3582 1091 3620 cum
1122 3565 1387 3621 dixissem
1431 3565 1594 3631 illud,
1628 3582 1743 3637 quo
1775 3569 1832 3621 et

125 3658 422 3730 Pelagium
451 3658 520 3712 de
566 3656 709 3711 meis
738 3655 1025 3727 opusculis
1073 3671 1241 3709 usum
1270 3655 1441 3708 fuisse
1480 3670 1830 3708 commemo-

124 3747 266 3816 ravi,
298 3748 431 3812 Quis
461 3748 620 3811 enim,
653 3748 901 3815 inquam,
929 3748 1115 3813 peccat
1149 3745 1210 3796 in
1237 3758 1296 3797 eo
1334 3743 1480 3811 quod
1519 3742 1669 3798 nullo
1711 3758 1828 3797 mo-

123 3837 191 3891 do
221 3837 409 3890 caveri
431 3834 644 3904 potest?
672 3836 928 3889 Peccatur
963 3837 1138 3886 autem
1163 3850 1179 3886 :
1210 3835 1390 3886 caveri
1418 3834 1594 3900 igitur
1618 3836 1790 3901 potest
1814 3847 1827 3898 ;

126 3923 406 3978 continuo
435 3928 663 3977 secutus
705 3921 938 3991 adjunxi
970 3938 982 3975 :
1015 3924 1085 3976 Et
1116 3925 1292 3975 tamen
1319 3923 1481 3975 etiam
1516 3935 1614 3989 per
1670 3921 1831 3987 igno-

124 4015 371 4067 rantiam
387 4014 540 4078 facta
562 4011 811 4081 quadam
834 4011 1230 4079 improbantur,
1262 4014 1311 4064 et
1328 4008 1656 4078 corrigenda
1670 4008 1831 4077 judi-

124 4106 362 4164 cantur;
396 4103 533 4154 sicut
563 4102 625 4153 in
651 4100 855 4154 divinis
878 4098 1247 4153 auctoritabus
1277 4099 1519 4164 legimus.
1550 4097 1650 4152 Ait
1691 4098 1833 4150 enim

125 4189 445 4259 Apostolus,
483 4210 506 4237 ι
530 4188 962 4243 Misericordiam
1000 4189 1308 4241 consecutus
1336 4200 1475 4249 sum,
1518 4186 1650 4253 quia
1677 4186 1832 4252 igno-

124 4293 257 4332 rans
304 4278 418 4344 feci
454 4297 473 4324 -
512 4277 578 4345 (Ι
614 4278 750 4330 Tim.
787 4293 824 4337 ι,
881 4277 1003 4344 13);
1032 4277 1112 4328 ait
1156 4279 1205 4327 et
1235 4274 1535 4343 propheta:
1572 4294 1599 4321 ‹‹
1630 4272 1835 4327 Delicta

114 4368 428 4437 juventutis
456 4380 584 4419 meae
611 4364 661 4419 et
688 4365 1012 4433 ignorantia
1038 4380 1164 4417 mea
1193 4378 1257 4433 ne
1284 4362 1588 4416 memineris
1606 4381 1633 4412 »
1669 4361 1829 4429 (Psal.

124 4473 279 4522 xm,
322 4458 400 4508 7t.
452 4454 589 4509 Sunt
627 4457 787 4509 etiam
819 4455 1129 4508 necessitate
1154 4454 1309 4518 facta
1329 4450 1711 4519 improbanda,
1742 4450 1839 4503 ubi

128 4546 244 4599 vult
272 4545 432 4598 homo
473 4548 613 4597 recte
640 4545 821 4609 facere
865 4546 916 4597 et
965 4557 1071 4596 non
1115 4546 1304 4610 potest.
1353 4541 1493 4596 Nam
1538 4538 1681 4592 unde
1711 4541 1835 4593 sunt

127 4635 236 4688 illae
270 4647 464 4687 voces:
523 4652 545 4679 ι
571 4633 691 4687 Non
718 4634 856 4686 enim
885 4630 1031 4700 quod
1084 4630 1217 4694 volo,
1271 4631 1416 4696 facio
1473 4628 1703 4693 bonum;
1743 4626 1837 4682 sed

129 4721 276 4789 quod
304 4720 402 4775 odi
426 4720 647 4785 malum,
701 4720 796 4773 hoc
826 4734 937 4786 ego.
975 4741 1001 4769 ι
1032 4721 1103 4774 Et
1138 4718 1316 4772 illud:
1372 4739 1393 4767 ι
1435 4718 1580 4772 Velle
1622 4717 1837 4786 adjacet

128 4813 300 4878 mihi;
332 4811 599 4879 perﬁcere
636 4813 815 4863 autem
844 4808 1057 4875 bonum,
1086 4822 1192 4861 non
1215 4826 1243 4857 ι)
1274 4804 1451 4877 (Rom.
1483 4822 1577 4873 vn,
1609 4794 1692 4871 15,
1732 4803 1833 4873 l8).

131 4904 197 4957 Et
228 4899 407 4956 illud:
454 4918 481 4949 α
506 4900 642 4956 Caro
688 4900 1014 4966 concupiscit
1051 4897 1308 4951 adversus
1344 4896 1621 4965 spiritum,
1668 4894 1836 4963 spiri-

133 4997 217 5046 tus
247 4993 435 5045 autem
474 4988 734 5042 adversus
780 5002 1016 5040 carnem.
1055 4986 1177 5040 Haec
1221 4986 1361 5038 enim
1400 4985 1623 5037 invicem
1650 4982 1839 5035 adver-

134 5084 351 5144 santur,
376 5082 437 5132 ut
456 5093 561 5131 non
589 5093 652 5130 ea
672 5091 792 5146 quae
817 5076 1002 5142 vultis,
1034 5075 1260 5142 faciatis
1281 5071 1310 5127 ?
1336 5092 1364 5124 »
1396 5072 1603 5143 (Galat.
1634 5087 1689 5138 v,
1734 5069 1835 5137 l7.)

132 5170 237 5224 Sed
275 5169 389 5222 haec
418 5167 601 5221 omnia
632 5166 907 5219 hominum
932 5167 1060 5218 sunt
1086 5178 1154 5217 ea:
1182 5162 1281 5217 illa
1308 5163 1497 5216 mortis
1531 5160 1839 5213 damnatio-

135 5274 199 5312 ne
226 5258 578 5312 venientium.
614 5255 827 5310 Nam‘si
870 5267 977 5307 non
1005 5255 1083 5307 est
1119 5253 1229 5306 ista
1268 5265 1426 5320 poma
1464 5249 1716 5314 hominis,
1789 5262 1843 5302 se

137 5352 382 5412 natura;
415 5345 571 5399 nulla
598 5345 707 5398 ista
727 5346 949 5412 peccata
979 5345 1122 5396 sunt.
1156 5341 1219 5397 Si
1258 5341 1401 5395 enim
1440 5353 1547 5392 non
1575 5335 1845 5391 receditur

200 5563 210 5592 ι
249 5558 373 5608 Mss.
409 5559 657 5619 quatuor,
682 5557 890 5621 pietate
919 5556 1242 5604 inconcussa
1274 5553 1409 5604 tene.

1621 260 1835 317 LIBER
1883 258 2169 317 PRIMUS.

3544 268 3647 321 598

1947 386 2017 440 ab
2043 400 2100 440 eo
2130 386 2285 441 modo
2315 401 2418 455 quo
2445 387 2776 442 naturaliter
2802 390 2986 455 factus
3006 394 3103 455 est,
3134 392 3215 444 ita
3242 396 3302 445 ut
3321 394 3514 447 melius
3537 409 3647 449 esse

1947 491 2053 530 non
2064 477 2240 544 possit
2264 495 2280 541 ;
2308 490 2372 528 ea
2397 490 2517 544 quae
2541 476 2711 543 debet,
2742 478 2900 544 facit,
2922 493 3041 531 cum
3055 478 3162 534 hac
3186 480 3346 546 facit.
3379 482 3441 537 Si
3467 487 3648 537 autem

1949 565 2116 618 bonus
2147 565 2299 618 homo
2330 569 2483 631 esset,
2510 565 2682 620 aliter
2710 573 2844 621 esset
2868 582 3036 632 ;nunc
3064 572 3243 621 autem
3273 571 3407 636 quia
3434 572 3516 623 ita
3548 575 3646 637 est,

1945 667 2056 706 non
2077 657 2156 707 est
2193 653 2378 718 bonus,
2412 668 2503 707 nec
2542 654 2700 708 habet
2730 657 2789 708 in
2824 660 3089 723 potestate
3127 661 3186 711 ut
3217 658 3383 712 bonus
3412 662 3504 725 sit,
3538 660 3651 713 sive

1945 758 2051 796 non
2080 742 2310 796 videndo
2339 744 2521 812 qualis
2548 758 2659 797 esse
2684 743 2893 813 debeat,
2933 747 3048 800 sive
3075 746 3305 801 videndo
3344 751 3395 801 et
3430 762 3537 801 non
3558 764 3651 801 va-

1948 831 2101 885 lendo
2129 846 2239 885 esse
2283 833 2494 900 qualem
2537 848 2593 886 se
2637 832 2824 886 debere
2875 848 2985 886 esse
3026 834 3192 887 videt.
3243 835 3459 889 Pmnam
3488 836 3651 888 istam

1945 935 2056 974 esse
2084 922 2207 988 quis
2249 920 2498 975 dubitet?
2524 922 2707 976 Omnis
2739 926 2916 975 autem
2934 936 3118 990 pwna,
3150 924 3201 976 si
3221 922 3378 990 justo
3402 927 3498 985 est,
3523 938 3649 991 pec-

1946 1012 2058 1063 cati
2098 1025 2261 1079 pana
2287 1013 2386 1078 est,
2416 1014 2466 1063 ct
2497 1011 2825 1079 supplicium
2855 1013 3195 1065 nominatur.
3244 1012 3306 1066 Si
3349 1016 3526 1066 autem
3557 1014 3649 1065 in-

1934 1099 2092 1165 justa
2140 1112 2301 1165 perna
2344 1102 2440 1163 est,
2500 1099 2757 1165 quoniam
2796 1113 3010 1166 poenam
3056 1112 3165 1151 esse
3202 1112 3352 1152 nemo
3389 1098 3645 1165 ambigit;

1946 1186 2151 1253 injusto
2194 1185 2379 1254 aliquo
2428 1185 2739 1239 dominante
2783 1187 2987 1239 homini
3031 1187 3289 1255 imposita
3329 1191 3425 1240 est.
3481 1189 3648 1242 Porro

1944 1274 2076 1340 quia
2102 1272 2167 1324 de
2216 1273 2605 1340 omnipotentia
2646 1273 2739 1325 Dei
2762 1276 2813 1324 et
2847 1272 3073 1339 justitia
3101 1271 3354 1326 dubitare
3383 1274 3644 1328 dementis

1945 1365 2043 1426 est,
2058 1360 2215 1428 justa
2244 1361 2353 1414 haec
2380 1375 2539 1428 poena
2566 1364 2663 1425 est,
2700 1363 2751 1412 et
2776 1374 2878 1427 pro
2904 1364 3116 1427 peccato
3148 1362 3333 1428 aliquo
3367 1361 3643 1429 penditur.

1944 1451 2064 1505 Non
2094 1451 2234 1503 enim
2264 1450 2555 1518 quisquam
2590 1448 2829 1515 injustas
2885 1446 3214 1512 dominator,
3247 1452 3343 1501 aut
3372 1449 3651 1518 subripere

1946 1539 2211 1607 hominem
2236 1539 2418 1606 potuit
2443 1538 2588 1591 velut
2613 1538 2893 1603 ignoranti
2942 1538 3061 1596 Deo,
3094 1541 3190 1589 aut
3219 1540 3532 1604 emtorquere
3563 1541 3647 1592 in-

1944 1628 2071 1684 vito.
2110 1629 2371 1695 tanquam
2389 1610 2733 1690 invalidiori,
2765 1626 2848 1677 vel
2867 1624 3112 1677 terrendo
3143 1624 3225 1677 vel
3254 1625 3580 1691 conﬂigendo
3609 1628 3648 1691 ί,

1944 1718 2005 1767 ut
2032 1713 2297 1767 hominem
2324 1713 2535 1781 injusta
2555 1728 2715 1781 poma
2744 1714 3028 1766 cruciaret.
3064 1714 3412 1781 Relinquitur
3439 1728 3562 1779 ergo
3591 1719 3651 1767 ut

1946 1802 2055 1855 haec
2083 1815 2240 1869 perna
2267 1802 2424 1869 justa
2462 1800 2529 1854 de
2556 1801 2903 1855 damnatione
2940 1803 3171 1855 hominis
3199 1804 3382 1855 veniat
3416 1802 3560 1869 (Lib.
3594 1805 3646 1866 3,

1945 1904 1991 1943 c.
2030 1889 2115 1952 l8,
2148 1903 2239 1940 nn.
2274 1890 2363 1951 50,
2402 1886 2513 1955 51).
2547 1887 2612 1939 Et
2640 1886 2752 1940 alio
2779 1887 2905 1940 loco
2940 1903 2953 1941 :
3006 1888 3348 1955 Approbare,
3400 1890 3645 1955 inquam,

1942 1976 2093 2041 falsa
2110 1990 2210 2043 pro
2234 1977 2377 2028 veris
2402 1977 2462 2027 ut
2488 1978 2627 2027 erret
2660 1977 2885 2039 invitus,
2928 1978 2977 2028 et
3006 1976 3285 2028 resistente
3335 1978 3499 2044 atque
3537 1980 3648 2029 tor-

1946 2067 2137 2132 quente
2164 2063 2345 2117 dolore
2369 2066 2391 2098 ³
2436 2064 2675 2117 carnalis
2704 2064 2927 2127 vinculi,
2958 2078 3065 2117 non
3090 2077 3247 2132 posse
3274 2079 3309 2116 a
3339 2056 3647 2118 libidinosis

1944 2153 2197 2221 operibus
2229 2156 2542 2221 temperare,
2562 2168 2668 2207 non
2687 2157 2765 2207 est
2793 2157 2994 2207 natura
3015 2153 3259 2206 instituti
3284 2152 3535 2217 hominis,
3553 2148 3649 2202 sed

1943 2257 2101 2311 paena
2130 2240 2397 2297 damnati.
2432 2242 2574 2295 Cum
2604 2244 2781 2295 autem
2819 2241 2885 2295 de
2939 2242 3111 2295 libera
3138 2238 3162 2273 δ
3192 2241 3466 2294 voluntate
3509 2241 3647 2291 recte

1942 2330 2187 2397 faciendi
2211 2333 2503 2400 loquimur,
2536 2330 2602 2385 de
2628 2331 2725 2384 illa
2751 2332 2954 2385 scilicet
3007 2332 3065 2383 in
3095 2345 3207 2399 qua
3263 2329 3415 2382 homo
3464 2328 3646 2393 factus

1944 2424 2042 2484 est,
2076 2420 2350 2489 loquimur
2378 2419 2558 2490 (lbid.,
2586 2434 2642 2472 n.
2681 2419 2787 2485 5‘2).

2015 2511 2067 2561 6.
2103 2508 2238 2561 Ecce
2276 2511 2394 2562 tam
2420 2507 2589 2577 longe
2617 2511 2927 2577 antequam
2960 2504 3266 2574 Pelagiana
3295 2503 3529 2558 haeresis
3556 2520 3647 2558 ex-

1944 2595 2200 2659 stitisset,
2232 2594 2312 2650 sic
2341 2593 2778 2665 disputavimus,
2819 2593 2973 2647 velut
2993 2593 3118 2663 jam
3148 2596 3345 2646 contra
3374 2592 3499 2646 illos
3525 2592 3647 2646 dis-

1942 2689 2296 2756 putaremus.
2332 2684 2473 2738 Cum
2503 2682 2656 2737 enim
2668 2681 2862 2736 omnia
2889 2681 3040 2735 bona
3060 2680 3385 2735 dicerentur
3411 2696 3477 2734 ex
3506 2681 3642 2745 Deo,

1942 2771 2003 2827 id
2033 2776 2118 2827 est
2148 2778 2204 2827 et
2234 2787 2463 2841 magna,
2494 2775 2550 2824 et
2577 2770 2790 2836 media,
2824 2773 2880 2823 et
2908 2768 3182 2823 minima:
3215 2768 3273 2821 in
3291 2768 3495 2821 mediis
3522 2768 3646 2838 qui-

1942 2860 2071 2915 dem
2124 2860 2289 2914 bonis
2334 2859 2621 2914 invenitur
2675 2857 2923 2912 liberum
2973 2856 3282 2910 voluntatis
3320 2855 3641 2922 arbitrium,

1942 2948 2079 3019 quia
2111 2952 2170 3003 et
2197 2947 2345 3001 male
2394 2946 2494 3001 illo
2545 2946 2632 3001 uti
2663 2961 2962 3016 possumus
2988 2960 3002 3009 ;
3035 2943 3133 2998 sed
3161 2948 3355 2998 tamen
3391 2943 3504 2997 tale
3534 2946 3641 3010 est,

1940 3041 2006 3092 ut
2033 3037 2153 3091 sine
2185 3037 2282 3091 illo
2331 3038 2481 3091 recte
2529 3034 2716 3089 vivere
2773 3048 3144 3105 nequeamus.
3206 3033 3395 3087 Bonus
3448 3033 3642 3084 autem
3700 3064 3709 3074 ο

1940 3142 2077 3180 usus
2105 3126 2225 3195 ejus
2235 3126 2356 3195 jam
2368 3124 2546 3178 virtus
2559 3127 2664 3189 est,
2681 3138 2809 3194 quae
2828 3122 2888 3176 in
2906 3120 3131 3193 magnis
3154 3119 3438 3191 reperitur
3449 3118 3638 3187 bouis,

1940 3212 2150 3285 quibus
2177 3214 2325 3268 male
2359 3212 2442 3267 uti
2489 3212 2684 3266 nullus
2712 3215 2916 3282 potest.
2972 3212 3037 3264 Et
3064 3209 3199 3281 quia
3229 3208 3423 3263 omnia
3466 3207 3638 3274 bona,

1939 3302 2084 3356 sicut
2139 3301 2354 3357 dictum
2385 3305 2488 3368 est,
2521 3305 2577 3355 et
2610 3317 2832 3371 magna,
2874 3304 2929 3354 et
2960 3298 3172 3366 media,
3204 3303 3261 3352 et
3289 3296 3530 3351 minima
3567 3312 3635 3350 ex

1940 3393 2056 3445 Deo
2096 3396 2263 3456 sunt;
2297 3391 2576 3462 sequitur,
2607 3394 2670 3444 ut
2697 3405 2765 3444 ex
2799 3391 2911 3443 Deo
2951 3388 3024 3443 sit
3070 3388 3241 3442 etiam
3283 3387 3468 3441 bonus
3498 3401 3636 3439 usus

1937 3479 2134 3534 liberm
2162 3478 2491 3545 voluntatis,
2526 3494 2656 3549 quae
2686 3478 2864 3532 virtus
2891 3482 2995 3542 est,
3025 3482 3083 3530 et
3113 3476 3172 3529 in
3195 3476 3417 3544 magnis
3445 3489 3638 3528 nume-

1937 3572 2099 3624 ratur
2129 3567 2317 3622 bonis.
2351 3566 2567 3621 Deinde
2594 3566 2810 3619 dictum
2840 3570 2945 3630 est,
2982 3579 3048 3617 ex
3080 3579 3192 3634 qua
3222 3561 3451 3615 miseria
3504 3577 3634 3631 pec-

1938 3656 2200 3713 cantibus
2244 3654 2558 3727 justissime
2614 3653 2850 3718 inﬂicta,
2900 3652 3105 3706 liberet
3142 3649 3242 3704 Dei
3273 3649 3471 3721 gratia,
3503 3648 3638 3719 quia

1940 3750 2143 3816 sponte
2202 3746 2397 3810 homo,
2445 3742 2503 3797 id
2545 3745 2631 3797 est
2665 3742 2848 3797 libero
2890 3739 3149 3805 arbitrio,
3198 3738 3397 3793 cadere
3427 3737 3635 3808 potuit,

1938 3851 2055 3889 non
2086 3833 2260 3887 etiam
2285 3848 2518 3903 surgere
2542 3847 2555 3885 :
2586 3831 2656 3885 ad
2690 3846 2859 3901 quam
2888 3828 3178 3883 miseriam
3204 3829 3373 3900 justze
3400 3826 3638 3881 damna-

1938 3923 2113 3976 tionis
2141 3921 2394 3992 pertinet
2420 3919 2747 3991 ignorantia
2774 3923 2829 3973 et
2858 3917 3184 3980 difﬁcultas,
3220 3932 3393 3987 quam
3424 3916 3642 3987 patitur

1941 4009 2128 4063 omnis
2156 4010 2330 4063 homo
2359 4009 2429 4062 ab
2477 4007 2711 4062 exordio
2760 4006 3071 4061 nativitatis
3101 4022 3218 4060 suae
3243 4022 3256 4071 ;
3288 4021 3392 4059 nec
3420 4005 3491 4059 ab
3534 4003 3641 4058 isto

1939 4099 2114 4163 malo,
2148 4096 2259 4150 nisi
2274 4096 2375 4150 Dei
2393 4096 2596 4165 gratia,
2614 4095 3218 4166 quisquamliberatur
3235 4095 3438 4163 (Lib.2,
3472 4096 3636 4159 c.20;

1940 4192 1991 4242 et
2022 4188 2118 4241 lib.
2147 4190 2197 4253 3,
2231 4201 2276 4240 c.
2312 4186 2426 4253 18):
2464 4201 2638 4255 quam
2682 4184 2974 4239 miseriam
3001 4182 3293 4253 Pelagiani
3323 4184 3530 4235 nolunt
3576 4196 3640 4234 ex

1936 4274 2090 4345 justa
2121 4271 2490 4328 damnatione
2519 4271 2881 4339 descendere,
2911 4275 3188 4342 negantes
3218 4268 3496 4339 originale
3518 4281 3643 4336 pec-

1941 4365 2165 4415 catum:
2200 4358 2460 4429 quamvis
2488 4358 2812 4427 ignorantia
2842 4362 2899 4411 et
2940 4357 3266 4419 difﬁcultas,
3298 4351 3519 4407 etiamsi
3561 4367 3641 4405 es-

1943 4453 2069 4503 sent
2097 4446 2345 4501 hominis
2372 4444 2690 4517 primordia
2714 4445 2998 4501 naturalia
3021 4461 3035 4511 ;
3063 4459 3167 4497 nec
3195 4441 3274 4495 sic
3302 4439 3640 4509 culpandus.

1944 4535 2042 4590 sed
2076 4534 2394 4589 laudandus
2422 4539 2572 4589 esset
2601 4535 2769 4598 Deus,
2803 4533 2948 4587 sicut
2982 4532 3043 4586 in
3073 4530 3272 4585 eodem
3301 4528 3467 4583 tertio
3497 4528 3643 4582 libro

1943 4624 2356 4695 disputavimus
2406 4622 2545 4692 (Lib.
2607 4626 2659 4679 3.
2712 4639 2785 4678 cc.
2819 4624 2909 4688 20,
2965 4620 3081 4688 2t).
3139 4619 3276 4683 Quae
3333 4616 3643 4687 disputatio

1943 4716 2144 4766 contra
2170 4711 2784 4767 Manichasoshabenda
2812 4713 2916 4771 est,
2948 4708 3049 4779 qui
3066 4723 3180 4761 non
3208 4704 3647 4777 accipiuntScri-

1943 4800 2142 4867 pturas
2183 4801 2405 4851 sanctas
2434 4795 2649 4850 Veteris
2692 4791 3085 4862 Instrumenti,
3115 4791 3176 4846 in
3221 4791 3432 4863 quibus
3462 4789 3646 4861 origi-

1944 4887 2074 4940 nale
2104 4889 2397 4956 peccatum
2428 4887 2735 4948 narratur;
2765 4886 2822 4936 et
2852 4880 3136 4952 quidquid
3164 4879 3300 4935 inde
3329 4879 3390 4934 in
3420 4878 3647 4934 Litteris

1946 4974 2269 5045 apostolicis
2297 4972 2507 5044 legitur
2538 4970 2858 5027 detestabili
2914 4969 3270 5040 impudentia
3320 4967 3641 5023 immissum

1946 5064 2119 5119 fuisse
2146 5062 2498 5119 contendunt
2525 5077 2560 5115 a
2587 5058 3017 5131 corruptoribus
3043 5057 3492 5128 Scripturarum,
3517 5058 3645 5108 tan-

2010 5173 2027 5205 ¹
2064 5168 2254 5230 Scripti
2282 5167 2462 5230 plures
2486 5180 2547 5216 ac
2576 5164 2826 5230 potiores,
2858 5162 3248 5230 conturbando.

2009 5233 2032 5267 ³
2064 5233 2122 5282 In
2144 5219 2249 5280 Mss
2277 5219 2506 5286 duobus,
2537 5219 2745 5290 necnon
2774 5219 2830 5276 in
2859 5240 3023 5290 marg.
3047 5224 3349 5279 Am.etEr.,
3372 5219 3647 5272 calore.—

1948 5293 2037 5343 Er.
2067 5293 2221 5342 Guill.
2245 5293 2301 5340 in
2330 5289 2804 5354 margine,_dolore.
2837 5289 2905 5354 Μ.

2018 5340 2039 5391 ³
2072 5340 2201 5404 Ῐκόί
2213 5340 2341 5402 cum
2369 5340 2733 5416 aliquot_'Mss.,
2754 5353 2818 5402 de
2807 5350 3237 5416 _tllav_olunta_t_e.
3254 5346 3544 5416 Abestvgro
3544 5340 3651 5416 illa

1955 5436 1986 5489 ει
1997 5402 2193 5489 poi-bu;
2210 5429 2305 5489 pro
2324 5428 2430 5489 quo
2445 5402 2585 5489 tipqd
2603 5402 2732 5489 ᾼωί
2743 5417 2795 5463 et
2805 5414 2888 5462 Er.
2899 5451 2912 5476 ,
2934 5412 3124 5489 libera.
3151 5404 3571 5489 Si'cporgolibﬁ
3585 5402 3650 5489 dp

1954 5465 2138 5534 Libero
2168 5465 2415 5536 bibitrio,
2444 5465 2586 5527 unde
2614 5465 3163 5526 bucrevocavimus—
3193 5465 3315 5519 Lo'v.
3348 5468 3485 5527 Pan,
3505 5465 3570 5517 de
3589 5465 3652 5518 li-

1959 5547 2090 5596 bera
2128 5541 2419 5598 voluntate,
2455 5539 2568 5589 sine
2596 5538 2708 5589 illa.
2747 5538 2812 5586 M.
