  <div class='ocr_page' id='page_1' title='image "/cluster/home/n/w/nwhite01/storage/ocr_20150623/32/hvd.32044096580550/319.png"; bbox 0 0 4028 6174; ppageno 0'>
   <div class='ocr_carea' id='block_1_1' title="bbox 343 244 444 294">
    <p class='ocr_par' dir='ltr' id='par_1_1' title="bbox 343 244 444 294">
     <span class='ocr_line' id='line_1_1' title="bbox 343 244 444 294; baseline 0 -1"><span class='ocrx_word' id='word_1_1' title='bbox 343 244 444 294; x_wconf 70' lang='lat' dir='ltr'>sus</span> 
     </span>
    </p>
   </div>
   <div class='ocr_carea' id='block_1_2' title="bbox 343 359 2043 435">
    <p class='ocr_par' dir='ltr' id='par_1_2' title="bbox 343 359 2043 435">
     <span class='ocr_line' id='line_1_2' title="bbox 343 359 2043 435; baseline -0.002 -18"><span class='ocrx_word' id='word_1_2' title='bbox 343 379 515 435; x_wconf 89' lang='lat' dir='ltr'>quam</span> <span class='ocrx_word' id='word_1_3' title='bbox 547 377 667 416; x_wconf 89' lang='lat' dir='ltr'>non</span> <span class='ocrx_word' id='word_1_4' title='bbox 693 361 867 417; x_wconf 84' lang='lat' dir='ltr'>fuerit</span> <span class='ocrx_word' id='word_1_5' title='bbox 887 360 958 414; x_wconf 87' lang='lat' dir='ltr'>ab</span> <span class='ocrx_word' id='word_1_6' title='bbox 986 361 1274 431; x_wconf 86' lang='lat' dir='ltr'>Apostolis</span> <span class='ocrx_word' id='word_1_7' title='bbox 1303 359 1537 416; x_wconf 89' lang='lat' dir='ltr'>dictum.</span> <span class='ocrx_word' id='word_1_8' title='bbox 1563 362 1765 416; x_wconf 84' lang='lat' dir='ltr'>Contra</span> <span class='ocrx_word' id='word_1_9' title='bbox 1797 361 2043 430; x_wconf 84' lang='lat' dir='ltr'>Pelagia-</span> 
     </span>
    </p>
   </div>
   <div class='ocr_carea' id='block_1_3' title="bbox 342 449 2045 521">
    <p class='ocr_par' dir='ltr' id='par_1_3' title="bbox 342 449 2045 521">
     <span class='ocr_line' id='line_1_3' title="bbox 342 449 2045 521; baseline -0.001 -16"><span class='ocrx_word' id='word_1_10' title='bbox 342 468 448 505; x_wconf 90' lang='lat' dir='ltr'>nos</span> <span class='ocrx_word' id='word_1_11' title='bbox 481 457 675 505; x_wconf 86' lang='lat' dir='ltr'>autem</span> <span class='ocrx_word' id='word_1_12' title='bbox 705 451 814 504; x_wconf 91' lang='lat' dir='ltr'>hoc</span> <span class='ocrx_word' id='word_1_13' title='bbox 844 449 1267 504; x_wconf 85' lang='lat' dir='ltr'>defendendum</span> <span class='ocrx_word' id='word_1_14' title='bbox 1298 455 1400 517; x_wconf 89' lang='lat' dir='ltr'>est,</span> <span class='ocrx_word' id='word_1_15' title='bbox 1435 450 1590 520; x_wconf 92' lang='lat' dir='ltr'>quod</span> <span class='ocrx_word' id='word_1_16' title='bbox 1620 454 1859 521; x_wconf 88' lang='lat' dir='ltr'>utraque</span> <span class='ocrx_word' id='word_1_17' title='bbox 1898 450 2045 504; x_wconf 89' lang='lat' dir='ltr'>Scri-</span> 
     </span>
    </p>
   </div>
   <div class='ocr_carea' id='block_1_4' title="bbox 343 538 2048 610">
    <p class='ocr_par' dir='ltr' id='par_1_4' title="bbox 343 538 2048 610">
     <span class='ocr_line' id='line_1_4' title="bbox 343 538 2048 610; baseline 0 -18"><span class='ocrx_word' id='word_1_18' title='bbox 343 543 515 610; x_wconf 89' lang='lat' dir='ltr'>ptura</span> <span class='ocrx_word' id='word_1_19' title='bbox 543 539 925 604; x_wconf 86' lang='lat' dir='ltr'>commendat,</span> <span class='ocrx_word' id='word_1_20' title='bbox 959 554 1132 608; x_wconf 87' lang='lat' dir='ltr'>quam</span> <span class='ocrx_word' id='word_1_21' title='bbox 1163 555 1222 592; x_wconf 87' lang='lat' dir='ltr'>se</span> <span class='ocrx_word' id='word_1_22' title='bbox 1246 538 1500 608; x_wconf 87' lang='lat' dir='ltr'>accipere</span> <span class='ocrx_word' id='word_1_23' title='bbox 1538 539 1896 610; x_wconf 84' lang='lat' dir='ltr'>proﬁtentur.</span> <span class='ocrx_word' id='word_1_24' title='bbox 1931 541 2048 594; x_wconf 85' lang='lat' dir='ltr'>Hoc</span> 
     </span>
    </p>
   </div>
   <div class='ocr_carea' id='block_1_5' title="bbox 345 627 2049 698">
    <p class='ocr_par' dir='ltr' id='par_1_5' title="bbox 345 627 2049 698">
     <span class='ocr_line' id='line_1_5' title="bbox 345 627 2049 698; baseline 0.001 -18"><span class='ocrx_word' id='word_1_25' title='bbox 345 643 488 697; x_wconf 91' lang='lat' dir='ltr'>opus</span> <span class='ocrx_word' id='word_1_26' title='bbox 529 627 606 680; x_wconf 90' lang='lat' dir='ltr'>sic</span> <span class='ocrx_word' id='word_1_27' title='bbox 636 627 835 698; x_wconf 83' lang='lat' dir='ltr'>incipit</span> <span class='ocrx_word' id='word_1_28' title='bbox 861 645 873 682; x_wconf 92' lang='lat'>:</span> <span class='ocrx_word' id='word_1_29' title='bbox 908 629 1012 681; x_wconf 90' lang='lat' dir='ltr'>Dic</span> <span class='ocrx_word' id='word_1_30' title='bbox 1042 629 1198 694; x_wconf 88' lang='lat' dir='ltr'>mihi,</span> <span class='ocrx_word' id='word_1_31' title='bbox 1233 644 1409 696; x_wconf 70' lang='lat' dir='ltr'>quaeso</span> <span class='ocrx_word' id='word_1_32' title='bbox 1440 634 1508 694; x_wconf 87' lang='lat' dir='ltr'>te,</span> <span class='ocrx_word' id='word_1_33' title='bbox 1540 633 1722 682; x_wconf 87' lang='lat' dir='ltr'>utrum</span> <span class='ocrx_word' id='word_1_34' title='bbox 1768 631 1910 683; x_wconf 85' lang='lat' dir='ltr'>Deus</span> <span class='ocrx_word' id='word_1_35' title='bbox 1942 643 2049 683; x_wconf 89' lang='lat' dir='ltr'>non</span> 
     </span>
    </p>
   </div>
   <div class='ocr_carea' id='block_1_6' title="bbox 345 718 805 773">
    <p class='ocr_par' dir='ltr' id='par_1_6' title="bbox 345 718 805 773">
     <span class='ocr_line' id='line_1_6' title="bbox 345 718 805 773; baseline -0.007 0"><span class='ocrx_word' id='word_1_36' title='bbox 345 719 418 773; x_wconf 85' lang='lat' dir='ltr'>sit</span> <span class='ocrx_word' id='word_1_37' title='bbox 448 721 635 770; x_wconf 78' lang='lat' dir='ltr'>auctor</span> <span class='ocrx_word' id='word_1_38' title='bbox 655 718 805 770; x_wconf 87' lang='lat' dir='ltr'>mali.</span> 
     </span>
    </p>
   </div>
   <div class='ocr_carea' id='block_1_7' title="bbox 1043 796 1359 850">
    <p class='ocr_par' dir='ltr' id='par_1_7' title="bbox 1043 796 1359 850">
     <span class='ocr_line' id='line_1_7' title="bbox 1043 796 1359 850; baseline 0 -2"><span class='ocrx_word' id='word_1_39' title='bbox 1043 796 1269 850; x_wconf 81' lang='lat' dir='ltr'><strong>CAPUT</strong></span> <span class='ocrx_word' id='word_1_40' title='bbox 1300 797 1359 849; x_wconf 87' lang='grc' dir='ltr'><strong>Χ.</strong></span> 
     </span>
    </p>
   </div>
   <div class='ocr_carea' id='block_1_8' title="bbox 561 881 1834 950">
    <p class='ocr_par' dir='ltr' id='par_1_8' title="bbox 561 881 1834 950">
     <span class='ocr_line' id='line_1_8' title="bbox 561 881 1834 950; baseline 0.001 -14"><span class='ocrx_word' id='word_1_41' title='bbox 561 885 634 936; x_wconf 91' lang='lat' dir='ltr'>De</span> <span class='ocrx_word' id='word_1_42' title='bbox 661 882 849 936; x_wconf 80' lang='lat' dir='ltr'>Genesi</span> <span class='ocrx_word' id='word_1_43' title='bbox 877 881 1136 935; x_wconf 66' lang='lat' dir='ltr'>adversus</span> <span class='ocrx_word' id='word_1_44' title='bbox 1166 883 1513 950; x_wconf 71' lang='lat' dir='ltr'>Manichacus,</span> <span class='ocrx_word' id='word_1_45' title='bbox 1550 883 1679 936; x_wconf 87' lang='lat' dir='ltr'>libri</span> <span class='ocrx_word' id='word_1_46' title='bbox 1708 883 1834 938; x_wconf 86' lang='lat' dir='ltr'>duo.</span> 
     </span>
    </p>
   </div>
   <div class='ocr_carea' id='block_1_9' title="bbox 426 969 2052 1040">
    <p class='ocr_par' dir='ltr' id='par_1_9' title="bbox 426 969 2052 1040">
     <span class='ocr_line' id='line_1_9' title="bbox 426 969 2052 1040; baseline 0.001 -18"><span class='ocrx_word' id='word_1_47' title='bbox 426 974 474 1023; x_wconf 90' lang='grc'>1.</span> <span class='ocrx_word' id='word_1_48' title='bbox 505 971 629 1023; x_wconf 80' lang='lat' dir='ltr'>lam</span> <span class='ocrx_word' id='word_1_49' title='bbox 671 986 804 1022; x_wconf 82' lang='lat' dir='ltr'>vero</span> <span class='ocrx_word' id='word_1_50' title='bbox 844 969 902 1022; x_wconf 92' lang='lat' dir='ltr'>in</span> <span class='ocrx_word' id='word_1_51' title='bbox 945 969 1132 1022; x_wconf 74' lang='lat' dir='ltr'>Africa</span> <span class='ocrx_word' id='word_1_52' title='bbox 1176 970 1535 1036; x_wconf 89' lang='lat' dir='ltr'>constitutus,</span> <span class='ocrx_word' id='word_1_53' title='bbox 1583 970 1780 1040; x_wconf 85' lang='lat' dir='ltr'>scripsi</span> <span class='ocrx_word' id='word_1_54' title='bbox 1813 970 1956 1024; x_wconf 92' lang='lat' dir='ltr'>duos</span> <span class='ocrx_word' id='word_1_55' title='bbox 1983 969 2052 1024; x_wconf 90' lang='lat' dir='ltr'>1i-</span> 
     </span>
    </p>
   </div>
   <div class='ocr_carea' id='block_1_10' title="bbox 352 1058 2054 1122">
    <p class='ocr_par' dir='ltr' id='par_1_10' title="bbox 352 1058 2054 1122">
     <span class='ocr_line' id='line_1_10' title="bbox 352 1058 2054 1122; baseline -0.001 -10"><span class='ocrx_word' id='word_1_56' title='bbox 352 1060 481 1112; x_wconf 91' lang='lat' dir='ltr'>bros</span> <span class='ocrx_word' id='word_1_57' title='bbox 513 1059 582 1112; x_wconf 93' lang='lat' dir='ltr'>de</span> <span class='ocrx_word' id='word_1_58' title='bbox 636 1058 833 1113; x_wconf 84' lang='lat' dir='ltr'>Genesi</span> <span class='ocrx_word' id='word_1_59' title='bbox 864 1063 1059 1112; x_wconf 86' lang='lat' dir='ltr'>contra</span> <span class='ocrx_word' id='word_1_60' title='bbox 1089 1058 1451 1112; x_wconf 70' lang='lat' dir='ltr'>Manichaeos.</span> <span class='ocrx_word' id='word_1_61' title='bbox 1493 1058 1761 1122; x_wconf 83' lang='lat' dir='ltr'>Quamvis</span> <span class='ocrx_word' id='word_1_62' title='bbox 1810 1058 1965 1112; x_wconf 89' lang='lat' dir='ltr'>enim</span> <span class='ocrx_word' id='word_1_63' title='bbox 1995 1058 2054 1111; x_wconf 89' lang='lat' dir='ltr'>in</span> 
     </span>
    </p>
   </div>
   <div class='ocr_carea' id='block_1_11' title="bbox 354 1147 2055 1218">
    <p class='ocr_par' dir='ltr' id='par_1_11' title="bbox 354 1147 2055 1218">
     <span class='ocr_line' id='line_1_11' title="bbox 354 1147 2055 1218; baseline -0.001 -17"><span class='ocrx_word' id='word_1_64' title='bbox 354 1147 746 1217; x_wconf 84' lang='lat' dir='ltr'>superioribus</span> <span class='ocrx_word' id='word_1_65' title='bbox 777 1147 937 1200; x_wconf 81' lang='lat' dir='ltr'>libris</span> <span class='ocrx_word' id='word_1_66' title='bbox 964 1147 1244 1217; x_wconf 88' lang='lat' dir='ltr'>quidquid</span> <span class='ocrx_word' id='word_1_67' title='bbox 1275 1147 1578 1218; x_wconf 80' lang='lat' dir='ltr'>disputavi,</span> <span class='ocrx_word' id='word_1_68' title='bbox 1611 1147 1762 1201; x_wconf 90' lang='lat' dir='ltr'>unde</span> <span class='ocrx_word' id='word_1_69' title='bbox 1794 1147 2055 1201; x_wconf 87' lang='lat' dir='ltr'>ostende-</span> 
     </span>
    </p>
   </div>
   <div class='ocr_carea' id='block_1_12' title="bbox 355 1235 2058 1290">
    <p class='ocr_par' dir='ltr' id='par_1_12' title="bbox 355 1235 2058 1290">
     <span class='ocr_line' id='line_1_12' title="bbox 355 1235 2058 1290; baseline -0.001 -1"><span class='ocrx_word' id='word_1_70' title='bbox 355 1252 474 1289; x_wconf 87' lang='lat' dir='ltr'>rem</span> <span class='ocrx_word' id='word_1_71' title='bbox 503 1237 682 1289; x_wconf 90' lang='lat' dir='ltr'>Deum</span> <span class='ocrx_word' id='word_1_72' title='bbox 715 1251 936 1290; x_wconf 89' lang='lat' dir='ltr'>summe</span> <span class='ocrx_word' id='word_1_73' title='bbox 963 1236 1181 1290; x_wconf 90' lang='lat' dir='ltr'>bonum</span> <span class='ocrx_word' id='word_1_74' title='bbox 1212 1240 1268 1288; x_wconf 92' lang='lat' dir='ltr'>et</span> <span class='ocrx_word' id='word_1_75' title='bbox 1296 1235 1715 1290; x_wconf 85' lang='lat' dir='ltr'>immutabilem</span> <span class='ocrx_word' id='word_1_76' title='bbox 1745 1239 2058 1289; x_wconf 86' lang='lat' dir='ltr'>creatorem</span> 
     </span>
    </p>
   </div>
   <div class='ocr_carea' id='block_1_13' title="bbox 353 1324 2057 1390">
    <p class='ocr_par' dir='ltr' id='par_1_13' title="bbox 353 1324 2057 1390">
     <span class='ocr_line' id='line_1_13' title="bbox 353 1324 2057 1390; baseline -0.002 -11"><span class='ocrx_word' id='word_1_77' title='bbox 353 1341 473 1380; x_wconf 90' lang='lat' dir='ltr'>esse</span> <span class='ocrx_word' id='word_1_78' title='bbox 504 1324 762 1378; x_wconf 90' lang='lat' dir='ltr'>omnium</span> <span class='ocrx_word' id='word_1_79' title='bbox 794 1324 1159 1377; x_wconf 86' lang='lat' dir='ltr'>mutabilium</span> <span class='ocrx_word' id='word_1_80' title='bbox 1192 1327 1548 1390; x_wconf 83' lang='lat' dir='ltr'>naturarum,</span> <span class='ocrx_word' id='word_1_81' title='bbox 1581 1340 1685 1377; x_wconf 94' lang='lat' dir='ltr'>nec</span> <span class='ocrx_word' id='word_1_82' title='bbox 1714 1324 1891 1377; x_wconf 85' lang='lat' dir='ltr'>ullam</span> <span class='ocrx_word' id='word_1_83' title='bbox 1935 1339 2057 1377; x_wconf 91' lang='lat' dir='ltr'>esse</span> 
     </span>
    </p>
   </div>
   <div class='ocr_carea' id='block_1_14' title="bbox 357 1410 2062 1482">
    <p class='ocr_par' dir='ltr' id='par_1_14' title="bbox 357 1410 2062 1482">
     <span class='ocr_line' id='line_1_14' title="bbox 357 1410 2062 1482; baseline -0.002 -15"><span class='ocrx_word' id='word_1_84' title='bbox 357 1419 625 1468; x_wconf 90' lang='lat' dir='ltr'>naturam</span> <span class='ocrx_word' id='word_1_85' title='bbox 666 1413 874 1466; x_wconf 87' lang='lat' dir='ltr'>malam</span> <span class='ocrx_word' id='word_1_86' title='bbox 907 1410 925 1443; x_wconf 84' lang='grc'>¹</span> <span class='ocrx_word' id='word_1_87' title='bbox 957 1413 1071 1466; x_wconf 81' lang='lat' dir='ltr'>sive</span> <span class='ocrx_word' id='word_1_88' title='bbox 1103 1412 1472 1466; x_wconf 86' lang='lat' dir='ltr'>substantiam</span> <span class='ocrx_word' id='word_1_89' title='bbox 1512 1455 1522 1475; x_wconf 92' lang='lat'>,</span> <span class='ocrx_word' id='word_1_90' title='bbox 1557 1412 1615 1466; x_wconf 89' lang='lat' dir='ltr'>in</span> <span class='ocrx_word' id='word_1_91' title='bbox 1645 1417 1927 1482; x_wconf 88' lang='lat' dir='ltr'>quantum</span> <span class='ocrx_word' id='word_1_92' title='bbox 1965 1428 2062 1465; x_wconf 83' lang='lat' dir='ltr'>na-</span> 
     </span>
    </p>
   </div>
   <div class='ocr_carea' id='block_1_15' title="bbox 358 1501 2063 1572">
    <p class='ocr_par' dir='ltr' id='par_1_15' title="bbox 358 1501 2063 1572">
     <span class='ocr_line' id='line_1_15' title="bbox 358 1501 2063 1572; baseline -0.002 -16"><span class='ocrx_word' id='word_1_93' title='bbox 358 1507 485 1556; x_wconf 85' lang='lat' dir='ltr'>tura</span> <span class='ocrx_word' id='word_1_94' title='bbox 516 1506 600 1554; x_wconf 87' lang='lat' dir='ltr'>est</span> <span class='ocrx_word' id='word_1_95' title='bbox 624 1505 792 1572; x_wconf 90' lang='lat' dir='ltr'>atque</span> <span class='ocrx_word' id='word_1_96' title='bbox 824 1501 1159 1566; x_wconf 87' lang='lat' dir='ltr'>substantia,</span> <span class='ocrx_word' id='word_1_97' title='bbox 1211 1501 1476 1554; x_wconf 88' lang='lat' dir='ltr'>adversus</span> <span class='ocrx_word' id='word_1_98' title='bbox 1503 1501 1841 1555; x_wconf 74' lang='lat' dir='ltr'>Manichzeos</span> <span class='ocrx_word' id='word_1_99' title='bbox 1869 1504 2063 1554; x_wconf 89' lang='lat' dir='ltr'>nostra</span> 
     </span>
    </p>
   </div>
   <div class='ocr_carea' id='block_1_16' title="bbox 361 1588 2062 1660">
    <p class='ocr_par' dir='ltr' id='par_1_16' title="bbox 361 1588 2062 1660">
     <span class='ocr_line' id='line_1_16' title="bbox 361 1588 2062 1660; baseline -0.002 -16"><span class='ocrx_word' id='word_1_100' title='bbox 361 1590 686 1660; x_wconf 85' lang='lat' dir='ltr'>invigilaret</span> <span class='ocrx_word' id='word_1_101' title='bbox 715 1589 988 1656; x_wconf 83' lang='lat' dir='ltr'>intentio;</span> <span class='ocrx_word' id='word_1_102' title='bbox 1041 1588 1132 1642; x_wconf 90' lang='lat' dir='ltr'>isti</span> <span class='ocrx_word' id='word_1_103' title='bbox 1162 1593 1356 1642; x_wconf 87' lang='lat' dir='ltr'>tamen</span> <span class='ocrx_word' id='word_1_104' title='bbox 1389 1590 1500 1642; x_wconf 92' lang='lat' dir='ltr'>duo</span> <span class='ocrx_word' id='word_1_105' title='bbox 1546 1588 1677 1642; x_wconf 89' lang='lat' dir='ltr'>libri</span> <span class='ocrx_word' id='word_1_106' title='bbox 1707 1588 2062 1658; x_wconf 89' lang='lat' dir='ltr'>apertissime</span> 
     </span>
    </p>
   </div>
   <div class='ocr_carea' id='block_1_17' title="bbox 363 1676 2061 1747">
    <p class='ocr_par' dir='ltr' id='par_1_17' title="bbox 363 1676 2061 1747">
     <span class='ocr_line' id='line_1_17' title="bbox 363 1676 2061 1747; baseline -0.002 -15"><span class='ocrx_word' id='word_1_107' title='bbox 363 1679 629 1732; x_wconf 90' lang='lat' dir='ltr'>adversus</span> <span class='ocrx_word' id='word_1_108' title='bbox 661 1694 754 1730; x_wconf 91' lang='lat' dir='ltr'>eos</span> <span class='ocrx_word' id='word_1_109' title='bbox 794 1677 932 1731; x_wconf 90' lang='lat' dir='ltr'>editi</span> <span class='ocrx_word' id='word_1_110' title='bbox 966 1682 1094 1731; x_wconf 90' lang='lat' dir='ltr'>sunt</span> <span class='ocrx_word' id='word_1_111' title='bbox 1121 1677 1180 1730; x_wconf 90' lang='lat' dir='ltr'>in</span> <span class='ocrx_word' id='word_1_112' title='bbox 1213 1677 1603 1730; x_wconf 81' lang='lat' dir='ltr'>defensionem</span> <span class='ocrx_word' id='word_1_113' title='bbox 1651 1677 1856 1730; x_wconf 87' lang='lat' dir='ltr'>veteris</span> <span class='ocrx_word' id='word_1_114' title='bbox 1896 1676 2061 1747; x_wconf 80' lang='lat' dir='ltr'>legis,</span> 
     </span>
    </p>
   </div>
   <div class='ocr_carea' id='block_1_18' title="bbox 365 1763 2066 1836">
    <p class='ocr_par' dir='ltr' id='par_1_18' title="bbox 365 1763 2066 1836">
     <span class='ocr_line' id='line_1_18' title="bbox 365 1763 2066 1836; baseline -0.001 -18"><span class='ocrx_word' id='word_1_115' title='bbox 365 1781 536 1836; x_wconf 89' lang='lat' dir='ltr'>qnam</span> <span class='ocrx_word' id='word_1_116' title='bbox 560 1764 885 1817; x_wconf 82' lang='lat' dir='ltr'>vehementi</span> <span class='ocrx_word' id='word_1_117' title='bbox 915 1764 1100 1817; x_wconf 92' lang='lat' dir='ltr'>studio</span> <span class='ocrx_word' id='word_1_118' title='bbox 1123 1763 1317 1816; x_wconf 83' lang='lat' dir='ltr'>vesani</span> <span class='ocrx_word' id='word_1_119' title='bbox 1357 1765 1566 1816; x_wconf 90' lang='lat' dir='ltr'>erroris</span> <span class='ocrx_word' id='word_1_120' title='bbox 1602 1768 1964 1834; x_wconf 81' lang='lat' dir='ltr'>oppugnant.</span> <span class='ocrx_word' id='word_1_121' title='bbox 2001 1765 2066 1816; x_wconf 92' lang='lat' dir='ltr'>In</span> 
     </span>
    </p>
   </div>
   <div class='ocr_carea' id='block_1_19' title="bbox 365 1852 2067 1924">
    <p class='ocr_par' dir='ltr' id='par_1_19' title="bbox 365 1852 2067 1924">
     <span class='ocr_line' id='line_1_19' title="bbox 365 1852 2067 1924; baseline 0 -18"><span class='ocrx_word' id='word_1_122' title='bbox 365 1853 569 1924; x_wconf 88' lang='lat' dir='ltr'>primo,</span> <span class='ocrx_word' id='word_1_123' title='bbox 607 1853 677 1906; x_wconf 89' lang='lat' dir='ltr'>ab</span> <span class='ocrx_word' id='word_1_124' title='bbox 716 1868 782 1905; x_wconf 91' lang='lat' dir='ltr'>eo</span> <span class='ocrx_word' id='word_1_125' title='bbox 823 1852 980 1922; x_wconf 90' lang='lat' dir='ltr'>quod</span> <span class='ocrx_word' id='word_1_126' title='bbox 1028 1852 1303 1922; x_wconf 91' lang='lat' dir='ltr'>scriptum</span> <span class='ocrx_word' id='word_1_127' title='bbox 1357 1857 1459 1919; x_wconf 91' lang='lat' dir='ltr'>est,</span> <span class='ocrx_word' id='word_1_128' title='bbox 1511 1855 1571 1906; x_wconf 89' lang='lat' dir='ltr'>In</span> <span class='ocrx_word' id='word_1_129' title='bbox 1617 1854 1890 1922; x_wconf 81' lang='lat' dir='ltr'>principio</span> <span class='ocrx_word' id='word_1_130' title='bbox 1936 1855 2067 1919; x_wconf 80' lang='lat' dir='ltr'>fecit</span> 
     </span>
    </p>
   </div>
   <div class='ocr_carea' id='block_1_20' title="bbox 363 1942 2066 2012">
    <p class='ocr_par' dir='ltr' id='par_1_20' title="bbox 363 1942 2066 2012">
     <span class='ocr_line' id='line_1_20' title="bbox 363 1942 2066 2012; baseline -0.001 -15"><span class='ocrx_word' id='word_1_131' title='bbox 363 1947 501 1997; x_wconf 89' lang='lat' dir='ltr'>Deus</span> <span class='ocrx_word' id='word_1_132' title='bbox 539 1942 724 1994; x_wconf 79' lang='lat' dir='ltr'>coelum</span> <span class='ocrx_word' id='word_1_133' title='bbox 755 1945 804 1994; x_wconf 85' lang='lat' dir='ltr'>et</span> <span class='ocrx_word' id='word_1_134' title='bbox 835 1946 1035 1994; x_wconf 82' lang='lat' dir='ltr'>terram</span> <span class='ocrx_word' id='word_1_135' title='bbox 1078 1943 1222 2010; x_wconf 88' lang='lat' dir='ltr'>(Gen.</span> <span class='ocrx_word' id='word_1_136' title='bbox 1275 1959 1312 2004; x_wconf 92' lang='lat'>1,</span> <span class='ocrx_word' id='word_1_137' title='bbox 1351 1945 1420 2010; x_wconf 90' lang='grc'>1),</span> <span class='ocrx_word' id='word_1_138' title='bbox 1459 1942 1641 1995; x_wconf 91' lang='lat' dir='ltr'>donec</span> <span class='ocrx_word' id='word_1_139' title='bbox 1686 1945 1902 2012; x_wconf 88' lang='lat' dir='ltr'>septem</span> <span class='ocrx_word' id='word_1_140' title='bbox 1934 1957 2066 2012; x_wconf 87' lang='lat' dir='ltr'>per-</span> 
     </span>
    </p>
   </div>
   <div class='ocr_carea' id='block_1_21' title="bbox 365 2029 2070 2102">
    <p class='ocr_par' dir='ltr' id='par_1_21' title="bbox 365 2029 2070 2102">
     <span class='ocr_line' id='line_1_21' title="bbox 365 2029 2070 2102; baseline 0 -18"><span class='ocrx_word' id='word_1_141' title='bbox 365 2034 609 2102; x_wconf 88' lang='lat' dir='ltr'>agantur</span> <span class='ocrx_word' id='word_1_142' title='bbox 639 2029 781 2098; x_wconf 91' lang='lat' dir='ltr'>dies,</span> <span class='ocrx_word' id='word_1_143' title='bbox 823 2029 921 2083; x_wconf 89' lang='lat' dir='ltr'>ubi</span> <span class='ocrx_word' id='word_1_144' title='bbox 958 2029 1318 2099; x_wconf 88' lang='lat' dir='ltr'>legiturDeus</span> <span class='ocrx_word' id='word_1_145' title='bbox 1356 2029 1704 2100; x_wconf 87' lang='lat' dir='ltr'>requievisse</span> <span class='ocrx_word' id='word_1_146' title='bbox 1745 2031 1806 2084; x_wconf 91' lang='lat' dir='ltr'>in</span> <span class='ocrx_word' id='word_1_147' title='bbox 1850 2031 1942 2086; x_wconf 90' lang='lat' dir='ltr'>die</span> <span class='ocrx_word' id='word_1_148' title='bbox 1981 2047 2070 2084; x_wconf 90' lang='lat' dir='ltr'>se-</span> 
     </span>
    </p>
   </div>
   <div class='ocr_carea' id='block_1_22' title="bbox 365 2119 2068 2191">
    <p class='ocr_par' dir='ltr' id='par_1_22' title="bbox 365 2119 2068 2191">
     <span class='ocr_line' id='line_1_22' title="bbox 365 2119 2068 2191; baseline 0.001 -18"><span class='ocrx_word' id='word_1_149' title='bbox 365 2121 569 2191; x_wconf 91' lang='lat' dir='ltr'>ptimo.</span> <span class='ocrx_word' id='word_1_150' title='bbox 606 2121 670 2173; x_wconf 92' lang='lat' dir='ltr'>In</span> <span class='ocrx_word' id='word_1_151' title='bbox 700 2119 948 2174; x_wconf 89' lang='lat' dir='ltr'>secundo</span> <span class='ocrx_word' id='word_1_152' title='bbox 989 2125 1202 2186; x_wconf 89' lang='lat' dir='ltr'>autem,</span> <span class='ocrx_word' id='word_1_153' title='bbox 1244 2121 1314 2174; x_wconf 90' lang='lat' dir='ltr'>ab</span> <span class='ocrx_word' id='word_1_154' title='bbox 1345 2137 1409 2173; x_wconf 91' lang='lat' dir='ltr'>eo</span> <span class='ocrx_word' id='word_1_155' title='bbox 1441 2121 1596 2190; x_wconf 91' lang='lat' dir='ltr'>quod</span> <span class='ocrx_word' id='word_1_156' title='bbox 1643 2120 1916 2190; x_wconf 90' lang='lat' dir='ltr'>scriptum</span> <span class='ocrx_word' id='word_1_157' title='bbox 1965 2125 2068 2191; x_wconf 89' lang='lat' dir='ltr'>est,</span> 
     </span>
    </p>
   </div>
   <div class='ocr_carea' id='block_1_23' title="bbox 368 2208 2071 2277">
    <p class='ocr_par' dir='ltr' id='par_1_23' title="bbox 368 2208 2071 2277">
     <span class='ocr_line' id='line_1_23' title="bbox 368 2208 2071 2277; baseline 0 -15"><span class='ocrx_word' id='word_1_158' title='bbox 368 2212 469 2262; x_wconf 88' lang='lat' dir='ltr'>IIic</span> <span class='ocrx_word' id='word_1_159' title='bbox 502 2209 634 2261; x_wconf 67' lang='lat' dir='ltr'>lib!&quot;</span> <span class='ocrx_word' id='word_1_160' title='bbox 662 2213 920 2261; x_wconf 80' lang='lat' dir='ltr'>creatura:</span> <span class='ocrx_word' id='word_1_161' title='bbox 957 2209 1073 2260; x_wconf 68' lang='grc' dir='ltr'>ωειὶ</span> <span class='ocrx_word' id='word_1_162' title='bbox 1100 2212 1148 2260; x_wconf 74' lang='lat' dir='ltr'>et</span> <span class='ocrx_word' id='word_1_163' title='bbox 1181 2213 1335 2262; x_wconf 72' lang='lat' dir='ltr'>terra?</span> <span class='ocrx_word' id='word_1_164' title='bbox 1364 2208 1465 2277; x_wconf 89' lang='lat' dir='ltr'>(Id.</span> <span class='ocrx_word' id='word_1_165' title='bbox 1499 2225 1552 2269; x_wconf 84' lang='lat'>11,</span> <span class='ocrx_word' id='word_1_166' title='bbox 1581 2209 1654 2276; x_wconf 82' lang='grc'>4),</span> <span class='ocrx_word' id='word_1_167' title='bbox 1687 2209 1867 2263; x_wconf 88' lang='lat' dir='ltr'>donec</span> <span class='ocrx_word' id='word_1_168' title='bbox 1889 2208 2071 2262; x_wconf 85' lang='lat' dir='ltr'>Adam</span> 
     </span>
    </p>
   </div>
   <div class='ocr_carea' id='block_1_24' title="bbox 373 2295 2074 2366">
    <p class='ocr_par' dir='ltr' id='par_1_24' title="bbox 373 2295 2074 2366">
     <span class='ocr_line' id='line_1_24' title="bbox 373 2295 2074 2366; baseline 0.001 -17"><span class='ocrx_word' id='word_1_169' title='bbox 373 2301 429 2349; x_wconf 90' lang='lat' dir='ltr'>et</span> <span class='ocrx_word' id='word_1_170' title='bbox 456 2295 666 2348; x_wconf 90' lang='lat' dir='ltr'>mulier</span> <span class='ocrx_word' id='word_1_171' title='bbox 707 2296 830 2364; x_wconf 86' lang='lat' dir='ltr'>ejus</span> <span class='ocrx_word' id='word_1_172' title='bbox 876 2295 1096 2348; x_wconf 83' lang='lat' dir='ltr'>dimissi</span> <span class='ocrx_word' id='word_1_173' title='bbox 1137 2302 1268 2349; x_wconf 88' lang='lat' dir='ltr'>sunt</span> <span class='ocrx_word' id='word_1_174' title='bbox 1316 2296 1384 2349; x_wconf 91' lang='lat' dir='ltr'>de</span> <span class='ocrx_word' id='word_1_175' title='bbox 1423 2297 1705 2366; x_wconf 90' lang='lat' dir='ltr'>paradiso,</span> <span class='ocrx_word' id='word_1_176' title='bbox 1735 2301 1788 2350; x_wconf 91' lang='lat' dir='ltr'>et</span> <span class='ocrx_word' id='word_1_177' title='bbox 1817 2297 2074 2351; x_wconf 91' lang='lat' dir='ltr'>custodia</span> 
     </span>
    </p>
   </div>
   <div class='ocr_carea' id='block_1_25' title="bbox 373 2383 2072 2455">
    <p class='ocr_par' dir='ltr' id='par_1_25' title="bbox 373 2383 2072 2455">
     <span class='ocr_line' id='line_1_25' title="bbox 373 2383 2072 2455; baseline -0.001 -18"><span class='ocrx_word' id='word_1_178' title='bbox 373 2383 556 2455; x_wconf 89' lang='lat' dir='ltr'>posita</span> <span class='ocrx_word' id='word_1_179' title='bbox 585 2389 669 2436; x_wconf 89' lang='lat' dir='ltr'>est</span> <span class='ocrx_word' id='word_1_180' title='bbox 700 2384 853 2452; x_wconf 89' lang='lat' dir='ltr'>ligno</span> <span class='ocrx_word' id='word_1_181' title='bbox 897 2383 1048 2436; x_wconf 69' lang='lat' dir='ltr'>vitm.</span> <span class='ocrx_word' id='word_1_182' title='bbox 1086 2383 1300 2437; x_wconf 85' lang='lat' dir='ltr'>Deinde</span> <span class='ocrx_word' id='word_1_183' title='bbox 1331 2383 1390 2436; x_wconf 88' lang='lat' dir='ltr'>in</span> <span class='ocrx_word' id='word_1_184' title='bbox 1419 2384 1531 2437; x_wconf 75' lang='lat' dir='ltr'>line</span> <span class='ocrx_word' id='word_1_185' title='bbox 1564 2383 1716 2450; x_wconf 87' lang='lat' dir='ltr'>libri,</span> <span class='ocrx_word' id='word_1_186' title='bbox 1750 2383 1928 2438; x_wconf 88' lang='lat' dir='ltr'>errori</span> <span class='ocrx_word' id='word_1_187' title='bbox 1961 2386 2072 2438; x_wconf 79' lang='lat' dir='ltr'>Ma-</span> 
     </span>
    </p>
   </div>
   <div class='ocr_carea' id='block_1_26' title="bbox 372 2456 2070 2544">
    <p class='ocr_par' dir='ltr' id='par_1_26' title="bbox 372 2456 2070 2544">
     <span class='ocr_line' id='line_1_26' title="bbox 372 2456 2070 2544; baseline 0.001 -20"><span class='ocrx_word' id='word_1_188' title='bbox 372 2471 722 2525; x_wconf 64' lang='lat' dir='ltr'>nichaeorum</span> <span class='ocrx_word' id='word_1_189' title='bbox 757 2471 929 2525; x_wconf 86' lang='lat' dir='ltr'>ﬁdem</span> <span class='ocrx_word' id='word_1_190' title='bbox 977 2471 1263 2525; x_wconf 57' lang='lat' dir='ltr'>catholica</span> <span class='ocrx_word' id='word_1_191' title='bbox 1303 2471 1555 2525; x_wconf 86' lang='lat' dir='ltr'>veritatis</span> <span class='ocrx_word' id='word_1_192' title='bbox 1604 2456 1882 2542; x_wconf 83' lang='lat' dir='ltr'>opposui;</span> <span class='ocrx_word' id='word_1_193' title='bbox 1931 2473 2070 2544; x_wconf 89' lang='lat' dir='ltr'>quid</span> 
     </span>
    </p>
   </div>
   <div class='ocr_carea' id='block_1_27' title="bbox 375 2558 2075 2633">
    <p class='ocr_par' dir='ltr' id='par_1_27' title="bbox 375 2558 2075 2633">
     <span class='ocr_line' id='line_1_27' title="bbox 375 2558 2075 2633; baseline 0.001 -21"><span class='ocrx_word' id='word_1_194' title='bbox 375 2559 462 2612; x_wconf 91' lang='lat' dir='ltr'>illi</span> <span class='ocrx_word' id='word_1_195' title='bbox 491 2559 698 2625; x_wconf 90' lang='lat' dir='ltr'>dicant,</span> <span class='ocrx_word' id='word_1_196' title='bbox 747 2563 803 2612; x_wconf 91' lang='lat' dir='ltr'>et</span> <span class='ocrx_word' id='word_1_197' title='bbox 845 2575 950 2612; x_wconf 91' lang='lat' dir='ltr'>nos</span> <span class='ocrx_word' id='word_1_198' title='bbox 994 2559 1134 2629; x_wconf 89' lang='lat' dir='ltr'>quid</span> <span class='ocrx_word' id='word_1_199' title='bbox 1181 2558 1456 2627; x_wconf 89' lang='lat' dir='ltr'>dicamus,</span> <span class='ocrx_word' id='word_1_200' title='bbox 1488 2560 1736 2614; x_wconf 87' lang='lat' dir='ltr'>breviter</span> <span class='ocrx_word' id='word_1_201' title='bbox 1765 2565 2075 2633; x_wconf 91' lang='lat' dir='ltr'>aperteque</span> 
     </span>
    </p>
   </div>
   <div class='ocr_carea' id='block_1_28' title="bbox 383 2648 786 2718">
    <p class='ocr_par' dir='ltr' id='par_1_28' title="bbox 383 2648 786 2718">
     <span class='ocr_line' id='line_1_28' title="bbox 383 2648 786 2718; baseline 0 -17"><span class='ocrx_word' id='word_1_202' title='bbox 383 2648 786 2718; x_wconf 89' lang='lat' dir='ltr'>complectens.</span> 
     </span>
    </p>
   </div>
   <div class='ocr_carea' id='block_1_29' title="bbox 452 2735 2079 2802">
    <p class='ocr_par' dir='ltr' id='par_1_29' title="bbox 452 2735 2079 2802">
     <span class='ocr_line' id='line_1_29' title="bbox 452 2735 2079 2802; baseline 0.002 -14"><span class='ocrx_word' id='word_1_203' title='bbox 452 2739 505 2789; x_wconf 96' lang='lat'>2.</span> <span class='ocrx_word' id='word_1_204' title='bbox 538 2735 698 2800; x_wconf 87' lang='lat' dir='ltr'>Quod</span> <span class='ocrx_word' id='word_1_205' title='bbox 727 2751 859 2789; x_wconf 81' lang='lat' dir='ltr'>vero</span> <span class='ocrx_word' id='word_1_206' title='bbox 898 2735 1033 2802; x_wconf 83' lang='lat' dir='ltr'>dixi,</span> <span class='ocrx_word' id='word_1_207' title='bbox 1066 2737 1210 2790; x_wconf 87' lang='lat' dir='ltr'>Illud</span> <span class='ocrx_word' id='word_1_208' title='bbox 1241 2741 1420 2791; x_wconf 87' lang='lat' dir='ltr'>autem</span> <span class='ocrx_word' id='word_1_209' title='bbox 1471 2752 1577 2791; x_wconf 89' lang='lat' dir='ltr'>non</span> <span class='ocrx_word' id='word_1_210' title='bbox 1614 2737 2079 2791; x_wconf 85' lang='lat' dir='ltr'>irrationabilium</span> 
     </span>
    </p>
   </div>
   <div class='ocr_carea' id='block_1_30' title="bbox 381 2824 2080 2895">
    <p class='ocr_par' dir='ltr' id='par_1_30' title="bbox 381 2824 2080 2895">
     <span class='ocr_line' id='line_1_30' title="bbox 381 2824 2080 2895; baseline 0.001 -17"><span class='ocrx_word' id='word_1_211' title='bbox 381 2828 566 2879; x_wconf 84' lang='lat' dir='ltr'>avium</span> <span class='ocrx_word' id='word_1_212' title='bbox 601 2824 623 2856; x_wconf 88' lang='grc'>²</span> <span class='ocrx_word' id='word_1_213' title='bbox 648 2826 823 2878; x_wconf 88' lang='lat' dir='ltr'>oculos</span> <span class='ocrx_word' id='word_1_214' title='bbox 847 2828 1046 2894; x_wconf 81' lang='lat' dir='ltr'>pascit,</span> <span class='ocrx_word' id='word_1_215' title='bbox 1095 2826 1189 2879; x_wconf 85' lang='lat' dir='ltr'>sed</span> <span class='ocrx_word' id='word_1_216' title='bbox 1233 2842 1377 2895; x_wconf 84' lang='lat' dir='ltr'>pura</span> <span class='ocrx_word' id='word_1_217' title='bbox 1420 2826 1585 2880; x_wconf 84' lang='lat' dir='ltr'>corda</span> <span class='ocrx_word' id='word_1_218' title='bbox 1627 2842 1806 2880; x_wconf 89' lang='lat' dir='ltr'>eorum</span> <span class='ocrx_word' id='word_1_219' title='bbox 1845 2829 1942 2895; x_wconf 87' lang='lat' dir='ltr'>qui</span> <span class='ocrx_word' id='word_1_220' title='bbox 1978 2829 2080 2880; x_wconf 88' lang='lat' dir='ltr'>Deo</span> 
     </span>
    </p>
   </div>
   <div class='ocr_carea' id='block_1_31' title="bbox 384 2913 2083 2984">
    <p class='ocr_par' dir='ltr' id='par_1_31' title="bbox 384 2913 2083 2984">
     <span class='ocr_line' id='line_1_31' title="bbox 384 2913 2083 2984; baseline 0.001 -18"><span class='ocrx_word' id='word_1_221' title='bbox 384 2913 625 2977; x_wconf 84' lang='lat' dir='ltr'>credunt,</span> <span class='ocrx_word' id='word_1_222' title='bbox 654 2920 703 2968; x_wconf 88' lang='lat' dir='ltr'>et</span> <span class='ocrx_word' id='word_1_223' title='bbox 731 2913 799 2966; x_wconf 92' lang='lat' dir='ltr'>ab</span> <span class='ocrx_word' id='word_1_224' title='bbox 817 2929 994 2967; x_wconf 84' lang='lat' dir='ltr'>amore</span> <span class='ocrx_word' id='word_1_225' title='bbox 1018 2915 1318 2968; x_wconf 77' lang='lat' dir='ltr'>visibilium</span> <span class='ocrx_word' id='word_1_226' title='bbox 1333 2931 1514 2968; x_wconf 86' lang='lat' dir='ltr'>rerum</span> <span class='ocrx_word' id='word_1_227' title='bbox 1539 2920 1589 2969; x_wconf 88' lang='lat' dir='ltr'>et</span> <span class='ocrx_word' id='word_1_228' title='bbox 1612 2917 2002 2984; x_wconf 77' lang='lat' dir='ltr'>temporalium,</span> <span class='ocrx_word' id='word_1_229' title='bbox 2029 2931 2083 2969; x_wconf 87' lang='lat' dir='ltr'>se</span> 
     </span>
    </p>
   </div>
   <div class='ocr_carea' id='block_1_32' title="bbox 379 3003 2077 3073">
    <p class='ocr_par' dir='ltr' id='par_1_32' title="bbox 379 3003 2077 3073">
     <span class='ocr_line' id='line_1_32' title="bbox 379 3003 2077 3073; baseline 0.003 -20"><span class='ocrx_word' id='word_1_230' title='bbox 379 3003 453 3054; x_wconf 81' lang='lat' dir='ltr'>ad</span> <span class='ocrx_word' id='word_1_231' title='bbox 480 3003 592 3070; x_wconf 88' lang='lat' dir='ltr'>ejus</span> <span class='ocrx_word' id='word_1_232' title='bbox 620 3008 888 3071; x_wconf 69' lang='lat' dir='ltr'>praecepta</span> <span class='ocrx_word' id='word_1_233' title='bbox 918 3004 1192 3071; x_wconf 86' lang='lat' dir='ltr'>implenda</span> <span class='ocrx_word' id='word_1_234' title='bbox 1222 3009 1535 3058; x_wconf 79' lang='lat' dir='ltr'>convertunt</span> <span class='ocrx_word' id='word_1_235' title='bbox 1565 3021 1578 3069; x_wconf 88' lang='lat'>;</span> <span class='ocrx_word' id='word_1_236' title='bbox 1613 3005 1758 3073; x_wconf 82' lang='lat' dir='ltr'>quod</span> <span class='ocrx_word' id='word_1_237' title='bbox 1778 3021 1954 3059; x_wconf 85' lang='lat' dir='ltr'>omnes</span> <span class='ocrx_word' id='word_1_238' title='bbox 1985 3005 2077 3058; x_wconf 87' lang='lat' dir='ltr'>ho-</span> 
     </span>
    </p>
   </div>
   <div class='ocr_carea' id='block_1_33' title="bbox 385 3091 2083 3163">
    <p class='ocr_par' dir='ltr' id='par_1_33' title="bbox 385 3091 2083 3163">
     <span class='ocr_line' id='line_1_33' title="bbox 385 3091 2083 3163; baseline 0.002 -21"><span class='ocrx_word' id='word_1_239' title='bbox 385 3091 552 3142; x_wconf 90' lang='lat' dir='ltr'>mines</span> <span class='ocrx_word' id='word_1_240' title='bbox 579 3095 826 3158; x_wconf 84' lang='lat' dir='ltr'>possunt,</span> <span class='ocrx_word' id='word_1_241' title='bbox 850 3093 899 3144; x_wconf 86' lang='lat' dir='ltr'>si</span> <span class='ocrx_word' id='word_1_242' title='bbox 927 3093 1088 3144; x_wconf 84' lang='lat' dir='ltr'>velint</span> <span class='ocrx_word' id='word_1_243' title='bbox 1114 3093 1283 3158; x_wconf 91' lang='lat' dir='ltr'>(Lib.,</span> <span class='ocrx_word' id='word_1_244' title='bbox 1324 3096 1370 3158; x_wconf 90' lang='grc'>1,</span> <span class='ocrx_word' id='word_1_245' title='bbox 1394 3109 1438 3146; x_wconf 90' lang='lat' dir='ltr'>c.</span> <span class='ocrx_word' id='word_1_246' title='bbox 1469 3095 1521 3151; x_wconf 88' lang='lat'>3,</span> <span class='ocrx_word' id='word_1_247' title='bbox 1555 3109 1606 3147; x_wconf 80' lang='grc' dir='ltr'><strong>η.</strong></span> <span class='ocrx_word' id='word_1_248' title='bbox 1642 3095 1714 3163; x_wconf 81' lang='lat'>6),</span> <span class='ocrx_word' id='word_1_249' title='bbox 1744 3109 1858 3147; x_wconf 92' lang='lat' dir='ltr'>non</span> <span class='ocrx_word' id='word_1_250' title='bbox 1890 3092 2083 3146; x_wconf 89' lang='lat' dir='ltr'>existi-</span> 
     </span>
    </p>
   </div>
   <div class='ocr_carea' id='block_1_34' title="bbox 387 3177 2084 3249">
    <p class='ocr_par' dir='ltr' id='par_1_34' title="bbox 387 3177 2084 3249">
     <span class='ocr_line' id='line_1_34' title="bbox 387 3177 2084 3249; baseline 0.002 -18"><span class='ocrx_word' id='word_1_251' title='bbox 387 3182 546 3231; x_wconf 89' lang='lat' dir='ltr'>ment</span> <span class='ocrx_word' id='word_1_252' title='bbox 591 3177 725 3230; x_wconf 90' lang='lat' dir='ltr'>novi</span> <span class='ocrx_word' id='word_1_253' title='bbox 763 3177 1015 3231; x_wconf 62' lang='lat' dir='ltr'>haeretici</span> <span class='ocrx_word' id='word_1_254' title='bbox 1046 3179 1337 3249; x_wconf 83' lang='lat' dir='ltr'>Pelagiani</span> <span class='ocrx_word' id='word_1_255' title='bbox 1381 3180 1691 3234; x_wconf 88' lang='lat' dir='ltr'>secundum</span> <span class='ocrx_word' id='word_1_256' title='bbox 1724 3197 1819 3234; x_wconf 91' lang='lat' dir='ltr'>eos</span> <span class='ocrx_word' id='word_1_257' title='bbox 1850 3198 1968 3234; x_wconf 88' lang='lat' dir='ltr'>esse</span> <span class='ocrx_word' id='word_1_258' title='bbox 2000 3181 2084 3234; x_wconf 92' lang='lat' dir='ltr'>di-</span> 
     </span>
    </p>
   </div>
   <div class='ocr_carea' id='block_1_35' title="bbox 386 3265 2088 3330">
    <p class='ocr_par' dir='ltr' id='par_1_35' title="bbox 386 3265 2088 3330">
     <span class='ocr_line' id='line_1_35' title="bbox 386 3265 2088 3330; baseline 0.002 -12"><span class='ocrx_word' id='word_1_259' title='bbox 386 3271 564 3321; x_wconf 89' lang='lat' dir='ltr'>ctum.</span> <span class='ocrx_word' id='word_1_260' title='bbox 598 3266 806 3319; x_wconf 87' lang='lat' dir='ltr'>Verum</span> <span class='ocrx_word' id='word_1_261' title='bbox 837 3270 920 3320; x_wconf 89' lang='lat' dir='ltr'>est</span> <span class='ocrx_word' id='word_1_262' title='bbox 976 3265 1128 3319; x_wconf 90' lang='lat' dir='ltr'>enim</span> <span class='ocrx_word' id='word_1_263' title='bbox 1159 3266 1414 3330; x_wconf 90' lang='lat' dir='ltr'>omnino,</span> <span class='ocrx_word' id='word_1_264' title='bbox 1448 3283 1645 3321; x_wconf 91' lang='lat' dir='ltr'>omnes</span> <span class='ocrx_word' id='word_1_265' title='bbox 1672 3268 1932 3322; x_wconf 88' lang='lat' dir='ltr'>homines</span> <span class='ocrx_word' id='word_1_266' title='bbox 1978 3269 2088 3322; x_wconf 91' lang='lat' dir='ltr'>hoc</span> 
     </span>
    </p>
   </div>
   <div class='ocr_carea' id='block_1_36' title="bbox 388 3353 2082 3425">
    <p class='ocr_par' dir='ltr' id='par_1_36' title="bbox 388 3353 2082 3425">
     <span class='ocr_line' id='line_1_36' title="bbox 388 3353 2082 3425; baseline 0.002 -18"><span class='ocrx_word' id='word_1_267' title='bbox 388 3370 574 3425; x_wconf 91' lang='lat' dir='ltr'>posse,</span> <span class='ocrx_word' id='word_1_268' title='bbox 607 3353 654 3406; x_wconf 91' lang='lat' dir='ltr'>si</span> <span class='ocrx_word' id='word_1_269' title='bbox 685 3353 893 3419; x_wconf 84' lang='lat' dir='ltr'>velint;</span> <span class='ocrx_word' id='word_1_270' title='bbox 928 3354 1021 3408; x_wconf 90' lang='lat' dir='ltr'>sed</span> <span class='ocrx_word' id='word_1_271' title='bbox 1067 3361 1424 3424; x_wconf 68' lang='lat' dir='ltr'>praeparatur</span> <span class='ocrx_word' id='word_1_272' title='bbox 1453 3357 1712 3410; x_wconf 88' lang='lat' dir='ltr'>voluntas</span> <span class='ocrx_word' id='word_1_273' title='bbox 1745 3374 1778 3410; x_wconf 92' lang='lat' dir='ltr'>a</span> <span class='ocrx_word' id='word_1_274' title='bbox 1825 3357 2082 3422; x_wconf 90' lang='lat' dir='ltr'>Domino,</span> 
     </span>
    </p>
   </div>
   <div class='ocr_carea' id='block_1_37' title="bbox 391 3444 2086 3516">
    <p class='ocr_par' dir='ltr' id='par_1_37' title="bbox 391 3444 2086 3516">
     <span class='ocr_line' id='line_1_37' title="bbox 391 3444 2086 3516; baseline 0.003 -21"><span class='ocrx_word' id='word_1_275' title='bbox 391 3447 448 3495; x_wconf 91' lang='lat' dir='ltr'>et</span> <span class='ocrx_word' id='word_1_276' title='bbox 486 3447 710 3496; x_wconf 90' lang='lat' dir='ltr'>tantum</span> <span class='ocrx_word' id='word_1_277' title='bbox 766 3448 1007 3512; x_wconf 85' lang='lat' dir='ltr'>augetur</span> <span class='ocrx_word' id='word_1_278' title='bbox 1066 3459 1302 3497; x_wconf 91' lang='lat' dir='ltr'>munere</span> <span class='ocrx_word' id='word_1_279' title='bbox 1355 3444 1667 3511; x_wconf 89' lang='lat' dir='ltr'>charitatis,</span> <span class='ocrx_word' id='word_1_280' title='bbox 1716 3449 1782 3499; x_wconf 92' lang='lat' dir='ltr'>ut</span> <span class='ocrx_word' id='word_1_281' title='bbox 1820 3445 2086 3516; x_wconf 89' lang='lat' dir='ltr'>possint:</span> 
     </span>
    </p>
   </div>
   <div class='ocr_carea' id='block_1_38' title="bbox 392 3532 2087 3606">
    <p class='ocr_par' dir='ltr' id='par_1_38' title="bbox 392 3532 2087 3606">
     <span class='ocr_line' id='line_1_38' title="bbox 392 3532 2087 3606; baseline 0.004 -20"><span class='ocrx_word' id='word_1_282' title='bbox 392 3533 546 3603; x_wconf 90' lang='lat' dir='ltr'>quod</span> <span class='ocrx_word' id='word_1_283' title='bbox 575 3533 666 3587; x_wconf 92' lang='lat' dir='ltr'>hic</span> <span class='ocrx_word' id='word_1_284' title='bbox 695 3532 824 3586; x_wconf 90' lang='lat' dir='ltr'>ideo</span> <span class='ocrx_word' id='word_1_285' title='bbox 852 3533 1064 3588; x_wconf 90' lang='lat' dir='ltr'>dictum</span> <span class='ocrx_word' id='word_1_286' title='bbox 1096 3549 1214 3587; x_wconf 91' lang='lat' dir='ltr'>non</span> <span class='ocrx_word' id='word_1_287' title='bbox 1245 3539 1350 3604; x_wconf 88' lang='lat' dir='ltr'>est,</span> <span class='ocrx_word' id='word_1_288' title='bbox 1381 3535 1654 3605; x_wconf 88' lang='lat' dir='ltr'>quoniam</span> <span class='ocrx_word' id='word_1_289' title='bbox 1684 3538 1954 3606; x_wconf 61' lang='lat' dir='ltr'>praesenti</span> <span class='ocrx_word' id='word_1_290' title='bbox 1984 3555 2087 3592; x_wconf 90' lang='lat' dir='ltr'>ne-</span> 
     </span>
    </p>
   </div>
   <div class='ocr_carea' id='block_1_39' title="bbox 388 3621 2086 3697">
    <p class='ocr_par' dir='ltr' id='par_1_39' title="bbox 388 3621 2086 3697">
     <span class='ocr_line' id='line_1_39' title="bbox 388 3621 2086 3697; baseline 0.003 -22"><span class='ocrx_word' id='word_1_291' title='bbox 388 3621 694 3676; x_wconf 89' lang='lat' dir='ltr'>cessarium</span> <span class='ocrx_word' id='word_1_292' title='bbox 733 3638 851 3675; x_wconf 94' lang='lat' dir='ltr'>non</span> <span class='ocrx_word' id='word_1_293' title='bbox 881 3628 1001 3677; x_wconf 87' lang='lat' dir='ltr'>erat</span> <span class='ocrx_word' id='word_1_294' title='bbox 1029 3623 1351 3694; x_wconf 70' lang='lat' dir='ltr'>qumstioni.</span> <span class='ocrx_word' id='word_1_295' title='bbox 1384 3624 1542 3688; x_wconf 87' lang='lat' dir='ltr'>Quod</span> <span class='ocrx_word' id='word_1_296' title='bbox 1573 3641 1706 3678; x_wconf 89' lang='lat' dir='ltr'>vero</span> <span class='ocrx_word' id='word_1_297' title='bbox 1738 3625 1819 3679; x_wconf 91' lang='lat' dir='ltr'>ibi</span> <span class='ocrx_word' id='word_1_298' title='bbox 1847 3625 2086 3697; x_wconf 83' lang='lat' dir='ltr'>legitur,</span> 
     </span>
    </p>
   </div>
   <div class='ocr_carea' id='block_1_40' title="bbox 390 3711 2088 3780">
    <p class='ocr_par' dir='ltr' id='par_1_40' title="bbox 390 3711 2088 3780">
     <span class='ocr_line' id='line_1_40' title="bbox 390 3711 2088 3780; baseline 0.004 -17"><span class='ocrx_word' id='word_1_299' title='bbox 390 3711 846 3765; x_wconf 87' lang='lat' dir='ltr'>benedictionem</span> <span class='ocrx_word' id='word_1_300' title='bbox 875 3711 977 3765; x_wconf 87' lang='lat' dir='ltr'>Dei</span> <span class='ocrx_word' id='word_1_301' title='bbox 1008 3729 1121 3780; x_wconf 90' lang='lat' dir='ltr'>qua</span> <span class='ocrx_word' id='word_1_302' title='bbox 1152 3712 1368 3766; x_wconf 89' lang='lat' dir='ltr'>dictum</span> <span class='ocrx_word' id='word_1_303' title='bbox 1397 3717 1501 3780; x_wconf 90' lang='lat' dir='ltr'>est,</span> <span class='ocrx_word' id='word_1_304' title='bbox 1538 3715 1780 3769; x_wconf 81' lang='lat' dir='ltr'>Crescite</span> <span class='ocrx_word' id='word_1_305' title='bbox 1805 3720 1855 3769; x_wconf 90' lang='lat' dir='ltr'>et</span> <span class='ocrx_word' id='word_1_306' title='bbox 1900 3717 2088 3769; x_wconf 88' lang='lat' dir='ltr'>multi-</span> 
     </span>
    </p>
   </div>
   <div class='ocr_carea' id='block_1_41' title="bbox 389 3799 2095 3874">
    <p class='ocr_par' dir='ltr' id='par_1_41' title="bbox 389 3799 2095 3874">
     <span class='ocr_line' id='line_1_41' title="bbox 389 3799 2095 3874; baseline 0.004 -22"><span class='ocrx_word' id='word_1_307' title='bbox 389 3799 678 3868; x_wconf 80' lang='lat' dir='ltr'>plicamini</span> <span class='ocrx_word' id='word_1_308' title='bbox 710 3800 859 3868; x_wconf 88' lang='lat' dir='ltr'>(Gen.</span> <span class='ocrx_word' id='word_1_309' title='bbox 905 3817 940 3867; x_wconf 92' lang='lat'>1,</span> <span class='ocrx_word' id='word_1_310' title='bbox 983 3803 1096 3869; x_wconf 90' lang='lat'>28),</span> <span class='ocrx_word' id='word_1_311' title='bbox 1130 3801 1189 3854; x_wconf 91' lang='lat' dir='ltr'>in</span> <span class='ocrx_word' id='word_1_312' title='bbox 1213 3802 1500 3855; x_wconf 87' lang='lat' dir='ltr'>carnalem</span> <span class='ocrx_word' id='word_1_313' title='bbox 1532 3803 1938 3858; x_wconf 84' lang='lat' dir='ltr'>fecunditatem</span> <span class='ocrx_word' id='word_1_314' title='bbox 1965 3809 2095 3874; x_wconf 90' lang='lat' dir='ltr'>post</span> 
     </span>
    </p>
   </div>
   <div class='ocr_carea' id='block_1_42' title="bbox 394 3890 2089 3961">
    <p class='ocr_par' dir='ltr' id='par_1_42' title="bbox 394 3890 2089 3961">
     <span class='ocr_line' id='line_1_42' title="bbox 394 3890 2089 3961; baseline 0.004 -21"><span class='ocrx_word' id='word_1_315' title='bbox 394 3893 688 3956; x_wconf 90' lang='lat' dir='ltr'>peccatum</span> <span class='ocrx_word' id='word_1_316' title='bbox 721 3903 1051 3940; x_wconf 87' lang='lat' dir='ltr'>conversam</span> <span class='ocrx_word' id='word_1_317' title='bbox 1093 3904 1212 3942; x_wconf 89' lang='lat' dir='ltr'>esse</span> <span class='ocrx_word' id='word_1_318' title='bbox 1261 3890 1604 3944; x_wconf 89' lang='lat' dir='ltr'>credendam</span> <span class='ocrx_word' id='word_1_319' title='bbox 1635 3892 1778 3960; x_wconf 86' lang='lat' dir='ltr'>(Lib.</span> <span class='ocrx_word' id='word_1_320' title='bbox 1831 3895 1880 3961; x_wconf 88' lang='grc'>1,</span> <span class='ocrx_word' id='word_1_321' title='bbox 1921 3910 1962 3946; x_wconf 94' lang='lat' dir='ltr'>c.</span> <span class='ocrx_word' id='word_1_322' title='bbox 2006 3897 2089 3957; x_wconf 81' lang='grc'><strong>19,</strong></span> 
     </span>
    </p>
   </div>
   <div class='ocr_carea' id='block_1_43' title="bbox 395 3974 2096 4046">
    <p class='ocr_par' dir='ltr' id='par_1_43' title="bbox 395 3974 2096 4046">
     <span class='ocr_line' id='line_1_43' title="bbox 395 3974 2096 4046; baseline 0.004 -17"><span class='ocrx_word' id='word_1_323' title='bbox 395 3993 449 4029; x_wconf 86' lang='lat' dir='ltr'>n.</span> <span class='ocrx_word' id='word_1_324' title='bbox 486 3976 610 4046; x_wconf 90' lang='lat'>30);</span> <span class='ocrx_word' id='word_1_325' title='bbox 643 3974 690 4028; x_wconf 88' lang='lat' dir='ltr'>si</span> <span class='ocrx_word' id='word_1_326' title='bbox 719 3991 834 4028; x_wconf 92' lang='lat' dir='ltr'>non</span> <span class='ocrx_word' id='word_1_327' title='bbox 864 3979 1052 4044; x_wconf 89' lang='lat' dir='ltr'>potest</span> <span class='ocrx_word' id='word_1_328' title='bbox 1069 3977 1183 4030; x_wconf 86' lang='lat' dir='ltr'>alio</span> <span class='ocrx_word' id='word_1_329' title='bbox 1215 3978 1386 4030; x_wconf 92' lang='lat' dir='ltr'>modo</span> <span class='ocrx_word' id='word_1_330' title='bbox 1419 3978 1632 4032; x_wconf 86' lang='lat' dir='ltr'>dictum</span> <span class='ocrx_word' id='word_1_331' title='bbox 1661 3980 1858 4042; x_wconf 90' lang='lat' dir='ltr'>videri,</span> <span class='ocrx_word' id='word_1_332' title='bbox 1897 3981 2005 4035; x_wconf 91' lang='lat' dir='ltr'>nisi</span> <span class='ocrx_word' id='word_1_333' title='bbox 2032 3986 2096 4036; x_wconf 90' lang='lat' dir='ltr'>ut</span> 
     </span>
    </p>
   </div>
   <div class='ocr_carea' id='block_1_44' title="bbox 399 4063 2093 4134">
    <p class='ocr_par' dir='ltr' id='par_1_44' title="bbox 399 4063 2093 4134">
     <span class='ocr_line' id='line_1_44' title="bbox 399 4063 2093 4134; baseline 0.003 -17"><span class='ocrx_word' id='word_1_334' title='bbox 399 4067 672 4134; x_wconf 89' lang='lat' dir='ltr'>putentur</span> <span class='ocrx_word' id='word_1_335' title='bbox 700 4063 782 4116; x_wconf 89' lang='lat' dir='ltr'>illi</span> <span class='ocrx_word' id='word_1_336' title='bbox 813 4063 1076 4117; x_wconf 91' lang='lat' dir='ltr'>homines</span> <span class='ocrx_word' id='word_1_337' title='bbox 1104 4081 1220 4118; x_wconf 89' lang='lat' dir='ltr'>non</span> <span class='ocrx_word' id='word_1_338' title='bbox 1249 4065 1502 4119; x_wconf 88' lang='lat' dir='ltr'>habituri</span> <span class='ocrx_word' id='word_1_339' title='bbox 1527 4067 1698 4121; x_wconf 90' lang='lat' dir='ltr'>fuisse</span> <span class='ocrx_word' id='word_1_340' title='bbox 1729 4068 1876 4122; x_wconf 79' lang='lat' dir='ltr'>ﬁlios</span> <span class='ocrx_word' id='word_1_341' title='bbox 1906 4069 2093 4124; x_wconf 88' lang='lat' dir='ltr'>homi-</span> 
     </span>
    </p>
   </div>
   <div class='ocr_carea' id='block_1_45' title="bbox 402 4151 2096 4224">
    <p class='ocr_par' dir='ltr' id='par_1_45' title="bbox 402 4151 2096 4224">
     <span class='ocr_line' id='line_1_45' title="bbox 402 4151 2096 4224; baseline 0.004 -18"><span class='ocrx_word' id='word_1_342' title='bbox 402 4169 499 4206; x_wconf 91' lang='lat' dir='ltr'>nes</span> <span class='ocrx_word' id='word_1_343' title='bbox 533 4151 641 4206; x_wconf 91' lang='lat' dir='ltr'>nisi</span> <span class='ocrx_word' id='word_1_344' title='bbox 669 4157 1018 4222; x_wconf 90' lang='lat' dir='ltr'>peccassent,</span> <span class='ocrx_word' id='word_1_345' title='bbox 1045 4153 1281 4206; x_wconf 91' lang='lat' dir='ltr'>omnino</span> <span class='ocrx_word' id='word_1_346' title='bbox 1305 4170 1421 4208; x_wconf 91' lang='lat' dir='ltr'>non</span> <span class='ocrx_word' id='word_1_347' title='bbox 1451 4156 1724 4224; x_wconf 90' lang='lat' dir='ltr'>approbo.</span> <span class='ocrx_word' id='word_1_348' title='bbox 1760 4157 1902 4210; x_wconf 89' lang='lat' dir='ltr'>Illud</span> <span class='ocrx_word' id='word_1_349' title='bbox 1925 4158 2096 4212; x_wconf 88' lang='lat' dir='ltr'>etiam</span> 
     </span>
    </p>
   </div>
   <div class='ocr_carea' id='block_1_46' title="bbox 396 4241 2098 4316">
    <p class='ocr_par' dir='ltr' id='par_1_46' title="bbox 396 4241 2098 4316">
     <span class='ocr_line' id='line_1_46' title="bbox 396 4241 2098 4316; baseline 0.002 -20"><span class='ocrx_word' id='word_1_350' title='bbox 396 4257 513 4296; x_wconf 90' lang='lat' dir='ltr'>non</span> <span class='ocrx_word' id='word_1_351' title='bbox 544 4245 626 4295; x_wconf 88' lang='lat' dir='ltr'>est</span> <span class='ocrx_word' id='word_1_352' title='bbox 647 4255 1024 4312; x_wconf 90' lang='lat' dir='ltr'>consequens,</span> <span class='ocrx_word' id='word_1_353' title='bbox 1059 4246 1121 4295; x_wconf 94' lang='lat' dir='ltr'>ut</span> <span class='ocrx_word' id='word_1_354' title='bbox 1152 4241 1278 4296; x_wconf 89' lang='lat' dir='ltr'>ideo</span> <span class='ocrx_word' id='word_1_355' title='bbox 1335 4242 1689 4312; x_wconf 87' lang='lat' dir='ltr'>intelligatur</span> <span class='ocrx_word' id='word_1_356' title='bbox 1726 4244 1786 4298; x_wconf 92' lang='lat' dir='ltr'>in</span> <span class='ocrx_word' id='word_1_357' title='bbox 1820 4245 2098 4316; x_wconf 83' lang='lat' dir='ltr'>allegoria</span> 
     </span>
    </p>
   </div>
   <div class='ocr_carea' id='block_1_47' title="bbox 399 4330 2096 4403">
    <p class='ocr_par' dir='ltr' id='par_1_47' title="bbox 399 4330 2096 4403">
     <span class='ocr_line' id='line_1_47' title="bbox 399 4330 2096 4403; baseline 0.002 -18"><span class='ocrx_word' id='word_1_358' title='bbox 399 4331 802 4385; x_wconf 88' lang='lat' dir='ltr'>tantummodo</span> <span class='ocrx_word' id='word_1_359' title='bbox 835 4346 956 4384; x_wconf 85' lang='lat' dir='ltr'>esse</span> <span class='ocrx_word' id='word_1_360' title='bbox 998 4330 1414 4401; x_wconf 89' lang='lat' dir='ltr'>accipiendum,</span> <span class='ocrx_word' id='word_1_361' title='bbox 1455 4332 1609 4403; x_wconf 90' lang='lat' dir='ltr'>quod</span> <span class='ocrx_word' id='word_1_362' title='bbox 1640 4333 1832 4388; x_wconf 65' lang='lat' dir='ltr'>herbae</span> <span class='ocrx_word' id='word_1_363' title='bbox 1870 4333 2096 4400; x_wconf 87' lang='lat' dir='ltr'>virides,</span> 
     </span>
    </p>
   </div>
   <div class='ocr_carea' id='block_1_48' title="bbox 401 4419 2101 4491">
    <p class='ocr_par' dir='ltr' id='par_1_48' title="bbox 401 4419 2101 4491">
     <span class='ocr_line' id='line_1_48' title="bbox 401 4419 2101 4491; baseline 0.002 -17"><span class='ocrx_word' id='word_1_364' title='bbox 401 4425 459 4474; x_wconf 90' lang='lat' dir='ltr'>et</span> <span class='ocrx_word' id='word_1_365' title='bbox 486 4420 642 4491; x_wconf 91' lang='lat' dir='ltr'>ligna</span> <span class='ocrx_word' id='word_1_366' title='bbox 670 4419 954 4474; x_wconf 88' lang='lat' dir='ltr'>fructifera</span> <span class='ocrx_word' id='word_1_367' title='bbox 986 4419 1142 4473; x_wconf 90' lang='lat' dir='ltr'>omni</span> <span class='ocrx_word' id='word_1_368' title='bbox 1167 4421 1365 4489; x_wconf 86' lang='lat' dir='ltr'>generi</span> <span class='ocrx_word' id='word_1_369' title='bbox 1392 4421 1726 4491; x_wconf 88' lang='lat' dir='ltr'>bestiarum,</span> <span class='ocrx_word' id='word_1_370' title='bbox 1758 4427 1814 4477; x_wconf 91' lang='lat' dir='ltr'>et</span> <span class='ocrx_word' id='word_1_371' title='bbox 1834 4423 2101 4478; x_wconf 90' lang='lat' dir='ltr'>omnibus</span> 
     </span>
    </p>
   </div>
   <div class='ocr_carea' id='block_1_49' title="bbox 402 4507 2102 4579">
    <p class='ocr_par' dir='ltr' id='par_1_49' title="bbox 402 4507 2102 4579">
     <span class='ocr_line' id='line_1_49' title="bbox 402 4507 2102 4579; baseline 0.002 -17"><span class='ocrx_word' id='word_1_372' title='bbox 402 4508 621 4571; x_wconf 86' lang='lat' dir='ltr'>avibus,</span> <span class='ocrx_word' id='word_1_373' title='bbox 651 4512 706 4562; x_wconf 93' lang='lat' dir='ltr'>et</span> <span class='ocrx_word' id='word_1_374' title='bbox 735 4507 1002 4562; x_wconf 89' lang='lat' dir='ltr'>omnibus</span> <span class='ocrx_word' id='word_1_375' title='bbox 1027 4508 1388 4579; x_wconf 88' lang='lat' dir='ltr'>serpentibus</span> <span class='ocrx_word' id='word_1_376' title='bbox 1407 4509 1466 4562; x_wconf 90' lang='lat' dir='ltr'>iu</span> <span class='ocrx_word' id='word_1_377' title='bbox 1494 4509 1639 4564; x_wconf 89' lang='lat' dir='ltr'>libro</span> <span class='ocrx_word' id='word_1_378' title='bbox 1663 4511 1940 4565; x_wconf 88' lang='lat' dir='ltr'>Geneseos</span> <span class='ocrx_word' id='word_1_379' title='bbox 1967 4512 2102 4566; x_wconf 83' lang='lat' dir='ltr'>dan-</span> 
     </span>
    </p>
   </div>
   <div class='ocr_carea' id='block_1_50' title="bbox 404 4597 2103 4669">
    <p class='ocr_par' dir='ltr' id='par_1_50' title="bbox 404 4597 2103 4669">
     <span class='ocr_line' id='line_1_50' title="bbox 404 4597 2103 4669; baseline 0.004 -20"><span class='ocrx_word' id='word_1_380' title='bbox 404 4602 499 4650; x_wconf 89' lang='lat' dir='ltr'>tur</span> <span class='ocrx_word' id='word_1_381' title='bbox 532 4598 604 4651; x_wconf 90' lang='lat' dir='ltr'>ad</span> <span class='ocrx_word' id='word_1_382' title='bbox 659 4598 872 4667; x_wconf 89' lang='lat' dir='ltr'>cibum,</span> <span class='ocrx_word' id='word_1_383' title='bbox 930 4597 1066 4669; x_wconf 86' lang='lat' dir='ltr'>quia</span> <span class='ocrx_word' id='word_1_384' title='bbox 1117 4602 1250 4651; x_wconf 91' lang='lat' dir='ltr'>sunt</span> <span class='ocrx_word' id='word_1_385' title='bbox 1297 4597 1692 4668; x_wconf 90' lang='lat' dir='ltr'>quadrupedia</span> <span class='ocrx_word' id='word_1_386' title='bbox 1746 4605 1804 4654; x_wconf 89' lang='lat' dir='ltr'>et</span> <span class='ocrx_word' id='word_1_387' title='bbox 1852 4601 2103 4656; x_wconf 88' lang='lat' dir='ltr'>volatilia</span> 
     </span>
    </p>
   </div>
   <div class='ocr_carea' id='block_1_51' title="bbox 405 4685 2100 4758">
    <p class='ocr_par' dir='ltr' id='par_1_51' title="bbox 405 4685 2100 4758">
     <span class='ocr_line' id='line_1_51' title="bbox 405 4685 2100 4758; baseline 0.004 -20"><span class='ocrx_word' id='word_1_388' title='bbox 405 4701 536 4756; x_wconf 63' lang='lat' dir='ltr'>quas</span> <span class='ocrx_word' id='word_1_389' title='bbox 565 4685 701 4738; x_wconf 88' lang='lat' dir='ltr'>solis</span> <span class='ocrx_word' id='word_1_390' title='bbox 730 4687 996 4741; x_wconf 88' lang='lat' dir='ltr'>carnibus</span> <span class='ocrx_word' id='word_1_391' title='bbox 1025 4686 1212 4741; x_wconf 89' lang='lat' dir='ltr'>vivere</span> <span class='ocrx_word' id='word_1_392' title='bbox 1241 4685 1543 4740; x_wconf 88' lang='lat' dir='ltr'>videantur</span> <span class='ocrx_word' id='word_1_393' title='bbox 1572 4687 1696 4752; x_wconf 83' lang='lat' dir='ltr'>(Id.,</span> <span class='ocrx_word' id='word_1_394' title='bbox 1718 4704 1763 4742; x_wconf 92' lang='lat' dir='ltr'>c.</span> <span class='ocrx_word' id='word_1_395' title='bbox 1788 4690 1875 4753; x_wconf 90' lang='lat'>20,</span> <span class='ocrx_word' id='word_1_396' title='bbox 1906 4707 1962 4745; x_wconf 89' lang='lat' dir='ltr'>n.</span> <span class='ocrx_word' id='word_1_397' title='bbox 1994 4691 2100 4758; x_wconf 88' lang='grc'>31).</span> 
     </span>
    </p>
   </div>
   <div class='ocr_carea' id='block_1_52' title="bbox 410 4773 2104 4844">
    <p class='ocr_par' dir='ltr' id='par_1_52' title="bbox 410 4773 2104 4844">
     <span class='ocr_line' id='line_1_52' title="bbox 410 4773 2104 4844; baseline 0.002 -16"><span class='ocrx_word' id='word_1_398' title='bbox 410 4773 723 4828; x_wconf 85' lang='lat' dir='ltr'>Fierienim</span> <span class='ocrx_word' id='word_1_399' title='bbox 744 4780 936 4844; x_wconf 90' lang='lat' dir='ltr'>posset</span> <span class='ocrx_word' id='word_1_400' title='bbox 966 4781 1026 4828; x_wconf 93' lang='lat' dir='ltr'>ut</span> <span class='ocrx_word' id='word_1_401' title='bbox 1054 4777 1346 4830; x_wconf 90' lang='lat' dir='ltr'>alerentur</span> <span class='ocrx_word' id='word_1_402' title='bbox 1373 4775 1442 4828; x_wconf 91' lang='lat' dir='ltr'>ab</span> <span class='ocrx_word' id='word_1_403' title='bbox 1467 4774 1797 4830; x_wconf 89' lang='lat' dir='ltr'>hominibus</span> <span class='ocrx_word' id='word_1_404' title='bbox 1829 4776 2002 4832; x_wconf 89' lang='lat' dir='ltr'>etiam</span> <span class='ocrx_word' id='word_1_405' title='bbox 2035 4777 2104 4832; x_wconf 91' lang='lat' dir='ltr'>de</span> 
     </span>
    </p>
   </div>
   <div class='ocr_carea' id='block_1_53' title="bbox 409 4861 2103 4937">
    <p class='ocr_par' dir='ltr' id='par_1_53' title="bbox 409 4861 2103 4937">
     <span class='ocr_line' id='line_1_53' title="bbox 409 4861 2103 4937; baseline 0.002 -20"><span class='ocrx_word' id='word_1_406' title='bbox 409 4861 684 4918; x_wconf 85' lang='lat' dir='ltr'>fructibus</span> <span class='ocrx_word' id='word_1_407' title='bbox 710 4867 898 4932; x_wconf 74' lang='lat' dir='ltr'>terrm,</span> <span class='ocrx_word' id='word_1_408' title='bbox 939 4863 987 4916; x_wconf 91' lang='lat' dir='ltr'>si</span> <span class='ocrx_word' id='word_1_409' title='bbox 1025 4870 1259 4935; x_wconf 89' lang='lat' dir='ltr'>propter</span> <span class='ocrx_word' id='word_1_410' title='bbox 1286 4863 1670 4918; x_wconf 88' lang='lat' dir='ltr'>obedientiam</span> <span class='ocrx_word' id='word_1_411' title='bbox 1701 4881 1815 4936; x_wconf 88' lang='lat' dir='ltr'>qua</span> <span class='ocrx_word' id='word_1_412' title='bbox 1844 4866 1951 4937; x_wconf 91' lang='lat' dir='ltr'>ipsi</span> <span class='ocrx_word' id='word_1_413' title='bbox 1992 4867 2103 4922; x_wconf 91' lang='lat' dir='ltr'>ho-</span> 
     </span>
    </p>
   </div>
   <div class='ocr_carea' id='block_1_54' title="bbox 411 4949 2109 5023">
    <p class='ocr_par' dir='ltr' id='par_1_54' title="bbox 411 4949 2109 5023">
     <span class='ocr_line' id='line_1_54' title="bbox 411 4949 2109 5023; baseline 0.002 -18"><span class='ocrx_word' id='word_1_414' title='bbox 411 4949 595 5005; x_wconf 89' lang='lat' dir='ltr'>mines</span> <span class='ocrx_word' id='word_1_415' title='bbox 627 4951 738 5002; x_wconf 89' lang='lat' dir='ltr'>Deo</span> <span class='ocrx_word' id='word_1_416' title='bbox 770 4951 889 5004; x_wconf 88' lang='lat' dir='ltr'>sine</span> <span class='ocrx_word' id='word_1_417' title='bbox 935 4953 1047 5005; x_wconf 88' lang='lat' dir='ltr'>ulla</span> <span class='ocrx_word' id='word_1_418' title='bbox 1079 4952 1380 5023; x_wconf 87' lang='lat' dir='ltr'>iniquitate</span> <span class='ocrx_word' id='word_1_419' title='bbox 1423 4953 1719 5020; x_wconf 89' lang='lat' dir='ltr'>servirent,</span> <span class='ocrx_word' id='word_1_420' title='bbox 1751 4960 2109 5009; x_wconf 89' lang='lat' dir='ltr'>mererentur</span> 
     </span>
    </p>
   </div>
   <div class='ocr_carea' id='block_1_55' title="bbox 412 5037 2106 5099">
    <p class='ocr_par' dir='ltr' id='par_1_55' title="bbox 412 5037 2106 5099">
     <span class='ocr_line' id='line_1_55' title="bbox 412 5037 2106 5099; baseline 0.003 -6"><span class='ocrx_word' id='word_1_421' title='bbox 412 5054 613 5094; x_wconf 89' lang='lat' dir='ltr'>omnes</span> <span class='ocrx_word' id='word_1_422' title='bbox 643 5037 850 5092; x_wconf 86' lang='lat' dir='ltr'>bestias</span> <span class='ocrx_word' id='word_1_423' title='bbox 879 5043 935 5093; x_wconf 90' lang='lat' dir='ltr'>et</span> <span class='ocrx_word' id='word_1_424' title='bbox 977 5056 1104 5094; x_wconf 84' lang='lat' dir='ltr'>aves</span> <span class='ocrx_word' id='word_1_425' title='bbox 1134 5041 1292 5096; x_wconf 90' lang='lat' dir='ltr'>omni</span> <span class='ocrx_word' id='word_1_426' title='bbox 1331 5042 1503 5096; x_wconf 89' lang='lat' dir='ltr'>modo</span> <span class='ocrx_word' id='word_1_427' title='bbox 1533 5042 1745 5097; x_wconf 89' lang='lat' dir='ltr'>habere</span> <span class='ocrx_word' id='word_1_428' title='bbox 1775 5043 2106 5099; x_wconf 88' lang='lat' dir='ltr'>servientes.</span> 
     </span>
    </p>
   </div>
   <div class='ocr_carea' id='block_1_56' title="bbox 412 5129 2110 5202">
    <p class='ocr_par' dir='ltr' id='par_1_56' title="bbox 412 5129 2110 5202">
     <span class='ocr_line' id='line_1_56' title="bbox 412 5129 2110 5202; baseline 0.002 -19"><span class='ocrx_word' id='word_1_429' title='bbox 412 5129 555 5183; x_wconf 89' lang='lat' dir='ltr'>Item</span> <span class='ocrx_word' id='word_1_430' title='bbox 613 5141 841 5180; x_wconf 91' lang='lat' dir='ltr'>movere</span> <span class='ocrx_word' id='word_1_431' title='bbox 899 5131 1088 5197; x_wconf 90' lang='lat' dir='ltr'>potest</span> <span class='ocrx_word' id='word_1_432' title='bbox 1139 5129 1428 5198; x_wconf 91' lang='lat' dir='ltr'>quomodo</span> <span class='ocrx_word' id='word_1_433' title='bbox 1485 5129 1724 5184; x_wconf 81' lang='lat' dir='ltr'>dixerim</span> <span class='ocrx_word' id='word_1_434' title='bbox 1782 5131 1850 5184; x_wconf 89' lang='lat' dir='ltr'>de</span> <span class='ocrx_word' id='word_1_435' title='bbox 1895 5133 2110 5202; x_wconf 90' lang='lat' dir='ltr'>populo</span> 
     </span>
    </p>
   </div>
   <div class='ocr_carea' id='block_1_57' title="bbox 414 5216 2112 5289">
    <p class='ocr_par' dir='ltr' id='par_1_57' title="bbox 414 5216 2112 5289">
     <span class='ocr_line' id='line_1_57' title="bbox 414 5216 2112 5289; baseline 0.003 -18"><span class='ocrx_word' id='word_1_436' title='bbox 414 5217 606 5282; x_wconf 88' lang='lat' dir='ltr'>Israel,</span> <span class='ocrx_word' id='word_1_437' title='bbox 639 5216 836 5271; x_wconf 80' lang='lat' dir='ltr'>Adhuc</span> <span class='ocrx_word' id='word_1_438' title='bbox 865 5218 1136 5285; x_wconf 84' lang='lat' dir='ltr'>corporali</span> <span class='ocrx_word' id='word_1_439' title='bbox 1163 5219 1561 5272; x_wconf 84' lang='lat' dir='ltr'>circumcisione</span> <span class='ocrx_word' id='word_1_440' title='bbox 1580 5223 1630 5271; x_wconf 89' lang='lat' dir='ltr'>et</span> <span class='ocrx_word' id='word_1_441' title='bbox 1648 5221 1952 5289; x_wconf 79' lang='lat' dir='ltr'>sacriﬁciis,</span> <span class='ocrx_word' id='word_1_442' title='bbox 1986 5226 2112 5276; x_wconf 85' lang='lat' dir='ltr'>tan-</span> 
     </span>
    </p>
   </div>
   <div class='ocr_carea' id='block_1_58' title="bbox 415 5301 2108 5380">
    <p class='ocr_par' dir='ltr' id='par_1_58' title="bbox 415 5301 2108 5380">
     <span class='ocr_line' id='line_1_58' title="bbox 415 5301 2108 5380; baseline 0.002 -19"><span class='ocrx_word' id='word_1_443' title='bbox 415 5322 578 5375; x_wconf 85' lang='lat' dir='ltr'>quam</span> <span class='ocrx_word' id='word_1_444' title='bbox 599 5308 657 5360; x_wconf 87' lang='lat' dir='ltr'>in</span> <span class='ocrx_word' id='word_1_445' title='bbox 682 5308 824 5358; x_wconf 89' lang='lat' dir='ltr'>mari</span> <span class='ocrx_word' id='word_1_446' title='bbox 851 5307 1089 5372; x_wconf 88' lang='lat' dir='ltr'>gentium</span> <span class='ocrx_word' id='word_1_447' title='bbox 1123 5307 1358 5375; x_wconf 84' lang='lat' dir='ltr'>populus</span> <span class='ocrx_word' id='word_1_448' title='bbox 1403 5308 1493 5361; x_wconf 84' lang='lat' dir='ltr'>ille</span> <span class='ocrx_word' id='word_1_449' title='bbox 1539 5309 1645 5376; x_wconf 87' lang='lat' dir='ltr'>legi</span> <span class='ocrx_word' id='word_1_450' title='bbox 1675 5301 1946 5364; x_wconf 69' lang='lat' dir='ltr'>serviebat</span> <span class='ocrx_word' id='word_1_451' title='bbox 1974 5310 2108 5380; x_wconf 89' lang='lat' dir='ltr'>(Id.,</span> 
     </span>
    </p>
   </div>
   <div class='ocr_carea' id='block_1_59' title="bbox 478 5411 1172 5477">
    <p class='ocr_par' dir='ltr' id='par_1_59' title="bbox 478 5411 1172 5477">
     <span class='ocr_line' id='line_1_59' title="bbox 478 5411 1172 5477; baseline -0.004 -14"><span class='ocrx_word' id='word_1_452' title='bbox 478 5415 496 5477; x_wconf 63' lang='grc' dir='ltr'><strong>ξ</strong></span> <span class='ocrx_word' id='word_1_453' title='bbox 519 5415 641 5462; x_wconf 84' lang='lat' dir='ltr'>Mss.</span> <span class='ocrx_word' id='word_1_454' title='bbox 677 5415 920 5477; x_wconf 86' lang='lat' dir='ltr'>quatuor.</span> <span class='ocrx_word' id='word_1_455' title='bbox 944 5411 1172 5477; x_wconf 78' lang='lat' dir='ltr'>malum.</span> 
     </span>
    </p>
   </div>
   <div class='ocr_carea' id='block_1_60' title="bbox 475 5473 2108 5532">
    <p class='ocr_par' dir='ltr' id='par_1_60' title="bbox 475 5473 2108 5532">
     <span class='ocr_line' id='line_1_60' title="bbox 475 5473 2108 5532; baseline 0.001 -9"><span class='ocrx_word' id='word_1_456' title='bbox 475 5473 500 5506; x_wconf 74' lang='grc'>³</span> <span class='ocrx_word' id='word_1_457' title='bbox 527 5477 602 5524; x_wconf 86' lang='lat' dir='ltr'>Ita</span> <span class='ocrx_word' id='word_1_458' title='bbox 634 5473 755 5524; x_wconf 73' lang='lat' dir='ltr'>Més.</span> <span class='ocrx_word' id='word_1_459' title='bbox 785 5477 1106 5532; x_wconf 87' lang='lat' dir='ltr'>constanter,</span> <span class='ocrx_word' id='word_1_460' title='bbox 1139 5474 1224 5522; x_wconf 89' lang='lat' dir='ltr'>hic</span> <span class='ocrx_word' id='word_1_461' title='bbox 1247 5477 1299 5523; x_wconf 90' lang='lat' dir='ltr'>et</span> <span class='ocrx_word' id='word_1_462' title='bbox 1330 5474 1418 5523; x_wconf 91' lang='lat' dir='ltr'>lib.</span> <span class='ocrx_word' id='word_1_463' title='bbox 1447 5478 1465 5522; x_wconf 83' lang='grc'>1</span> <span class='ocrx_word' id='word_1_464' title='bbox 1500 5475 1564 5524; x_wconf 90' lang='lat' dir='ltr'>de</span> <span class='ocrx_word' id='word_1_465' title='bbox 1591 5478 1717 5526; x_wconf 87' lang='lat' dir='ltr'>Gen.</span> <span class='ocrx_word' id='word_1_466' title='bbox 1749 5476 2108 5527; x_wconf 85' lang='lat' dir='ltr'>contraMani-</span> 
     </span>
    </p>
   </div>
   <div class='ocr_carea' id='block_1_61' title="bbox 415 5535 1516 5598">
    <p class='ocr_par' dir='ltr' id='par_1_61' title="bbox 415 5535 1516 5598">
     <span class='ocr_line' id='line_1_61' title="bbox 415 5535 1516 5598; baseline 0.001 -14"><span class='ocrx_word' id='word_1_467' title='bbox 415 5536 610 5598; x_wconf 72' lang='lat' dir='ltr'>chaeos,</span> <span class='ocrx_word' id='word_1_468' title='bbox 637 5539 726 5588; x_wconf 84' lang='lat' dir='ltr'>ubi</span> <span class='ocrx_word' id='word_1_469' title='bbox 760 5538 891 5587; x_wconf 87' lang='lat' dir='ltr'>Edd.</span> <span class='ocrx_word' id='word_1_470' title='bbox 927 5535 1142 5597; x_wconf 86' lang='lat' dir='ltr'>habent,</span> <span class='ocrx_word' id='word_1_471' title='bbox 1174 5535 1516 5588; x_wconf 80' lang='lat' dir='ltr'>animalium.</span> 
     </span>
    </p>
   </div>
   <div class='ocr_carea' id='block_1_62' title="bbox 1501 238 2079 296">
    <p class='ocr_par' dir='ltr' id='par_1_62' title="bbox 1501 239 2079 294">
     <span class='ocr_line' id='line_1_62' title="bbox 1501 239 2079 294; baseline 0.003 -2"><span class='ocrx_word' id='word_1_472' title='bbox 1501 239 2047 294; x_wconf 71' lang='grc' dir='ltr'>ΒΕΤΒΑΩΤΑΤΙΟΝ</span> <span class='ocrx_word' id='word_1_473' title='bbox 2061 241 2079 294; x_wconf 89' lang='grc' dir='ltr'>ι</span> 
     </span>
    </p>
   </div>
   <div class='ocr_carea' id='block_1_63' title="bbox 2268 238 3841 296">
    <p class='ocr_par' dir='ltr' id='par_1_63' title="bbox 2302 238 3841 296">
     <span class='ocr_line' id='line_1_63' title="bbox 2302 238 3841 296; baseline 0.001 -2"><span class='ocrx_word' id='word_1_474' title='bbox 2302 238 2718 296; x_wconf 76' lang='lat' dir='ltr'>AUGUSTINI.</span> <span class='ocrx_word' id='word_1_475' title='bbox 3755 245 3841 295; x_wconf 73' lang='lat'>600</span> 
     </span>
    </p>
   </div>
   <div class='ocr_carea' id='block_1_64' title="bbox 2157 359 3844 433">
    <p class='ocr_par' dir='ltr' id='par_1_64' title="bbox 2157 359 3844 433">
     <span class='ocr_line' id='line_1_64' title="bbox 2157 359 3844 433; baseline -0.001 -16"><span class='ocrx_word' id='word_1_476' title='bbox 2157 379 2202 417; x_wconf 93' lang='lat' dir='ltr'>c.</span> <span class='ocrx_word' id='word_1_477' title='bbox 2229 365 2317 429; x_wconf 92' lang='lat'>23,</span> <span class='ocrx_word' id='word_1_478' title='bbox 2346 378 2402 416; x_wconf 91' lang='lat' dir='ltr'>n.</span> <span class='ocrx_word' id='word_1_479' title='bbox 2435 362 2520 432; x_wconf 80' lang='grc'>40)</span> <span class='ocrx_word' id='word_1_480' title='bbox 2547 378 2560 428; x_wconf 93' lang='grc'>;</span> <span class='ocrx_word' id='word_1_481' title='bbox 2595 359 3065 433; x_wconf 87' lang='lat' dir='ltr'>quandoquidem</span> <span class='ocrx_word' id='word_1_482' title='bbox 3095 361 3247 432; x_wconf 91' lang='lat' dir='ltr'>apud</span> <span class='ocrx_word' id='word_1_483' title='bbox 3299 365 3500 432; x_wconf 85' lang='lat' dir='ltr'>gentes</span> <span class='ocrx_word' id='word_1_484' title='bbox 3544 361 3844 416; x_wconf 72' lang='lat' dir='ltr'>sacriﬁcam</span> 
     </span>
    </p>
   </div>
   <div class='ocr_carea' id='block_1_65' title="bbox 2157 450 3846 522">
    <p class='ocr_par' dir='ltr' id='par_1_65' title="bbox 2157 450 3846 522">
     <span class='ocr_line' id='line_1_65' title="bbox 2157 450 3846 522; baseline -0.001 -16"><span class='ocrx_word' id='word_1_485' title='bbox 2157 468 2274 506; x_wconf 90' lang='lat' dir='ltr'>non</span> <span class='ocrx_word' id='word_1_486' title='bbox 2305 455 2589 522; x_wconf 89' lang='lat' dir='ltr'>poterant,</span> <span class='ocrx_word' id='word_1_487' title='bbox 2621 450 2766 504; x_wconf 88' lang='lat' dir='ltr'>sicut</span> <span class='ocrx_word' id='word_1_488' title='bbox 2798 467 2896 505; x_wconf 89' lang='lat' dir='ltr'>eos</span> <span class='ocrx_word' id='word_1_489' title='bbox 2926 455 2983 504; x_wconf 89' lang='lat' dir='ltr'>et</span> <span class='ocrx_word' id='word_1_490' title='bbox 3011 467 3164 504; x_wconf 89' lang='lat' dir='ltr'>nunc</span> <span class='ocrx_word' id='word_1_491' title='bbox 3204 450 3463 504; x_wconf 89' lang='lat' dir='ltr'>videmus</span> <span class='ocrx_word' id='word_1_492' title='bbox 3493 450 3620 504; x_wconf 89' lang='lat' dir='ltr'>sine</span> <span class='ocrx_word' id='word_1_493' title='bbox 3651 451 3846 504; x_wconf 79' lang='lat' dir='ltr'>sacriﬁ-</span> 
     </span>
    </p>
   </div>
   <div class='ocr_carea' id='block_1_66' title="bbox 2157 538 3852 609">
    <p class='ocr_par' dir='ltr' id='par_1_66' title="bbox 2157 538 3852 609">
     <span class='ocr_line' id='line_1_66' title="bbox 2157 538 3852 609; baseline -0.001 -15"><span class='ocrx_word' id='word_1_494' title='bbox 2157 541 2259 594; x_wconf 91' lang='lat' dir='ltr'>ciis</span> <span class='ocrx_word' id='word_1_495' title='bbox 2289 538 2663 605; x_wconf 88' lang='lat' dir='ltr'>remansisse;</span> <span class='ocrx_word' id='word_1_496' title='bbox 2699 538 2810 592; x_wconf 92' lang='lat' dir='ltr'>nisi</span> <span class='ocrx_word' id='word_1_497' title='bbox 2831 539 2976 592; x_wconf 85' lang='lat' dir='ltr'>forte</span> <span class='ocrx_word' id='word_1_498' title='bbox 3006 539 3158 609; x_wconf 85' lang='lat' dir='ltr'>quod</span> <span class='ocrx_word' id='word_1_499' title='bbox 3189 554 3293 608; x_wconf 89' lang='lat' dir='ltr'>per</span> <span class='ocrx_word' id='word_1_500' title='bbox 3320 539 3532 592; x_wconf 86' lang='lat' dir='ltr'>Pascha</span> <span class='ocrx_word' id='word_1_501' title='bbox 3556 539 3852 592; x_wconf 82' lang='lat' dir='ltr'>immolant</span> 
     </span>
    </p>
   </div>
   <div class='ocr_carea' id='block_1_67' title="bbox 2159 627 3348 698">
    <p class='ocr_par' dir='ltr' id='par_1_67' title="bbox 2159 627 3348 698">
     <span class='ocr_line' id='line_1_67' title="bbox 2159 627 3348 698; baseline -0.001 -16"><span class='ocrx_word' id='word_1_502' title='bbox 2159 645 2345 695; x_wconf 92' lang='lat' dir='ltr'>ovem,</span> <span class='ocrx_word' id='word_1_503' title='bbox 2378 629 2485 682; x_wconf 90' lang='lat' dir='ltr'>hoc</span> <span class='ocrx_word' id='word_1_504' title='bbox 2514 628 2576 682; x_wconf 91' lang='lat' dir='ltr'>in</span> <span class='ocrx_word' id='word_1_505' title='bbox 2607 627 2881 682; x_wconf 74' lang='lat' dir='ltr'>sacrificio</span> <span class='ocrx_word' id='word_1_506' title='bbox 2914 628 3222 698; x_wconf 85' lang='lat' dir='ltr'>deputetur</span> <span class='ocrx_word' id='word_1_507' title='bbox 3253 628 3348 696; x_wconf 89' lang='lat' dir='ltr'>(a).</span> 
     </span>
    </p>
   </div>
   <div class='ocr_carea' id='block_1_68' title="bbox 2231 715 3858 786">
    <p class='ocr_par' dir='ltr' id='par_1_68' title="bbox 2231 715 3858 786">
     <span class='ocr_line' id='line_1_68' title="bbox 2231 715 3858 786; baseline -0.001 -16"><span class='ocrx_word' id='word_1_508' title='bbox 2231 721 2282 771; x_wconf 89' lang='lat'>3.</span> <span class='ocrx_word' id='word_1_509' title='bbox 2319 719 2381 770; x_wconf 90' lang='lat' dir='ltr'>In</span> <span class='ocrx_word' id='word_1_510' title='bbox 2410 715 2658 770; x_wconf 91' lang='lat' dir='ltr'>secundo</span> <span class='ocrx_word' id='word_1_511' title='bbox 2689 716 2861 768; x_wconf 80' lang='lat' dir='ltr'>etiam</span> <span class='ocrx_word' id='word_1_512' title='bbox 2884 715 3029 769; x_wconf 91' lang='lat' dir='ltr'>libro</span> <span class='ocrx_word' id='word_1_513' title='bbox 3053 715 3190 769; x_wconf 91' lang='lat' dir='ltr'>illud</span> <span class='ocrx_word' id='word_1_514' title='bbox 3222 715 3375 786; x_wconf 86' lang='lat' dir='ltr'>quod</span> <span class='ocrx_word' id='word_1_515' title='bbox 3406 715 3594 786; x_wconf 90' lang='lat' dir='ltr'>posui,</span> <span class='ocrx_word' id='word_1_516' title='bbox 3631 715 3858 768; x_wconf 83' lang='lat' dir='ltr'>nomine</span> 
     </span>
    </p>
   </div>
   <div class='ocr_carea' id='block_1_69' title="bbox 2159 803 3860 875">
    <p class='ocr_par' dir='ltr' id='par_1_69' title="bbox 2159 803 3860 875">
     <span class='ocr_line' id='line_1_69' title="bbox 2159 803 3860 875; baseline -0.001 -18"><span class='ocrx_word' id='word_1_517' title='bbox 2159 804 2356 875; x_wconf 88' lang='lat' dir='ltr'>pabuli</span> <span class='ocrx_word' id='word_1_518' title='bbox 2386 804 2698 874; x_wconf 88' lang='lat' dir='ltr'>signiﬁcari</span> <span class='ocrx_word' id='word_1_519' title='bbox 2727 821 2886 874; x_wconf 62' lang='lat' dir='ltr'>posse</span> <span class='ocrx_word' id='word_1_520' title='bbox 2915 803 3087 857; x_wconf 87' lang='lat' dir='ltr'>vitam</span> <span class='ocrx_word' id='word_1_521' title='bbox 3120 803 3263 872; x_wconf 85' lang='lat' dir='ltr'>(Lib.</span> <span class='ocrx_word' id='word_1_522' title='bbox 3285 808 3338 870; x_wconf 86' lang='lat'>2,</span> <span class='ocrx_word' id='word_1_523' title='bbox 3372 819 3418 857; x_wconf 89' lang='lat' dir='ltr'>c.</span> <span class='ocrx_word' id='word_1_524' title='bbox 3453 806 3506 866; x_wconf 88' lang='lat'>3,</span> <span class='ocrx_word' id='word_1_525' title='bbox 3539 820 3594 856; x_wconf 85' lang='grc' dir='ltr'><strong>η.</strong></span> <span class='ocrx_word' id='word_1_526' title='bbox 3625 805 3710 872; x_wconf 78' lang='grc'>4),</span> <span class='ocrx_word' id='word_1_527' title='bbox 3739 819 3860 856; x_wconf 87' lang='lat' dir='ltr'>cum</span> 
     </span>
    </p>
   </div>
   <div class='ocr_carea' id='block_1_70' title="bbox 2161 891 3861 962">
    <p class='ocr_par' dir='ltr' id='par_1_70' title="bbox 2161 891 3861 962">
     <span class='ocr_line' id='line_1_70' title="bbox 2161 891 3861 962; baseline -0.001 -16"><span class='ocrx_word' id='word_1_528' title='bbox 2161 892 2417 946; x_wconf 87' lang='lat' dir='ltr'>melioris</span> <span class='ocrx_word' id='word_1_529' title='bbox 2455 891 2940 962; x_wconf 88' lang='lat' dir='ltr'>interpretationis</span> <span class='ocrx_word' id='word_1_530' title='bbox 2964 891 3185 946; x_wconf 91' lang='lat' dir='ltr'>codices</span> <span class='ocrx_word' id='word_1_531' title='bbox 3215 907 3336 945; x_wconf 86' lang='lat' dir='ltr'>non</span> <span class='ocrx_word' id='word_1_532' title='bbox 3375 891 3648 957; x_wconf 88' lang='lat' dir='ltr'>habeant,</span> <span class='ocrx_word' id='word_1_533' title='bbox 3691 893 3861 960; x_wconf 83' lang='lat' dir='ltr'>pabu-</span> 
     </span>
    </p>
   </div>
   <div class='ocr_carea' id='block_1_71' title="bbox 2163 979 3863 1050">
    <p class='ocr_par' dir='ltr' id='par_1_71' title="bbox 2163 979 3863 1050">
     <span class='ocr_line' id='line_1_71' title="bbox 2163 979 3863 1050; baseline -0.001 -15"><span class='ocrx_word' id='word_1_534' title='bbox 2163 983 2310 1047; x_wconf 88' lang='lat' dir='ltr'>lum;</span> <span class='ocrx_word' id='word_1_535' title='bbox 2347 981 2464 1047; x_wconf 91' lang='lat' dir='ltr'>sed,</span> <span class='ocrx_word' id='word_1_536' title='bbox 2493 983 2708 1047; x_wconf 85' lang='lat' dir='ltr'>fenum;</span> <span class='ocrx_word' id='word_1_537' title='bbox 2741 997 2861 1035; x_wconf 89' lang='lat' dir='ltr'>non</span> <span class='ocrx_word' id='word_1_538' title='bbox 2889 979 3023 1034; x_wconf 89' lang='lat' dir='ltr'>satis</span> <span class='ocrx_word' id='word_1_539' title='bbox 3052 985 3182 1050; x_wconf 90' lang='lat' dir='ltr'>apte</span> <span class='ocrx_word' id='word_1_540' title='bbox 3214 979 3431 1034; x_wconf 90' lang='lat' dir='ltr'>dictum</span> <span class='ocrx_word' id='word_1_541' title='bbox 3464 980 3715 1034; x_wconf 83' lang='lat' dir='ltr'>videtur.</span> <span class='ocrx_word' id='word_1_542' title='bbox 3750 981 3863 1034; x_wconf 68' lang='lat' dir='ltr'>Non</span> 
     </span>
    </p>
   </div>
   <div class='ocr_carea' id='block_1_72' title="bbox 2165 1067 3862 1139">
    <p class='ocr_par' dir='ltr' id='par_1_72' title="bbox 2165 1067 3862 1139">
     <span class='ocr_line' id='line_1_72' title="bbox 2165 1067 3862 1139; baseline -0.001 -16"><span class='ocrx_word' id='word_1_543' title='bbox 2165 1070 2321 1124; x_wconf 90' lang='lat' dir='ltr'>enim</span> <span class='ocrx_word' id='word_1_544' title='bbox 2341 1068 2731 1138; x_wconf 81' lang='lat' dir='ltr'>congruitfeni</span> <span class='ocrx_word' id='word_1_545' title='bbox 2748 1084 2961 1122; x_wconf 90' lang='lat' dir='ltr'>nomen</span> <span class='ocrx_word' id='word_1_546' title='bbox 2981 1067 3386 1139; x_wconf 81' lang='lat' dir='ltr'>signiﬁcationi</span> <span class='ocrx_word' id='word_1_547' title='bbox 3401 1067 3553 1133; x_wconf 60' lang='lat' dir='ltr'>vitae,</span> <span class='ocrx_word' id='word_1_548' title='bbox 3577 1068 3862 1138; x_wconf 89' lang='lat' dir='ltr'>quomodo</span> 
     </span>
    </p>
   </div>
   <div class='ocr_carea' id='block_1_73' title="bbox 2164 1157 3866 1229">
    <p class='ocr_par' dir='ltr' id='par_1_73' title="bbox 2164 1157 3866 1229">
     <span class='ocr_line' id='line_1_73' title="bbox 2164 1157 3866 1229; baseline -0.001 -17"><span class='ocrx_word' id='word_1_549' title='bbox 2164 1158 2382 1229; x_wconf 91' lang='lat' dir='ltr'>pabuli.</span> <span class='ocrx_word' id='word_1_550' title='bbox 2416 1159 2556 1211; x_wconf 90' lang='lat' dir='ltr'>Item</span> <span class='ocrx_word' id='word_1_551' title='bbox 2582 1157 2776 1211; x_wconf 88' lang='lat' dir='ltr'>videor</span> <span class='ocrx_word' id='word_1_552' title='bbox 2807 1159 2930 1226; x_wconf 88' lang='lat' dir='ltr'>(Id.,</span> <span class='ocrx_word' id='word_1_553' title='bbox 2971 1173 3016 1211; x_wconf 84' lang='grc' dir='ltr'><strong>ο.</strong></span> <span class='ocrx_word' id='word_1_554' title='bbox 3057 1162 3111 1222; x_wconf 85' lang='grc'>5,</span> <span class='ocrx_word' id='word_1_555' title='bbox 3150 1173 3207 1211; x_wconf 88' lang='lat' dir='ltr'>n.</span> <span class='ocrx_word' id='word_1_556' title='bbox 3248 1158 3301 1226; x_wconf 84' lang='lat'>6)</span> <span class='ocrx_word' id='word_1_557' title='bbox 3334 1173 3450 1210; x_wconf 90' lang='lat' dir='ltr'>non</span> <span class='ocrx_word' id='word_1_558' title='bbox 3477 1162 3633 1210; x_wconf 90' lang='lat' dir='ltr'>recte</span> <span class='ocrx_word' id='word_1_559' title='bbox 3672 1159 3866 1227; x_wconf 87' lang='lat' dir='ltr'>appel-</span> 
     </span>
    </p>
   </div>
   <div class='ocr_carea' id='block_1_74' title="bbox 2166 1245 3867 1317">
    <p class='ocr_par' dir='ltr' id='par_1_74' title="bbox 2166 1245 3867 1317">
     <span class='ocr_line' id='line_1_74' title="bbox 2166 1245 3867 1317; baseline -0.002 -16"><span class='ocrx_word' id='word_1_560' title='bbox 2166 1250 2306 1301; x_wconf 89' lang='lat' dir='ltr'>lasse</span> <span class='ocrx_word' id='word_1_561' title='bbox 2336 1246 2506 1300; x_wconf 89' lang='lat' dir='ltr'>verba</span> <span class='ocrx_word' id='word_1_562' title='bbox 2534 1246 2867 1317; x_wconf 90' lang='lat' dir='ltr'>prophetica</span> <span class='ocrx_word' id='word_1_563' title='bbox 2897 1245 3106 1316; x_wconf 88' lang='lat' dir='ltr'>quibus</span> <span class='ocrx_word' id='word_1_564' title='bbox 3138 1245 3413 1317; x_wconf 90' lang='lat' dir='ltr'>scriptum</span> <span class='ocrx_word' id='word_1_565' title='bbox 3453 1250 3558 1308; x_wconf 87' lang='lat' dir='ltr'>est,</span> <span class='ocrx_word' id='word_1_566' title='bbox 3606 1245 3755 1311; x_wconf 69' lang='lat' dir='ltr'>Quid</span> <span class='ocrx_word' id='word_1_567' title='bbox 3783 1262 3867 1300; x_wconf 86' lang='lat' dir='ltr'>su-</span> 
     </span>
    </p>
   </div>
   <div class='ocr_carea' id='block_1_75' title="bbox 2165 1334 3867 1407">
    <p class='ocr_par' dir='ltr' id='par_1_75' title="bbox 2165 1334 3867 1407">
     <span class='ocr_line' id='line_1_75' title="bbox 2165 1334 3867 1407; baseline -0.002 -18"><span class='ocrx_word' id='word_1_568' title='bbox 2165 1337 2346 1407; x_wconf 84' lang='lat' dir='ltr'>perbit</span> <span class='ocrx_word' id='word_1_569' title='bbox 2369 1340 2516 1390; x_wconf 83' lang='lat' dir='ltr'>terra</span> <span class='ocrx_word' id='word_1_570' title='bbox 2541 1341 2590 1390; x_wconf 88' lang='lat' dir='ltr'>et</span> <span class='ocrx_word' id='word_1_571' title='bbox 2613 1338 2750 1390; x_wconf 88' lang='lat' dir='ltr'>cinis</span> <span class='ocrx_word' id='word_1_572' title='bbox 2776 1335 2966 1404; x_wconf 85' lang='lat' dir='ltr'>(Eccli.</span> <span class='ocrx_word' id='word_1_573' title='bbox 3003 1352 3058 1401; x_wconf 85' lang='lat' dir='ltr'>x,</span> <span class='ocrx_word' id='word_1_574' title='bbox 3085 1336 3141 1404; x_wconf 82' lang='lat'>9)</span> <span class='ocrx_word' id='word_1_575' title='bbox 3165 1334 3189 1386; x_wconf 78' lang='lat'>‘2</span> <span class='ocrx_word' id='word_1_576' title='bbox 3215 1335 3352 1406; x_wconf 79' lang='lat' dir='ltr'>quia</span> <span class='ocrx_word' id='word_1_577' title='bbox 3372 1334 3565 1388; x_wconf 88' lang='lat' dir='ltr'>nonin</span> <span class='ocrx_word' id='word_1_578' title='bbox 3579 1337 3705 1405; x_wconf 84' lang='lat' dir='ltr'>ejus</span> <span class='ocrx_word' id='word_1_579' title='bbox 3731 1335 3867 1388; x_wconf 84' lang='lat' dir='ltr'>libro</span> 
     </span>
    </p>
   </div>
   <div class='ocr_carea' id='block_1_76' title="bbox 2169 1424 3869 1495">
    <p class='ocr_par' dir='ltr' id='par_1_76' title="bbox 2169 1424 3869 1495">
     <span class='ocr_line' id='line_1_76' title="bbox 2169 1424 3869 1495; baseline 0 -17"><span class='ocrx_word' id='word_1_580' title='bbox 2169 1424 2398 1495; x_wconf 89' lang='lat' dir='ltr'>legitur,</span> <span class='ocrx_word' id='word_1_581' title='bbox 2430 1441 2603 1495; x_wconf 90' lang='lat' dir='ltr'>quem</span> <span class='ocrx_word' id='word_1_582' title='bbox 2633 1425 2773 1478; x_wconf 84' lang='lat' dir='ltr'>certi</span> <span class='ocrx_word' id='word_1_583' title='bbox 2804 1425 2981 1478; x_wconf 90' lang='lat' dir='ltr'>simus</span> <span class='ocrx_word' id='word_1_584' title='bbox 3025 1424 3431 1495; x_wconf 86' lang='lat' dir='ltr'>appellandum</span> <span class='ocrx_word' id='word_1_585' title='bbox 3465 1441 3588 1478; x_wconf 90' lang='lat' dir='ltr'>esse</span> <span class='ocrx_word' id='word_1_586' title='bbox 3620 1424 3869 1494; x_wconf 80' lang='lat' dir='ltr'>prophe-</span> 
     </span>
    </p>
   </div>
   <div class='ocr_carea' id='block_1_77' title="bbox 2170 1512 3872 1584">
    <p class='ocr_par' dir='ltr' id='par_1_77' title="bbox 2170 1512 3872 1584">
     <span class='ocr_line' id='line_1_77' title="bbox 2170 1512 3872 1584; baseline -0.001 -16"><span class='ocrx_word' id='word_1_587' title='bbox 2170 1520 2310 1568; x_wconf 89' lang='lat' dir='ltr'>tam.</span> <span class='ocrx_word' id='word_1_588' title='bbox 2343 1515 2455 1568; x_wconf 86' lang='lat' dir='ltr'>Nec</span> <span class='ocrx_word' id='word_1_589' title='bbox 2483 1513 2623 1568; x_wconf 90' lang='lat' dir='ltr'>illud</span> <span class='ocrx_word' id='word_1_590' title='bbox 2653 1514 2933 1584; x_wconf 86' lang='lat' dir='ltr'>Apostoli,</span> <span class='ocrx_word' id='word_1_591' title='bbox 2967 1513 3063 1567; x_wconf 91' lang='lat' dir='ltr'>ubi</span> <span class='ocrx_word' id='word_1_592' title='bbox 3097 1513 3333 1568; x_wconf 89' lang='lat' dir='ltr'>adhibet</span> <span class='ocrx_word' id='word_1_593' title='bbox 3364 1512 3767 1567; x_wconf 88' lang='lat' dir='ltr'>testimonium</span> <span class='ocrx_word' id='word_1_594' title='bbox 3809 1514 3872 1566; x_wconf 91' lang='lat' dir='ltr'>de</span> 
     </span>
    </p>
   </div>
   <div class='ocr_carea' id='block_1_78' title="bbox 2173 1602 3870 1671">
    <p class='ocr_par' dir='ltr' id='par_1_78' title="bbox 2173 1602 3870 1671">
     <span class='ocr_line' id='line_1_78' title="bbox 2173 1602 3870 1671; baseline -0.001 -15"><span class='ocrx_word' id='word_1_595' title='bbox 2173 1602 2393 1669; x_wconf 88' lang='lat' dir='ltr'>Genesi,</span> <span class='ocrx_word' id='word_1_596' title='bbox 2436 1602 2648 1668; x_wconf 90' lang='lat' dir='ltr'>dicens,</span> <span class='ocrx_word' id='word_1_597' title='bbox 2695 1605 2886 1657; x_wconf 82' lang='lat' dir='ltr'>Factus</span> <span class='ocrx_word' id='word_1_598' title='bbox 2916 1607 2993 1656; x_wconf 83' lang='lat' dir='ltr'>est</span> <span class='ocrx_word' id='word_1_599' title='bbox 3019 1605 3232 1671; x_wconf 86' lang='lat' dir='ltr'>primus</span> <span class='ocrx_word' id='word_1_600' title='bbox 3258 1603 3410 1656; x_wconf 84' lang='lat' dir='ltr'>homo</span> <span class='ocrx_word' id='word_1_601' title='bbox 3450 1602 3634 1656; x_wconf 81' lang='lat' dir='ltr'>Adam</span> <span class='ocrx_word' id='word_1_602' title='bbox 3665 1605 3724 1655; x_wconf 86' lang='lat' dir='ltr'>in</span> <span class='ocrx_word' id='word_1_603' title='bbox 3757 1605 3870 1654; x_wconf 84' lang='lat' dir='ltr'>ani-</span> 
     </span>
    </p>
   </div>
   <div class='ocr_carea' id='block_1_79' title="bbox 2173 1691 3873 1761">
    <p class='ocr_par' dir='ltr' id='par_1_79' title="bbox 2173 1691 3873 1761">
     <span class='ocr_line' id='line_1_79' title="bbox 2173 1691 3873 1761; baseline 0 -15"><span class='ocrx_word' id='word_1_604' title='bbox 2173 1708 2317 1746; x_wconf 86' lang='lat' dir='ltr'>mam</span> <span class='ocrx_word' id='word_1_605' title='bbox 2363 1693 2626 1746; x_wconf 79' lang='lat' dir='ltr'>viventem</span> <span class='ocrx_word' id='word_1_606' title='bbox 2671 1693 2708 1761; x_wconf 90' lang='lat' dir='ltr'>(l</span> <span class='ocrx_word' id='word_1_607' title='bbox 2747 1693 2864 1748; x_wconf 91' lang='lat' dir='ltr'>Cor.</span> <span class='ocrx_word' id='word_1_608' title='bbox 2910 1708 3001 1757; x_wconf 87' lang='lat' dir='ltr'>xv,</span> <span class='ocrx_word' id='word_1_609' title='bbox 3040 1693 3166 1759; x_wconf 63' lang='lat'>45);</span> <span class='ocrx_word' id='word_1_610' title='bbox 3218 1691 3362 1746; x_wconf 90' lang='lat' dir='ltr'>sicut</span> <span class='ocrx_word' id='word_1_611' title='bbox 3396 1691 3493 1745; x_wconf 89' lang='lat' dir='ltr'>ille</span> <span class='ocrx_word' id='word_1_612' title='bbox 3539 1692 3741 1756; x_wconf 81' lang='lat' dir='ltr'>voluit,</span> <span class='ocrx_word' id='word_1_613' title='bbox 3794 1693 3873 1746; x_wconf 88' lang='lat' dir='ltr'>in-</span> 
     </span>
    </p>
   </div>
   <div class='ocr_carea' id='block_1_80' title="bbox 2174 1780 3873 1851">
    <p class='ocr_par' dir='ltr' id='par_1_80' title="bbox 2174 1780 3873 1851">
     <span class='ocr_line' id='line_1_80' title="bbox 2174 1780 3873 1851; baseline 0.001 -16"><span class='ocrx_word' id='word_1_614' title='bbox 2174 1780 2388 1846; x_wconf 81' lang='lat' dir='ltr'>tellexi,</span> <span class='ocrx_word' id='word_1_615' title='bbox 2418 1796 2550 1834; x_wconf 93' lang='lat' dir='ltr'>cum</span> <span class='ocrx_word' id='word_1_616' title='bbox 2580 1796 2925 1851; x_wconf 84' lang='lat' dir='ltr'>exponerem</span> <span class='ocrx_word' id='word_1_617' title='bbox 2951 1780 3106 1850; x_wconf 90' lang='lat' dir='ltr'>quod</span> <span class='ocrx_word' id='word_1_618' title='bbox 3135 1780 3411 1850; x_wconf 84' lang='lat' dir='ltr'>scriptum</span> <span class='ocrx_word' id='word_1_619' title='bbox 3431 1784 3534 1845; x_wconf 86' lang='lat' dir='ltr'>est,</span> <span class='ocrx_word' id='word_1_620' title='bbox 3556 1782 3873 1848; x_wconf 69' lang='lat' dir='ltr'>Insui/lavit</span> 
     </span>
    </p>
   </div>
   <div class='ocr_carea' id='block_1_81' title="bbox 2175 1870 3876 1938">
    <p class='ocr_par' dir='ltr' id='par_1_81' title="bbox 2175 1870 3876 1938">
     <span class='ocr_line' id='line_1_81' title="bbox 2175 1870 3876 1938; baseline -0.002 -14"><span class='ocrx_word' id='word_1_621' title='bbox 2175 1873 2313 1924; x_wconf 85' lang='lat' dir='ltr'>Deus</span> <span class='ocrx_word' id='word_1_622' title='bbox 2335 1872 2392 1922; x_wconf 88' lang='lat' dir='ltr'>in</span> <span class='ocrx_word' id='word_1_623' title='bbox 2435 1871 2636 1936; x_wconf 86' lang='lat' dir='ltr'>faciem</span> <span class='ocrx_word' id='word_1_624' title='bbox 2675 1871 2792 1938; x_wconf 89' lang='lat' dir='ltr'>ejus</span> <span class='ocrx_word' id='word_1_625' title='bbox 2816 1873 3005 1938; x_wconf 84' lang='lat' dir='ltr'>ﬂatum</span> <span class='ocrx_word' id='word_1_626' title='bbox 3033 1871 3178 1936; x_wconf 60' lang='lat' dir='ltr'>vita,</span> <span class='ocrx_word' id='word_1_627' title='bbox 3213 1874 3263 1924; x_wconf 88' lang='lat' dir='ltr'>et</span> <span class='ocrx_word' id='word_1_628' title='bbox 3291 1870 3481 1934; x_wconf 82' lang='lat' dir='ltr'>factus</span> <span class='ocrx_word' id='word_1_629' title='bbox 3517 1875 3594 1922; x_wconf 88' lang='lat' dir='ltr'>est</span> <span class='ocrx_word' id='word_1_630' title='bbox 3644 1871 3798 1923; x_wconf 82' lang='lat' dir='ltr'>homo</span> <span class='ocrx_word' id='word_1_631' title='bbox 3824 1873 3876 1922; x_wconf 80' lang='lat' dir='ltr'>in</span> 
     </span>
    </p>
   </div>
   <div class='ocr_carea' id='block_1_82' title="bbox 2177 1959 3875 2029">
    <p class='ocr_par' dir='ltr' id='par_1_82' title="bbox 2177 1959 3875 2029">
     <span class='ocr_line' id='line_1_82' title="bbox 2177 1959 3875 2029; baseline -0.001 -17"><span class='ocrx_word' id='word_1_632' title='bbox 2177 1961 2422 2012; x_wconf 88' lang='lat' dir='ltr'>animam</span> <span class='ocrx_word' id='word_1_633' title='bbox 2450 1961 2650 2017; x_wconf 74' lang='lat' dir='ltr'>vivam.</span> <span class='ocrx_word' id='word_1_634' title='bbox 2683 1959 2792 2023; x_wconf 88' lang='lat' dir='ltr'>vel,</span> <span class='ocrx_word' id='word_1_635' title='bbox 2842 1962 2898 2012; x_wconf 88' lang='lat' dir='ltr'>in</span> <span class='ocrx_word' id='word_1_636' title='bbox 2955 1960 3195 2012; x_wconf 88' lang='lat' dir='ltr'>animam</span> <span class='ocrx_word' id='word_1_637' title='bbox 3223 1961 3486 2012; x_wconf 80' lang='lat' dir='ltr'>viventem</span> <span class='ocrx_word' id='word_1_638' title='bbox 3536 1959 3692 2029; x_wconf 85' lang='lat' dir='ltr'>(Gen.</span> <span class='ocrx_word' id='word_1_639' title='bbox 3720 1975 3779 2022; x_wconf 90' lang='lat'>11,</span> <span class='ocrx_word' id='word_1_640' title='bbox 3807 1961 3875 2019; x_wconf 65' lang='grc' dir='ltr'>τὶ.</span> 
     </span>
    </p>
   </div>
   <div class='ocr_carea' id='block_1_83' title="bbox 2177 2041 3878 2114">
    <p class='ocr_par' dir='ltr' id='par_1_83' title="bbox 2177 2041 3878 2114">
     <span class='ocr_line' id='line_1_83' title="bbox 2177 2041 3878 2114; baseline -0.001 -17"><span class='ocrx_word' id='word_1_641' title='bbox 2177 2044 2480 2114; x_wconf 83' lang='lat' dir='ltr'>Apostolus</span> <span class='ocrx_word' id='word_1_642' title='bbox 2506 2043 2661 2098; x_wconf 89' lang='lat' dir='ltr'>enim</span> <span class='ocrx_word' id='word_1_643' title='bbox 2678 2044 2745 2098; x_wconf 92' lang='lat' dir='ltr'>ad</span> <span class='ocrx_word' id='word_1_644' title='bbox 2769 2043 2872 2097; x_wconf 91' lang='lat' dir='ltr'>hoc</span> <span class='ocrx_word' id='word_1_645' title='bbox 2909 2043 3172 2097; x_wconf 88' lang='lat' dir='ltr'>adhibuit</span> <span class='ocrx_word' id='word_1_646' title='bbox 3213 2042 3356 2096; x_wconf 91' lang='lat' dir='ltr'>illud</span> <span class='ocrx_word' id='word_1_647' title='bbox 3380 2041 3804 2110; x_wconf 87' lang='lat' dir='ltr'>testimonium,</span> <span class='ocrx_word' id='word_1_648' title='bbox 3825 2048 3878 2095; x_wconf 88' lang='lat' dir='ltr'>ut</span> 
     </span>
    </p>
   </div>
   <div class='ocr_carea' id='block_1_84' title="bbox 2178 2133 3880 2204">
    <p class='ocr_par' dir='ltr' id='par_1_84' title="bbox 2178 2133 3880 2204">
     <span class='ocr_line' id='line_1_84' title="bbox 2178 2133 3880 2204; baseline -0.001 -18"><span class='ocrx_word' id='word_1_649' title='bbox 2178 2133 2452 2204; x_wconf 88' lang='lat' dir='ltr'>probaret</span> <span class='ocrx_word' id='word_1_650' title='bbox 2479 2149 2601 2187; x_wconf 90' lang='lat' dir='ltr'>esse</span> <span class='ocrx_word' id='word_1_651' title='bbox 2630 2149 2836 2203; x_wconf 90' lang='lat' dir='ltr'>corpus</span> <span class='ocrx_word' id='word_1_652' title='bbox 2865 2133 3116 2186; x_wconf 90' lang='lat' dir='ltr'>animale</span> <span class='ocrx_word' id='word_1_653' title='bbox 3139 2148 3153 2186; x_wconf 92' lang='lat'>:</span> <span class='ocrx_word' id='word_1_654' title='bbox 3174 2148 3280 2202; x_wconf 87' lang='lat' dir='ltr'>ego</span> <span class='ocrx_word' id='word_1_655' title='bbox 3308 2137 3499 2186; x_wconf 90' lang='lat' dir='ltr'>autem</span> <span class='ocrx_word' id='word_1_656' title='bbox 3529 2133 3665 2187; x_wconf 89' lang='lat' dir='ltr'>hinc</span> <span class='ocrx_word' id='word_1_657' title='bbox 3691 2133 3880 2203; x_wconf 82' lang='lat' dir='ltr'>putavi</span> 
     </span>
    </p>
   </div>
   <div class='ocr_carea' id='block_1_85' title="bbox 2180 2221 3879 2291">
    <p class='ocr_par' dir='ltr' id='par_1_85' title="bbox 2180 2221 3879 2291">
     <span class='ocr_line' id='line_1_85' title="bbox 2180 2221 3879 2291; baseline 0 -16"><span class='ocrx_word' id='word_1_658' title='bbox 2180 2238 2302 2276; x_wconf 92' lang='lat' dir='ltr'>esse</span> <span class='ocrx_word' id='word_1_659' title='bbox 2331 2222 2789 2290; x_wconf 86' lang='lat' dir='ltr'>monstrandum,</span> <span class='ocrx_word' id='word_1_660' title='bbox 2823 2221 3130 2276; x_wconf 88' lang='lat' dir='ltr'>animalem</span> <span class='ocrx_word' id='word_1_661' title='bbox 3162 2222 3368 2275; x_wconf 87' lang='lat' dir='ltr'>factum</span> <span class='ocrx_word' id='word_1_662' title='bbox 3384 2221 3542 2291; x_wconf 81' lang='lat' dir='ltr'>prius</span> <span class='ocrx_word' id='word_1_663' title='bbox 3566 2222 3879 2286; x_wconf 87' lang='lat' dir='ltr'>hominem,</span> 
     </span>
    </p>
   </div>
   <div class='ocr_carea' id='block_1_86' title="bbox 2183 2309 3882 2380">
    <p class='ocr_par' dir='ltr' id='par_1_86' title="bbox 2183 2309 3882 2380">
     <span class='ocr_line' id='line_1_86' title="bbox 2183 2309 3882 2380; baseline -0.001 -16"><span class='ocrx_word' id='word_1_664' title='bbox 2183 2327 2298 2365; x_wconf 91' lang='lat' dir='ltr'>non</span> <span class='ocrx_word' id='word_1_665' title='bbox 2327 2326 2531 2380; x_wconf 90' lang='lat' dir='ltr'>corpus</span> <span class='ocrx_word' id='word_1_666' title='bbox 2560 2309 2811 2364; x_wconf 90' lang='lat' dir='ltr'>hominis</span> <span class='ocrx_word' id='word_1_667' title='bbox 2841 2309 3031 2363; x_wconf 90' lang='lat' dir='ltr'>solum</span> <span class='ocrx_word' id='word_1_668' title='bbox 3059 2310 3202 2380; x_wconf 90' lang='lat' dir='ltr'>(Lib.</span> <span class='ocrx_word' id='word_1_669' title='bbox 3231 2313 3284 2375; x_wconf 90' lang='lat'>2,</span> <span class='ocrx_word' id='word_1_670' title='bbox 3321 2325 3366 2364; x_wconf 94' lang='lat' dir='ltr'>c.</span> <span class='ocrx_word' id='word_1_671' title='bbox 3396 2314 3448 2376; x_wconf 92' lang='lat'>8,</span> <span class='ocrx_word' id='word_1_672' title='bbox 3479 2325 3535 2364; x_wconf 82' lang='grc' dir='ltr'><strong>η.</strong></span> <span class='ocrx_word' id='word_1_673' title='bbox 3576 2312 3690 2378; x_wconf 87' lang='grc'><strong>10).</strong></span> <span class='ocrx_word' id='word_1_674' title='bbox 3723 2310 3882 2373; x_wconf 88' lang='lat' dir='ltr'>Quod</span> 
     </span>
    </p>
   </div>
   <div class='ocr_carea' id='block_1_87' title="bbox 2183 2399 3879 2468">
    <p class='ocr_par' dir='ltr' id='par_1_87' title="bbox 2183 2399 3879 2468">
     <span class='ocr_line' id='line_1_87' title="bbox 2183 2399 3879 2468; baseline -0.002 -14"><span class='ocrx_word' id='word_1_675' title='bbox 2183 2403 2376 2454; x_wconf 88' lang='lat' dir='ltr'>autem</span> <span class='ocrx_word' id='word_1_676' title='bbox 2401 2399 2536 2466; x_wconf 91' lang='lat' dir='ltr'>dixi,</span> <span class='ocrx_word' id='word_1_677' title='bbox 2570 2401 2709 2454; x_wconf 86' lang='lat' dir='ltr'>nulli</span> <span class='ocrx_word' id='word_1_678' title='bbox 2748 2404 2958 2453; x_wconf 80' lang='lat' dir='ltr'>natura:</span> <span class='ocrx_word' id='word_1_679' title='bbox 3001 2415 3182 2453; x_wconf 85' lang='lat' dir='ltr'>nocere</span> <span class='ocrx_word' id='word_1_680' title='bbox 3205 2404 3428 2468; x_wconf 84' lang='lat' dir='ltr'>peccata</span> <span class='ocrx_word' id='word_1_681' title='bbox 3459 2401 3571 2453; x_wconf 85' lang='lat' dir='ltr'>nisi</span> <span class='ocrx_word' id='word_1_682' title='bbox 3610 2414 3714 2452; x_wconf 87' lang='lat' dir='ltr'>sua</span> <span class='ocrx_word' id='word_1_683' title='bbox 3759 2399 3879 2465; x_wconf 84' lang='lat' dir='ltr'>(Id.,</span> 
     </span>
    </p>
   </div>
   <div class='ocr_carea' id='block_1_88' title="bbox 2184 2487 3882 2558">
    <p class='ocr_par' dir='ltr' id='par_1_88' title="bbox 2184 2487 3882 2558">
     <span class='ocr_line' id='line_1_88' title="bbox 2184 2487 3882 2558; baseline -0.001 -17"><span class='ocrx_word' id='word_1_684' title='bbox 2184 2504 2229 2542; x_wconf 91' lang='lat' dir='ltr'>c.</span> <span class='ocrx_word' id='word_1_685' title='bbox 2263 2491 2352 2554; x_wconf 80' lang='grc'>29,</span> <span class='ocrx_word' id='word_1_686' title='bbox 2381 2504 2437 2542; x_wconf 88' lang='lat' dir='ltr'>n.</span> <span class='ocrx_word' id='word_1_687' title='bbox 2463 2487 2582 2557; x_wconf 83' lang='grc'>43),</span> <span class='ocrx_word' id='word_1_688' title='bbox 2611 2487 2740 2542; x_wconf 92' lang='lat' dir='ltr'>ideo</span> <span class='ocrx_word' id='word_1_689' title='bbox 2769 2487 2908 2553; x_wconf 84' lang='lat' dir='ltr'>dixi,</span> <span class='ocrx_word' id='word_1_690' title='bbox 2943 2488 3217 2558; x_wconf 89' lang='lat' dir='ltr'>quoniam</span> <span class='ocrx_word' id='word_1_691' title='bbox 3241 2487 3397 2557; x_wconf 86' lang='lat' dir='ltr'>justo</span> <span class='ocrx_word' id='word_1_692' title='bbox 3427 2487 3528 2558; x_wconf 88' lang='lat' dir='ltr'>qui</span> <span class='ocrx_word' id='word_1_693' title='bbox 3553 2492 3742 2553; x_wconf 90' lang='lat' dir='ltr'>nocet,</span> <span class='ocrx_word' id='word_1_694' title='bbox 3776 2504 3882 2540; x_wconf 92' lang='lat' dir='ltr'>non</span> 
     </span>
    </p>
   </div>
   <div class='ocr_carea' id='block_1_89' title="bbox 2187 2575 3884 2648">
    <p class='ocr_par' dir='ltr' id='par_1_89' title="bbox 2187 2575 3884 2648">
     <span class='ocr_line' id='line_1_89' title="bbox 2187 2575 3884 2648; baseline 0 -20"><span class='ocrx_word' id='word_1_695' title='bbox 2187 2575 2239 2629; x_wconf 92' lang='lat' dir='ltr'>ei</span> <span class='ocrx_word' id='word_1_696' title='bbox 2267 2591 2396 2629; x_wconf 91' lang='lat' dir='ltr'>vere</span> <span class='ocrx_word' id='word_1_697' title='bbox 2426 2580 2610 2642; x_wconf 92' lang='lat' dir='ltr'>nocet,</span> <span class='ocrx_word' id='word_1_698' title='bbox 2661 2576 3127 2648; x_wconf 89' lang='lat' dir='ltr'>quandoquidem</span> <span class='ocrx_word' id='word_1_699' title='bbox 3185 2575 3355 2629; x_wconf 91' lang='lat' dir='ltr'>etiam</span> <span class='ocrx_word' id='word_1_700' title='bbox 3390 2576 3715 2630; x_wconf 89' lang='lat' dir='ltr'>mercedem</span> <span class='ocrx_word' id='word_1_701' title='bbox 3771 2577 3884 2646; x_wconf 77' lang='lat' dir='ltr'>ejus</span> 
     </span>
    </p>
   </div>
   <div class='ocr_carea' id='block_1_90' title="bbox 2188 2664 3889 2736">
    <p class='ocr_par' dir='ltr' id='par_1_90' title="bbox 2188 2664 3889 2736">
     <span class='ocr_line' id='line_1_90' title="bbox 2188 2664 3889 2736; baseline -0.001 -18"><span class='ocrx_word' id='word_1_702' title='bbox 2188 2668 2357 2735; x_wconf 90' lang='lat' dir='ltr'>auget</span> <span class='ocrx_word' id='word_1_703' title='bbox 2385 2666 2446 2718; x_wconf 89' lang='lat' dir='ltr'>in</span> <span class='ocrx_word' id='word_1_704' title='bbox 2475 2664 2628 2719; x_wconf 82' lang='lat' dir='ltr'>caelis</span> <span class='ocrx_word' id='word_1_705' title='bbox 2660 2682 2672 2719; x_wconf 95' lang='lat'>:</span> <span class='ocrx_word' id='word_1_706' title='bbox 2707 2664 2814 2718; x_wconf 89' lang='lat' dir='ltr'>sibi</span> <span class='ocrx_word' id='word_1_707' title='bbox 2842 2670 3035 2719; x_wconf 90' lang='lat' dir='ltr'>autem</span> <span class='ocrx_word' id='word_1_708' title='bbox 3056 2665 3339 2736; x_wconf 90' lang='lat' dir='ltr'>peccando</span> <span class='ocrx_word' id='word_1_709' title='bbox 3364 2681 3494 2719; x_wconf 86' lang='lat' dir='ltr'>vere</span> <span class='ocrx_word' id='word_1_710' title='bbox 3521 2671 3728 2731; x_wconf 86' lang='lat' dir='ltr'>nocet;</span> <span class='ocrx_word' id='word_1_711' title='bbox 3762 2665 3889 2736; x_wconf 86' lang='lat' dir='ltr'>quia</span> 
     </span>
    </p>
   </div>
   <div class='ocr_carea' id='block_1_91' title="bbox 2187 2753 3888 2824">
    <p class='ocr_par' dir='ltr' id='par_1_91' title="bbox 2187 2753 3888 2824">
     <span class='ocr_line' id='line_1_91' title="bbox 2187 2753 3888 2824; baseline 0.001 -18"><span class='ocrx_word' id='word_1_712' title='bbox 2187 2758 2426 2823; x_wconf 90' lang='lat' dir='ltr'>propter</span> <span class='ocrx_word' id='word_1_713' title='bbox 2453 2753 2636 2823; x_wconf 90' lang='lat' dir='ltr'>ipsam</span> <span class='ocrx_word' id='word_1_714' title='bbox 2667 2755 3021 2808; x_wconf 88' lang='lat' dir='ltr'>voluntatem</span> <span class='ocrx_word' id='word_1_715' title='bbox 3050 2754 3293 2808; x_wconf 90' lang='lat' dir='ltr'>nocendi</span> <span class='ocrx_word' id='word_1_716' title='bbox 3339 2753 3577 2824; x_wconf 90' lang='lat' dir='ltr'>recipiet</span> <span class='ocrx_word' id='word_1_717' title='bbox 3623 2754 3700 2820; x_wconf 89' lang='lat' dir='ltr'>id,</span> <span class='ocrx_word' id='word_1_718' title='bbox 3746 2754 3888 2824; x_wconf 85' lang='lat' dir='ltr'>quod</span> 
     </span>
    </p>
   </div>
   <div class='ocr_carea' id='block_1_92' title="bbox 2190 2843 3891 2913">
    <p class='ocr_par' dir='ltr' id='par_1_92' title="bbox 2190 2843 3891 2913">
     <span class='ocr_line' id='line_1_92' title="bbox 2190 2843 3891 2913; baseline -0.001 -16"><span class='ocrx_word' id='word_1_719' title='bbox 2190 2843 2405 2897; x_wconf 90' lang='lat' dir='ltr'>nocuit.</span> <span class='ocrx_word' id='word_1_720' title='bbox 2449 2844 2691 2897; x_wconf 89' lang='lat' dir='ltr'>Possunt</span> <span class='ocrx_word' id='word_1_721' title='bbox 2719 2859 2852 2897; x_wconf 86' lang='lat' dir='ltr'>sane</span> <span class='ocrx_word' id='word_1_722' title='bbox 2884 2843 3178 2912; x_wconf 89' lang='lat' dir='ltr'>Pelagiani</span> <span class='ocrx_word' id='word_1_723' title='bbox 3231 2843 3298 2897; x_wconf 88' lang='lat' dir='ltr'>ad</span> <span class='ocrx_word' id='word_1_724' title='bbox 3351 2859 3521 2896; x_wconf 88' lang='lat' dir='ltr'>suum</span> <span class='ocrx_word' id='word_1_725' title='bbox 3549 2843 3763 2913; x_wconf 87' lang='lat' dir='ltr'>dogma</span> <span class='ocrx_word' id='word_1_726' title='bbox 3791 2848 3891 2896; x_wconf 85' lang='lat' dir='ltr'>tra-</span> 
     </span>
    </p>
   </div>
   <div class='ocr_carea' id='block_1_93' title="bbox 2190 2931 3893 3001">
    <p class='ocr_par' dir='ltr' id='par_1_93' title="bbox 2190 2931 3893 3001">
     <span class='ocr_line' id='line_1_93' title="bbox 2190 2931 3893 3001; baseline 0 -16"><span class='ocrx_word' id='word_1_727' title='bbox 2190 2932 2327 2986; x_wconf 88' lang='lat' dir='ltr'>here</span> <span class='ocrx_word' id='word_1_728' title='bbox 2357 2931 2525 2985; x_wconf 90' lang='lat' dir='ltr'>istam</span> <span class='ocrx_word' id='word_1_729' title='bbox 2548 2931 2908 2998; x_wconf 90' lang='lat' dir='ltr'>sententiam,</span> <span class='ocrx_word' id='word_1_730' title='bbox 2944 2938 3001 2986; x_wconf 87' lang='lat' dir='ltr'>et</span> <span class='ocrx_word' id='word_1_731' title='bbox 3031 2931 3159 2985; x_wconf 89' lang='lat' dir='ltr'>ideo</span> <span class='ocrx_word' id='word_1_732' title='bbox 3189 2931 3397 2994; x_wconf 89' lang='lat' dir='ltr'>dicere,</span> <span class='ocrx_word' id='word_1_733' title='bbox 3432 2932 3687 3001; x_wconf 89' lang='lat' dir='ltr'>parvulis</span> <span class='ocrx_word' id='word_1_734' title='bbox 3712 2933 3893 2985; x_wconf 86' lang='lat' dir='ltr'>aliena</span> 
     </span>
    </p>
   </div>
   <div class='ocr_carea' id='block_1_94' title="bbox 2193 3019 3892 3091">
    <p class='ocr_par' dir='ltr' id='par_1_94' title="bbox 2193 3019 3892 3091">
     <span class='ocr_line' id='line_1_94' title="bbox 2193 3019 3892 3091; baseline -0.001 -16"><span class='ocrx_word' id='word_1_735' title='bbox 2193 3038 2310 3075; x_wconf 90' lang='lat' dir='ltr'>non</span> <span class='ocrx_word' id='word_1_736' title='bbox 2364 3020 2624 3075; x_wconf 90' lang='lat' dir='ltr'>nocuisse</span> <span class='ocrx_word' id='word_1_737' title='bbox 2661 3025 2912 3091; x_wconf 88' lang='lat' dir='ltr'>peccata,</span> <span class='ocrx_word' id='word_1_738' title='bbox 2959 3019 3094 3090; x_wconf 89' lang='lat' dir='ltr'>quia</span> <span class='ocrx_word' id='word_1_739' title='bbox 3135 3020 3268 3084; x_wconf 81' lang='lat' dir='ltr'>dixi,</span> <span class='ocrx_word' id='word_1_740' title='bbox 3311 3021 3454 3074; x_wconf 86' lang='lat' dir='ltr'>nulli</span> <span class='ocrx_word' id='word_1_741' title='bbox 3475 3026 3690 3075; x_wconf 74' lang='lat' dir='ltr'>natura:</span> <span class='ocrx_word' id='word_1_742' title='bbox 3718 3037 3892 3074; x_wconf 77' lang='lat' dir='ltr'>nocere</span> 
     </span>
    </p>
   </div>
   <div class='ocr_carea' id='block_1_95' title="bbox 2189 3109 3895 3180">
    <p class='ocr_par' dir='ltr' id='par_1_95' title="bbox 2189 3109 3895 3180">
     <span class='ocr_line' id='line_1_95' title="bbox 2189 3109 3895 3180; baseline -0.001 -16"><span class='ocrx_word' id='word_1_743' title='bbox 2189 3115 2413 3180; x_wconf 87' lang='lat' dir='ltr'>peccata</span> <span class='ocrx_word' id='word_1_744' title='bbox 2440 3112 2551 3164; x_wconf 85' lang='lat' dir='ltr'>nisi</span> <span class='ocrx_word' id='word_1_745' title='bbox 2579 3125 2712 3174; x_wconf 90' lang='lat' dir='ltr'>sua;</span> <span class='ocrx_word' id='word_1_746' title='bbox 2747 3126 2864 3163; x_wconf 89' lang='lat' dir='ltr'>non</span> <span class='ocrx_word' id='word_1_747' title='bbox 2896 3109 3186 3163; x_wconf 90' lang='lat' dir='ltr'>intuentes</span> <span class='ocrx_word' id='word_1_748' title='bbox 3200 3109 3327 3163; x_wconf 91' lang='lat' dir='ltr'>ideo</span> <span class='ocrx_word' id='word_1_749' title='bbox 3345 3111 3638 3180; x_wconf 85' lang='lat' dir='ltr'>parvulus,</span> <span class='ocrx_word' id='word_1_750' title='bbox 3671 3111 3774 3180; x_wconf 89' lang='lat' dir='ltr'>qui</span> <span class='ocrx_word' id='word_1_751' title='bbox 3798 3109 3895 3163; x_wconf 84' lang='lat' dir='ltr'>uti-</span> 
     </span>
    </p>
   </div>
   <div class='ocr_carea' id='block_1_96' title="bbox 2195 3198 3894 3269">
    <p class='ocr_par' dir='ltr' id='par_1_96' title="bbox 2195 3198 3894 3269">
     <span class='ocr_line' id='line_1_96' title="bbox 2195 3198 3894 3269; baseline -0.001 -17"><span class='ocrx_word' id='word_1_752' title='bbox 2195 3215 2307 3269; x_wconf 89' lang='lat' dir='ltr'>que</span> <span class='ocrx_word' id='word_1_753' title='bbox 2327 3199 2617 3268; x_wconf 88' lang='lat' dir='ltr'>pertinent</span> <span class='ocrx_word' id='word_1_754' title='bbox 2633 3198 2705 3252; x_wconf 88' lang='lat' dir='ltr'>ad</span> <span class='ocrx_word' id='word_1_755' title='bbox 2725 3199 3038 3252; x_wconf 88' lang='lat' dir='ltr'>humanam</span> <span class='ocrx_word' id='word_1_756' title='bbox 3063 3203 3351 3264; x_wconf 88' lang='lat' dir='ltr'>naturam,</span> <span class='ocrx_word' id='word_1_757' title='bbox 3375 3199 3602 3252; x_wconf 89' lang='lat' dir='ltr'>trahere</span> <span class='ocrx_word' id='word_1_758' title='bbox 3627 3199 3894 3269; x_wconf 86' lang='lat' dir='ltr'>originale</span> 
     </span>
    </p>
   </div>
   <div class='ocr_carea' id='block_1_97' title="bbox 2197 3287 3895 3359">
    <p class='ocr_par' dir='ltr' id='par_1_97' title="bbox 2197 3287 3895 3359">
     <span class='ocr_line' id='line_1_97' title="bbox 2197 3287 3895 3359; baseline 0 -19"><span class='ocrx_word' id='word_1_759' title='bbox 2197 3293 2513 3359; x_wconf 87' lang='lat' dir='ltr'>peccatum,</span> <span class='ocrx_word' id='word_1_760' title='bbox 2549 3288 2685 3359; x_wconf 90' lang='lat' dir='ltr'>quia</span> <span class='ocrx_word' id='word_1_761' title='bbox 2714 3288 2772 3341; x_wconf 91' lang='lat' dir='ltr'>in</span> <span class='ocrx_word' id='word_1_762' title='bbox 2802 3287 3006 3358; x_wconf 89' lang='lat' dir='ltr'>primis</span> <span class='ocrx_word' id='word_1_763' title='bbox 3037 3287 3370 3342; x_wconf 91' lang='lat' dir='ltr'>hominibus</span> <span class='ocrx_word' id='word_1_764' title='bbox 3401 3294 3609 3341; x_wconf 87' lang='lat' dir='ltr'>natura</span> <span class='ocrx_word' id='word_1_765' title='bbox 3651 3288 3895 3342; x_wconf 86' lang='lat' dir='ltr'>humana</span> 
     </span>
    </p>
   </div>
   <div class='ocr_carea' id='block_1_98' title="bbox 2195 3376 3894 3447">
    <p class='ocr_par' dir='ltr' id='par_1_98' title="bbox 2195 3376 3894 3447">
     <span class='ocr_line' id='line_1_98' title="bbox 2195 3376 3894 3447; baseline -0.002 -15"><span class='ocrx_word' id='word_1_766' title='bbox 2195 3376 2468 3447; x_wconf 89' lang='lat' dir='ltr'>peccavit,</span> <span class='ocrx_word' id='word_1_767' title='bbox 2522 3393 2586 3430; x_wconf 91' lang='lat' dir='ltr'>ac</span> <span class='ocrx_word' id='word_1_768' title='bbox 2616 3393 2719 3446; x_wconf 91' lang='lat' dir='ltr'>per</span> <span class='ocrx_word' id='word_1_769' title='bbox 2757 3377 2865 3430; x_wconf 91' lang='lat' dir='ltr'>hoc</span> <span class='ocrx_word' id='word_1_770' title='bbox 2895 3381 3112 3430; x_wconf 62' lang='lat' dir='ltr'>naturae</span> <span class='ocrx_word' id='word_1_771' title='bbox 3143 3377 3417 3430; x_wconf 74' lang='lat' dir='ltr'>humanae</span> <span class='ocrx_word' id='word_1_772' title='bbox 3449 3378 3609 3430; x_wconf 80' lang='lat' dir='ltr'>nulla</span> <span class='ocrx_word' id='word_1_773' title='bbox 3660 3393 3894 3431; x_wconf 83' lang='lat' dir='ltr'>nocuere</span> 
     </span>
    </p>
   </div>
   <div class='ocr_carea' id='block_1_99' title="bbox 2196 3464 3894 3536">
    <p class='ocr_par' dir='ltr' id='par_1_99' title="bbox 2196 3464 3894 3536">
     <span class='ocr_line' id='line_1_99' title="bbox 2196 3464 3894 3536; baseline -0.001 -17"><span class='ocrx_word' id='word_1_774' title='bbox 2196 3469 2443 3536; x_wconf 89' lang='lat' dir='ltr'>peccata,</span> <span class='ocrx_word' id='word_1_775' title='bbox 2478 3464 2588 3518; x_wconf 92' lang='lat' dir='ltr'>nisi</span> <span class='ocrx_word' id='word_1_776' title='bbox 2619 3481 2738 3518; x_wconf 90' lang='lat' dir='ltr'>sua.</span> <span class='ocrx_word' id='word_1_777' title='bbox 2765 3467 2872 3519; x_wconf 87' lang='lat' dir='ltr'>Per</span> <span class='ocrx_word' id='word_1_778' title='bbox 2899 3481 3078 3518; x_wconf 90' lang='lat' dir='ltr'>unum</span> <span class='ocrx_word' id='word_1_779' title='bbox 3109 3465 3323 3536; x_wconf 89' lang='lat' dir='ltr'>quippe</span> <span class='ocrx_word' id='word_1_780' title='bbox 3349 3465 3671 3530; x_wconf 89' lang='lat' dir='ltr'>hominem,</span> <span class='ocrx_word' id='word_1_781' title='bbox 3703 3466 3762 3520; x_wconf 89' lang='lat' dir='ltr'>in</span> <span class='ocrx_word' id='word_1_782' title='bbox 3793 3482 3894 3536; x_wconf 89' lang='lat' dir='ltr'>quo</span> 
     </span>
    </p>
   </div>
   <div class='ocr_carea' id='block_1_100' title="bbox 2201 3553 3892 3624">
    <p class='ocr_par' dir='ltr' id='par_1_100' title="bbox 2201 3553 3892 3624">
     <span class='ocr_line' id='line_1_100' title="bbox 2201 3553 3892 3624; baseline 0.001 -16"><span class='ocrx_word' id='word_1_783' title='bbox 2201 3570 2402 3608; x_wconf 90' lang='lat' dir='ltr'>omnes</span> <span class='ocrx_word' id='word_1_784' title='bbox 2460 3557 2856 3624; x_wconf 89' lang='lat' dir='ltr'>peccaverunt,</span> <span class='ocrx_word' id='word_1_785' title='bbox 2901 3558 3197 3624; x_wconf 91' lang='lat' dir='ltr'>peccatum</span> <span class='ocrx_word' id='word_1_786' title='bbox 3258 3553 3491 3608; x_wconf 85' lang='lat' dir='ltr'>intravit</span> <span class='ocrx_word' id='word_1_787' title='bbox 3530 3555 3592 3608; x_wconf 92' lang='lat' dir='ltr'>in</span> <span class='ocrx_word' id='word_1_788' title='bbox 3624 3555 3892 3609; x_wconf 88' lang='lat' dir='ltr'>mundum</span> 
     </span>
    </p>
   </div>
   <div class='ocr_carea' id='block_1_101' title="bbox 2202 3641 3894 3712">
    <p class='ocr_par' dir='ltr' id='par_1_101' title="bbox 2202 3641 3894 3712">
     <span class='ocr_line' id='line_1_101' title="bbox 2202 3641 3894 3712; baseline -0.002 -13"><span class='ocrx_word' id='word_1_789' title='bbox 2202 3646 2369 3712; x_wconf 87' lang='lat' dir='ltr'>(Rom.</span> <span class='ocrx_word' id='word_1_790' title='bbox 2401 3659 2455 3709; x_wconf 90' lang='lat' dir='ltr'>v,</span> <span class='ocrx_word' id='word_1_791' title='bbox 2493 3643 2606 3712; x_wconf 79' lang='lat' dir='ltr'>l2):</span> <span class='ocrx_word' id='word_1_792' title='bbox 2658 3659 2774 3696; x_wconf 90' lang='lat' dir='ltr'>non</span> <span class='ocrx_word' id='word_1_793' title='bbox 2805 3641 2958 3696; x_wconf 91' lang='lat' dir='ltr'>enim</span> <span class='ocrx_word' id='word_1_794' title='bbox 3000 3643 3142 3697; x_wconf 90' lang='lat' dir='ltr'>nulli</span> <span class='ocrx_word' id='word_1_795' title='bbox 3182 3643 3426 3709; x_wconf 90' lang='lat' dir='ltr'>homini,</span> <span class='ocrx_word' id='word_1_796' title='bbox 3478 3643 3579 3697; x_wconf 91' lang='lat' dir='ltr'>sed</span> <span class='ocrx_word' id='word_1_797' title='bbox 3614 3645 3760 3698; x_wconf 88' lang='lat' dir='ltr'>nulli</span> <span class='ocrx_word' id='word_1_798' title='bbox 3805 3660 3894 3697; x_wconf 87' lang='lat' dir='ltr'>na-</span> 
     </span>
    </p>
   </div>
   <div class='ocr_carea' id='block_1_102' title="bbox 2201 3730 3896 3803">
    <p class='ocr_par' dir='ltr' id='par_1_102' title="bbox 2201 3730 3896 3803">
     <span class='ocr_line' id='line_1_102' title="bbox 2201 3730 3896 3803; baseline -0.001 -18"><span class='ocrx_word' id='word_1_799' title='bbox 2201 3736 2345 3785; x_wconf 67' lang='lat' dir='ltr'>tura:</span> <span class='ocrx_word' id='word_1_800' title='bbox 2375 3730 2491 3785; x_wconf 86' lang='lat' dir='ltr'>dixi</span> <span class='ocrx_word' id='word_1_801' title='bbox 2521 3735 2750 3801; x_wconf 89' lang='lat' dir='ltr'>peccata</span> <span class='ocrx_word' id='word_1_802' title='bbox 2790 3747 3016 3796; x_wconf 88' lang='lat' dir='ltr'>nocere,</span> <span class='ocrx_word' id='word_1_803' title='bbox 3066 3731 3174 3784; x_wconf 91' lang='lat' dir='ltr'>nisi</span> <span class='ocrx_word' id='word_1_804' title='bbox 3209 3747 3330 3784; x_wconf 88' lang='lat' dir='ltr'>sua.</span> <span class='ocrx_word' id='word_1_805' title='bbox 3364 3732 3506 3785; x_wconf 86' lang='lat' dir='ltr'>Item</span> <span class='ocrx_word' id='word_1_806' title='bbox 3552 3731 3612 3786; x_wconf 91' lang='lat' dir='ltr'>in</span> <span class='ocrx_word' id='word_1_807' title='bbox 3660 3749 3728 3785; x_wconf 91' lang='lat' dir='ltr'>eo</span> <span class='ocrx_word' id='word_1_808' title='bbox 3758 3731 3896 3803; x_wconf 88' lang='lat' dir='ltr'>quod</span> 
     </span>
    </p>
   </div>
   <div class='ocr_carea' id='block_1_103' title="bbox 2201 3819 3898 3890">
    <p class='ocr_par' dir='ltr' id='par_1_103' title="bbox 2201 3819 3898 3890">
     <span class='ocr_line' id='line_1_103' title="bbox 2201 3819 3898 3890; baseline -0.001 -17"><span class='ocrx_word' id='word_1_809' title='bbox 2201 3821 2372 3890; x_wconf 91' lang='lat' dir='ltr'>paulo</span> <span class='ocrx_word' id='word_1_810' title='bbox 2401 3825 2530 3890; x_wconf 91' lang='lat' dir='ltr'>post</span> <span class='ocrx_word' id='word_1_811' title='bbox 2575 3819 2690 3874; x_wconf 84' lang='lat' dir='ltr'>dixi</span> <span class='ocrx_word' id='word_1_812' title='bbox 2721 3821 2945 3875; x_wconf 84' lang='lat' dir='ltr'>Nullum</span> <span class='ocrx_word' id='word_1_813' title='bbox 2996 3834 3106 3873; x_wconf 81' lang='lat' dir='ltr'>esse</span> <span class='ocrx_word' id='word_1_814' title='bbox 3154 3821 3358 3873; x_wconf 90' lang='lat' dir='ltr'>malum</span> <span class='ocrx_word' id='word_1_815' title='bbox 3397 3822 3652 3874; x_wconf 80' lang='lat' dir='ltr'>naturale</span> <span class='ocrx_word' id='word_1_816' title='bbox 3685 3821 3820 3888; x_wconf 88' lang='lat' dir='ltr'>(Lib.</span> <span class='ocrx_word' id='word_1_817' title='bbox 3849 3823 3898 3885; x_wconf 81' lang='lat'>2,</span> 
     </span>
    </p>
   </div>
   <div class='ocr_carea' id='block_1_104' title="bbox 2201 3907 3900 3979">
    <p class='ocr_par' dir='ltr' id='par_1_104' title="bbox 2201 3907 3900 3979">
     <span class='ocr_line' id='line_1_104' title="bbox 2201 3907 3900 3979; baseline -0.002 -16"><span class='ocrx_word' id='word_1_818' title='bbox 2201 3926 2248 3963; x_wconf 91' lang='lat' dir='ltr'>c.</span> <span class='ocrx_word' id='word_1_819' title='bbox 2281 3912 2347 3963; x_wconf 88' lang='lat'>29</span> <span class='ocrx_word' id='word_1_820' title='bbox 2388 3925 2442 3962; x_wconf 90' lang='lat' dir='ltr'>n.</span> <span class='ocrx_word' id='word_1_821' title='bbox 2476 3909 2586 3976; x_wconf 72' lang='lat'>43),</span> <span class='ocrx_word' id='word_1_822' title='bbox 2629 3913 2865 3978; x_wconf 90' lang='lat' dir='ltr'>possunt</span> <span class='ocrx_word' id='word_1_823' title='bbox 2893 3924 3143 3979; x_wconf 78' lang='lat' dir='ltr'>qumrere</span> <span class='ocrx_word' id='word_1_824' title='bbox 3189 3908 3434 3962; x_wconf 90' lang='lat' dir='ltr'>similem</span> <span class='ocrx_word' id='word_1_825' title='bbox 3468 3908 3771 3974; x_wconf 87' lang='lat' dir='ltr'>latebram,</span> <span class='ocrx_word' id='word_1_826' title='bbox 3803 3907 3900 3962; x_wconf 86' lang='lat' dir='ltr'>nisi</span> 
     </span>
    </p>
   </div>
   <div class='ocr_carea' id='block_1_105' title="bbox 2202 3996 3901 4067">
    <p class='ocr_par' dir='ltr' id='par_1_105' title="bbox 2202 3996 3901 4067">
     <span class='ocr_line' id='line_1_105' title="bbox 2202 3996 3901 4067; baseline -0.002 -15"><span class='ocrx_word' id='word_1_827' title='bbox 2202 3999 2311 4052; x_wconf 90' lang='lat' dir='ltr'>hoc</span> <span class='ocrx_word' id='word_1_828' title='bbox 2341 3999 2555 4052; x_wconf 91' lang='lat' dir='ltr'>dictum</span> <span class='ocrx_word' id='word_1_829' title='bbox 2585 3998 2656 4051; x_wconf 88' lang='lat' dir='ltr'>ad</span> <span class='ocrx_word' id='word_1_830' title='bbox 2687 4002 2950 4051; x_wconf 89' lang='lat' dir='ltr'>naturam</span> <span class='ocrx_word' id='word_1_831' title='bbox 2990 3998 3160 4050; x_wconf 89' lang='lat' dir='ltr'>talem</span> <span class='ocrx_word' id='word_1_832' title='bbox 3207 3998 3509 4062; x_wconf 85' lang='lat' dir='ltr'>referatur,</span> <span class='ocrx_word' id='word_1_833' title='bbox 3561 3997 3752 4067; x_wconf 89' lang='lat' dir='ltr'>qualis</span> <span class='ocrx_word' id='word_1_834' title='bbox 3791 3996 3901 4049; x_wconf 88' lang='lat' dir='ltr'>sine</span> 
     </span>
    </p>
   </div>
   <div class='ocr_carea' id='block_1_106' title="bbox 2202 4085 3901 4157">
    <p class='ocr_par' dir='ltr' id='par_1_106' title="bbox 2202 4085 3901 4157">
     <span class='ocr_line' id='line_1_106' title="bbox 2202 4085 3901 4157; baseline -0.002 -17"><span class='ocrx_word' id='word_1_835' title='bbox 2202 4085 2340 4140; x_wconf 87' lang='lat' dir='ltr'>vitio</span> <span class='ocrx_word' id='word_1_836' title='bbox 2367 4085 2634 4155; x_wconf 89' lang='lat' dir='ltr'>primitus</span> <span class='ocrx_word' id='word_1_837' title='bbox 2663 4085 2892 4139; x_wconf 87' lang='lat' dir='ltr'>condita</span> <span class='ocrx_word' id='word_1_838' title='bbox 2920 4090 3004 4140; x_wconf 92' lang='lat' dir='ltr'>est</span> <span class='ocrx_word' id='word_1_839' title='bbox 3029 4102 3041 4139; x_wconf 92' lang='lat'>:</span> <span class='ocrx_word' id='word_1_840' title='bbox 3077 4086 3201 4155; x_wconf 91' lang='lat' dir='ltr'>ipsa</span> <span class='ocrx_word' id='word_1_841' title='bbox 3231 4085 3385 4139; x_wconf 91' lang='lat' dir='ltr'>enim</span> <span class='ocrx_word' id='word_1_842' title='bbox 3413 4101 3546 4139; x_wconf 86' lang='lat' dir='ltr'>vere</span> <span class='ocrx_word' id='word_1_843' title='bbox 3579 4101 3645 4138; x_wconf 93' lang='lat' dir='ltr'>ac</span> <span class='ocrx_word' id='word_1_844' title='bbox 3685 4085 3901 4157; x_wconf 87' lang='lat' dir='ltr'>proprie</span> 
     </span>
    </p>
   </div>
   <div class='ocr_carea' id='block_1_107' title="bbox 2206 4173 3904 4228">
    <p class='ocr_par' dir='ltr' id='par_1_107' title="bbox 2206 4173 3904 4228">
     <span class='ocr_line' id='line_1_107' title="bbox 2206 4173 3904 4228; baseline 0.001 -2"><span class='ocrx_word' id='word_1_845' title='bbox 2206 4177 2410 4227; x_wconf 86' lang='lat' dir='ltr'>natura</span> <span class='ocrx_word' id='word_1_846' title='bbox 2435 4173 2686 4227; x_wconf 91' lang='lat' dir='ltr'>hominis</span> <span class='ocrx_word' id='word_1_847' title='bbox 2709 4173 2934 4228; x_wconf 92' lang='lat' dir='ltr'>dicitur.</span> <span class='ocrx_word' id='word_1_848' title='bbox 2989 4175 3282 4228; x_wconf 90' lang='lat' dir='ltr'>Translato</span> <span class='ocrx_word' id='word_1_849' title='bbox 3331 4177 3523 4227; x_wconf 89' lang='lat' dir='ltr'>autem</span> <span class='ocrx_word' id='word_1_850' title='bbox 3570 4173 3749 4227; x_wconf 90' lang='lat' dir='ltr'>verbo</span> <span class='ocrx_word' id='word_1_851' title='bbox 3795 4174 3904 4227; x_wconf 87' lang='lat' dir='ltr'>uti-</span> 
     </span>
    </p>
   </div>
   <div class='ocr_carea' id='block_1_108' title="bbox 2205 4261 3904 4334">
    <p class='ocr_par' dir='ltr' id='par_1_108' title="bbox 2205 4261 3904 4334">
     <span class='ocr_line' id='line_1_108' title="bbox 2205 4261 3904 4334; baseline -0.001 -19"><span class='ocrx_word' id='word_1_852' title='bbox 2205 4264 2709 4328; x_wconf 88' lang='lat' dir='ltr'>mur,utnaturam</span> <span class='ocrx_word' id='word_1_853' title='bbox 2724 4261 2978 4316; x_wconf 90' lang='lat' dir='ltr'>dicamus</span> <span class='ocrx_word' id='word_1_854' title='bbox 2993 4262 3185 4327; x_wconf 88' lang='lat' dir='ltr'>etiam,</span> <span class='ocrx_word' id='word_1_855' title='bbox 3220 4262 3405 4334; x_wconf 87' lang='lat' dir='ltr'>qualis</span> <span class='ocrx_word' id='word_1_856' title='bbox 3436 4262 3691 4316; x_wconf 88' lang='lat' dir='ltr'>nascitur</span> <span class='ocrx_word' id='word_1_857' title='bbox 3719 4263 3904 4328; x_wconf 90' lang='lat' dir='ltr'>homo,</span> 
     </span>
    </p>
   </div>
   <div class='ocr_carea' id='block_1_109' title="bbox 2207 4351 3905 4422">
    <p class='ocr_par' dir='ltr' id='par_1_109' title="bbox 2207 4351 3905 4422">
     <span class='ocr_line' id='line_1_109' title="bbox 2207 4351 3905 4422; baseline 0 -19"><span class='ocrx_word' id='word_1_858' title='bbox 2207 4351 2520 4405; x_wconf 88' lang='lat' dir='ltr'>secundum</span> <span class='ocrx_word' id='word_1_859' title='bbox 2551 4367 2725 4422; x_wconf 86' lang='lat' dir='ltr'>quam</span> <span class='ocrx_word' id='word_1_860' title='bbox 2759 4351 3107 4405; x_wconf 90' lang='lat' dir='ltr'>locutionem</span> <span class='ocrx_word' id='word_1_861' title='bbox 3137 4351 3280 4405; x_wconf 91' lang='lat' dir='ltr'>dixit</span> <span class='ocrx_word' id='word_1_862' title='bbox 3318 4351 3664 4421; x_wconf 77' lang='lat' dir='ltr'>Apostolus:</span> <span class='ocrx_word' id='word_1_863' title='bbox 3695 4353 3905 4404; x_wconf 81' lang='lat' dir='ltr'>Fuimus</span> 
     </span>
    </p>
   </div>
   <div class='ocr_carea' id='block_1_110' title="bbox 2207 4439 3906 4507">
    <p class='ocr_par' dir='ltr' id='par_1_110' title="bbox 2207 4439 3906 4507">
     <span class='ocr_line' id='line_1_110' title="bbox 2207 4439 3906 4507; baseline -0.002 -15"><span class='ocrx_word' id='word_1_864' title='bbox 2207 4440 2348 4492; x_wconf 87' lang='lat' dir='ltr'>enim</span> <span class='ocrx_word' id='word_1_865' title='bbox 2369 4444 2421 4493; x_wconf 89' lang='lat' dir='ltr'>et</span> <span class='ocrx_word' id='word_1_866' title='bbox 2463 4453 2556 4492; x_wconf 90' lang='lat' dir='ltr'>nos</span> <span class='ocrx_word' id='word_1_867' title='bbox 2583 4439 2882 4507; x_wconf 84' lang='lat' dir='ltr'>aliquando</span> <span class='ocrx_word' id='word_1_868' title='bbox 2920 4443 3122 4492; x_wconf 85' lang='lat' dir='ltr'>natura</span> <span class='ocrx_word' id='word_1_869' title='bbox 3166 4441 3272 4507; x_wconf 80' lang='lat' dir='ltr'>ﬁlii</span> <span class='ocrx_word' id='word_1_870' title='bbox 3316 4441 3432 4503; x_wconf 77' lang='lat' dir='ltr'>irae,</span> <span class='ocrx_word' id='word_1_871' title='bbox 3481 4440 3623 4492; x_wconf 86' lang='lat' dir='ltr'>sicut</span> <span class='ocrx_word' id='word_1_872' title='bbox 3654 4443 3707 4492; x_wconf 86' lang='lat' dir='ltr'>et</span> <span class='ocrx_word' id='word_1_873' title='bbox 3741 4439 3906 4492; x_wconf 67' lang='lat' dir='ltr'>caeteri</span> 
     </span>
    </p>
   </div>
   <div class='ocr_carea' id='block_1_111' title="bbox 2211 4527 3902 4598">
    <p class='ocr_par' dir='ltr' id='par_1_111' title="bbox 2211 4527 3902 4598">
     <span class='ocr_line' id='line_1_111' title="bbox 2211 4527 3902 4598; baseline -0.002 -16"><span class='ocrx_word' id='word_1_874' title='bbox 2211 4529 2424 4597; x_wconf 82' lang='lat' dir='ltr'>(Ephes.</span> <span class='ocrx_word' id='word_1_875' title='bbox 2461 4544 2517 4592; x_wconf 88' lang='lat'>11,</span> <span class='ocrx_word' id='word_1_876' title='bbox 2545 4529 2746 4596; x_wconf 83' lang='lat' dir='ltr'>3).Hoc</span> <span class='ocrx_word' id='word_1_877' title='bbox 2791 4544 2934 4598; x_wconf 90' lang='lat' dir='ltr'>opus</span> <span class='ocrx_word' id='word_1_878' title='bbox 2983 4527 3062 4581; x_wconf 90' lang='lat' dir='ltr'>sic</span> <span class='ocrx_word' id='word_1_879' title='bbox 3113 4527 3348 4598; x_wconf 89' lang='lat' dir='ltr'>incipit:</span> <span class='ocrx_word' id='word_1_880' title='bbox 3389 4529 3452 4583; x_wconf 91' lang='lat' dir='ltr'>Si</span> <span class='ocrx_word' id='word_1_881' title='bbox 3489 4529 3751 4594; x_wconf 84' lang='lat' dir='ltr'>eligerent</span> <span class='ocrx_word' id='word_1_882' title='bbox 3799 4529 3902 4582; x_wconf 77' lang='lat' dir='ltr'>Ma-</span> 
     </span>
    </p>
   </div>
   <div class='ocr_carea' id='block_1_112' title="bbox 2209 4617 2911 4686">
    <p class='ocr_par' dir='ltr' id='par_1_112' title="bbox 2209 4617 2911 4686">
     <span class='ocr_line' id='line_1_112' title="bbox 2209 4617 2911 4686; baseline 0 -16"><span class='ocrx_word' id='word_1_883' title='bbox 2209 4617 2405 4670; x_wconf 79' lang='lat' dir='ltr'>nichaei</span> <span class='ocrx_word' id='word_1_884' title='bbox 2431 4631 2562 4684; x_wconf 88' lang='lat' dir='ltr'>quos</span> <span class='ocrx_word' id='word_1_885' title='bbox 2591 4617 2911 4686; x_wconf 84' lang='lat' dir='ltr'>deciperent.</span> 
     </span>
    </p>
   </div>
   <div class='ocr_carea' id='block_1_113' title="bbox 2887 4695 3233 4750">
    <p class='ocr_par' dir='ltr' id='par_1_113' title="bbox 2887 4695 3233 4750">
     <span class='ocr_line' id='line_1_113' title="bbox 2887 4695 3233 4750; baseline -0.003 0"><span class='ocrx_word' id='word_1_886' title='bbox 2887 4695 3112 4750; x_wconf 83' lang='lat' dir='ltr'>CAPUT</span> <span class='ocrx_word' id='word_1_887' title='bbox 3142 4697 3233 4750; x_wconf 79' lang='grc' dir='ltr'>ΧῙ.</span> 
     </span>
    </p>
   </div>
   <div class='ocr_carea' id='block_1_114' title="bbox 2751 4768 3359 4822">
    <p class='ocr_par' dir='ltr' id='par_1_114' title="bbox 2751 4768 3359 4822">
     <span class='ocr_line' id='line_1_114' title="bbox 2751 4768 3359 4822; baseline -0.003 0"><span class='ocrx_word' id='word_1_888' title='bbox 2751 4769 2822 4822; x_wconf 89' lang='lat' dir='ltr'>De</span> <span class='ocrx_word' id='word_1_889' title='bbox 2849 4769 3059 4822; x_wconf 85' lang='lat' dir='ltr'>Musica</span> <span class='ocrx_word' id='word_1_890' title='bbox 3090 4768 3218 4821; x_wconf 88' lang='lat' dir='ltr'>libri</span> <span class='ocrx_word' id='word_1_891' title='bbox 3243 4781 3359 4820; x_wconf 64' lang='lat' dir='ltr'>sex.</span> 
     </span>
    </p>
   </div>
   <div class='ocr_carea' id='block_1_115' title="bbox 2293 4845 3900 4918">
    <p class='ocr_par' dir='ltr' id='par_1_115' title="bbox 2293 4845 3900 4918">
     <span class='ocr_line' id='line_1_115' title="bbox 2293 4845 3900 4918; baseline -0.001 -18"><span class='ocrx_word' id='word_1_892' title='bbox 2293 4851 2337 4902; x_wconf 85' lang='lat' dir='ltr'>l.</span> <span class='ocrx_word' id='word_1_893' title='bbox 2370 4845 2606 4912; x_wconf 90' lang='lat' dir='ltr'>Deinde,</span> <span class='ocrx_word' id='word_1_894' title='bbox 2640 4850 2703 4900; x_wconf 92' lang='lat' dir='ltr'>ut</span> <span class='ocrx_word' id='word_1_895' title='bbox 2731 4863 2902 4916; x_wconf 90' lang='lat' dir='ltr'>supra</span> <span class='ocrx_word' id='word_1_896' title='bbox 2933 4847 3374 4901; x_wconf 89' lang='lat' dir='ltr'>commemoravi</span> <span class='ocrx_word' id='word_1_897' title='bbox 3409 4845 3551 4918; x_wconf 88' lang='lat' dir='ltr'>(Lib.</span> <span class='ocrx_word' id='word_1_898' title='bbox 3596 4851 3614 4901; x_wconf 92' lang='grc'>1</span> <span class='ocrx_word' id='word_1_899' title='bbox 3654 4850 3900 4907; x_wconf 84' lang='lat' dir='ltr'>Rctract.,</span> 
     </span>
    </p>
   </div>
   <div class='ocr_carea' id='block_1_116' title="bbox 2216 4934 3900 5008">
    <p class='ocr_par' dir='ltr' id='par_1_116' title="bbox 2216 4934 3900 5008">
     <span class='ocr_line' id='line_1_116' title="bbox 2216 4934 3900 5008; baseline -0.001 -20"><span class='ocrx_word' id='word_1_900' title='bbox 2216 4951 2260 4990; x_wconf 92' lang='lat' dir='ltr'>c.</span> <span class='ocrx_word' id='word_1_901' title='bbox 2295 4934 2366 5005; x_wconf 89' lang='lat'>6).</span> <span class='ocrx_word' id='word_1_902' title='bbox 2401 4951 2503 4990; x_wconf 83' lang='lat' dir='ltr'>sex</span> <span class='ocrx_word' id='word_1_903' title='bbox 2530 4935 2704 4989; x_wconf 90' lang='lat' dir='ltr'>libros</span> <span class='ocrx_word' id='word_1_904' title='bbox 2735 4935 2803 4989; x_wconf 91' lang='lat' dir='ltr'>de</span> <span class='ocrx_word' id='word_1_905' title='bbox 2829 4936 3036 4990; x_wconf 82' lang='lat' dir='ltr'>Musica</span> <span class='ocrx_word' id='word_1_906' title='bbox 3068 4935 3267 5006; x_wconf 91' lang='lat' dir='ltr'>scripsi</span> <span class='ocrx_word' id='word_1_907' title='bbox 3299 4953 3311 5003; x_wconf 92' lang='lat'>;</span> <span class='ocrx_word' id='word_1_908' title='bbox 3340 4952 3596 5008; x_wconf 90' lang='lat' dir='ltr'>quorum</span> <span class='ocrx_word' id='word_1_909' title='bbox 3624 4936 3744 5008; x_wconf 92' lang='lat' dir='ltr'>ipse</span> <span class='ocrx_word' id='word_1_910' title='bbox 3789 4950 3900 4988; x_wconf 89' lang='lat' dir='ltr'>sex-</span> 
     </span>
    </p>
   </div>
   <div class='ocr_carea' id='block_1_117' title="bbox 2215 5021 3904 5096">
    <p class='ocr_par' dir='ltr' id='par_1_117' title="bbox 2215 5021 3904 5096">
     <span class='ocr_line' id='line_1_117' title="bbox 2215 5021 3904 5096; baseline -0.001 -20"><span class='ocrx_word' id='word_1_911' title='bbox 2215 5027 2306 5077; x_wconf 90' lang='lat' dir='ltr'>tus</span> <span class='ocrx_word' id='word_1_912' title='bbox 2335 5023 2582 5078; x_wconf 89' lang='lat' dir='ltr'>maxime</span> <span class='ocrx_word' id='word_1_913' title='bbox 2604 5023 2872 5092; x_wconf 91' lang='lat' dir='ltr'>innotuit,</span> <span class='ocrx_word' id='word_1_914' title='bbox 2904 5023 3180 5094; x_wconf 89' lang='lat' dir='ltr'>quoniam</span> <span class='ocrx_word' id='word_1_915' title='bbox 3209 5041 3300 5079; x_wconf 90' lang='lat' dir='ltr'>res</span> <span class='ocrx_word' id='word_1_916' title='bbox 3328 5024 3389 5078; x_wconf 90' lang='lat' dir='ltr'>in</span> <span class='ocrx_word' id='word_1_917' title='bbox 3424 5040 3492 5078; x_wconf 90' lang='lat' dir='ltr'>eo</span> <span class='ocrx_word' id='word_1_918' title='bbox 3520 5024 3697 5096; x_wconf 89' lang='lat' dir='ltr'>digna</span> <span class='ocrx_word' id='word_1_919' title='bbox 3725 5021 3904 5094; x_wconf 89' lang='lat' dir='ltr'>cogni-</span> 
     </span>
    </p>
   </div>
   <div class='ocr_carea' id='block_1_118' title="bbox 2217 5112 3900 5185">
    <p class='ocr_par' dir='ltr' id='par_1_118' title="bbox 2217 5112 3900 5185">
     <span class='ocr_line' id='line_1_118' title="bbox 2217 5112 3900 5185; baseline -0.002 -19"><span class='ocrx_word' id='word_1_920' title='bbox 2217 5112 2370 5166; x_wconf 88' lang='lat' dir='ltr'>tione</span> <span class='ocrx_word' id='word_1_921' title='bbox 2399 5116 2675 5180; x_wconf 86' lang='lat' dir='ltr'>versatur,</span> <span class='ocrx_word' id='word_1_922' title='bbox 2704 5113 2993 5184; x_wconf 88' lang='lat' dir='ltr'>quomodo</span> <span class='ocrx_word' id='word_1_923' title='bbox 3038 5131 3070 5167; x_wconf 92' lang='lat' dir='ltr'>a</span> <span class='ocrx_word' id='word_1_924' title='bbox 3115 5112 3504 5185; x_wconf 89' lang='lat' dir='ltr'>corporalibus</span> <span class='ocrx_word' id='word_1_925' title='bbox 3549 5119 3607 5168; x_wconf 92' lang='lat' dir='ltr'>et</span> <span class='ocrx_word' id='word_1_926' title='bbox 3651 5112 3900 5184; x_wconf 88' lang='lat' dir='ltr'>spiritua-</span> 
     </span>
    </p>
   </div>
   <div class='ocr_carea' id='block_1_119' title="bbox 2219 5201 3905 5274">
    <p class='ocr_par' dir='ltr' id='par_1_119' title="bbox 2219 5201 3905 5274">
     <span class='ocr_line' id='line_1_119' title="bbox 2219 5201 3905 5274; baseline -0.001 -20"><span class='ocrx_word' id='word_1_927' title='bbox 2219 5201 2387 5266; x_wconf 89' lang='lat' dir='ltr'>libus,</span> <span class='ocrx_word' id='word_1_928' title='bbox 2441 5201 2535 5255; x_wconf 90' lang='lat' dir='ltr'>sed</span> <span class='ocrx_word' id='word_1_929' title='bbox 2583 5201 2954 5256; x_wconf 88' lang='lat' dir='ltr'>mutabilibus</span> <span class='ocrx_word' id='word_1_930' title='bbox 2996 5203 3272 5268; x_wconf 90' lang='lat' dir='ltr'>numeris,</span> <span class='ocrx_word' id='word_1_931' title='bbox 3294 5201 3662 5274; x_wconf 86' lang='lat' dir='ltr'>perveniatur</span> <span class='ocrx_word' id='word_1_932' title='bbox 3706 5202 3770 5255; x_wconf 87' lang='lat' dir='ltr'>ad</span> <span class='ocrx_word' id='word_1_933' title='bbox 3809 5201 3905 5252; x_wconf 62' lang='lat' dir='ltr'>imo</span> 
     </span>
    </p>
   </div>
   <div class='ocr_carea' id='block_1_120' title="bbox 2283 5289 3898 5359">
    <p class='ocr_par' dir='ltr' id='par_1_120' title="bbox 2283 5289 3898 5359">
     <span class='ocr_line' id='line_1_120' title="bbox 2283 5289 3898 5359; baseline -0.004 -19"><span class='ocrx_word' id='word_1_934' title='bbox 2283 5292 2351 5359; x_wconf 81' lang='grc' dir='ltr'>(α)</span> <span class='ocrx_word' id='word_1_935' title='bbox 2376 5290 2653 5359; x_wconf 77' lang='lat' dir='ltr'>Sancitum</span> <span class='ocrx_word' id='word_1_936' title='bbox 2667 5291 2924 5359; x_wconf 74' lang='lat' dir='ltr'>estDeut.</span> <span class='ocrx_word' id='word_1_937' title='bbox 2954 5305 3063 5359; x_wconf 69' lang='lat' dir='ltr'>xv1,</span> <span class='ocrx_word' id='word_1_938' title='bbox 3087 5294 3135 5359; x_wconf 86' lang='lat'>6_.</span> <span class='ocrx_word' id='word_1_939' title='bbox 3159 5305 3224 5359; x_wconf 82' lang='lat' dir='ltr'>ne</span> <span class='ocrx_word' id='word_1_940' title='bbox 3249 5291 3454 5359; x_wconf 70' lang='lat' dir='ltr'>Pascha</span> <span class='ocrx_word' id='word_1_941' title='bbox 3489 5290 3661 5359; x_wconf 77' lang='lat' dir='ltr'>ubivis</span> <span class='ocrx_word' id='word_1_942' title='bbox 3682 5289 3898 5359; x_wconf 76' lang='lat' dir='ltr'>locorum</span> 
     </span>
    </p>
   </div>
   <div class='ocr_carea' id='block_1_121' title="bbox 2220 5351 3900 5417">
    <p class='ocr_par' dir='ltr' id='par_1_121' title="bbox 2220 5351 3900 5417">
     <span class='ocr_line' id='line_1_121' title="bbox 2220 5351 3900 5417; baseline -0.003 -16"><span class='ocrx_word' id='word_1_943' title='bbox 2220 5357 2449 5417; x_wconf 78' lang='lat' dir='ltr'>mactare</span> <span class='ocrx_word' id='word_1_944' title='bbox 2484 5353 2680 5417; x_wconf 73' lang='lat' dir='ltr'>liceret.</span> <span class='ocrx_word' id='word_1_945' title='bbox 2708 5353 2841 5417; x_wconf 76' lang='lat' dir='ltr'>Hinc</span> <span class='ocrx_word' id='word_1_946' title='bbox 2875 5366 3000 5417; x_wconf 89' lang='lat' dir='ltr'>ergo</span> <span class='ocrx_word' id='word_1_947' title='bbox 3029 5351 3062 5401; x_wconf 66' lang='lat' dir='ltr'>al</span> <span class='ocrx_word' id='word_1_948' title='bbox 3091 5353 3290 5402; x_wconf 73' lang='lat' dir='ltr'>Judmis</span> <span class='ocrx_word' id='word_1_949' title='bbox 3329 5353 3640 5417; x_wconf 85' lang='lat' dir='ltr'>perorbem</span> <span class='ocrx_word' id='word_1_950' title='bbox 3666 5351 3900 5417; x_wconf 64' lang='lat' dir='ltr'>dispersis</span> 
     </span>
    </p>
   </div>
   <div class='ocr_carea' id='block_1_122' title="bbox 2221 5414 3899 5524">
    <p class='ocr_par' dir='ltr' id='par_1_122' title="bbox 2221 5414 3899 5524">
     <span class='ocr_line' id='line_1_122' title="bbox 2261 5414 3899 5477; baseline -0.004 -14"><span class='ocrx_word' id='word_1_951' title='bbox 2261 5414 2522 5464; x_wconf 85' lang='lat' dir='ltr'>ascbalem</span> <span class='ocrx_word' id='word_1_952' title='bbox 2552 5415 2903 5464; x_wconf 86' lang='lat' dir='ltr'>celebritatem</span> <span class='ocrx_word' id='word_1_953' title='bbox 2941 5414 3092 5464; x_wconf 79' lang='lat' dir='ltr'>aiunt</span> <span class='ocrx_word' id='word_1_954' title='bbox 3119 5414 3403 5477; x_wconf 83' lang='lat' dir='ltr'>quotannis</span> <span class='ocrx_word' id='word_1_955' title='bbox 3433 5415 3506 5462; x_wconf 83' lang='lat' dir='ltr'>ita</span> <span class='ocrx_word' id='word_1_956' title='bbox 3537 5414 3718 5468; x_wconf 85' lang='lat' dir='ltr'>recoli.</span> <span class='ocrx_word' id='word_1_957' title='bbox 3754 5415 3806 5459; x_wconf 90' lang='lat' dir='ltr'>ut</span> <span class='ocrx_word' id='word_1_958' title='bbox 3832 5414 3899 5458; x_wconf 89' lang='lat' dir='ltr'>ni-</span> 
     </span>
     <span class='ocr_line' id='line_1_123' title="bbox 2221 5429 3899 5524; baseline -0.003 0"><span class='ocrx_word' id='word_1_959' title='bbox 2221 5429 2512 5524; x_wconf 60' lang='lat' dir='ltr'>iiilominus</span> <span class='ocrx_word' id='word_1_960' title='bbox 2537 5478 2600 5524; x_wconf 86' lang='lat' dir='ltr'>ab</span> <span class='ocrx_word' id='word_1_961' title='bbox 2626 5477 2737 5524; x_wconf 87' lang='lat' dir='ltr'>ovis</span> <span class='ocrx_word' id='word_1_962' title='bbox 2764 5477 3124 5524; x_wconf 82' lang='lat' dir='ltr'>immolatione</span> <span class='ocrx_word' id='word_1_963' title='bbox 3149 5477 3391 5524; x_wconf 67' lang='lat' dir='ltr'>religiose</span> <span class='ocrx_word' id='word_1_964' title='bbox 3437 5475 3753 5524; x_wconf 85' lang='lat' dir='ltr'>abstineant.</span> <span class='ocrx_word' id='word_1_965' title='bbox 3783 5471 3899 5518; x_wconf 76' lang='lat' dir='ltr'>Vide</span> 
     </span>
    </p>
   </div>
   <div class='ocr_carea' id='block_1_123' title="bbox 2265 5471 3899 5540">
    <p class='ocr_par' dir='ltr' id='par_1_123' title="bbox 2265 5471 3899 5540">
     <span class='ocr_line' id='line_1_124' title="bbox 2265 5471 3899 5540; baseline -0.004 -16"><span class='ocrx_word' id='word_1_966' title='bbox 2265 5477 2523 5540; x_wconf 66' lang='lat' dir='ltr'>ilominus</span> <span class='ocrx_word' id='word_1_967' title='bbox 2537 5478 2600 5540; x_wconf 86' lang='lat' dir='ltr'>ab</span> <span class='ocrx_word' id='word_1_968' title='bbox 2626 5477 2737 5525; x_wconf 88' lang='lat' dir='ltr'>ovis</span> <span class='ocrx_word' id='word_1_969' title='bbox 2764 5471 3391 5540; x_wconf 46' lang='lat' dir='ltr'>immolatione-religiose</span> <span class='ocrx_word' id='word_1_970' title='bbox 3437 5475 3753 5526; x_wconf 84' lang='lat' dir='ltr'>abstineant.</span> <span class='ocrx_word' id='word_1_971' title='bbox 3783 5471 3899 5518; x_wconf 76' lang='lat' dir='ltr'>Vide</span> 
     </span>
    </p>
   </div>
   <div class='ocr_carea' id='block_1_124' title="bbox 2227 5539 3234 5602">
    <p class='ocr_par' dir='ltr' id='par_1_124' title="bbox 2227 5539 3234 5602">
     <span class='ocr_line' id='line_1_125' title="bbox 2227 5539 3234 5602; baseline 0 -14"><span class='ocrx_word' id='word_1_972' title='bbox 2227 5540 2459 5598; x_wconf 89' lang='lat' dir='ltr'>Hieron.,</span> <span class='ocrx_word' id='word_1_973' title='bbox 2489 5539 2649 5602; x_wconf 86' lang='lat' dir='ltr'>Epist.</span> <span class='ocrx_word' id='word_1_974' title='bbox 2679 5542 2726 5599; x_wconf 86' lang='lat'>2,</span> <span class='ocrx_word' id='word_1_975' title='bbox 2769 5540 2835 5588; x_wconf 88' lang='lat' dir='ltr'>ad</span> <span class='ocrx_word' id='word_1_976' title='bbox 2866 5541 3234 5602; x_wconf 86' lang='lat' dir='ltr'>Nepotianum.</span> 
     </span>
    </p>
   </div>
  </div>
